  <div class='ocr_page' id='page_1' title='image "/cluster/home/n/w/nwhite01/storage/ocr_20150623/127/hvd.32044073502411/367.png"; bbox 0 0 4130 6202; ppageno 0'>
   <div class='ocr_carea' id='block_1_1' title="bbox 437 190 546 254">
    <p class='ocr_par' dir='ltr' id='par_1_1' title="bbox 437 190 546 254">
     <span class='ocr_line' id='line_1_1' title="bbox 437 190 546 254; baseline -0.009 -1"><span class='ocrx_word' id='word_1_1' title='bbox 437 190 546 254; x_wconf 74' lang='grc' dir='ltr'><strong>ἸΞ3</strong></span> 
     </span>
    </p>
   </div>
   <div class='ocr_carea' id='block_1_2' title="bbox 1658 187 2434 249">
    <p class='ocr_par' dir='ltr' id='par_1_2' title="bbox 1658 187 2434 249">
     <span class='ocr_line' id='line_1_2' title="bbox 1658 187 2434 249; baseline 0.005 -4"><span class='ocrx_word' id='word_1_2' title='bbox 1658 187 2003 249; x_wconf 80' lang='lat' dir='ltr'><strong>PHILIPPI</strong></span> <span class='ocrx_word' id='word_1_3' title='bbox 2042 188 2434 249; x_wconf 82' lang='lat' dir='ltr'><strong>SOLITARII</strong></span> 
     </span>
    </p>
   </div>
   <div class='ocr_carea' id='block_1_3' title="bbox 3579 188 3683 251">
    <p class='ocr_par' dir='ltr' id='par_1_3' title="bbox 3579 188 3683 251">
     <span class='ocr_line' id='line_1_3' title="bbox 3579 188 3683 251; baseline 0.019 -2"><span class='ocrx_word' id='word_1_4' title='bbox 3579 188 3683 251; x_wconf 61' lang='lat'><strong>7‘34</strong></span> 
     </span>
    </p>
   </div>
   <div class='ocr_carea' id='block_1_4' title="bbox 484 278 3683 370">
    <p class='ocr_par' dir='ltr' id='par_1_4' title="bbox 484 278 3683 370">
     <span class='ocr_line' id='line_1_4' title="bbox 484 278 3683 370; baseline 0.001 -20"><span class='ocrx_word' id='word_1_5' title='bbox 484 278 643 357; x_wconf 80' lang='lat' dir='ltr'><strong>Cum</strong></span> <span class='ocrx_word' id='word_1_6' title='bbox 699 294 867 369; x_wconf 89' lang='lat' dir='ltr'><strong>igitur</strong></span> <span class='ocrx_word' id='word_1_7' title='bbox 924 294 1093 352; x_wconf 89' lang='lat' dir='ltr'><strong>dicit:</strong></span> <span class='ocrx_word' id='word_1_8' title='bbox 1128 312 1146 341; x_wconf 74' lang='grc' dir='ltr'><strong>ι</strong></span> <span class='ocrx_word' id='word_1_9' title='bbox 1213 294 1388 348; x_wconf 84' lang='lat' dir='ltr'><strong>Erunt</strong></span> <span class='ocrx_word' id='word_1_10' title='bbox 1425 294 1587 364; x_wconf 83' lang='lat' dir='ltr'><strong>primi</strong></span> <span class='ocrx_word' id='word_1_11' title='bbox 1649 295 1957 356; x_wconf 85' lang='lat' dir='ltr'><strong>novissimi,</strong></span> <span class='ocrx_word' id='word_1_12' title='bbox 1987 314 2004 345; x_wconf 79' lang='grc' dir='ltr'><strong>ι</strong></span> <span class='ocrx_word' id='word_1_13' title='bbox 2042 300 2083 356; x_wconf 80' lang='grc' dir='ltr'><strong>Α</strong></span> <span class='ocrx_word' id='word_1_14' title='bbox 2116 295 2433 362; x_wconf 83' lang='lat' dir='ltr'><strong>Davide,de</strong></span> <span class='ocrx_word' id='word_1_15' title='bbox 2471 296 2725 368; x_wconf 88' lang='lat' dir='ltr'><strong>panibus,</strong></span> <span class='ocrx_word' id='word_1_16' title='bbox 2744 297 2810 353; x_wconf 86' lang='lat' dir='ltr'><strong>de</strong></span> <span class='ocrx_word' id='word_1_17' title='bbox 2860 296 3059 370; x_wconf 84' lang='lat' dir='ltr'><strong>gladio,</strong></span> <span class='ocrx_word' id='word_1_18' title='bbox 3082 306 3138 352; x_wconf 91' lang='lat' dir='ltr'><strong>et</strong></span> <span class='ocrx_word' id='word_1_19' title='bbox 3183 296 3365 352; x_wconf 78' lang='lat' dir='ltr'><strong>verbis</strong></span> <span class='ocrx_word' id='word_1_20' title='bbox 3404 296 3683 354; x_wconf 78' lang='lat' dir='ltr'><strong>hominem</strong></span> 
     </span>
    </p>
   </div>
   <div class='ocr_carea' id='block_1_5' title="bbox 432 385 1998 456">
    <p class='ocr_par' dir='ltr' id='par_1_5' title="bbox 432 385 1998 456">
     <span class='ocr_line' id='line_1_5' title="bbox 432 385 1998 456; baseline -0.006 -11"><span class='ocrx_word' id='word_1_21' title='bbox 432 400 868 446; x_wconf 87' lang='lat' dir='ltr'><strong>murmuratorcs</strong></span> <span class='ocrx_word' id='word_1_22' title='bbox 924 386 1184 456; x_wconf 78' lang='lat' dir='ltr'><strong>intelligo.</strong></span> <span class='ocrx_word' id='word_1_23' title='bbox 1245 405 1264 437; x_wconf 75' lang='grc' dir='ltr'><strong>ι</strong></span> <span class='ocrx_word' id='word_1_24' title='bbox 1304 386 1371 439; x_wconf 87' lang='lat' dir='ltr'><strong>Et</strong></span> <span class='ocrx_word' id='word_1_25' title='bbox 1419 385 1699 440; x_wconf 85' lang='lat' dir='ltr'><strong>novissimi</strong></span> <span class='ocrx_word' id='word_1_26' title='bbox 1758 385 1945 454; x_wconf 87' lang='lat' dir='ltr'><strong>primi.</strong></span> <span class='ocrx_word' id='word_1_27' title='bbox 1980 403 1998 436; x_wconf 74' lang='grc' dir='ltr'><strong>ι</strong></span> 
     </span>
    </p>
   </div>
   <div class='ocr_carea' id='block_1_6' title="bbox 432 476 2007 554">
    <p class='ocr_par' dir='ltr' id='par_1_6' title="bbox 432 476 2007 554">
     <span class='ocr_line' id='line_1_6' title="bbox 432 476 2007 554; baseline -0.004 -15"><span class='ocrx_word' id='word_1_28' title='bbox 432 494 615 554; x_wconf 86' lang='lat' dir='ltr'><strong>gratos</strong></span> <span class='ocrx_word' id='word_1_29' title='bbox 644 489 699 537; x_wconf 92' lang='lat' dir='ltr'><strong>et</strong></span> <span class='ocrx_word' id='word_1_30' title='bbox 730 479 978 537; x_wconf 68' lang='lat' dir='ltr'><strong>beneficii</strong></span> <span class='ocrx_word' id='word_1_31' title='bbox 1030 492 1301 534; x_wconf 81' lang='lat' dir='ltr'><strong>memores</strong></span> <span class='ocrx_word' id='word_1_32' title='bbox 1339 478 1550 547; x_wconf 84' lang='lat' dir='ltr'><strong>accipe,</strong></span> <span class='ocrx_word' id='word_1_33' title='bbox 1595 477 1689 547; x_wconf 88' lang='lat' dir='ltr'><strong>qui</strong></span> <span class='ocrx_word' id='word_1_34' title='bbox 1741 476 2007 532; x_wconf 90' lang='lat' dir='ltr'><strong>fratribus</strong></span> 
     </span>
    </p>
   </div>
   <div class='ocr_carea' id='block_1_7' title="bbox 434 563 2008 638">
    <p class='ocr_par' dir='ltr' id='par_1_7' title="bbox 434 563 2008 638">
     <span class='ocr_line' id='line_1_7' title="bbox 434 563 2008 638; baseline -0.006 -10"><span class='ocrx_word' id='word_1_35' title='bbox 434 588 546 628; x_wconf 90' lang='lat' dir='ltr'><strong>non</strong></span> <span class='ocrx_word' id='word_1_36' title='bbox 579 570 845 634; x_wconf 86' lang='lat' dir='ltr'><strong>invident,</strong></span> <span class='ocrx_word' id='word_1_37' title='bbox 887 577 943 622; x_wconf 88' lang='lat' dir='ltr'><strong>et</strong></span> <span class='ocrx_word' id='word_1_38' title='bbox 988 566 1217 638; x_wconf 90' lang='lat' dir='ltr'><strong>gratiam</strong></span> <span class='ocrx_word' id='word_1_39' title='bbox 1286 572 1610 636; x_wconf 83' lang='lat' dir='ltr'><strong>agnoscunt.</strong></span> <span class='ocrx_word' id='word_1_40' title='bbox 1637 565 1738 632; x_wconf 83' lang='lat' dir='ltr'><strong>Qui</strong></span> <span class='ocrx_word' id='word_1_41' title='bbox 1794 563 2008 635; x_wconf 85' lang='lat' dir='ltr'><strong>judicat</strong></span> 
     </span>
    </p>
   </div>
   <div class='ocr_carea' id='block_1_8' title="bbox 434 654 2006 732">
    <p class='ocr_par' dir='ltr' id='par_1_8' title="bbox 434 654 2006 732">
     <span class='ocr_line' id='line_1_8' title="bbox 434 654 2006 732; baseline -0.007 -13"><span class='ocrx_word' id='word_1_42' title='bbox 434 680 646 724; x_wconf 88' lang='lat' dir='ltr'><strong>omnes.</strong></span> <span class='ocrx_word' id='word_1_43' title='bbox 670 663 739 715; x_wconf 86' lang='lat' dir='ltr'><strong>ita</strong></span> <span class='ocrx_word' id='word_1_44' title='bbox 761 658 1030 732; x_wconf 80' lang='lat' dir='ltr'><strong>judicavit</strong></span> <span class='ocrx_word' id='word_1_45' title='bbox 1057 676 1071 714; x_wconf 84' lang='lat'><strong>:</strong></span> <span class='ocrx_word' id='word_1_46' title='bbox 1099 659 1225 728; x_wconf 87' lang='lat' dir='ltr'><strong>quis</strong></span> <span class='ocrx_word' id='word_1_47' title='bbox 1253 659 1322 713; x_wconf 87' lang='lat' dir='ltr'><strong>de</strong></span> <span class='ocrx_word' id='word_1_48' title='bbox 1353 670 1554 715; x_wconf 65' lang='lat' dir='ltr'><strong>caetero</strong></span> <span class='ocrx_word' id='word_1_49' title='bbox 1581 658 1749 714; x_wconf 82' lang='lat' dir='ltr'><strong>habet</strong></span> <span class='ocrx_word' id='word_1_50' title='bbox 1773 672 1873 711; x_wconf 89' lang='lat' dir='ltr'><strong>cur</strong></span> <span class='ocrx_word' id='word_1_51' title='bbox 1901 654 2006 709; x_wconf 86' lang='lat' dir='ltr'><strong>du-</strong></span> 
     </span>
    </p>
   </div>
   <div class='ocr_carea' id='block_1_9' title="bbox 434 755 608 809">
    <p class='ocr_par' dir='ltr' id='par_1_9' title="bbox 434 755 608 809">
     <span class='ocr_line' id='line_1_9' title="bbox 434 755 608 809; baseline -0.006 0"><span class='ocrx_word' id='word_1_52' title='bbox 434 755 608 809; x_wconf 72' lang='grc' dir='ltr'><strong>Μιθιῖ</strong></span> 
     </span>
    </p>
   </div>
   <div class='ocr_carea' id='block_1_10' title="bbox 497 843 2008 915">
    <p class='ocr_par' dir='ltr' id='par_1_10' title="bbox 497 843 2008 915">
     <span class='ocr_line' id='line_1_10' title="bbox 497 843 2008 915; baseline -0.004 -13"><span class='ocrx_word' id='word_1_53' title='bbox 497 849 692 902; x_wconf 71' lang='lat' dir='ltr'><strong>Amm.</strong></span> <span class='ocrx_word' id='word_1_54' title='bbox 726 844 1096 909; x_wconf 81' lang='lat' dir='ltr'><strong>Excellenter,</strong></span> <span class='ocrx_word' id='word_1_55' title='bbox 1129 858 1194 899; x_wconf 90' lang='lat' dir='ltr'><strong>ac</strong></span> <span class='ocrx_word' id='word_1_56' title='bbox 1221 843 1534 899; x_wconf 87' lang='lat' dir='ltr'><strong>necessario</strong></span> <span class='ocrx_word' id='word_1_57' title='bbox 1563 844 1794 915; x_wconf 77' lang='lat' dir='ltr'><strong>colligis,</strong></span> <span class='ocrx_word' id='word_1_58' title='bbox 1820 854 1876 901; x_wconf 89' lang='lat' dir='ltr'><strong>et</strong></span> <span class='ocrx_word' id='word_1_59' title='bbox 1899 858 2008 914; x_wconf 86' lang='lat' dir='ltr'><strong>quo</strong></span> 
     </span>
    </p>
   </div>
   <div class='ocr_carea' id='block_1_11' title="bbox 434 932 2008 1008">
    <p class='ocr_par' dir='ltr' id='par_1_11' title="bbox 434 932 2008 1008">
     <span class='ocr_line' id='line_1_11' title="bbox 434 932 2008 1008; baseline -0.003 -15"><span class='ocrx_word' id='word_1_60' title='bbox 434 937 503 993; x_wconf 85' lang='lat' dir='ltr'><strong>de</strong></span> <span class='ocrx_word' id='word_1_61' title='bbox 569 936 771 1008; x_wconf 88' lang='lat' dir='ltr'><strong>agitur,</strong></span> <span class='ocrx_word' id='word_1_62' title='bbox 811 933 1016 1005; x_wconf 85' lang='lat' dir='ltr'><strong>probas</strong></span> <span class='ocrx_word' id='word_1_63' title='bbox 1061 934 1289 1004; x_wconf 90' lang='lat' dir='ltr'><strong>optime.</strong></span> <span class='ocrx_word' id='word_1_64' title='bbox 1332 932 1544 988; x_wconf 76' lang='lat' dir='ltr'><strong>Sullicit</strong></span> <span class='ocrx_word' id='word_1_65' title='bbox 1590 933 1746 998; x_wconf 89' lang='lat' dir='ltr'><strong>mihi,</strong></span> <span class='ocrx_word' id='word_1_66' title='bbox 1796 933 2008 990; x_wconf 88' lang='lat' dir='ltr'><strong>etiamsi</strong></span> 
     </span>
    </p>
   </div>
   <div class='ocr_carea' id='block_1_12' title="bbox 432 1026 1215 1099">
    <p class='ocr_par' dir='ltr' id='par_1_12' title="bbox 432 1026 1215 1099">
     <span class='ocr_line' id='line_1_12' title="bbox 432 1026 1215 1099; baseline -0.003 -18"><span class='ocrx_word' id='word_1_67' title='bbox 432 1028 591 1099; x_wconf 84' lang='lat' dir='ltr'><strong>plura</strong></span> <span class='ocrx_word' id='word_1_68' title='bbox 623 1043 790 1098; x_wconf 82' lang='lat' dir='ltr'><strong>super</strong></span> <span class='ocrx_word' id='word_1_69' title='bbox 811 1026 917 1082; x_wconf 83' lang='lat' dir='ltr'><strong>hoc</strong></span> <span class='ocrx_word' id='word_1_70' title='bbox 951 1041 1215 1096; x_wconf 72' lang='lat' dir='ltr'><strong>qumram.</strong></span> 
     </span>
    </p>
   </div>
   <div class='ocr_carea' id='block_1_13' title="bbox 507 1117 2011 1190">
    <p class='ocr_par' dir='ltr' id='par_1_13' title="bbox 507 1117 2011 1190">
     <span class='ocr_line' id='line_1_13' title="bbox 507 1117 2011 1190; baseline -0.002 -15"><span class='ocrx_word' id='word_1_71' title='bbox 507 1120 670 1176; x_wconf 61' lang='lat' dir='ltr'><strong>Cano.</strong></span> <span class='ocrx_word' id='word_1_72' title='bbox 724 1122 917 1175; x_wconf 87' lang='lat' dir='ltr'><strong>Acrem</strong></span> <span class='ocrx_word' id='word_1_73' title='bbox 951 1128 1003 1173; x_wconf 91' lang='lat' dir='ltr'><strong>te</strong></span> <span class='ocrx_word' id='word_1_74' title='bbox 1036 1117 1092 1172; x_wconf 89' lang='lat' dir='ltr'><strong>in</strong></span> <span class='ocrx_word' id='word_1_75' title='bbox 1124 1118 1375 1189; x_wconf 88' lang='lat' dir='ltr'><strong>urgendo</strong></span> <span class='ocrx_word' id='word_1_76' title='bbox 1421 1118 1662 1188; x_wconf 86' lang='lat' dir='ltr'><strong>reperio,</strong></span> <span class='ocrx_word' id='word_1_77' title='bbox 1687 1128 1743 1174; x_wconf 93' lang='lat' dir='ltr'><strong>ct</strong></span> <span class='ocrx_word' id='word_1_78' title='bbox 1781 1119 1837 1173; x_wconf 90' lang='lat' dir='ltr'><strong>in</strong></span> <span class='ocrx_word' id='word_1_79' title='bbox 1885 1134 2011 1190; x_wconf 84' lang='lat' dir='ltr'><strong>per-</strong></span> 
     </span>
    </p>
   </div>
   <div class='ocr_carea' id='block_1_14' title="bbox 436 1210 2007 1276">
    <p class='ocr_par' dir='ltr' id='par_1_14' title="bbox 436 1210 2007 1276">
     <span class='ocr_line' id='line_1_14' title="bbox 436 1210 2007 1276; baseline -0.001 -10"><span class='ocrx_word' id='word_1_80' title='bbox 436 1211 745 1267; x_wconf 84' lang='lat' dir='ltr'><strong>cunctando</strong></span> <span class='ocrx_word' id='word_1_81' title='bbox 774 1212 1001 1271; x_wconf 88' lang='lat' dir='ltr'><strong>multam</strong></span> <span class='ocrx_word' id='word_1_82' title='bbox 1035 1226 1221 1266; x_wconf 90' lang='lat' dir='ltr'><strong>cerno.</strong></span> <span class='ocrx_word' id='word_1_83' title='bbox 1257 1210 1459 1266; x_wconf 88' lang='lat' dir='ltr'><strong>Teutas</strong></span> <span class='ocrx_word' id='word_1_84' title='bbox 1490 1212 1637 1266; x_wconf 89' lang='lat' dir='ltr'><strong>enim</strong></span> <span class='ocrx_word' id='word_1_85' title='bbox 1689 1228 1797 1276; x_wconf 89' lang='lat' dir='ltr'><strong>me,</strong></span> <span class='ocrx_word' id='word_1_86' title='bbox 1823 1221 1883 1267; x_wconf 91' lang='lat' dir='ltr'><strong>ut</strong></span> <span class='ocrx_word' id='word_1_87' title='bbox 1910 1227 2007 1267; x_wconf 79' lang='lat' dir='ltr'><strong>ex-</strong></span> 
     </span>
    </p>
   </div>
   <div class='ocr_carea' id='block_1_15' title="bbox 436 1301 2011 1374">
    <p class='ocr_par' dir='ltr' id='par_1_15' title="bbox 436 1301 2011 1374">
     <span class='ocr_line' id='line_1_15' title="bbox 436 1301 2011 1374; baseline 0.001 -19"><span class='ocrx_word' id='word_1_88' title='bbox 436 1305 668 1374; x_wconf 84' lang='lat' dir='ltr'><strong>periarls</strong></span> <span class='ocrx_word' id='word_1_89' title='bbox 702 1304 955 1368; x_wconf 66' lang='lat' dir='ltr'><strong>fortasse,</strong></span> <span class='ocrx_word' id='word_1_90' title='bbox 1003 1311 1187 1359; x_wconf 84' lang='lat' dir='ltr'><strong>utrum</strong></span> <span class='ocrx_word' id='word_1_91' title='bbox 1240 1302 1307 1357; x_wconf 90' lang='lat' dir='ltr'><strong>ad</strong></span> <span class='ocrx_word' id='word_1_92' title='bbox 1368 1301 1832 1374; x_wconf 84' lang='lat' dir='ltr'><strong>interrogationes</strong></span> <span class='ocrx_word' id='word_1_93' title='bbox 1889 1311 2011 1357; x_wconf 89' lang='lat' dir='ltr'><strong>tuas</strong></span> 
     </span>
    </p>
   </div>
   <div class='ocr_carea' id='block_1_16' title="bbox 439 1396 2010 1468">
    <p class='ocr_par' dir='ltr' id='par_1_16' title="bbox 439 1396 2010 1468">
     <span class='ocr_line' id='line_1_16' title="bbox 439 1396 2010 1468; baseline 0.003 -21"><span class='ocrx_word' id='word_1_94' title='bbox 439 1396 664 1452; x_wconf 89' lang='lat' dir='ltr'><strong>dubium</strong></span> <span class='ocrx_word' id='word_1_95' title='bbox 740 1396 1021 1468; x_wconf 87' lang='lat' dir='ltr'><strong>quippiam</strong></span> <span class='ocrx_word' id='word_1_96' title='bbox 1080 1396 1368 1451; x_wconf 91' lang='lat' dir='ltr'><strong>elocutura</strong></span> <span class='ocrx_word' id='word_1_97' title='bbox 1424 1396 1551 1459; x_wconf 89' lang='lat' dir='ltr'><strong>sim,</strong></span> <span class='ocrx_word' id='word_1_98' title='bbox 1595 1411 1760 1466; x_wconf 87' lang='lat' dir='ltr'><strong>quam</strong></span> <span class='ocrx_word' id='word_1_99' title='bbox 1826 1397 2010 1467; x_wconf 87' lang='lat' dir='ltr'><strong>potius</strong></span> 
     </span>
    </p>
   </div>
   <div class='ocr_carea' id='block_1_17' title="bbox 438 1487 2010 1559">
    <p class='ocr_par' dir='ltr' id='par_1_17' title="bbox 438 1487 2010 1559">
     <span class='ocr_line' id='line_1_17' title="bbox 438 1487 2010 1559; baseline 0.003 -20"><span class='ocrx_word' id='word_1_100' title='bbox 438 1488 555 1543; x_wconf 84' lang='lat' dir='ltr'><strong>vela</strong></span> <span class='ocrx_word' id='word_1_101' title='bbox 604 1489 931 1544; x_wconf 81' lang='lat' dir='ltr'><strong>contrahere</strong></span> <span class='ocrx_word' id='word_1_102' title='bbox 974 1488 1235 1558; x_wconf 82' lang='lat' dir='ltr'><strong>oportuit.</strong></span> <span class='ocrx_word' id='word_1_103' title='bbox 1288 1487 1557 1555; x_wconf 85' lang='lat' dir='ltr'><strong>Quoniam</strong></span> <span class='ocrx_word' id='word_1_104' title='bbox 1616 1497 1799 1543; x_wconf 88' lang='lat' dir='ltr'><strong>autem</strong></span> <span class='ocrx_word' id='word_1_105' title='bbox 1857 1490 2010 1559; x_wconf 89' lang='lat' dir='ltr'><strong>plura</strong></span> 
     </span>
    </p>
   </div>
   <div class='ocr_carea' id='block_1_18' title="bbox 443 1578 2006 1649">
    <p class='ocr_par' dir='ltr' id='par_1_18' title="bbox 443 1578 2006 1649">
     <span class='ocr_line' id='line_1_18' title="bbox 443 1578 2006 1649; baseline 0.001 -16"><span class='ocrx_word' id='word_1_106' title='bbox 443 1580 752 1634; x_wconf 86' lang='lat' dir='ltr'><strong>testimonia</strong></span> <span class='ocrx_word' id='word_1_107' title='bbox 810 1579 1075 1649; x_wconf 80' lang='lat' dir='ltr'><strong>postulas,</strong></span> <span class='ocrx_word' id='word_1_108' title='bbox 1119 1578 1256 1635; x_wconf 91' lang='lat' dir='ltr'><strong>cedo</strong></span> <span class='ocrx_word' id='word_1_109' title='bbox 1290 1590 1347 1635; x_wconf 90' lang='lat' dir='ltr'><strong>et</strong></span> <span class='ocrx_word' id='word_1_110' title='bbox 1399 1578 1724 1649; x_wconf 87' lang='lat' dir='ltr'><strong>obtempero</strong></span> <span class='ocrx_word' id='word_1_111' title='bbox 1788 1579 1915 1647; x_wconf 88' lang='lat' dir='ltr'><strong>tibi;</strong></span> <span class='ocrx_word' id='word_1_112' title='bbox 1952 1590 2006 1635; x_wconf 94' lang='lat' dir='ltr'><strong>tu</strong></span> 
     </span>
    </p>
   </div>
   <div class='ocr_carea' id='block_1_19' title="bbox 441 1655 2089 1728">
    <p class='ocr_par' dir='ltr' id='par_1_19' title="bbox 441 1655 2089 1728">
     <span class='ocr_line' id='line_1_19' title="bbox 441 1655 2089 1728; baseline 0 -2"><span class='ocrx_word' id='word_1_113' title='bbox 441 1671 667 1727; x_wconf 80' lang='lat' dir='ltr'><strong>adverte</strong></span> <span class='ocrx_word' id='word_1_114' title='bbox 714 1671 792 1727; x_wconf 83' lang='lat' dir='ltr'><strong>sis</strong></span> <span class='ocrx_word' id='word_1_115' title='bbox 822 1673 1067 1727; x_wconf 90' lang='lat' dir='ltr'><strong>animum</strong></span> <span class='ocrx_word' id='word_1_116' title='bbox 1108 1690 1121 1727; x_wconf 89' lang='lat'><strong>:</strong></span> <span class='ocrx_word' id='word_1_117' title='bbox 1160 1680 1353 1727; x_wconf 91' lang='lat' dir='ltr'><strong>testem</strong></span> <span class='ocrx_word' id='word_1_118' title='bbox 1389 1672 1536 1727; x_wconf 89' lang='lat' dir='ltr'><strong>enim</strong></span> <span class='ocrx_word' id='word_1_119' title='bbox 1578 1672 1831 1728; x_wconf 81' lang='lat' dir='ltr'><strong>dabimus</strong></span> <span class='ocrx_word' id='word_1_120' title='bbox 1868 1671 2014 1727; x_wconf 91' lang='lat' dir='ltr'><strong>haud</strong></span> <span class='ocrx_word' id='word_1_121' title='bbox 2049 1655 2089 1710; x_wconf 77' lang='grc' dir='ltr'><strong>Β</strong></span> 
     </span>
    </p>
   </div>
   <div class='ocr_carea' id='block_1_20' title="bbox 443 1761 2013 1834">
    <p class='ocr_par' dir='ltr' id='par_1_20' title="bbox 443 1761 2013 1834">
     <span class='ocr_line' id='line_1_20' title="bbox 443 1761 2013 1834; baseline -0.001 -18"><span class='ocrx_word' id='word_1_122' title='bbox 443 1762 756 1825; x_wconf 87' lang='lat' dir='ltr'><strong>obscurum,</strong></span> <span class='ocrx_word' id='word_1_123' title='bbox 779 1762 913 1832; x_wconf 90' lang='lat' dir='ltr'><strong>quin</strong></span> <span class='ocrx_word' id='word_1_124' title='bbox 974 1762 1243 1834; x_wconf 79' lang='lat' dir='ltr'><strong>insignem</strong></span> <span class='ocrx_word' id='word_1_125' title='bbox 1313 1761 1500 1832; x_wconf 86' lang='lat' dir='ltr'><strong>potius</strong></span> <span class='ocrx_word' id='word_1_126' title='bbox 1535 1772 1591 1817; x_wconf 91' lang='lat' dir='ltr'><strong>et</strong></span> <span class='ocrx_word' id='word_1_127' title='bbox 1630 1763 2013 1826; x_wconf 80' lang='lat' dir='ltr'><strong>excellentem,</strong></span> 
     </span>
    </p>
   </div>
   <div class='ocr_carea' id='block_1_21' title="bbox 443 1850 2015 1924">
    <p class='ocr_par' dir='ltr' id='par_1_21' title="bbox 443 1850 2015 1924">
     <span class='ocr_line' id='line_1_21' title="bbox 443 1850 2015 1924; baseline 0.003 -19"><span class='ocrx_word' id='word_1_128' title='bbox 443 1867 699 1922; x_wconf 79' lang='lat' dir='ltr'><strong>magnum</strong></span> <span class='ocrx_word' id='word_1_129' title='bbox 754 1852 1110 1923; x_wconf 87' lang='lat' dir='ltr'><strong>divinumque</strong></span> <span class='ocrx_word' id='word_1_130' title='bbox 1144 1850 1359 1908; x_wconf 84' lang='lat' dir='ltr'><strong>Patrem</strong></span> <span class='ocrx_word' id='word_1_131' title='bbox 1401 1862 1457 1908; x_wconf 89' lang='lat' dir='ltr'><strong>et</strong></span> <span class='ocrx_word' id='word_1_132' title='bbox 1511 1854 1839 1924; x_wconf 80' lang='lat' dir='ltr'><strong>Prophetam</strong></span> <span class='ocrx_word' id='word_1_133' title='bbox 1886 1854 2015 1909; x_wconf 87' lang='lat' dir='ltr'><strong>illu-</strong></span> 
     </span>
    </p>
   </div>
   <div class='ocr_carea' id='block_1_22' title="bbox 442 1956 629 2006">
    <p class='ocr_par' dir='ltr' id='par_1_22' title="bbox 442 1956 629 2006">
     <span class='ocr_line' id='line_1_22' title="bbox 442 1956 629 2006; baseline -0.016 -7"><span class='ocrx_word' id='word_1_134' title='bbox 442 1956 485 1999; x_wconf 85' lang='lat' dir='ltr'><strong>st</strong></span> <span class='ocrx_word' id='word_1_135' title='bbox 495 1960 604 1999; x_wconf 88' lang='lat' dir='ltr'><strong>rem</strong></span> <span class='ocrx_word' id='word_1_136' title='bbox 615 1984 629 2006; x_wconf 92' lang='lat'><strong>,</strong></span> 
     </span>
    </p>
   </div>
   <div class='ocr_carea' id='block_1_23' title="bbox 509 2031 1779 2099">
    <p class='ocr_par' dir='ltr' id='par_1_23' title="bbox 509 2031 1779 2099">
     <span class='ocr_line' id='line_1_23' title="bbox 509 2031 1779 2099; baseline 0.002 -12"><span class='ocrx_word' id='word_1_137' title='bbox 509 2031 701 2087; x_wconf 69' lang='lat' dir='ltr'><strong>Amm.</strong></span> <span class='ocrx_word' id='word_1_138' title='bbox 723 2032 1008 2099; x_wconf 85' lang='lat' dir='ltr'><strong>Quisnam,</strong></span> <span class='ocrx_word' id='word_1_139' title='bbox 1040 2040 1096 2087; x_wconf 86' lang='lat' dir='ltr'><strong>et</strong></span> <span class='ocrx_word' id='word_1_140' title='bbox 1118 2032 1267 2088; x_wconf 90' lang='lat' dir='ltr'><strong>unde</strong></span> <span class='ocrx_word' id='word_1_141' title='bbox 1298 2031 1415 2086; x_wconf 87' lang='lat' dir='ltr'><strong>est?</strong></span> <span class='ocrx_word' id='word_1_142' title='bbox 1449 2031 1539 2088; x_wconf 92' lang='lat' dir='ltr'><strong>die</strong></span> <span class='ocrx_word' id='word_1_143' title='bbox 1573 2036 1779 2090; x_wconf 88' lang='lat' dir='ltr'><strong>statim.</strong></span> 
     </span>
    </p>
   </div>
   <div class='ocr_carea' id='block_1_24' title="bbox 509 2123 2020 2199">
    <p class='ocr_par' dir='ltr' id='par_1_24' title="bbox 509 2123 2020 2199">
     <span class='ocr_line' id='line_1_24' title="bbox 509 2123 2020 2199; baseline 0.003 -20"><span class='ocrx_word' id='word_1_144' title='bbox 509 2123 675 2180; x_wconf 64' lang='lat' dir='ltr'><strong>Cano.</strong></span> <span class='ocrx_word' id='word_1_145' title='bbox 715 2123 1109 2180; x_wconf 88' lang='lat' dir='ltr'><strong>Sauctissimus</strong></span> <span class='ocrx_word' id='word_1_146' title='bbox 1164 2123 1328 2179; x_wconf 83' lang='lat' dir='ltr'><strong>Pater</strong></span> <span class='ocrx_word' id='word_1_147' title='bbox 1385 2124 1637 2191; x_wconf 88' lang='lat' dir='ltr'><strong>David,a</strong></span> <span class='ocrx_word' id='word_1_148' title='bbox 1680 2142 1791 2196; x_wconf 89' lang='lat' dir='ltr'><strong>quo</strong></span> <span class='ocrx_word' id='word_1_149' title='bbox 1845 2143 2020 2199; x_wconf 88' lang='lat' dir='ltr'><strong>genus</strong></span> 
     </span>
    </p>
   </div>
   <div class='ocr_carea' id='block_1_25' title="bbox 445 2213 2020 2288">
    <p class='ocr_par' dir='ltr' id='par_1_25' title="bbox 445 2213 2020 2288">
     <span class='ocr_line' id='line_1_25' title="bbox 445 2213 2020 2288; baseline 0.001 -17"><span class='ocrx_word' id='word_1_150' title='bbox 445 2231 605 2271; x_wconf 84' lang='lat' dir='ltr'><strong>suum</strong></span> <span class='ocrx_word' id='word_1_151' title='bbox 637 2216 917 2272; x_wconf 80' lang='lat' dir='ltr'><strong>Christum</strong></span> <span class='ocrx_word' id='word_1_152' title='bbox 954 2213 1261 2269; x_wconf 87' lang='lat' dir='ltr'><strong>secundum</strong></span> <span class='ocrx_word' id='word_1_153' title='bbox 1284 2230 1503 2269; x_wconf 88' lang='lat' dir='ltr'><strong>carnem</strong></span> <span class='ocrx_word' id='word_1_154' title='bbox 1531 2215 1704 2271; x_wconf 80' lang='lat' dir='ltr'><strong>duxit.</strong></span> <span class='ocrx_word' id='word_1_155' title='bbox 1730 2217 1834 2272; x_wconf 85' lang='lat' dir='ltr'><strong>Sed</strong></span> <span class='ocrx_word' id='word_1_156' title='bbox 1864 2219 2020 2288; x_wconf 86' lang='lat' dir='ltr'><strong>prius</strong></span> 
     </span>
    </p>
   </div>
   <div class='ocr_carea' id='block_1_26' title="bbox 448 2306 2021 2382">
    <p class='ocr_par' dir='ltr' id='par_1_26' title="bbox 448 2306 2021 2382">
     <span class='ocr_line' id='line_1_26' title="bbox 448 2306 2021 2382; baseline 0.003 -21"><span class='ocrx_word' id='word_1_157' title='bbox 448 2318 613 2363; x_wconf 83' lang='lat' dir='ltr'><strong>totam</strong></span> <span class='ocrx_word' id='word_1_158' title='bbox 648 2324 767 2364; x_wconf 86' lang='lat' dir='ltr'><strong>rem</strong></span> <span class='ocrx_word' id='word_1_159' title='bbox 795 2316 999 2381; x_wconf 78' lang='lat' dir='ltr'><strong>gestam</strong></span> <span class='ocrx_word' id='word_1_160' title='bbox 1037 2307 1165 2362; x_wconf 90' lang='lat' dir='ltr'><strong>audi</strong></span> <span class='ocrx_word' id='word_1_161' title='bbox 1193 2325 1210 2373; x_wconf 87' lang='lat'><strong>;</strong></span> <span class='ocrx_word' id='word_1_162' title='bbox 1242 2306 1491 2362; x_wconf 84' lang='lat' dir='ltr'><strong>dicemus</strong></span> <span class='ocrx_word' id='word_1_163' title='bbox 1524 2317 1805 2376; x_wconf 90' lang='lat' dir='ltr'><strong>postremo</strong></span> <span class='ocrx_word' id='word_1_164' title='bbox 1853 2327 2021 2382; x_wconf 88' lang='lat' dir='ltr'><strong>quor-</strong></span> 
     </span>
    </p>
   </div>
   <div class='ocr_carea' id='block_1_27' title="bbox 445 2396 2020 2470">
    <p class='ocr_par' dir='ltr' id='par_1_27' title="bbox 445 2396 2020 2470">
     <span class='ocr_line' id='line_1_27' title="bbox 445 2396 2020 2470; baseline -0.002 -16"><span class='ocrx_word' id='word_1_165' title='bbox 445 2415 567 2454; x_wconf 85' lang='lat' dir='ltr'><strong>sum</strong></span> <span class='ocrx_word' id='word_1_166' title='bbox 610 2398 825 2460; x_wconf 84' lang='lat' dir='ltr'><strong>tandem</strong></span> <span class='ocrx_word' id='word_1_167' title='bbox 888 2415 951 2455; x_wconf 92' lang='lat' dir='ltr'><strong>ea</strong></span> <span class='ocrx_word' id='word_1_168' title='bbox 990 2407 1217 2469; x_wconf 87' lang='lat' dir='ltr'><strong>spectet.</strong></span> <span class='ocrx_word' id='word_1_169' title='bbox 1278 2396 1570 2465; x_wconf 85' lang='lat' dir='ltr'><strong>Postquam</strong></span> <span class='ocrx_word' id='word_1_170' title='bbox 1633 2400 1885 2470; x_wconf 79' lang='lat' dir='ltr'><strong>egregius</strong></span> <span class='ocrx_word' id='word_1_171' title='bbox 1929 2401 2020 2457; x_wconf 84' lang='lat' dir='ltr'><strong>ille</strong></span> 
     </span>
    </p>
   </div>
   <div class='ocr_carea' id='block_1_28' title="bbox 444 2487 2018 2560">
    <p class='ocr_par' dir='ltr' id='par_1_28' title="bbox 444 2487 2018 2560">
     <span class='ocr_line' id='line_1_28' title="bbox 444 2487 2018 2560; baseline 0.003 -16"><span class='ocrx_word' id='word_1_172' title='bbox 444 2492 529 2545; x_wconf 84' lang='lat' dir='ltr'><strong>vir</strong></span> <span class='ocrx_word' id='word_1_173' title='bbox 589 2490 901 2547; x_wconf 83' lang='lat' dir='ltr'><strong>Goliathum</strong></span> <span class='ocrx_word' id='word_1_174' title='bbox 990 2490 1331 2558; x_wconf 72' lang='lat' dir='ltr'><strong>interfecit“,</strong></span> <span class='ocrx_word' id='word_1_175' title='bbox 1403 2487 1531 2552; x_wconf 82' lang='lat' dir='ltr'><strong>Sani</strong></span> <span class='ocrx_word' id='word_1_176' title='bbox 1596 2494 1768 2560; x_wconf 90' lang='lat' dir='ltr'><strong>pactis</strong></span> <span class='ocrx_word' id='word_1_177' title='bbox 1849 2502 2018 2560; x_wconf 87' lang='lat' dir='ltr'><strong>stans,</strong></span> 
     </span>
    </p>
   </div>
   <div class='ocr_carea' id='block_1_29' title="bbox 447 2584 2022 2656">
    <p class='ocr_par' dir='ltr' id='par_1_29' title="bbox 447 2584 2022 2656">
     <span class='ocr_line' id='line_1_29' title="bbox 447 2584 2022 2656; baseline -0.001 -17"><span class='ocrx_word' id='word_1_178' title='bbox 447 2593 733 2639; x_wconf 81' lang='lat' dir='ltr'><strong>strenuum</strong></span> <span class='ocrx_word' id='word_1_179' title='bbox 767 2584 1087 2639; x_wconf 86' lang='lat' dir='ltr'><strong>bellatorem</strong></span> <span class='ocrx_word' id='word_1_180' title='bbox 1137 2585 1393 2648; x_wconf 85' lang='lat' dir='ltr'><strong>accersit,</strong></span> <span class='ocrx_word' id='word_1_181' title='bbox 1449 2600 1688 2656; x_wconf 89' lang='lat' dir='ltr'><strong>eumque</strong></span> <span class='ocrx_word' id='word_1_182' title='bbox 1745 2586 1831 2641; x_wconf 90' lang='lat' dir='ltr'><strong>his</strong></span> <span class='ocrx_word' id='word_1_183' title='bbox 1895 2602 2022 2639; x_wconf 87' lang='lat' dir='ltr'><strong>ver-</strong></span> 
     </span>
    </p>
   </div>
   <div class='ocr_carea' id='block_1_30' title="bbox 447 2676 2026 2749">
    <p class='ocr_par' dir='ltr' id='par_1_30' title="bbox 447 2676 2026 2749">
     <span class='ocr_line' id='line_1_30' title="bbox 447 2676 2026 2749; baseline -0.001 -17"><span class='ocrx_word' id='word_1_184' title='bbox 447 2678 534 2732; x_wconf 88' lang='lat' dir='ltr'><strong>bis</strong></span> <span class='ocrx_word' id='word_1_185' title='bbox 598 2677 888 2747; x_wconf 87' lang='lat' dir='ltr'><strong>compellat</strong></span> <span class='ocrx_word' id='word_1_186' title='bbox 947 2676 1163 2743; x_wconf 87' lang='lat' dir='ltr'><strong>:Ecce,</strong></span> <span class='ocrx_word' id='word_1_187' title='bbox 1227 2678 1298 2731; x_wconf 90' lang='lat' dir='ltr'><strong>mi</strong></span> <span class='ocrx_word' id='word_1_188' title='bbox 1350 2693 1534 2749; x_wconf 81' lang='lat' dir='ltr'><strong>gener,</strong></span> <span class='ocrx_word' id='word_1_189' title='bbox 1606 2676 1794 2732; x_wconf 75' lang='lat' dir='ltr'><strong>Merob</strong></span> <span class='ocrx_word' id='word_1_190' title='bbox 1851 2678 2026 2748; x_wconf 83' lang='lat' dir='ltr'><strong>major</strong></span> 
     </span>
    </p>
   </div>
   <div class='ocr_carea' id='block_1_31' title="bbox 447 2768 2024 2840">
    <p class='ocr_par' dir='ltr' id='par_1_31' title="bbox 447 2768 2024 2840">
     <span class='ocr_line' id='line_1_31' title="bbox 447 2768 2024 2840; baseline -0.002 -15"><span class='ocrx_word' id='word_1_191' title='bbox 447 2779 581 2825; x_wconf 89' lang='lat' dir='ltr'><strong>natu</strong></span> <span class='ocrx_word' id='word_1_192' title='bbox 633 2768 866 2824; x_wconf 85' lang='lat' dir='ltr'><strong>filiarum</strong></span> <span class='ocrx_word' id='word_1_193' title='bbox 905 2785 1171 2836; x_wconf 90' lang='lat' dir='ltr'><strong>mearum,</strong></span> <span class='ocrx_word' id='word_1_194' title='bbox 1240 2770 1398 2840; x_wconf 87' lang='lat' dir='ltr'><strong>longe</strong></span> <span class='ocrx_word' id='word_1_195' title='bbox 1446 2770 1853 2831; x_wconf 86' lang='lat' dir='ltr'><strong>venustissima,</strong></span> <span class='ocrx_word' id='word_1_196' title='bbox 1903 2784 2024 2825; x_wconf 86' lang='lat' dir='ltr'><strong>eam</strong></span> 
     </span>
    </p>
   </div>
   <div class='ocr_carea' id='block_1_32' title="bbox 448 2860 2027 2933">
    <p class='ocr_par' dir='ltr' id='par_1_32' title="bbox 448 2860 2027 2933">
     <span class='ocr_line' id='line_1_32' title="bbox 448 2860 2027 2933; baseline -0.001 -15"><span class='ocrx_word' id='word_1_197' title='bbox 448 2862 555 2918; x_wconf 83' lang='lat' dir='ltr'><strong>tibi</strong></span> <span class='ocrx_word' id='word_1_198' title='bbox 616 2863 899 2933; x_wconf 87' lang='lat' dir='ltr'><strong>conjugem</strong></span> <span class='ocrx_word' id='word_1_199' title='bbox 961 2862 1284 2933; x_wconf 86' lang='lat' dir='ltr'><strong>promissam</strong></span> <span class='ocrx_word' id='word_1_200' title='bbox 1328 2862 1550 2917; x_wconf 89' lang='lat' dir='ltr'><strong>habeto.</strong></span> <span class='ocrx_word' id='word_1_201' title='bbox 1587 2860 1690 2916; x_wconf 88' lang='lat' dir='ltr'><strong>Sec</strong></span> <span class='ocrx_word' id='word_1_202' title='bbox 1719 2861 1848 2916; x_wconf 89' lang='lat' dir='ltr'><strong>huic</strong></span> <span class='ocrx_word' id='word_1_203' title='bbox 1905 2861 2027 2917; x_wconf 89' lang='lat' dir='ltr'><strong>tho-</strong></span> 
     </span>
    </p>
   </div>
   <div class='ocr_carea' id='block_1_33' title="bbox 2115 387 3685 460">
    <p class='ocr_par' dir='ltr' id='par_1_33' title="bbox 2115 387 3685 460">
     <span class='ocr_line' id='line_1_33' title="bbox 2115 387 3685 460; baseline 0.004 -19"><span class='ocrx_word' id='word_1_204' title='bbox 2115 387 2376 455; x_wconf 88' lang='lat' dir='ltr'><strong>concitat,</strong></span> <span class='ocrx_word' id='word_1_205' title='bbox 2412 398 2575 460; x_wconf 87' lang='lat' dir='ltr'><strong>atque</strong></span> <span class='ocrx_word' id='word_1_206' title='bbox 2608 389 2687 444; x_wconf 90' lang='lat' dir='ltr'><strong>ira</strong></span> <span class='ocrx_word' id='word_1_207' title='bbox 2715 389 3032 445; x_wconf 84' lang='lat' dir='ltr'><strong>inflammat.</strong></span> <span class='ocrx_word' id='word_1_208' title='bbox 3063 390 3174 444; x_wconf 79' lang='lat' dir='ltr'><strong>Rex</strong></span> <span class='ocrx_word' id='word_1_209' title='bbox 3210 388 3404 452; x_wconf 89' lang='lat' dir='ltr'><strong>iratus,</strong></span> <span class='ocrx_word' id='word_1_210' title='bbox 3432 388 3685 447; x_wconf 78' lang='lat' dir='ltr'><strong>Achime—</strong></span> 
     </span>
    </p>
   </div>
   <div class='ocr_carea' id='block_1_34' title="bbox 2114 480 3681 553">
    <p class='ocr_par' dir='ltr' id='par_1_34' title="bbox 2114 480 3681 553">
     <span class='ocr_line' id='line_1_34' title="bbox 2114 480 3681 553; baseline 0.003 -20"><span class='ocrx_word' id='word_1_211' title='bbox 2114 480 2330 535; x_wconf 87' lang='lat' dir='ltr'><strong>lcchmn</strong></span> <span class='ocrx_word' id='word_1_212' title='bbox 2372 481 2621 538; x_wconf 86' lang='lat' dir='ltr'><strong>advocat.</strong></span> <span class='ocrx_word' id='word_1_213' title='bbox 2644 482 2868 537; x_wconf 87' lang='lat' dir='ltr'><strong>Sistitur</strong></span> <span class='ocrx_word' id='word_1_214' title='bbox 2897 482 2989 536; x_wconf 91' lang='lat' dir='ltr'><strong>ille</strong></span> <span class='ocrx_word' id='word_1_215' title='bbox 3021 482 3087 537; x_wconf 85' lang='lat' dir='ltr'><strong>ad</strong></span> <span class='ocrx_word' id='word_1_216' title='bbox 3129 481 3423 552; x_wconf 85' lang='lat' dir='ltr'><strong>judicium,</strong></span> <span class='ocrx_word' id='word_1_217' title='bbox 3451 491 3507 536; x_wconf 90' lang='lat' dir='ltr'><strong>et</strong></span> <span class='ocrx_word' id='word_1_218' title='bbox 3543 498 3681 553; x_wconf 81' lang='lat' dir='ltr'><strong>sup-</strong></span> 
     </span>
    </p>
   </div>
   <div class='ocr_carea' id='block_1_35' title="bbox 2116 572 3685 644">
    <p class='ocr_par' dir='ltr' id='par_1_35' title="bbox 2116 572 3685 644">
     <span class='ocr_line' id='line_1_35' title="bbox 2116 572 3685 644; baseline 0.004 -19"><span class='ocrx_word' id='word_1_219' title='bbox 2116 572 2365 643; x_wconf 91' lang='lat' dir='ltr'><strong>plicium.</strong></span> <span class='ocrx_word' id='word_1_220' title='bbox 2394 573 2464 629; x_wconf 85' lang='lat' dir='ltr'><strong>Ut</strong></span> <span class='ocrx_word' id='word_1_221' title='bbox 2489 583 2692 644; x_wconf 88' lang='lat' dir='ltr'><strong>potest,</strong></span> <span class='ocrx_word' id='word_1_222' title='bbox 2724 589 2906 628; x_wconf 85' lang='lat' dir='ltr'><strong>veram</strong></span> <span class='ocrx_word' id='word_1_223' title='bbox 2936 589 3001 627; x_wconf 91' lang='lat' dir='ltr'><strong>ac</strong></span> <span class='ocrx_word' id='word_1_224' title='bbox 3046 574 3249 644; x_wconf 83' lang='lat' dir='ltr'><strong>justam</strong></span> <span class='ocrx_word' id='word_1_225' title='bbox 3306 572 3685 631; x_wconf 78' lang='lat' dir='ltr'><strong>defensionem</strong></span> 
     </span>
    </p>
   </div>
   <div class='ocr_carea' id='block_1_36' title="bbox 2115 663 3682 734">
    <p class='ocr_par' dir='ltr' id='par_1_36' title="bbox 2115 663 3682 734">
     <span class='ocr_line' id='line_1_36' title="bbox 2115 663 3682 734; baseline 0.001 -18"><span class='ocrx_word' id='word_1_226' title='bbox 2115 663 2273 717; x_wconf 82' lang='lat' dir='ltr'><strong>allert</strong></span> <span class='ocrx_word' id='word_1_227' title='bbox 2308 683 2319 716; x_wconf 88' lang='lat'><strong><em>:</em></strong></span> <span class='ocrx_word' id='word_1_228' title='bbox 2352 680 2457 718; x_wconf 92' lang='lat' dir='ltr'><strong>non</strong></span> <span class='ocrx_word' id='word_1_229' title='bbox 2490 680 2546 719; x_wconf 89' lang='lat' dir='ltr'><strong>se</strong></span> <span class='ocrx_word' id='word_1_230' title='bbox 2576 665 2836 720; x_wconf 89' lang='lat' dir='ltr'><strong>Davidcm</strong></span> <span class='ocrx_word' id='word_1_231' title='bbox 2867 673 2928 720; x_wconf 92' lang='lat' dir='ltr'><strong>ut</strong></span> <span class='ocrx_word' id='word_1_232' title='bbox 2961 663 3274 734; x_wconf 80' lang='lat' dir='ltr'><strong>fugitivum,</strong></span> <span class='ocrx_word' id='word_1_233' title='bbox 3296 663 3392 719; x_wconf 90' lang='lat' dir='ltr'><strong>sed</strong></span> <span class='ocrx_word' id='word_1_234' title='bbox 3431 672 3491 717; x_wconf 90' lang='grc' dir='ltr'><strong>ιιι</strong></span> <span class='ocrx_word' id='word_1_235' title='bbox 3517 678 3682 733; x_wconf 87' lang='lat' dir='ltr'><strong>gene-</strong></span> 
     </span>
    </p>
   </div>
   <div class='ocr_carea' id='block_1_37' title="bbox 2116 754 3685 827">
    <p class='ocr_par' dir='ltr' id='par_1_37' title="bbox 2116 754 3685 827">
     <span class='ocr_line' id='line_1_37' title="bbox 2116 754 3685 827; baseline 0.001 -19"><span class='ocrx_word' id='word_1_236' title='bbox 2116 770 2238 809; x_wconf 89' lang='lat' dir='ltr'><strong>rum</strong></span> <span class='ocrx_word' id='word_1_237' title='bbox 2277 754 2418 825; x_wconf 86' lang='lat' dir='ltr'><strong>regis</strong></span> <span class='ocrx_word' id='word_1_238' title='bbox 2468 755 2754 826; x_wconf 86' lang='lat' dir='ltr'><strong>accipisse.</strong></span> <span class='ocrx_word' id='word_1_239' title='bbox 2807 757 2875 812; x_wconf 86' lang='lat' dir='ltr'><strong>Et</strong></span> <span class='ocrx_word' id='word_1_240' title='bbox 2933 755 3205 827; x_wconf 87' lang='lat' dir='ltr'><strong>profecto,</strong></span> <span class='ocrx_word' id='word_1_241' title='bbox 3253 771 3365 825; x_wconf 92' lang='lat' dir='ltr'><strong>quo</strong></span> <span class='ocrx_word' id='word_1_242' title='bbox 3413 764 3560 811; x_wconf 83' lang='lat' dir='ltr'><strong>esset</strong></span> <span class='ocrx_word' id='word_1_243' title='bbox 3597 756 3685 810; x_wconf 87' lang='lat' dir='ltr'><strong>ille</strong></span> 
     </span>
    </p>
   </div>
   <div class='ocr_carea' id='block_1_38' title="bbox 2116 843 3681 917">
    <p class='ocr_par' dir='ltr' id='par_1_38' title="bbox 2116 843 3681 917">
     <span class='ocr_line' id='line_1_38' title="bbox 2116 843 3681 917; baseline -0.001 -17"><span class='ocrx_word' id='word_1_244' title='bbox 2116 846 2321 911; x_wconf 83' lang='lat' dir='ltr'><strong>animo,</strong></span> <span class='ocrx_word' id='word_1_245' title='bbox 2371 860 2481 901; x_wconf 91' lang='lat' dir='ltr'><strong>non</strong></span> <span class='ocrx_word' id='word_1_246' title='bbox 2541 846 2865 916; x_wconf 79' lang='lat' dir='ltr'><strong>cognovisse</strong></span> <span class='ocrx_word' id='word_1_247' title='bbox 2913 863 2927 898; x_wconf 86' lang='lat'>:</span> <span class='ocrx_word' id='word_1_248' title='bbox 2967 846 3245 917; x_wconf 83' lang='lat' dir='ltr'><strong>ignorasse</strong></span> <span class='ocrx_word' id='word_1_249' title='bbox 3307 843 3361 898; x_wconf 90' lang='lat' dir='ltr'><strong>id</strong></span> <span class='ocrx_word' id='word_1_250' title='bbox 3406 844 3681 912; x_wconf 86' lang='lat' dir='ltr'><strong>funditus;</strong></span> 
     </span>
    </p>
   </div>
   <div class='ocr_carea' id='block_1_39' title="bbox 2116 935 3682 1011">
    <p class='ocr_par' dir='ltr' id='par_1_39' title="bbox 2116 935 3682 1011">
     <span class='ocr_line' id='line_1_39' title="bbox 2116 935 3682 1011; baseline -0.003 -18"><span class='ocrx_word' id='word_1_251' title='bbox 2116 937 2348 1011; x_wconf 87' lang='lat' dir='ltr'><strong>proinde</strong></span> <span class='ocrx_word' id='word_1_252' title='bbox 2388 938 2822 993; x_wconf 88' lang='lat' dir='ltr'><strong>misericordiam</strong></span> <span class='ocrx_word' id='word_1_253' title='bbox 2860 946 3068 1007; x_wconf 90' lang='lat' dir='ltr'><strong>petere.</strong></span> <span class='ocrx_word' id='word_1_254' title='bbox 3095 935 3220 991; x_wconf 56' lang='lat' dir='ltr'><strong>Haec</strong></span> <span class='ocrx_word' id='word_1_255' title='bbox 3244 950 3411 991; x_wconf 74' lang='lat' dir='ltr'><strong>senex</strong></span> <span class='ocrx_word' id='word_1_256' title='bbox 3431 935 3682 990; x_wconf 81' lang='lat' dir='ltr'><strong>Achime-</strong></span> 
     </span>
    </p>
   </div>
   <div class='ocr_carea' id='block_1_40' title="bbox 2115 1025 3684 1101">
    <p class='ocr_par' dir='ltr' id='par_1_40' title="bbox 2115 1025 3684 1101">
     <span class='ocr_line' id='line_1_40' title="bbox 2115 1025 3684 1101; baseline -0.004 -15"><span class='ocrx_word' id='word_1_257' title='bbox 2115 1030 2234 1087; x_wconf 86' lang='lat' dir='ltr'><strong>lech</strong></span> <span class='ocrx_word' id='word_1_258' title='bbox 2269 1044 2501 1101; x_wconf 73' lang='lat' dir='ltr'><strong>&#39;pmnam</strong></span> <span class='ocrx_word' id='word_1_259' title='bbox 2533 1033 2838 1100; x_wconf 86' lang='lat' dir='ltr'><strong>deprecans</strong></span> <span class='ocrx_word' id='word_1_260' title='bbox 2869 1031 3118 1100; x_wconf 72' lang='lat' dir='ltr'><strong>profatus</strong></span> <span class='ocrx_word' id='word_1_261' title='bbox 3162 1038 3263 1082; x_wconf 84' lang='lat' dir='ltr'><strong>est.</strong></span> <span class='ocrx_word' id='word_1_262' title='bbox 3286 1027 3407 1081; x_wconf 84' lang='lat' dir='ltr'><strong>Non</strong></span> <span class='ocrx_word' id='word_1_263' title='bbox 3443 1025 3684 1081; x_wconf 81' lang='lat' dir='ltr'><strong>ﬂectitur</strong></span> 
     </span>
    </p>
   </div>
   <div class='ocr_carea' id='block_1_41' title="bbox 2117 1118 3687 1192">
    <p class='ocr_par' dir='ltr' id='par_1_41' title="bbox 2117 1118 3687 1192">
     <span class='ocr_line' id='line_1_41' title="bbox 2117 1118 3687 1192; baseline -0.004 -14"><span class='ocrx_word' id='word_1_264' title='bbox 2117 1122 2268 1187; x_wconf 87' lang='lat' dir='ltr'><strong>Saul,</strong></span> <span class='ocrx_word' id='word_1_265' title='bbox 2299 1122 2393 1176; x_wconf 85' lang='lat' dir='ltr'><strong>sed</strong></span> <span class='ocrx_word' id='word_1_266' title='bbox 2441 1122 2617 1192; x_wconf 86' lang='lat' dir='ltr'><strong>ipsum</strong></span> <span class='ocrx_word' id='word_1_267' title='bbox 2674 1121 3001 1191; x_wconf 76' lang='lat' dir='ltr'><strong>principem,</strong></span> <span class='ocrx_word' id='word_1_268' title='bbox 3028 1134 3329 1188; x_wconf 89' lang='lat' dir='ltr'><strong>omnesque</strong></span> <span class='ocrx_word' id='word_1_269' title='bbox 3373 1118 3687 1175; x_wconf 86' lang='lat' dir='ltr'><strong>sacerdotes</strong></span> 
     </span>
    </p>
   </div>
   <div class='ocr_carea' id='block_1_42' title="bbox 2115 1209 3687 1279">
    <p class='ocr_par' dir='ltr' id='par_1_42' title="bbox 2115 1209 3687 1279">
     <span class='ocr_line' id='line_1_42' title="bbox 2115 1209 3687 1279; baseline -0.004 -10"><span class='ocrx_word' id='word_1_270' title='bbox 2115 1215 2252 1270; x_wconf 86' lang='lat' dir='ltr'><strong>alios</strong></span> <span class='ocrx_word' id='word_1_271' title='bbox 2283 1214 2348 1270; x_wconf 86' lang='lat' dir='ltr'><strong>ad</strong></span> <span class='ocrx_word' id='word_1_272' title='bbox 2383 1229 2569 1270; x_wconf 89' lang='lat' dir='ltr'><strong>necem</strong></span> <span class='ocrx_word' id='word_1_273' title='bbox 2614 1212 2964 1274; x_wconf 88' lang='lat' dir='ltr'><strong>condemnat,</strong></span> <span class='ocrx_word' id='word_1_274' title='bbox 2986 1220 3043 1266; x_wconf 92' lang='lat' dir='ltr'><strong>et</strong></span> <span class='ocrx_word' id='word_1_275' title='bbox 3089 1225 3283 1265; x_wconf 88' lang='lat' dir='ltr'><strong>omnes</strong></span> <span class='ocrx_word' id='word_1_276' title='bbox 3323 1209 3687 1279; x_wconf 86' lang='lat' dir='ltr'><strong>comprehcn-</strong></span> 
     </span>
    </p>
   </div>
   <div class='ocr_carea' id='block_1_43' title="bbox 2116 1302 3686 1377">
    <p class='ocr_par' dir='ltr' id='par_1_43' title="bbox 2116 1302 3686 1377">
     <span class='ocr_line' id='line_1_43' title="bbox 2116 1302 3686 1377; baseline -0.004 -16"><span class='ocrx_word' id='word_1_277' title='bbox 2116 1309 2251 1363; x_wconf 91' lang='lat' dir='ltr'><strong>dcns</strong></span> <span class='ocrx_word' id='word_1_278' title='bbox 2265 1307 2722 1377; x_wconf 87' lang='lat' dir='ltr'><strong>Deogusjugulat.</strong></span> <span class='ocrx_word' id='word_1_279' title='bbox 2745 1304 2858 1359; x_wconf 89' lang='lat' dir='ltr'><strong>Heu</strong></span> <span class='ocrx_word' id='word_1_280' title='bbox 2879 1302 3257 1360; x_wconf 86' lang='lat' dir='ltr'><strong>crudelitatem</strong></span> <span class='ocrx_word' id='word_1_281' title='bbox 3275 1304 3290 1355; x_wconf 87' lang='lat' dir='ltr'><strong>l</strong></span> <span class='ocrx_word' id='word_1_282' title='bbox 3309 1302 3448 1357; x_wconf 82' lang='lat' dir='ltr'><strong>Ante</strong></span> <span class='ocrx_word' id='word_1_283' title='bbox 3473 1315 3686 1365; x_wconf 88' lang='lat' dir='ltr'><strong>omnes,</strong></span> 
     </span>
    </p>
   </div>
   <div class='ocr_carea' id='block_1_44' title="bbox 2118 1394 3688 1468">
    <p class='ocr_par' dir='ltr' id='par_1_44' title="bbox 2118 1394 3688 1468">
     <span class='ocr_line' id='line_1_44' title="bbox 2118 1394 3688 1468; baseline -0.006 -13"><span class='ocrx_word' id='word_1_284' title='bbox 2118 1400 2363 1468; x_wconf 87' lang='lat' dir='ltr'><strong>inquam,</strong></span> <span class='ocrx_word' id='word_1_285' title='bbox 2390 1397 2860 1459; x_wconf 77' lang='lat' dir='ltr'><strong>Aehimcleehum,</strong></span> <span class='ocrx_word' id='word_1_286' title='bbox 2891 1394 3090 1451; x_wconf 88' lang='lat' dir='ltr'><strong>deinde</strong></span> <span class='ocrx_word' id='word_1_287' title='bbox 3114 1395 3252 1449; x_wconf 91' lang='lat' dir='ltr'><strong>alios</strong></span> <span class='ocrx_word' id='word_1_288' title='bbox 3293 1408 3504 1455; x_wconf 84' lang='lat' dir='ltr'><strong>omnes,</strong></span> <span class='ocrx_word' id='word_1_289' title='bbox 3532 1401 3688 1446; x_wconf 82' lang='lat' dir='ltr'><strong>octo-</strong></span> 
     </span>
    </p>
   </div>
   <div class='ocr_carea' id='block_1_45' title="bbox 2116 1482 3700 1561">
    <p class='ocr_par' dir='ltr' id='par_1_45' title="bbox 2116 1482 3700 1561">
     <span class='ocr_line' id='line_1_45' title="bbox 2116 1482 3700 1561; baseline -0.005 -19"><span class='ocrx_word' id='word_1_290' title='bbox 2116 1489 2264 1561; x_wconf 86' lang='lat' dir='ltr'><strong>ginta</strong></span> <span class='ocrx_word' id='word_1_291' title='bbox 2305 1487 2570 1558; x_wconf 90' lang='lat' dir='ltr'><strong>quinque,</strong></span> <span class='ocrx_word' id='word_1_292' title='bbox 2611 1502 2803 1541; x_wconf 90' lang='lat' dir='ltr'><strong>omnes</strong></span> <span class='ocrx_word' id='word_1_293' title='bbox 2832 1484 3118 1555; x_wconf 88' lang='lat' dir='ltr'><strong>fungentes</strong></span> <span class='ocrx_word' id='word_1_294' title='bbox 3146 1482 3336 1545; x_wconf 88' lang='lat' dir='ltr'><strong>sacris,</strong></span> <span class='ocrx_word' id='word_1_295' title='bbox 3360 1495 3552 1536; x_wconf 88' lang='lat' dir='ltr'><strong>omnes</strong></span> <span class='ocrx_word' id='word_1_296' title='bbox 3593 1494 3700 1550; x_wconf 51' lang='lat' dir='ltr'><strong>gev,</strong></span> 
     </span>
    </p>
   </div>
   <div class='ocr_carea' id='block_1_46' title="bbox 2117 1573 3688 1654">
    <p class='ocr_par' dir='ltr' id='par_1_46' title="bbox 2117 1573 3688 1654">
     <span class='ocr_line' id='line_1_46' title="bbox 2117 1573 3688 1654; baseline -0.009 -15"><span class='ocrx_word' id='word_1_297' title='bbox 2117 1594 2328 1640; x_wconf 87' lang='lat' dir='ltr'><strong>stantes</strong></span> <span class='ocrx_word' id='word_1_298' title='bbox 2380 1582 2561 1654; x_wconf 87' lang='lat' dir='ltr'><strong>ephod</strong></span> <span class='ocrx_word' id='word_1_299' title='bbox 2624 1582 2679 1637; x_wconf 93' lang='lat' dir='ltr'><strong>in</strong></span> <span class='ocrx_word' id='word_1_300' title='bbox 2738 1584 2860 1636; x_wconf 91' lang='lat' dir='ltr'><strong>loco</strong></span> <span class='ocrx_word' id='word_1_301' title='bbox 2900 1574 3452 1635; x_wconf 82' lang='lat' dir='ltr'><strong>venerandozsimul</strong></span> <span class='ocrx_word' id='word_1_302' title='bbox 3522 1573 3688 1628; x_wconf 88' lang='lat' dir='ltr'><strong>etiam</strong></span> 
     </span>
    </p>
   </div>
   <div class='ocr_carea' id='block_1_47' title="bbox 2119 1663 3689 1745">
    <p class='ocr_par' dir='ltr' id='par_1_47' title="bbox 2119 1663 3689 1745">
     <span class='ocr_line' id='line_1_47' title="bbox 2119 1663 3689 1745; baseline -0.01 -15"><span class='ocrx_word' id='word_1_303' title='bbox 2119 1682 2387 1745; x_wconf 81' lang='lat' dir='ltr'><strong>quotquot</strong></span> <span class='ocrx_word' id='word_1_304' title='bbox 2406 1673 2713 1744; x_wconf 82' lang='lat' dir='ltr'><strong>reperiebat</strong></span> <span class='ocrx_word' id='word_1_305' title='bbox 2736 1671 2887 1727; x_wconf 86' lang='lat' dir='ltr'><strong>urbis</strong></span> <span class='ocrx_word' id='word_1_306' title='bbox 2911 1670 3059 1735; x_wconf 86' lang='lat' dir='ltr'><strong>illius</strong></span> <span class='ocrx_word' id='word_1_307' title='bbox 3080 1665 3439 1722; x_wconf 82' lang='lat' dir='ltr'><strong>sacerdotalis</strong></span> <span class='ocrx_word' id='word_1_308' title='bbox 3459 1663 3689 1727; x_wconf 86' lang='lat' dir='ltr'><strong>incolas,</strong></span> 
     </span>
    </p>
   </div>
   <div class='ocr_carea' id='block_1_48' title="bbox 2119 1760 3195 1836">
    <p class='ocr_par' dir='ltr' id='par_1_48' title="bbox 2119 1760 3195 1836">
     <span class='ocr_line' id='line_1_48' title="bbox 2119 1760 3195 1836; baseline -0.008 -14"><span class='ocrx_word' id='word_1_309' title='bbox 2119 1766 2323 1823; x_wconf 87' lang='lat' dir='ltr'><strong>nemini</strong></span> <span class='ocrx_word' id='word_1_310' title='bbox 2351 1765 2629 1836; x_wconf 89' lang='lat' dir='ltr'><strong>parcendo</strong></span> <span class='ocrx_word' id='word_1_311' title='bbox 2657 1764 2851 1835; x_wconf 82' lang='lat' dir='ltr'><strong>gladiis</strong></span> <span class='ocrx_word' id='word_1_312' title='bbox 2879 1762 3114 1817; x_wconf 91' lang='lat' dir='ltr'><strong>trucidat</strong></span> <span class='ocrx_word' id='word_1_313' title='bbox 3132 1760 3195 1813; x_wconf 83' lang='lat'><strong>“.</strong></span> 
     </span>
    </p>
   </div>
   <div class='ocr_carea' id='block_1_49' title="bbox 2189 1851 3690 1929">
    <p class='ocr_par' dir='ltr' id='par_1_49' title="bbox 2189 1851 3690 1929">
     <span class='ocr_line' id='line_1_49' title="bbox 2189 1851 3690 1929; baseline -0.006 -16"><span class='ocrx_word' id='word_1_314' title='bbox 2189 1859 2357 1914; x_wconf 87' lang='lat' dir='ltr'><strong>David</strong></span> <span class='ocrx_word' id='word_1_315' title='bbox 2399 1874 2562 1929; x_wconf 90' lang='lat' dir='ltr'><strong>porro</strong></span> <span class='ocrx_word' id='word_1_316' title='bbox 2592 1873 2715 1913; x_wconf 91' lang='lat' dir='ltr'><strong>cum</strong></span> <span class='ocrx_word' id='word_1_317' title='bbox 2748 1856 2976 1927; x_wconf 81' lang='lat' dir='ltr'><strong>fugisset</strong></span> <span class='ocrx_word' id='word_1_318' title='bbox 3024 1854 3094 1909; x_wconf 89' lang='lat' dir='ltr'><strong>ad</strong></span> <span class='ocrx_word' id='word_1_319' title='bbox 3151 1851 3317 1908; x_wconf 77' lang='lat' dir='ltr'><strong>Achis</strong></span> <span class='ocrx_word' id='word_1_320' title='bbox 3367 1866 3552 1921; x_wconf 81' lang='lat' dir='ltr'><strong>regem</strong></span> <span class='ocrx_word' id='word_1_321' title='bbox 3602 1867 3690 1904; x_wconf 83' lang='lat' dir='ltr'><strong>re-</strong></span> 
     </span>
    </p>
   </div>
   <div class='ocr_carea' id='block_1_50' title="bbox 2120 1942 3674 2027">
    <p class='ocr_par' dir='ltr' id='par_1_50' title="bbox 2120 1942 3674 2027">
     <span class='ocr_line' id='line_1_50' title="bbox 2120 1942 3674 2027; baseline -0.008 -24"><span class='ocrx_word' id='word_1_322' title='bbox 2120 1950 2300 2027; x_wconf 87' lang='lat' dir='ltr'><strong>gionis</strong></span> <span class='ocrx_word' id='word_1_323' title='bbox 2326 1949 2447 2016; x_wconf 83' lang='lat' dir='ltr'><strong>Gel,</strong></span> <span class='ocrx_word' id='word_1_324' title='bbox 2493 1948 3202 2019; x_wconf 83' lang='lat' dir='ltr'><strong>alienigenam,quanquam</strong></span> <span class='ocrx_word' id='word_1_325' title='bbox 3227 1942 3333 1998; x_wconf 88' lang='lat' dir='ltr'><strong>sibi</strong></span> <span class='ocrx_word' id='word_1_326' title='bbox 3370 1950 3562 1996; x_wconf 89' lang='lat' dir='ltr'><strong>notum</strong></span> 
     </span>
    </p>
   </div>
   <div class='ocr_carea' id='block_1_51' title="bbox 2124 2036 3690 2110">
    <p class='ocr_par' dir='ltr' id='par_1_51' title="bbox 2124 2036 3690 2110">
     <span class='ocr_line' id='line_1_51' title="bbox 2124 2036 3690 2110; baseline -0.006 -15"><span class='ocrx_word' id='word_1_327' title='bbox 2124 2041 2453 2110; x_wconf 85' lang='lat' dir='ltr'><strong>timeretque</strong></span> <span class='ocrx_word' id='word_1_328' title='bbox 2535 2054 2602 2092; x_wconf 88' lang='lat' dir='ltr'><strong>ne</strong></span> <span class='ocrx_word' id='word_1_329' title='bbox 2685 2036 2819 2109; x_wconf 84' lang='lat' dir='ltr'><strong>quid</strong></span> <span class='ocrx_word' id='word_1_330' title='bbox 2885 2036 3317 2104; x_wconf 76' lang='lat' dir='ltr'><strong>inexspectatum</strong></span> <span class='ocrx_word' id='word_1_331' title='bbox 3391 2039 3690 2100; x_wconf 73' lang='lat' dir='ltr'><strong>pateretur.</strong></span> 
     </span>
    </p>
   </div>
   <div class='ocr_carea' id='block_1_52' title="bbox 2122 2119 3684 2201">
    <p class='ocr_par' dir='ltr' id='par_1_52' title="bbox 2122 2119 3684 2201">
     <span class='ocr_line' id='line_1_52' title="bbox 2122 2119 3684 2201; baseline -0.008 -16"><span class='ocrx_word' id='word_1_332' title='bbox 2122 2131 2420 2201; x_wconf 86' lang='lat' dir='ltr'><strong>prudenter</strong></span> <span class='ocrx_word' id='word_1_333' title='bbox 2445 2144 2504 2185; x_wconf 90' lang='lat' dir='ltr'><strong>sc</strong></span> <span class='ocrx_word' id='word_1_334' title='bbox 2531 2128 2881 2200; x_wconf 86' lang='lat' dir='ltr'><strong>epilepticum</strong></span> <span class='ocrx_word' id='word_1_335' title='bbox 2915 2125 3092 2193; x_wconf 83' lang='lat' dir='ltr'><strong>finxit,</strong></span> <span class='ocrx_word' id='word_1_336' title='bbox 3136 2123 3454 2193; x_wconf 83' lang='lat' dir='ltr'><strong>optimoque</strong></span> <span class='ocrx_word' id='word_1_337' title='bbox 3484 2119 3589 2173; x_wconf 84' lang='lat' dir='ltr'><strong>fine</strong></span> <span class='ocrx_word' id='word_1_338' title='bbox 3619 2134 3684 2173; x_wconf 84' lang='lat' dir='ltr'><strong>ac</strong></span> 
     </span>
    </p>
   </div>
   <div class='ocr_carea' id='block_1_53' title="bbox 2123 2206 3695 2297">
    <p class='ocr_par' dir='ltr' id='par_1_53' title="bbox 2123 2206 3695 2297">
     <span class='ocr_line' id='line_1_53' title="bbox 2123 2206 3695 2297; baseline -0.009 -22"><span class='ocrx_word' id='word_1_339' title='bbox 2123 2236 2291 2297; x_wconf 85' lang='lat' dir='ltr'><strong>scopo</strong></span> <span class='ocrx_word' id='word_1_340' title='bbox 2337 2229 2524 2275; x_wconf 90' lang='lat' dir='ltr'><strong>notum</strong></span> <span class='ocrx_word' id='word_1_341' title='bbox 2574 2234 2733 2274; x_wconf 85' lang='lat' dir='ltr'><strong>suum</strong></span> <span class='ocrx_word' id='word_1_342' title='bbox 2770 2216 2987 2272; x_wconf 77' lang='lat' dir='ltr'><strong>fefellit.</strong></span> <span class='ocrx_word' id='word_1_343' title='bbox 3011 2214 3184 2283; x_wconf 85' lang='lat' dir='ltr'><strong>Quam</strong></span> <span class='ocrx_word' id='word_1_344' title='bbox 3247 2211 3541 2277; x_wconf 83' lang='lat' dir='ltr'><strong>fallaciam,</strong></span> <span class='ocrx_word' id='word_1_345' title='bbox 3588 2206 3695 2262; x_wconf 85' lang='lat' dir='ltr'><strong>cal-</strong></span> 
     </span>
    </p>
   </div>
   <div class='ocr_carea' id='block_1_54' title="bbox 2121 2302 3695 2383">
    <p class='ocr_par' dir='ltr' id='par_1_54' title="bbox 2121 2302 3695 2383">
     <span class='ocr_line' id='line_1_54' title="bbox 2121 2302 3695 2383; baseline -0.013 -12"><span class='ocrx_word' id='word_1_346' title='bbox 2121 2316 2460 2371; x_wconf 84' lang='lat' dir='ltr'><strong>liditatemve</strong></span> <span class='ocrx_word' id='word_1_347' title='bbox 2503 2329 2628 2369; x_wconf 89' lang='lat' dir='ltr'><strong>cum</strong></span> <span class='ocrx_word' id='word_1_348' title='bbox 2687 2312 2951 2383; x_wconf 87' lang='lat' dir='ltr'><strong>toparcha</strong></span> <span class='ocrx_word' id='word_1_349' title='bbox 2981 2324 3093 2363; x_wconf 89' lang='lat' dir='ltr'><strong>non</strong></span> <span class='ocrx_word' id='word_1_350' title='bbox 3140 2304 3491 2374; x_wconf 87' lang='lat' dir='ltr'><strong>intelligeret,</strong></span> <span class='ocrx_word' id='word_1_351' title='bbox 3518 2302 3695 2370; x_wconf 86' lang='lat' dir='ltr'><strong>ipsum</strong></span> 
     </span>
    </p>
   </div>
   <div class='ocr_carea' id='block_1_55' title="bbox 2124 2389 3684 2477">
    <p class='ocr_par' dir='ltr' id='par_1_55' title="bbox 2124 2389 3684 2477">
     <span class='ocr_line' id='line_1_55' title="bbox 2124 2389 3684 2477; baseline -0.015 -13"><span class='ocrx_word' id='word_1_352' title='bbox 2124 2407 2360 2477; x_wconf 69' lang='lat' dir='ltr'><strong>expulit,</strong></span> <span class='ocrx_word' id='word_1_353' title='bbox 2389 2405 2826 2474; x_wconf 87' lang='lat' dir='ltr'><strong>domesticosque</strong></span> <span class='ocrx_word' id='word_1_354' title='bbox 2847 2418 2946 2473; x_wconf 86' lang='lat' dir='ltr'><strong>pro</strong></span> <span class='ocrx_word' id='word_1_355' title='bbox 2970 2398 3156 2456; x_wconf 86' lang='lat' dir='ltr'><strong>stultis</strong></span> <span class='ocrx_word' id='word_1_356' title='bbox 3186 2391 3566 2467; x_wconf 87' lang='lat' dir='ltr'><strong>reprehendit,</strong></span> <span class='ocrx_word' id='word_1_357' title='bbox 3595 2389 3684 2459; x_wconf 85' lang='lat' dir='ltr'><strong>qui</strong></span> 
     </span>
    </p>
   </div>
   <div class='ocr_carea' id='block_1_56' title="bbox 2124 2481 3692 2555">
    <p class='ocr_par' dir='ltr' id='par_1_56' title="bbox 2124 2481 3692 2555">
     <span class='ocr_line' id='line_1_56' title="bbox 2124 2481 3692 2555; baseline -0.012 0"><span class='ocrx_word' id='word_1_358' title='bbox 2124 2499 2405 2555; x_wconf 88' lang='lat' dir='ltr'><strong>hominem</strong></span> <span class='ocrx_word' id='word_1_359' title='bbox 2444 2497 2695 2552; x_wconf 84' lang='lat' dir='ltr'><strong>insanum</strong></span> <span class='ocrx_word' id='word_1_360' title='bbox 2728 2494 2793 2549; x_wconf 90' lang='lat' dir='ltr'><strong>ad</strong></span> <span class='ocrx_word' id='word_1_361' title='bbox 2828 2508 2888 2550; x_wconf 87' lang='lat' dir='ltr'><strong>se</strong></span> <span class='ocrx_word' id='word_1_362' title='bbox 2935 2488 3390 2549; x_wconf 79' lang='lat' dir='ltr'><strong>introduxissent.</strong></span> <span class='ocrx_word' id='word_1_363' title='bbox 3419 2484 3551 2538; x_wconf 86' lang='lat' dir='ltr'><strong>lude</strong></span> <span class='ocrx_word' id='word_1_364' title='bbox 3584 2481 3692 2537; x_wconf 82' lang='lat' dir='ltr'><strong>sal-</strong></span> 
     </span>
    </p>
   </div>
   <div class='ocr_carea' id='block_1_57' title="bbox 2126 2576 3695 2661">
    <p class='ocr_par' dir='ltr' id='par_1_57' title="bbox 2126 2576 3695 2661">
     <span class='ocr_line' id='line_1_57' title="bbox 2126 2576 3695 2661; baseline -0.011 -15"><span class='ocrx_word' id='word_1_365' title='bbox 2126 2608 2226 2648; x_wconf 87' lang='lat' dir='ltr'><strong>vus</strong></span> <span class='ocrx_word' id='word_1_366' title='bbox 2254 2591 2322 2646; x_wconf 88' lang='lat' dir='ltr'><strong>ad</strong></span> <span class='ocrx_word' id='word_1_367' title='bbox 2347 2590 2662 2661; x_wconf 86' lang='lat' dir='ltr'><strong>speluncam</strong></span> <span class='ocrx_word' id='word_1_368' title='bbox 2691 2586 2939 2643; x_wconf 88' lang='lat' dir='ltr'><strong>Odollam</strong></span> <span class='ocrx_word' id='word_1_369' title='bbox 2971 2582 3244 2654; x_wconf 87' lang='lat' dir='ltr'><strong>pervenit.</strong></span> <span class='ocrx_word' id='word_1_370' title='bbox 3295 2579 3399 2634; x_wconf 88' lang='lat' dir='ltr'><strong>Ubi</strong></span> <span class='ocrx_word' id='word_1_371' title='bbox 3429 2578 3507 2632; x_wconf 88' lang='lat' dir='ltr'><strong>sic</strong></span> <span class='ocrx_word' id='word_1_372' title='bbox 3543 2576 3695 2632; x_wconf 82' lang='lat' dir='ltr'><strong>brevi</strong></span> 
     </span>
    </p>
   </div>
   <div class='ocr_carea' id='block_1_58' title="bbox 2127 2670 3698 2752">
    <p class='ocr_par' dir='ltr' id='par_1_58' title="bbox 2127 2670 3698 2752">
     <span class='ocr_line' id='line_1_58' title="bbox 2127 2670 3698 2752; baseline -0.011 -13"><span class='ocrx_word' id='word_1_373' title='bbox 2127 2700 2349 2739; x_wconf 89' lang='lat' dir='ltr'><strong>manum</strong></span> <span class='ocrx_word' id='word_1_374' title='bbox 2388 2693 2612 2752; x_wconf 88' lang='lat' dir='ltr'><strong>parvam</strong></span> <span class='ocrx_word' id='word_1_375' title='bbox 2663 2678 2907 2750; x_wconf 86' lang='lat' dir='ltr'><strong>collegit,</strong></span> <span class='ocrx_word' id='word_1_376' title='bbox 2947 2677 3071 2732; x_wconf 89' lang='lat' dir='ltr'><strong>aliis</strong></span> <span class='ocrx_word' id='word_1_377' title='bbox 3122 2672 3345 2731; x_wconf 87' lang='lat' dir='ltr'><strong>aliunde</strong></span> <span class='ocrx_word' id='word_1_378' title='bbox 3380 2670 3447 2725; x_wconf 91' lang='lat' dir='ltr'><strong>ad</strong></span> <span class='ocrx_word' id='word_1_379' title='bbox 3479 2685 3605 2724; x_wconf 91' lang='lat' dir='ltr'><strong>cum</strong></span> <span class='ocrx_word' id='word_1_380' title='bbox 3638 2682 3698 2722; x_wconf 89' lang='lat' dir='ltr'><strong>se</strong></span> 
     </span>
    </p>
   </div>
   <div class='ocr_carea' id='block_1_59' title="bbox 2127 2765 3714 2846">
    <p class='ocr_par' dir='ltr' id='par_1_59' title="bbox 2127 2765 3714 2846">
     <span class='ocr_line' id='line_1_59' title="bbox 2127 2765 3714 2846; baseline -0.012 -16"><span class='ocrx_word' id='word_1_381' title='bbox 2127 2773 2572 2846; x_wconf 87' lang='lat' dir='ltr'><strong>adjungentibus,</strong></span> <span class='ocrx_word' id='word_1_382' title='bbox 2602 2769 2900 2840; x_wconf 85' lang='lat' dir='ltr'><strong>assumptis</strong></span> <span class='ocrx_word' id='word_1_383' title='bbox 2930 2769 3037 2822; x_wconf 89' lang='lat' dir='ltr'><strong>illis</strong></span> <span class='ocrx_word' id='word_1_384' title='bbox 3077 2765 3143 2821; x_wconf 88' lang='lat' dir='ltr'><strong>ad</strong></span> <span class='ocrx_word' id='word_1_385' title='bbox 3184 2765 3350 2819; x_wconf 83' lang='lat' dir='ltr'><strong>Achis</strong></span> <span class='ocrx_word' id='word_1_386' title='bbox 3401 2768 3585 2829; x_wconf 85' lang='lat' dir='ltr'><strong>mente</strong></span> <span class='ocrx_word' id='word_1_387' title='bbox 3609 2774 3714 2834; x_wconf 43' lang='lat' dir='ltr'><strong>sa;</strong></span> 
     </span>
    </p>
   </div>
   <div class='ocr_carea' id='block_1_60' title="bbox 2130 2852 3695 2937">
    <p class='ocr_par' dir='ltr' id='par_1_60' title="bbox 2130 2852 3695 2937">
     <span class='ocr_line' id='line_1_60' title="bbox 2130 2852 3695 2937; baseline -0.011 -14"><span class='ocrx_word' id='word_1_388' title='bbox 2130 2886 2198 2923; x_wconf 81' lang='lat' dir='ltr'><strong>nu</strong></span> <span class='ocrx_word' id='word_1_389' title='bbox 2238 2867 2481 2932; x_wconf 79' lang='lat' dir='ltr'><strong>revertit,</strong></span> <span class='ocrx_word' id='word_1_390' title='bbox 2504 2876 2561 2921; x_wconf 89' lang='lat' dir='ltr'><strong>et</strong></span> <span class='ocrx_word' id='word_1_391' title='bbox 2590 2864 2802 2937; x_wconf 84' lang='lat' dir='ltr'><strong>Sicelcg</strong></span> <span class='ocrx_word' id='word_1_392' title='bbox 2837 2879 2934 2933; x_wconf 85' lang='lat' dir='ltr'><strong>pro</strong></span> <span class='ocrx_word' id='word_1_393' title='bbox 2992 2876 3092 2927; x_wconf 83' lang='lat' dir='ltr'><strong>suo</strong></span> <span class='ocrx_word' id='word_1_394' title='bbox 3132 2859 3545 2925; x_wconf 82' lang='lat' dir='ltr'><strong>amicorumque</strong></span> <span class='ocrx_word' id='word_1_395' title='bbox 3593 2852 3695 2907; x_wconf 81' lang='lat' dir='ltr'><strong>do-</strong></span> 
     </span>
    </p>
   </div>
   <div class='ocr_carea' id='block_1_61' title="bbox 456 2945 2025 3048">
    <p class='ocr_par' dir='ltr' id='par_1_61' title="bbox 456 2951 2025 3022">
     <span class='ocr_line' id='line_1_61' title="bbox 456 2951 2025 3022; baseline -0.001 -16"><span class='ocrx_word' id='word_1_396' title='bbox 456 2969 552 3008; x_wconf 85' lang='lat' dir='ltr'><strong>rus</strong></span> <span class='ocrx_word' id='word_1_397' title='bbox 623 2952 915 3007; x_wconf 83' lang='lat' dir='ltr'><strong>Davidicus</strong></span> <span class='ocrx_word' id='word_1_398' title='bbox 968 2967 1076 3005; x_wconf 92' lang='lat' dir='ltr'><strong>non</strong></span> <span class='ocrx_word' id='word_1_399' title='bbox 1141 2952 1366 3022; x_wconf 89' lang='lat' dir='ltr'><strong>placuit.</strong></span> <span class='ocrx_word' id='word_1_400' title='bbox 1432 2951 1645 3006; x_wconf 89' lang='lat' dir='ltr'><strong>Placuit</strong></span> <span class='ocrx_word' id='word_1_401' title='bbox 1696 2959 1880 3006; x_wconf 90' lang='lat' dir='ltr'><strong>autem</strong></span> <span class='ocrx_word' id='word_1_402' title='bbox 1940 2966 2025 3007; x_wconf 89' lang='lat' dir='ltr'><strong>se-</strong></span> 
     </span>
    </p>
   </div>
   <div class='ocr_carea' id='block_1_62' title="bbox 2128 2945 3699 3048">
    <p class='ocr_par' dir='ltr' id='par_1_62' title="bbox 2133 2945 3699 3027">
     <span class='ocr_line' id='line_1_62' title="bbox 2133 2945 3699 3027; baseline -0.013 -10"><span class='ocrx_word' id='word_1_403' title='bbox 2133 2960 2339 3017; x_wconf 84' lang='lat' dir='ltr'><strong>tnicilio</strong></span> <span class='ocrx_word' id='word_1_404' title='bbox 2370 2961 2423 3014; x_wconf 92' lang='lat' dir='ltr'><strong>in</strong></span> <span class='ocrx_word' id='word_1_405' title='bbox 2460 2974 2686 3012; x_wconf 90' lang='lat' dir='ltr'><strong>munere</strong></span> <span class='ocrx_word' id='word_1_406' title='bbox 2750 2954 2971 3027; x_wconf 86' lang='lat' dir='ltr'><strong>accipit.</strong></span> <span class='ocrx_word' id='word_1_407' title='bbox 3023 2952 3261 3019; x_wconf 81' lang='lat' dir='ltr'><strong>Gerebat</strong></span> <span class='ocrx_word' id='word_1_408' title='bbox 3317 2960 3431 3007; x_wconf 87' lang='lat' dir='ltr'><strong>tum</strong></span> <span class='ocrx_word' id='word_1_409' title='bbox 3489 2945 3699 3003; x_wconf 84' lang='lat' dir='ltr'><strong>bellum</strong></span> 
     </span>
    </p>
   </div>
   <div class='ocr_carea' id='block_1_63' title="bbox 449 3041 2028 3114">
    <p class='ocr_par' dir='ltr' id='par_1_63' title="bbox 449 3041 2028 3114">
     <span class='ocr_line' id='line_1_63' title="bbox 449 3041 2028 3114; baseline -0.001 -16"><span class='ocrx_word' id='word_1_410' title='bbox 449 3043 664 3104; x_wconf 65' lang='lat' dir='ltr'><strong>euadat.</strong></span> <span class='ocrx_word' id='word_1_411' title='bbox 724 3041 922 3097; x_wconf 80' lang='lat' dir='ltr'><strong>Michol</strong></span> <span class='ocrx_word' id='word_1_412' title='bbox 981 3055 1198 3112; x_wconf 88' lang='lat' dir='ltr'><strong>nempe,</strong></span> <span class='ocrx_word' id='word_1_413' title='bbox 1267 3059 1389 3114; x_wconf 78' lang='lat' dir='ltr'><strong>qua:</strong></span> <span class='ocrx_word' id='word_1_414' title='bbox 1442 3042 1735 3113; x_wconf 87' lang='lat' dir='ltr'><strong>prudentia</strong></span> <span class='ocrx_word' id='word_1_415' title='bbox 1791 3043 2028 3099; x_wconf 76' lang='lat' dir='ltr'><strong>excelle-</strong></span> 
     </span>
    </p>
   </div>
   <div class='ocr_carea' id='block_1_64' title="bbox 450 3131 2026 3205">
    <p class='ocr_par' dir='ltr' id='par_1_64' title="bbox 450 3131 2026 3205">
     <span class='ocr_line' id='line_1_64' title="bbox 450 3131 2026 3205; baseline -0.002 -15"><span class='ocrx_word' id='word_1_416' title='bbox 450 3136 562 3190; x_wconf 87' lang='lat' dir='ltr'><strong>bat.</strong></span> <span class='ocrx_word' id='word_1_417' title='bbox 611 3133 763 3188; x_wconf 81' lang='lat' dir='ltr'><strong>lianc</strong></span> <span class='ocrx_word' id='word_1_418' title='bbox 804 3131 974 3187; x_wconf 87' lang='lat' dir='ltr'><strong>forma</strong></span> <span class='ocrx_word' id='word_1_419' title='bbox 1022 3140 1366 3201; x_wconf 74' lang='lat' dir='ltr'><strong>praestantem</strong></span> <span class='ocrx_word' id='word_1_420' title='bbox 1404 3131 1573 3186; x_wconf 90' lang='lat' dir='ltr'><strong>David</strong></span> <span class='ocrx_word' id='word_1_421' title='bbox 1609 3131 1713 3187; x_wconf 90' lang='lat' dir='ltr'><strong>sibi</strong></span> <span class='ocrx_word' id='word_1_422' title='bbox 1761 3132 2026 3205; x_wconf 82' lang='lat' dir='ltr'><strong>conjuga-</strong></span> 
     </span>
    </p>
   </div>
   <div class='ocr_carea' id='block_1_65' title="bbox 450 3222 2027 3295">
    <p class='ocr_par' dir='ltr' id='par_1_65' title="bbox 450 3222 2027 3295">
     <span class='ocr_line' id='line_1_65' title="bbox 450 3222 2027 3295; baseline -0.001 -15"><span class='ocrx_word' id='word_1_423' title='bbox 450 3225 548 3280; x_wconf 73' lang='lat' dir='ltr'><strong>vit.</strong></span> <span class='ocrx_word' id='word_1_424' title='bbox 579 3224 835 3279; x_wconf 77' lang='lat' dir='ltr'><strong>Mulieres</strong></span> <span class='ocrx_word' id='word_1_425' title='bbox 880 3222 1046 3294; x_wconf 83' lang='lat' dir='ltr'><strong>igitur</strong></span> <span class='ocrx_word' id='word_1_426' title='bbox 1085 3222 1282 3278; x_wconf 89' lang='lat' dir='ltr'><strong>hilaria</strong></span> <span class='ocrx_word' id='word_1_427' title='bbox 1333 3224 1654 3293; x_wconf 88' lang='lat' dir='ltr'><strong>nuptiarum</strong></span> <span class='ocrx_word' id='word_1_428' title='bbox 1707 3236 1898 3295; x_wconf 91' lang='lat' dir='ltr'><strong>agunt,</strong></span> <span class='ocrx_word' id='word_1_429' title='bbox 1929 3239 2027 3295; x_wconf 87' lang='lat' dir='ltr'><strong>pro</strong></span> 
     </span>
    </p>
   </div>
   <div class='ocr_carea' id='block_1_66' title="bbox 456 3313 2032 3385">
    <p class='ocr_par' dir='ltr' id='par_1_66' title="bbox 456 3313 2032 3385">
     <span class='ocr_line' id='line_1_66' title="bbox 456 3313 2032 3385; baseline -0.003 -15"><span class='ocrx_word' id='word_1_430' title='bbox 456 3333 606 3372; x_wconf 90' lang='lat' dir='ltr'><strong>more</strong></span> <span class='ocrx_word' id='word_1_431' title='bbox 634 3316 837 3371; x_wconf 85' lang='lat' dir='ltr'><strong>choros</strong></span> <span class='ocrx_word' id='word_1_432' title='bbox 882 3313 1114 3379; x_wconf 88' lang='lat' dir='ltr'><strong>ducunt,</strong></span> <span class='ocrx_word' id='word_1_433' title='bbox 1153 3313 1519 3379; x_wconf 89' lang='lat' dir='ltr'><strong>obiectantur,</strong></span> <span class='ocrx_word' id='word_1_434' title='bbox 1568 3314 1909 3385; x_wconf 82' lang='lat' dir='ltr'><strong>gratulantur</strong></span> <span class='ocrx_word' id='word_1_435' title='bbox 1937 3331 1950 3366; x_wconf 88' lang='lat'><strong>:</strong></span> <span class='ocrx_word' id='word_1_436' title='bbox 1975 3320 2032 3371; x_wconf 84' lang='lat' dir='ltr'><strong>et</strong></span> 
     </span>
    </p>
   </div>
   <div class='ocr_carea' id='block_1_67' title="bbox 453 3403 2029 3472">
    <p class='ocr_par' dir='ltr' id='par_1_67' title="bbox 453 3403 2029 3472">
     <span class='ocr_line' id='line_1_67' title="bbox 453 3403 2029 3472; baseline -0.004 -9"><span class='ocrx_word' id='word_1_437' title='bbox 453 3417 509 3463; x_wconf 84' lang='lat' dir='ltr'><strong>et</strong></span> <span class='ocrx_word' id='word_1_438' title='bbox 539 3424 662 3463; x_wconf 86' lang='lat' dir='ltr'><strong>cum</strong></span> <span class='ocrx_word' id='word_1_439' title='bbox 694 3404 909 3472; x_wconf 89' lang='lat' dir='ltr'><strong>Davidi,</strong></span> <span class='ocrx_word' id='word_1_440' title='bbox 931 3415 1043 3461; x_wconf 91' lang='lat' dir='ltr'><strong>tum</strong></span> <span class='ocrx_word' id='word_1_441' title='bbox 1072 3404 1237 3461; x_wconf 88' lang='lat' dir='ltr'><strong>Saulo</strong></span> <span class='ocrx_word' id='word_1_442' title='bbox 1265 3403 1506 3459; x_wconf 88' lang='lat' dir='ltr'><strong>carmina</strong></span> <span class='ocrx_word' id='word_1_443' title='bbox 1551 3403 1874 3459; x_wconf 84' lang='lat' dir='ltr'><strong>suavissime</strong></span> <span class='ocrx_word' id='word_1_444' title='bbox 1910 3418 2029 3456; x_wconf 89' lang='lat' dir='ltr'><strong>mo-</strong></span> 
     </span>
    </p>
   </div>
   <div class='ocr_carea' id='block_1_68' title="bbox 458 3494 2032 3557">
    <p class='ocr_par' dir='ltr' id='par_1_68' title="bbox 458 3494 2032 3557">
     <span class='ocr_line' id='line_1_68' title="bbox 458 3494 2032 3557; baseline -0.004 -1"><span class='ocrx_word' id='word_1_445' title='bbox 458 3502 721 3557; x_wconf 79' lang='lat' dir='ltr'><strong>dulantur</strong></span> <span class='ocrx_word' id='word_1_446' title='bbox 773 3500 827 3553; x_wconf 92' lang='lat' dir='ltr'><strong>in</strong></span> <span class='ocrx_word' id='word_1_447' title='bbox 882 3499 1027 3555; x_wconf 90' lang='lat' dir='ltr'><strong>hanc</strong></span> <span class='ocrx_word' id='word_1_448' title='bbox 1076 3498 1453 3552; x_wconf 88' lang='lat' dir='ltr'><strong>sententiam:</strong></span> <span class='ocrx_word' id='word_1_449' title='bbox 1492 3515 1509 3547; x_wconf 81' lang='grc' dir='ltr'><strong>ι</strong></span> <span class='ocrx_word' id='word_1_450' title='bbox 1561 3495 1845 3550; x_wconf 90' lang='lat' dir='ltr'><strong>Percussit</strong></span> <span class='ocrx_word' id='word_1_451' title='bbox 1903 3494 2032 3549; x_wconf 88' lang='lat' dir='ltr'><strong>Sani</strong></span> 
     </span>
    </p>
   </div>
   <div class='ocr_carea' id='block_1_69' title="bbox 459 3581 2031 3657">
    <p class='ocr_par' dir='ltr' id='par_1_69' title="bbox 459 3581 2031 3657">
     <span class='ocr_line' id='line_1_69' title="bbox 459 3581 2031 3657; baseline -0.006 -9"><span class='ocrx_word' id='word_1_452' title='bbox 459 3594 629 3657; x_wconf 83' lang='lat' dir='ltr'><strong>mille,</strong></span> <span class='ocrx_word' id='word_1_453' title='bbox 654 3600 710 3645; x_wconf 93' lang='lat' dir='ltr'><strong>ct</strong></span> <span class='ocrx_word' id='word_1_454' title='bbox 737 3588 907 3643; x_wconf 88' lang='lat' dir='ltr'><strong>David</strong></span> <span class='ocrx_word' id='word_1_455' title='bbox 934 3590 1126 3644; x_wconf 88' lang='lat' dir='ltr'><strong>decem</strong></span> <span class='ocrx_word' id='word_1_456' title='bbox 1159 3588 1328 3642; x_wconf 87' lang='lat' dir='ltr'><strong>millia</strong></span> <span class='ocrx_word' id='word_1_457' title='bbox 1352 3588 1418 3641; x_wconf 78' lang='lat'><strong>&quot;.</strong></span> <span class='ocrx_word' id='word_1_458' title='bbox 1463 3605 1481 3638; x_wconf 74' lang='grc' dir='ltr'><strong>ι</strong></span> <span class='ocrx_word' id='word_1_459' title='bbox 1536 3586 1690 3651; x_wconf 83' lang='lat' dir='ltr'><strong>Quod</strong></span> <span class='ocrx_word' id='word_1_460' title='bbox 1746 3582 1839 3639; x_wconf 89' lang='lat' dir='ltr'><strong>ubi</strong></span> <span class='ocrx_word' id='word_1_461' title='bbox 1903 3581 2031 3640; x_wconf 89' lang='lat' dir='ltr'><strong>Saul</strong></span> 
     </span>
    </p>
   </div>
   <div class='ocr_carea' id='block_1_70' title="bbox 458 3679 2032 3747">
    <p class='ocr_par' dir='ltr' id='par_1_70' title="bbox 458 3679 2032 3747">
     <span class='ocr_line' id='line_1_70' title="bbox 458 3679 2032 3747; baseline -0.004 -7"><span class='ocrx_word' id='word_1_462' title='bbox 458 3682 927 3747; x_wconf 86' lang='lat' dir='ltr'><strong>audivit,invidit,</strong></span> <span class='ocrx_word' id='word_1_463' title='bbox 952 3693 1006 3736; x_wconf 90' lang='lat' dir='ltr'><strong>et</strong></span> <span class='ocrx_word' id='word_1_464' title='bbox 1038 3682 1375 3746; x_wconf 89' lang='lat' dir='ltr'><strong>succensuit,</strong></span> <span class='ocrx_word' id='word_1_465' title='bbox 1416 3691 1473 3736; x_wconf 91' lang='lat' dir='ltr'><strong>et</strong></span> <span class='ocrx_word' id='word_1_466' title='bbox 1516 3679 1724 3744; x_wconf 89' lang='lat' dir='ltr'><strong>furere,</strong></span> <span class='ocrx_word' id='word_1_467' title='bbox 1765 3679 2032 3734; x_wconf 89' lang='lat' dir='ltr'><strong>cruciari-</strong></span> 
     </span>
    </p>
   </div>
   <div class='ocr_carea' id='block_1_71' title="bbox 458 3769 2031 3845">
    <p class='ocr_par' dir='ltr' id='par_1_71' title="bbox 458 3769 2031 3845">
     <span class='ocr_line' id='line_1_71' title="bbox 458 3769 2031 3845; baseline -0.001 -18"><span class='ocrx_word' id='word_1_468' title='bbox 458 3790 564 3845; x_wconf 87' lang='lat' dir='ltr'><strong>que</strong></span> <span class='ocrx_word' id='word_1_469' title='bbox 589 3774 794 3842; x_wconf 70' lang='lat' dir='ltr'><strong>cmpit:</strong></span> <span class='ocrx_word' id='word_1_470' title='bbox 833 3791 850 3822; x_wconf 73' lang='grc' dir='ltr'><strong>ι</strong></span> <span class='ocrx_word' id='word_1_471' title='bbox 882 3772 1032 3834; x_wconf 81' lang='lat' dir='ltr'><strong>Mihi,</strong></span> <span class='ocrx_word' id='word_1_472' title='bbox 1062 3772 1261 3840; x_wconf 88' lang='lat' dir='ltr'><strong>inquit,</strong></span> <span class='ocrx_word' id='word_1_473' title='bbox 1289 3771 1438 3825; x_wconf 88' lang='lat' dir='ltr'><strong>mille</strong></span> <span class='ocrx_word' id='word_1_474' title='bbox 1484 3769 1779 3833; x_wconf 89' lang='lat' dir='ltr'><strong>dederunt,</strong></span> <span class='ocrx_word' id='word_1_475' title='bbox 1820 3779 1876 3825; x_wconf 89' lang='lat' dir='ltr'><strong>et</strong></span> <span class='ocrx_word' id='word_1_476' title='bbox 1920 3770 2031 3825; x_wconf 90' lang='lat' dir='ltr'><strong>lilio</strong></span> 
     </span>
    </p>
   </div>
   <div class='ocr_carea' id='block_1_72' title="bbox 460 3859 2028 3933">
    <p class='ocr_par' dir='ltr' id='par_1_72' title="bbox 460 3859 2028 3933">
     <span class='ocr_line' id='line_1_72' title="bbox 460 3859 2028 3933; baseline -0.003 -11"><span class='ocrx_word' id='word_1_477' title='bbox 460 3867 561 3923; x_wconf 87' lang='lat' dir='ltr'><strong>lsai</strong></span> <span class='ocrx_word' id='word_1_478' title='bbox 589 3864 776 3920; x_wconf 90' lang='lat' dir='ltr'><strong>decem</strong></span> <span class='ocrx_word' id='word_1_479' title='bbox 808 3863 975 3918; x_wconf 79' lang='lat' dir='ltr'><strong>millia</strong></span> <span class='ocrx_word' id='word_1_480' title='bbox 1005 3863 1070 3916; x_wconf 68' lang='grc' dir='ltr'><strong>θ’.</strong></span> <span class='ocrx_word' id='word_1_481' title='bbox 1123 3862 1204 3916; x_wconf 75' lang='lat' dir='ltr'><strong>Ex</strong></span> <span class='ocrx_word' id='word_1_482' title='bbox 1232 3877 1298 3918; x_wconf 90' lang='lat' dir='ltr'><strong>eo</strong></span> <span class='ocrx_word' id='word_1_483' title='bbox 1332 3860 1565 3917; x_wconf 88' lang='lat' dir='ltr'><strong>sollicite</strong></span> <span class='ocrx_word' id='word_1_484' title='bbox 1599 3859 1669 3917; x_wconf 90' lang='lat' dir='ltr'><strong>de</strong></span> <span class='ocrx_word' id='word_1_485' title='bbox 1701 3876 1904 3933; x_wconf 88' lang='lat' dir='ltr'><strong>genero</strong></span> <span class='ocrx_word' id='word_1_486' title='bbox 1931 3878 2028 3918; x_wconf 85' lang='lat' dir='ltr'><strong>oc—</strong></span> 
     </span>
    </p>
   </div>
   <div class='ocr_carea' id='block_1_73' title="bbox 461 3948 2030 4021">
    <p class='ocr_par' dir='ltr' id='par_1_73' title="bbox 461 3948 2030 4021">
     <span class='ocr_line' id='line_1_73' title="bbox 461 3948 2030 4021; baseline -0.003 -11"><span class='ocrx_word' id='word_1_487' title='bbox 461 3953 696 4010; x_wconf 84' lang='lat' dir='ltr'><strong>cidendo</strong></span> <span class='ocrx_word' id='word_1_488' title='bbox 741 3948 929 4007; x_wconf 86' lang='lat' dir='ltr'><strong>secum</strong></span> <span class='ocrx_word' id='word_1_489' title='bbox 978 3950 1255 4021; x_wconf 87' lang='lat' dir='ltr'><strong>cogitavit.</strong></span> <span class='ocrx_word' id='word_1_490' title='bbox 1278 3949 1335 4005; x_wconf 86' lang='lat' dir='ltr'><strong>id</strong></span> <span class='ocrx_word' id='word_1_491' title='bbox 1373 3949 1467 4004; x_wconf 90' lang='lat' dir='ltr'><strong>ubi</strong></span> <span class='ocrx_word' id='word_1_492' title='bbox 1496 3949 1738 4018; x_wconf 79' lang='lat' dir='ltr'><strong>rescivit,</strong></span> <span class='ocrx_word' id='word_1_493' title='bbox 1767 3953 1853 4006; x_wconf 90' lang='lat' dir='ltr'><strong>cui</strong></span> <span class='ocrx_word' id='word_1_494' title='bbox 1889 3952 2030 4006; x_wconf 88' lang='lat' dir='ltr'><strong>invi-</strong></span> 
     </span>
    </p>
   </div>
   <div class='ocr_carea' id='block_1_74' title="bbox 463 4037 2031 4110">
    <p class='ocr_par' dir='ltr' id='par_1_74' title="bbox 463 4037 2031 4110">
     <span class='ocr_line' id='line_1_74' title="bbox 463 4037 2031 4110; baseline -0.002 -13"><span class='ocrx_word' id='word_1_495' title='bbox 463 4044 716 4107; x_wconf 87' lang='lat' dir='ltr'><strong>debatur,</strong></span> <span class='ocrx_word' id='word_1_496' title='bbox 749 4042 866 4097; x_wconf 90' lang='lat' dir='ltr'><strong>sine</strong></span> <span class='ocrx_word' id='word_1_497' title='bbox 897 4056 1049 4095; x_wconf 88' lang='lat' dir='ltr'><strong>mora</strong></span> <span class='ocrx_word' id='word_1_498' title='bbox 1074 4039 1308 4110; x_wconf 85' lang='lat' dir='ltr'><strong>fugiens,</strong></span> <span class='ocrx_word' id='word_1_499' title='bbox 1332 4039 1398 4093; x_wconf 90' lang='lat' dir='ltr'><strong>ad</strong></span> <span class='ocrx_word' id='word_1_500' title='bbox 1430 4037 1784 4094; x_wconf 86' lang='lat' dir='ltr'><strong>Achimelech</strong></span> <span class='ocrx_word' id='word_1_501' title='bbox 1819 4054 2031 4105; x_wconf 90' lang='lat' dir='ltr'><strong>senem,</strong></span> 
     </span>
    </p>
   </div>
   <div class='ocr_carea' id='block_1_75' title="bbox 462 4118 2034 4203">
    <p class='ocr_par' dir='ltr' id='par_1_75' title="bbox 462 4118 2034 4203">
     <span class='ocr_line' id='line_1_75' title="bbox 462 4118 2034 4203; baseline -0.003 -11"><span class='ocrx_word' id='word_1_502' title='bbox 462 4148 518 4192; x_wconf 90' lang='lat' dir='ltr'><strong>ct</strong></span> <span class='ocrx_word' id='word_1_503' title='bbox 543 4134 884 4190; x_wconf 90' lang='lat' dir='ltr'><strong>sacerdotem</strong></span> <span class='ocrx_word' id='word_1_504' title='bbox 916 4133 1088 4197; x_wconf 87' lang='lat' dir='ltr'><strong>venit,</strong></span> <span class='ocrx_word' id='word_1_505' title='bbox 1111 4147 1281 4203; x_wconf 88' lang='lat' dir='ltr'><strong>panes</strong></span> <span class='ocrx_word' id='word_1_506' title='bbox 1311 4132 1703 4203; x_wconf 87' lang='lat' dir='ltr'><strong>propositionis</strong></span> <span class='ocrx_word' id='word_1_507' title='bbox 1735 4118 2034 4189; x_wconf 75' lang='lat' dir='ltr'><strong>neCessita-</strong></span> 
     </span>
    </p>
   </div>
   <div class='ocr_carea' id='block_1_76' title="bbox 466 4224 2030 4296">
    <p class='ocr_par' dir='ltr' id='par_1_76' title="bbox 466 4224 2030 4296">
     <span class='ocr_line' id='line_1_76' title="bbox 466 4224 2030 4296; baseline 0.002 -14"><span class='ocrx_word' id='word_1_508' title='bbox 466 4238 518 4282; x_wconf 88' lang='lat' dir='ltr'><strong>te</strong></span> <span class='ocrx_word' id='word_1_509' title='bbox 543 4226 772 4281; x_wconf 88' lang='lat' dir='ltr'><strong>adactus</strong></span> <span class='ocrx_word' id='word_1_510' title='bbox 809 4225 1048 4281; x_wconf 88' lang='lat' dir='ltr'><strong>comedit</strong></span> <span class='ocrx_word' id='word_1_511' title='bbox 1093 4234 1428 4294; x_wconf 73' lang='lat' dir='ltr'><strong>acceptoque</strong></span> <span class='ocrx_word' id='word_1_512' title='bbox 1476 4224 1656 4296; x_wconf 88' lang='lat' dir='ltr'><strong>gladio</strong></span> <span class='ocrx_word' id='word_1_513' title='bbox 1706 4228 1831 4283; x_wconf 89' lang='lat' dir='ltr'><strong>inde</strong></span> <span class='ocrx_word' id='word_1_514' title='bbox 1876 4229 2030 4285; x_wconf 90' lang='lat' dir='ltr'><strong>abiit.</strong></span> 
     </span>
    </p>
   </div>
   <div class='ocr_carea' id='block_1_77' title="bbox 2135 3038 3703 3120">
    <p class='ocr_par' dir='ltr' id='par_1_77' title="bbox 2135 3038 3703 3120">
     <span class='ocr_line' id='line_1_77' title="bbox 2135 3038 3703 3120; baseline -0.014 -10"><span class='ocrx_word' id='word_1_515' title='bbox 2135 3053 2319 3119; x_wconf 80' lang='lat' dir='ltr'><strong>Achis,</strong></span> <span class='ocrx_word' id='word_1_516' title='bbox 2375 3066 2536 3120; x_wconf 89' lang='lat' dir='ltr'><strong>quem</strong></span> <span class='ocrx_word' id='word_1_517' title='bbox 2589 3057 2783 3103; x_wconf 88' lang='lat' dir='ltr'><strong>contra</strong></span> <span class='ocrx_word' id='word_1_518' title='bbox 2814 3047 3037 3101; x_wconf 81' lang='lat' dir='ltr'><strong>‘hostes</strong></span> <span class='ocrx_word' id='word_1_519' title='bbox 3091 3042 3333 3117; x_wconf 82' lang='lat' dir='ltr'><strong>juvenis,</strong></span> <span class='ocrx_word' id='word_1_520' title='bbox 3383 3049 3440 3095; x_wconf 89' lang='lat' dir='ltr'><strong>et</strong></span> <span class='ocrx_word' id='word_1_521' title='bbox 3503 3038 3703 3106; x_wconf 79' lang='lat' dir='ltr'><strong>hoSpes</strong></span> 
     </span>
    </p>
   </div>
   <div class='ocr_carea' id='block_1_78' title="bbox 2132 3133 3701 3213">
    <p class='ocr_par' dir='ltr' id='par_1_78' title="bbox 2132 3133 3701 3213">
     <span class='ocr_line' id='line_1_78' title="bbox 2132 3133 3701 3213; baseline -0.012 -13"><span class='ocrx_word' id='word_1_522' title='bbox 2132 3144 2305 3200; x_wconf 89' lang='lat' dir='ltr'><strong>David</strong></span> <span class='ocrx_word' id='word_1_523' title='bbox 2367 3140 2682 3213; x_wconf 82' lang='lat' dir='ltr'><strong>adjuvabat.</strong></span> <span class='ocrx_word' id='word_1_524' title='bbox 2735 3138 3001 3193; x_wconf 86' lang='lat' dir='ltr'><strong>Triduum</strong></span> <span class='ocrx_word' id='word_1_525' title='bbox 3072 3133 3431 3207; x_wconf 71' lang='lat' dir='ltr'><strong>praeterierat,</strong></span> <span class='ocrx_word' id='word_1_526' title='bbox 3470 3145 3538 3184; x_wconf 76' lang='lat' dir='ltr'><strong>ex</strong></span> <span class='ocrx_word' id='word_1_527' title='bbox 3587 3141 3701 3197; x_wconf 88' lang='lat' dir='ltr'><strong>quo</strong></span> 
     </span>
    </p>
   </div>
   <div class='ocr_carea' id='block_1_79' title="bbox 2132 3220 3702 3295">
    <p class='ocr_par' dir='ltr' id='par_1_79' title="bbox 2132 3220 3702 3295">
     <span class='ocr_line' id='line_1_79' title="bbox 2132 3220 3702 3295; baseline -0.013 -1"><span class='ocrx_word' id='word_1_528' title='bbox 2132 3237 2301 3294; x_wconf 89' lang='lat' dir='ltr'><strong>David</strong></span> <span class='ocrx_word' id='word_1_529' title='bbox 2336 3234 2607 3291; x_wconf 89' lang='lat' dir='ltr'><strong>abfuerat.</strong></span> <span class='ocrx_word' id='word_1_530' title='bbox 2643 3232 2861 3288; x_wconf 87' lang='lat' dir='ltr'><strong>Interea</strong></span> <span class='ocrx_word' id='word_1_531' title='bbox 2891 3228 3204 3284; x_wconf 69' lang='lat' dir='ltr'><strong>Amalecita:</strong></span> <span class='ocrx_word' id='word_1_532' title='bbox 3254 3225 3466 3295; x_wconf 84' lang='lat' dir='ltr'><strong>Siceleg</strong></span> <span class='ocrx_word' id='word_1_533' title='bbox 3506 3220 3702 3279; x_wconf 86' lang='lat' dir='ltr'><strong>urbem</strong></span> 
     </span>
    </p>
   </div>
   <div class='ocr_carea' id='block_1_80' title="bbox 2133 3314 3706 3391">
    <p class='ocr_par' dir='ltr' id='par_1_80' title="bbox 2133 3314 3706 3391">
     <span class='ocr_line' id='line_1_80' title="bbox 2133 3314 3706 3391; baseline -0.015 -5"><span class='ocrx_word' id='word_1_534' title='bbox 2133 3326 2642 3391; x_wconf 86' lang='lat' dir='ltr'><strong>circumdederant;</strong></span> <span class='ocrx_word' id='word_1_535' title='bbox 2691 3331 2749 3377; x_wconf 92' lang='lat' dir='ltr'><strong>et</strong></span> <span class='ocrx_word' id='word_1_536' title='bbox 2803 3321 3060 3391; x_wconf 86' lang='lat' dir='ltr'><strong>quoniam</strong></span> <span class='ocrx_word' id='word_1_537' title='bbox 3138 3314 3522 3373; x_wconf 86' lang='lat' dir='ltr'><strong>defensoribus</strong></span> <span class='ocrx_word' id='word_1_538' title='bbox 3590 3321 3706 3364; x_wconf 90' lang='lat' dir='ltr'><strong>tum</strong></span> 
     </span>
    </p>
   </div>
   <div class='ocr_carea' id='block_1_81' title="bbox 2134 3402 3702 3485">
    <p class='ocr_par' dir='ltr' id='par_1_81' title="bbox 2134 3402 3702 3485">
     <span class='ocr_line' id='line_1_81' title="bbox 2134 3402 3702 3485; baseline -0.013 -9"><span class='ocrx_word' id='word_1_539' title='bbox 2134 3419 2380 3485; x_wconf 84' lang='lat' dir='ltr'><strong>carebat,</strong></span> <span class='ocrx_word' id='word_1_540' title='bbox 2403 3418 2539 3472; x_wconf 87' lang='lat' dir='ltr'><strong>citra</strong></span> <span class='ocrx_word' id='word_1_541' title='bbox 2570 3414 2815 3469; x_wconf 87' lang='lat' dir='ltr'><strong>laborem</strong></span> <span class='ocrx_word' id='word_1_542' title='bbox 2848 3416 3204 3481; x_wconf 87' lang='lat' dir='ltr'><strong>occuparant,</strong></span> <span class='ocrx_word' id='word_1_543' title='bbox 3224 3406 3519 3479; x_wconf 79' lang='lat' dir='ltr'><strong>omniaque</strong></span> <span class='ocrx_word' id='word_1_544' title='bbox 3563 3402 3702 3459; x_wconf 83' lang='lat' dir='ltr'><strong>diri-</strong></span> 
     </span>
    </p>
   </div>
   <div class='ocr_carea' id='block_1_82' title="bbox 2137 3493 3706 3584">
    <p class='ocr_par' dir='ltr' id='par_1_82' title="bbox 2137 3493 3706 3584">
     <span class='ocr_line' id='line_1_82' title="bbox 2137 3493 3706 3584; baseline -0.013 -19"><span class='ocrx_word' id='word_1_545' title='bbox 2137 3516 2391 3584; x_wconf 88' lang='lat' dir='ltr'><strong>puerant,</strong></span> <span class='ocrx_word' id='word_1_546' title='bbox 2415 3494 2687 3575; x_wconf 87' lang='lat' dir='ltr'><strong>simulque</strong></span> <span class='ocrx_word' id='word_1_547' title='bbox 2716 3502 2996 3564; x_wconf 86' lang='lat' dir='ltr'><strong>mulieres,</strong></span> <span class='ocrx_word' id='word_1_548' title='bbox 3030 3514 3256 3572; x_wconf 89' lang='lat' dir='ltr'><strong>pueros,</strong></span> <span class='ocrx_word' id='word_1_549' title='bbox 3280 3498 3511 3567; x_wconf 85' lang='lat' dir='ltr'><strong>puellas,</strong></span> <span class='ocrx_word' id='word_1_550' title='bbox 3532 3493 3706 3562; x_wconf 77' lang='lat' dir='ltr'><strong>virgi-</strong></span> 
     </span>
    </p>
   </div>
   <div class='ocr_carea' id='block_1_83' title="bbox 2136 3588 3710 3657">
    <p class='ocr_par' dir='ltr' id='par_1_83' title="bbox 2136 3588 3710 3657">
     <span class='ocr_line' id='line_1_83' title="bbox 2136 3588 3710 3657; baseline -0.011 0"><span class='ocrx_word' id='word_1_551' title='bbox 2136 3615 2236 3657; x_wconf 86' lang='lat' dir='ltr'><strong>nes</strong></span> <span class='ocrx_word' id='word_1_552' title='bbox 2268 3598 2324 3653; x_wconf 88' lang='lat' dir='ltr'><strong>in</strong></span> <span class='ocrx_word' id='word_1_553' title='bbox 2373 3597 2694 3655; x_wconf 86' lang='lat' dir='ltr'><strong>servitutem</strong></span> <span class='ocrx_word' id='word_1_554' title='bbox 2754 3593 3117 3657; x_wconf 85' lang='lat' dir='ltr'><strong>abduxerant,</strong></span> <span class='ocrx_word' id='word_1_555' title='bbox 3163 3598 3218 3646; x_wconf 90' lang='lat' dir='ltr'><strong>et</strong></span> <span class='ocrx_word' id='word_1_556' title='bbox 3263 3588 3396 3645; x_wconf 87' lang='lat' dir='ltr'><strong>viris</strong></span> <span class='ocrx_word' id='word_1_557' title='bbox 3440 3591 3710 3657; x_wconf 78' lang='lat' dir='ltr'><strong>quotquot</strong></span> 
     </span>
    </p>
   </div>
   <div class='ocr_carea' id='block_1_84' title="bbox 2136 3677 3706 3756">
    <p class='ocr_par' dir='ltr' id='par_1_84' title="bbox 2136 3677 3706 3756">
     <span class='ocr_line' id='line_1_84' title="bbox 2136 3677 3706 3756; baseline -0.009 -11"><span class='ocrx_word' id='word_1_558' title='bbox 2136 3678 2352 3746; x_wconf 83' lang='lat' dir='ltr'><strong>inerant</strong></span> <span class='ocrx_word' id='word_1_559' title='bbox 2400 3686 2621 3752; x_wconf 84' lang='lat' dir='ltr'><strong>occisis,</strong></span> <span class='ocrx_word' id='word_1_560' title='bbox 2651 3684 2912 3756; x_wconf 82' lang='lat' dir='ltr'><strong>Oppidum</strong></span> <span class='ocrx_word' id='word_1_561' title='bbox 2952 3681 3208 3736; x_wconf 89' lang='lat' dir='ltr'><strong>incendio</strong></span> <span class='ocrx_word' id='word_1_562' title='bbox 3243 3677 3706 3750; x_wconf 73' lang='lat' dir='ltr'><strong>disperdiderunt.</strong></span> 
     </span>
    </p>
   </div>
   <div class='ocr_carea' id='block_1_85' title="bbox 2138 3764 3705 3841">
    <p class='ocr_par' dir='ltr' id='par_1_85' title="bbox 2138 3764 3705 3841">
     <span class='ocr_line' id='line_1_85' title="bbox 2138 3764 3705 3841; baseline -0.012 -6"><span class='ocrx_word' id='word_1_563' title='bbox 2138 3764 2402 3835; x_wconf 18' lang='lat' dir='ltr'><strong>Pervenit.</strong></span> <span class='ocrx_word' id='word_1_564' title='bbox 2423 3774 2490 3830; x_wconf 88' lang='lat' dir='ltr'><strong>ad</strong></span> <span class='ocrx_word' id='word_1_565' title='bbox 2516 3790 2679 3830; x_wconf 89' lang='lat' dir='ltr'><strong>aures</strong></span> <span class='ocrx_word' id='word_1_566' title='bbox 2718 3772 2888 3827; x_wconf 86' lang='lat' dir='ltr'><strong>David</strong></span> <span class='ocrx_word' id='word_1_567' title='bbox 2921 3769 3353 3841; x_wconf 87' lang='lat' dir='ltr'><strong>Sicelcgcnsium</strong></span> <span class='ocrx_word' id='word_1_568' title='bbox 3380 3766 3664 3821; x_wconf 89' lang='lat' dir='ltr'><strong>calamitas</strong></span> <span class='ocrx_word' id='word_1_569' title='bbox 3689 3781 3705 3830; x_wconf 88' lang='lat'><strong>;</strong></span> 
     </span>
    </p>
   </div>
   <div class='ocr_carea' id='block_1_86' title="bbox 2138 3864 3706 3943">
    <p class='ocr_par' dir='ltr' id='par_1_86' title="bbox 2138 3864 3706 3943">
     <span class='ocr_line' id='line_1_86' title="bbox 2138 3864 3706 3943; baseline -0.012 -16"><span class='ocrx_word' id='word_1_570' title='bbox 2138 3871 2494 3943; x_wconf 88' lang='lat' dir='ltr'><strong>perturbatus</strong></span> <span class='ocrx_word' id='word_1_571' title='bbox 2532 3877 2612 3925; x_wconf 90' lang='lat' dir='ltr'><strong>est</strong></span> <span class='ocrx_word' id='word_1_572' title='bbox 2637 3866 2920 3931; x_wconf 89' lang='lat' dir='ltr'><strong>auimo,ut</strong></span> <span class='ocrx_word' id='word_1_573' title='bbox 2951 3864 3176 3933; x_wconf 85' lang='lat' dir='ltr'><strong>heroem</strong></span> <span class='ocrx_word' id='word_1_574' title='bbox 3213 3870 3426 3919; x_wconf 84' lang='lat' dir='ltr'><strong>tantum</strong></span> <span class='ocrx_word' id='word_1_575' title='bbox 3487 3870 3706 3933; x_wconf 79' lang='lat' dir='ltr'><strong>pertur-</strong></span> 
     </span>
    </p>
   </div>
   <div class='ocr_carea' id='block_1_87' title="bbox 2138 3940 3713 4023">
    <p class='ocr_par' dir='ltr' id='par_1_87' title="bbox 2138 3940 3713 4023">
     <span class='ocr_line' id='line_1_87' title="bbox 2138 3940 3713 4023; baseline -0.011 -6"><span class='ocrx_word' id='word_1_576' title='bbox 2138 3940 2257 4017; x_wconf 86' lang='lat' dir='ltr'><strong>bari</strong></span> <span class='ocrx_word' id='word_1_577' title='bbox 2288 3950 2670 4023; x_wconf 87' lang='lat' dir='ltr'><strong>conveniebat,</strong></span> <span class='ocrx_word' id='word_1_578' title='bbox 2690 3964 2815 4013; x_wconf 89' lang='lat' dir='ltr'><strong>cum</strong></span> <span class='ocrx_word' id='word_1_579' title='bbox 2866 3971 3059 4011; x_wconf 90' lang='lat' dir='ltr'><strong>omnes</strong></span> <span class='ocrx_word' id='word_1_580' title='bbox 3117 3952 3389 4017; x_wconf 75' lang='lat' dir='ltr'><strong>hostiliter</strong></span> <span class='ocrx_word' id='word_1_581' title='bbox 3451 3940 3713 4002; x_wconf 80' lang='lat' dir='ltr'><strong>tractatos</strong></span> 
     </span>
    </p>
   </div>
   <div class='ocr_carea' id='block_1_88' title="bbox 2138 4041 3707 4123">
    <p class='ocr_par' dir='ltr' id='par_1_88' title="bbox 2138 4041 3707 4123">
     <span class='ocr_line' id='line_1_88' title="bbox 2138 4041 3707 4123; baseline -0.012 -13"><span class='ocrx_word' id='word_1_582' title='bbox 2138 4062 2395 4111; x_wconf 88' lang='lat' dir='ltr'><strong>cerneret</strong></span> <span class='ocrx_word' id='word_1_583' title='bbox 2421 4071 2435 4107; x_wconf 89' lang='lat'><strong>:</strong></span> <span class='ocrx_word' id='word_1_584' title='bbox 2466 4060 2889 4123; x_wconf 84' lang='lat' dir='ltr'><strong>commotusque</strong></span> <span class='ocrx_word' id='word_1_585' title='bbox 2923 4058 2981 4104; x_wconf 91' lang='lat' dir='ltr'><strong>et</strong></span> <span class='ocrx_word' id='word_1_586' title='bbox 3033 4046 3425 4115; x_wconf 75' lang='lat' dir='ltr'><strong>inﬂammatus,</strong></span> <span class='ocrx_word' id='word_1_587' title='bbox 3450 4041 3707 4119; x_wconf 76' lang='lat' dir='ltr'><strong>Abiatha-</strong></span> 
     </span>
    </p>
   </div>
   <div class='ocr_carea' id='block_1_89' title="bbox 2138 4130 3709 4223">
    <p class='ocr_par' dir='ltr' id='par_1_89' title="bbox 2138 4130 3709 4223">
     <span class='ocr_line' id='line_1_89' title="bbox 2138 4130 3709 4223; baseline -0.013 -19"><span class='ocrx_word' id='word_1_588' title='bbox 2138 4130 2283 4223; x_wconf 67' lang='lat' dir='ltr'><strong>rum,</strong></span> <span class='ocrx_word' id='word_1_589' title='bbox 2331 4146 2425 4216; x_wconf 90' lang='lat' dir='ltr'><strong>qui</strong></span> <span class='ocrx_word' id='word_1_590' title='bbox 2481 4138 2773 4201; x_wconf 86' lang='lat' dir='ltr'><strong>sacerdotii</strong></span> <span class='ocrx_word' id='word_1_591' title='bbox 2830 4141 3138 4215; x_wconf 86' lang='lat' dir='ltr'><strong>principatu</strong></span> <span class='ocrx_word' id='word_1_592' title='bbox 3170 4148 3227 4193; x_wconf 90' lang='lat' dir='ltr'><strong>et</strong></span> <span class='ocrx_word' id='word_1_593' title='bbox 3277 4151 3476 4206; x_wconf 85' lang='lat' dir='ltr'><strong>genere</strong></span> <span class='ocrx_word' id='word_1_594' title='bbox 3530 4132 3709 4187; x_wconf 84' lang='lat' dir='ltr'><strong>clarus</strong></span> 
     </span>
    </p>
   </div>
   <div class='ocr_carea' id='block_1_90' title="bbox 2137 4222 3708 4315">
    <p class='ocr_par' dir='ltr' id='par_1_90' title="bbox 2137 4222 3708 4315">
     <span class='ocr_line' id='line_1_90' title="bbox 2137 4222 3708 4315; baseline -0.014 -21"><span class='ocrx_word' id='word_1_595' title='bbox 2137 4248 2277 4315; x_wconf 87' lang='lat' dir='ltr'><strong>erat,</strong></span> <span class='ocrx_word' id='word_1_596' title='bbox 2302 4234 2728 4315; x_wconf 17' lang='lat' dir='ltr'><strong>sacrum‘cphod</strong></span> <span class='ocrx_word' id='word_1_597' title='bbox 2762 4233 3034 4304; x_wconf 88' lang='lat' dir='ltr'><strong>applicare</strong></span> <span class='ocrx_word' id='word_1_598' title='bbox 3068 4228 3255 4286; x_wconf 85' lang='lat' dir='ltr'><strong>statim</strong></span> <span class='ocrx_word' id='word_1_599' title='bbox 3283 4226 3466 4298; x_wconf 83' lang='lat' dir='ltr'><strong>jussit.</strong></span> <span class='ocrx_word' id='word_1_600' title='bbox 3494 4231 3554 4276; x_wconf 91' lang='lat' dir='ltr'><strong>ut</strong></span> <span class='ocrx_word' id='word_1_601' title='bbox 3576 4222 3708 4315; x_wconf 80' lang='lat' dir='ltr'><strong>illuc</strong></span> 
     </span>
    </p>
   </div>
   <div class='ocr_carea' id='block_1_91' title="bbox 467 4308 3706 4407">
    <p class='ocr_par' dir='ltr' id='par_1_91' title="bbox 467 4308 3706 4407">
     <span class='ocr_line' id='line_1_91' title="bbox 467 4308 3706 4407; baseline -0.009 -19"><span class='ocrx_word' id='word_1_602' title='bbox 467 4317 665 4372; x_wconf 51' lang='lat' dir='ltr'><strong>Aderat</strong></span> <span class='ocrx_word' id='word_1_603' title='bbox 692 4324 807 4370; x_wconf 64' lang='grc' dir='ltr'><strong>ωειλ</strong></span> <span class='ocrx_word' id='word_1_604' title='bbox 844 4316 992 4386; x_wconf 68' lang='grc' dir='ltr'><strong>θοοὸ</strong></span> <span class='ocrx_word' id='word_1_605' title='bbox 1020 4314 1415 4387; x_wconf 61' lang='grc' dir='ltr'><strong>δῖτυεοδθυιίδ</strong></span> <span class='ocrx_word' id='word_1_606' title='bbox 1445 4327 1725 4384; x_wconf 63' lang='grc' dir='ltr'><strong>Ραδῐοτυιη</strong></span> <span class='ocrx_word' id='word_1_607' title='bbox 1763 4320 2034 4390; x_wconf 74' lang='grc' dir='ltr'><strong>Ροῐθηιῖε’</strong></span> <span class='ocrx_word' id='word_1_608' title='bbox 2071 4350 2115 4407; x_wconf 68' lang='grc' dir='ltr'>ι)</span> <span class='ocrx_word' id='word_1_609' title='bbox 2140 4312 2339 4386; x_wconf 86' lang='lat' dir='ltr'><strong>eventu</strong></span> <span class='ocrx_word' id='word_1_610' title='bbox 2402 4308 2644 4398; x_wconf 83' lang='lat' dir='ltr'><strong>cognito,</strong></span> <span class='ocrx_word' id='word_1_611' title='bbox 2692 4324 2747 4378; x_wconf 91' lang='lat' dir='ltr'><strong>iu</strong></span> <span class='ocrx_word' id='word_1_612' title='bbox 2792 4323 2980 4378; x_wconf 86' lang='lat' dir='ltr'><strong>hostes</strong></span> <span class='ocrx_word' id='word_1_613' title='bbox 3036 4316 3380 4389; x_wconf 85' lang='lat' dir='ltr'><strong>procederet.</strong></span> <span class='ocrx_word' id='word_1_614' title='bbox 3423 4308 3706 4406; x_wconf 70' lang='lat' dir='ltr'><strong>Cognovit,</strong></span> 
     </span>
    </p>
   </div>
   <div class='ocr_carea' id='block_1_92' title="bbox 465 4405 2035 4480">
    <p class='ocr_par' dir='ltr' id='par_1_92' title="bbox 465 4405 2035 4480">
     <span class='ocr_line' id='line_1_92' title="bbox 465 4405 2035 4480; baseline 0.004 -17"><span class='ocrx_word' id='word_1_615' title='bbox 465 4408 656 4463; x_wconf 85' lang='lat' dir='ltr'><strong>simus.</strong></span> <span class='ocrx_word' id='word_1_616' title='bbox 680 4405 849 4461; x_wconf 86' lang='lat' dir='ltr'><strong>David</strong></span> <span class='ocrx_word' id='word_1_617' title='bbox 890 4405 1181 4476; x_wconf 85' lang='lat' dir='ltr'><strong>fugitivum</strong></span> <span class='ocrx_word' id='word_1_618' title='bbox 1224 4407 1423 4470; x_wconf 89' lang='lat' dir='ltr'><strong>cernit,</strong></span> <span class='ocrx_word' id='word_1_619' title='bbox 1441 4406 1508 4462; x_wconf 91' lang='lat' dir='ltr'><strong>ad</strong></span> <span class='ocrx_word' id='word_1_620' title='bbox 1569 4408 1785 4465; x_wconf 88' lang='lat' dir='ltr'><strong>Saulem</strong></span> <span class='ocrx_word' id='word_1_621' title='bbox 1837 4415 2035 4480; x_wconf 91' lang='lat' dir='ltr'><strong>currit,</strong></span> 
     </span>
    </p>
   </div>
   <div class='ocr_carea' id='block_1_93' title="bbox 464 4500 2036 4572">
    <p class='ocr_par' dir='ltr' id='par_1_93' title="bbox 464 4500 2036 4572">
     <span class='ocr_line' id='line_1_93' title="bbox 464 4500 2036 4572; baseline 0.003 -14"><span class='ocrx_word' id='word_1_622' title='bbox 464 4503 649 4559; x_wconf 88' lang='lat' dir='ltr'><strong>omnia</strong></span> <span class='ocrx_word' id='word_1_623' title='bbox 692 4503 989 4566; x_wconf 90' lang='lat' dir='ltr'><strong>renuntiat,</strong></span> <span class='ocrx_word' id='word_1_624' title='bbox 1014 4500 1198 4556; x_wconf 90' lang='lat' dir='ltr'><strong>omnia</strong></span> <span class='ocrx_word' id='word_1_625' title='bbox 1233 4502 1462 4564; x_wconf 89' lang='lat' dir='ltr'><strong>revelat,</strong></span> <span class='ocrx_word' id='word_1_626' title='bbox 1497 4501 1565 4557; x_wconf 90' lang='lat' dir='ltr'><strong>de</strong></span> <span class='ocrx_word' id='word_1_627' title='bbox 1594 4504 1935 4572; x_wconf 82' lang='lat' dir='ltr'><strong>Abimeleeh,</strong></span> <span class='ocrx_word' id='word_1_628' title='bbox 1967 4509 2036 4563; x_wconf 91' lang='lat' dir='ltr'><strong>de</strong></span> 
     </span>
    </p>
   </div>
   <div class='ocr_carea' id='block_1_94' title="bbox 539 4638 1575 4711">
    <p class='ocr_par' dir='ltr' id='par_1_94' title="bbox 539 4638 1575 4711">
     <span class='ocr_line' id='line_1_94' title="bbox 539 4638 1575 4711; baseline -0.004 -15"><span class='ocrx_word' id='word_1_629' title='bbox 539 4642 581 4674; x_wconf 80' lang='grc'><strong>³¹</strong></span> <span class='ocrx_word' id='word_1_630' title='bbox 636 4641 658 4696; x_wconf 87' lang='lat'>1</span> <span class='ocrx_word' id='word_1_631' title='bbox 715 4640 847 4711; x_wconf 80' lang='lat' dir='ltr'><strong>Reg.</strong></span> <span class='ocrx_word' id='word_1_632' title='bbox 905 4655 1058 4705; x_wconf 82' lang='lat' dir='ltr'><strong>xvm,</strong></span> <span class='ocrx_word' id='word_1_633' title='bbox 1108 4639 1162 4692; x_wconf 90' lang='lat'><strong>7.</strong></span> <span class='ocrx_word' id='word_1_634' title='bbox 1235 4639 1279 4670; x_wconf 80' lang='grc'><strong>³³</strong></span> <span class='ocrx_word' id='word_1_635' title='bbox 1328 4638 1466 4694; x_wconf 85' lang='lat' dir='ltr'><strong>Ibid.</strong></span> <span class='ocrx_word' id='word_1_636' title='bbox 1521 4638 1575 4693; x_wconf 90' lang='lat'><strong>8.</strong></span> 
     </span>
    </p>
   </div>
   <div class='ocr_carea' id='block_1_95' title="bbox 2142 4394 3710 4489">
    <p class='ocr_par' dir='ltr' id='par_1_95' title="bbox 2142 4394 3710 4489">
     <span class='ocr_line' id='line_1_95' title="bbox 2142 4394 3710 4489; baseline -0.015 -15"><span class='ocrx_word' id='word_1_637' title='bbox 2142 4432 2347 4489; x_wconf 88' lang='lat' dir='ltr'><strong>eosque</strong></span> <span class='ocrx_word' id='word_1_638' title='bbox 2410 4394 2495 4472; x_wconf 45' lang='lat' dir='ltr'><strong>ad‘</strong></span> <span class='ocrx_word' id='word_1_639' title='bbox 2544 4423 2843 4472; x_wconf 88' lang='lat' dir='ltr'><strong>torrentem</strong></span> <span class='ocrx_word' id='word_1_640' title='bbox 2897 4412 3061 4465; x_wconf 88' lang='lat' dir='ltr'><strong>Bcsor</strong></span> <span class='ocrx_word' id='word_1_641' title='bbox 3110 4413 3433 4478; x_wconf 88' lang='lat' dir='ltr'><strong>persecutus</strong></span> <span class='ocrx_word' id='word_1_642' title='bbox 3463 4408 3568 4465; x_wconf 90' lang='lat' dir='ltr'><strong>est,</strong></span> <span class='ocrx_word' id='word_1_643' title='bbox 3617 4394 3710 4451; x_wconf 87' lang='lat' dir='ltr'><strong>ubi</strong></span> 
     </span>
    </p>
   </div>
   <div class='ocr_carea' id='block_1_96' title="bbox 2146 4488 3706 4582">
    <p class='ocr_par' dir='ltr' id='par_1_96' title="bbox 2146 4488 3706 4582">
     <span class='ocr_line' id='line_1_96' title="bbox 2146 4488 3706 4582; baseline -0.015 -16"><span class='ocrx_word' id='word_1_644' title='bbox 2146 4488 2559 4582; x_wconf 83' lang='lat' dir='ltr'><strong>impedimentis</strong></span> <span class='ocrx_word' id='word_1_645' title='bbox 2613 4496 2845 4571; x_wconf 80' lang='lat' dir='ltr'><strong>relictis,</strong></span> <span class='ocrx_word' id='word_1_646' title='bbox 2870 4513 2923 4558; x_wconf 88' lang='lat' dir='ltr'><strong>ct</strong></span> <span class='ocrx_word' id='word_1_647' title='bbox 2951 4501 3016 4557; x_wconf 91' lang='lat' dir='ltr'><strong>ad</strong></span> <span class='ocrx_word' id='word_1_648' title='bbox 3058 4516 3122 4555; x_wconf 89' lang='lat' dir='ltr'><strong>ca</strong></span> <span class='ocrx_word' id='word_1_649' title='bbox 3160 4492 3518 4554; x_wconf 87' lang='lat' dir='ltr'><strong>custodienda</strong></span> <span class='ocrx_word' id='word_1_650' title='bbox 3564 4488 3706 4544; x_wconf 86' lang='lat' dir='ltr'><strong>mili-</strong></span> 
     </span>
    </p>
   </div>
   <div class='ocr_carea' id='block_1_97' title="bbox 1933 4753 2207 4816">
    <p class='ocr_par' dir='ltr' id='par_1_97' title="bbox 1933 4753 2207 4816">
     <span class='ocr_line' id='line_1_97' title="bbox 1933 4753 2207 4816; baseline 0.007 -2"><span class='ocrx_word' id='word_1_651' title='bbox 1933 4753 2207 4816; x_wconf 82' lang='lat' dir='ltr'><strong>Scholia.</strong></span> 
     </span>
    </p>
   </div>
   <div class='ocr_carea' id='block_1_98' title="bbox 539 4875 2037 4949">
    <p class='ocr_par' dir='ltr' id='par_1_98' title="bbox 539 4875 2037 4949">
     <span class='ocr_line' id='line_1_98' title="bbox 539 4875 2037 4949; baseline 0 -17"><span class='ocrx_word' id='word_1_652' title='bbox 539 4886 553 4899; x_wconf 85' lang='lat'><strong><em>&#39;</em></strong></span> <span class='ocrx_word' id='word_1_653' title='bbox 581 4877 874 4949; x_wconf 66' lang='lat' dir='ltr'><strong>lChrysost.</strong></span> <span class='ocrx_word' id='word_1_654' title='bbox 929 4875 987 4931; x_wconf 86' lang='lat' dir='ltr'><strong>Si</strong></span> <span class='ocrx_word' id='word_1_655' title='bbox 1011 4878 1184 4949; x_wconf 66' lang='lat' dir='ltr'><strong>uirtus</strong></span> <span class='ocrx_word' id='word_1_656' title='bbox 1221 4878 1376 4949; x_wconf 70' lang='lat' dir='ltr'><strong>absit,</strong></span> <span class='ocrx_word' id='word_1_657' title='bbox 1410 4875 1575 4949; x_wconf 64' lang='lat' dir='ltr'><strong>nulla</strong></span> <span class='ocrx_word' id='word_1_658' title='bbox 1610 4886 1683 4929; x_wconf 84' lang='lat' dir='ltr'><strong>est</strong></span> <span class='ocrx_word' id='word_1_659' title='bbox 1729 4882 1779 4949; x_wconf 76' lang='lat' dir='ltr'><strong>in</strong></span> <span class='ocrx_word' id='word_1_660' title='bbox 1806 4879 2037 4949; x_wconf 80' lang='lat' dir='ltr'><strong>corporis</strong></span> 
     </span>
    </p>
   </div>
   <div class='ocr_carea' id='block_1_99' title="bbox 469 4945 2033 5019">
    <p class='ocr_par' dir='ltr' id='par_1_99' title="bbox 469 4945 2033 5019">
     <span class='ocr_line' id='line_1_99' title="bbox 469 4945 2033 5019; baseline -0.004 -14"><span class='ocrx_word' id='word_1_661' title='bbox 469 4945 856 5019; x_wconf 68' lang='lat' dir='ltr'><strong>compositione,</strong></span> <span class='ocrx_word' id='word_1_662' title='bbox 882 4955 929 5019; x_wconf 77' lang='lat' dir='ltr'><strong>et</strong></span> <span class='ocrx_word' id='word_1_663' title='bbox 970 4946 1162 5000; x_wconf 79' lang='lat' dir='ltr'><strong>uiribus</strong></span> <span class='ocrx_word' id='word_1_664' title='bbox 1208 4947 1435 5019; x_wconf 71' lang='lat' dir='ltr'><strong>utilitas.</strong></span> <span class='ocrx_word' id='word_1_665' title='bbox 1460 4945 1671 5019; x_wconf 78' lang='lat' dir='ltr'><strong>Goliam</strong></span> <span class='ocrx_word' id='word_1_666' title='bbox 1713 4945 2033 5017; x_wconf 71' lang='lat' dir='ltr'><strong>alienigena,</strong></span> 
     </span>
    </p>
   </div>
   <div class='ocr_carea' id='block_1_100' title="bbox 470 5017 2033 5088">
    <p class='ocr_par' dir='ltr' id='par_1_100' title="bbox 470 5017 2033 5088">
     <span class='ocr_line' id='line_1_100' title="bbox 470 5017 2033 5088; baseline -0.003 -15"><span class='ocrx_word' id='word_1_667' title='bbox 470 5032 518 5073; x_wconf 79' lang='lat' dir='ltr'><strong>et</strong></span> <span class='ocrx_word' id='word_1_668' title='bbox 549 5017 703 5076; x_wconf 58' lang='lat' dir='ltr'><strong>Simul.</strong></span> <span class='ocrx_word' id='word_1_669' title='bbox 721 5017 918 5071; x_wconf 78' lang='lat' dir='ltr'><strong>robusti</strong></span> <span class='ocrx_word' id='word_1_670' title='bbox 946 5024 1098 5069; x_wconf 81' lang='lat' dir='ltr'><strong>erant</strong></span> <span class='ocrx_word' id='word_1_671' title='bbox 1126 5032 1145 5088; x_wconf 87' lang='lat'><strong>:_</strong></span> <span class='ocrx_word' id='word_1_672' title='bbox 1169 5018 1259 5069; x_wconf 82' lang='lat' dir='ltr'><strong>sed</strong></span> <span class='ocrx_word' id='word_1_673' title='bbox 1279 5017 1530 5088; x_wconf 82' lang='lat' dir='ltr'><strong>quoniam</strong></span> <span class='ocrx_word' id='word_1_674' title='bbox 1554 5018 1744 5070; x_wconf 77' lang='lat' dir='ltr'><strong>virtute</strong></span> <span class='ocrx_word' id='word_1_675' title='bbox 1762 5021 2033 5081; x_wconf 86' lang='lat' dir='ltr'><strong>carebant,</strong></span> 
     </span>
    </p>
   </div>
   <div class='ocr_carea' id='block_1_101' title="bbox 471 5085 1886 5157">
    <p class='ocr_par' dir='ltr' id='par_1_101' title="bbox 471 5085 1886 5157">
     <span class='ocr_line' id='line_1_101' title="bbox 471 5085 1886 5157; baseline -0.001 -15"><span class='ocrx_word' id='word_1_676' title='bbox 471 5089 603 5143; x_wconf 69' lang='lat' dir='ltr'><strong>nihil</strong></span> <span class='ocrx_word' id='word_1_677' title='bbox 628 5089 734 5141; x_wconf 87' lang='lat' dir='ltr'><strong>illis</strong></span> <span class='ocrx_word' id='word_1_678' title='bbox 761 5102 1010 5157; x_wconf 84' lang='lat' dir='ltr'><strong>corporea</strong></span> <span class='ocrx_word' id='word_1_679' title='bbox 1039 5085 1199 5139; x_wconf 83' lang='lat' dir='ltr'><strong>moles</strong></span> <span class='ocrx_word' id='word_1_680' title='bbox 1233 5085 1492 5156; x_wconf 77' lang='lat' dir='ltr'><strong>roburque</strong></span> <span class='ocrx_word' id='word_1_681' title='bbox 1521 5088 1886 5140; x_wconf 65' lang='lat' dir='ltr'><strong>commodavit.</strong></span> 
     </span>
    </p>
   </div>
   <div class='ocr_carea' id='block_1_102' title="bbox 546 5157 2040 5225">
    <p class='ocr_par' dir='ltr' id='par_1_102' title="bbox 546 5157 2040 5225">
     <span class='ocr_line' id='line_1_102' title="bbox 546 5157 2040 5225; baseline -0.001 -12"><span class='ocrx_word' id='word_1_682' title='bbox 546 5165 587 5184; x_wconf 84' lang='lat'><strong>&quot;</strong></span> <span class='ocrx_word' id='word_1_683' title='bbox 634 5158 828 5213; x_wconf 78' lang='lat' dir='ltr'><strong>Isidor.</strong></span> <span class='ocrx_word' id='word_1_684' title='bbox 886 5157 1087 5210; x_wconf 84' lang='lat' dir='ltr'><strong>Eadem</strong></span> <span class='ocrx_word' id='word_1_685' title='bbox 1137 5166 1351 5225; x_wconf 86' lang='lat' dir='ltr'><strong>peccata</strong></span> <span class='ocrx_word' id='word_1_686' title='bbox 1399 5165 1447 5208; x_wconf 75' lang='lat' dir='ltr'><strong>et</strong></span> <span class='ocrx_word' id='word_1_687' title='bbox 1495 5168 1709 5224; x_wconf 80' lang='lat' dir='ltr'><strong>propter</strong></span> <span class='ocrx_word' id='word_1_688' title='bbox 1767 5164 1963 5223; x_wconf 84' lang='lat' dir='ltr'><strong>locum,</strong></span> <span class='ocrx_word' id='word_1_689' title='bbox 1992 5168 2040 5212; x_wconf 86' lang='lat' dir='ltr'><strong>et</strong></span> 
     </span>
    </p>
   </div>
   <div class='ocr_carea' id='block_1_103' title="bbox 472 5226 2041 5297">
    <p class='ocr_par' dir='ltr' id='par_1_103' title="bbox 472 5226 2041 5297">
     <span class='ocr_line' id='line_1_103' title="bbox 472 5226 2041 5297; baseline 0.002 -19"><span class='ocrx_word' id='word_1_690' title='bbox 472 5242 687 5296; x_wconf 71' lang='lat' dir='ltr'><strong>propter</strong></span> <span class='ocrx_word' id='word_1_691' title='bbox 711 5236 913 5297; x_wconf 81' lang='lat' dir='ltr'><strong>tempus</strong></span> <span class='ocrx_word' id='word_1_692' title='bbox 946 5228 1189 5297; x_wconf 82' lang='lat' dir='ltr'><strong>grauiora</strong></span> <span class='ocrx_word' id='word_1_693' title='bbox 1212 5226 1368 5297; x_wconf 75' lang='lat' dir='ltr'><strong>ﬁunt.</strong></span> <span class='ocrx_word' id='word_1_694' title='bbox 1395 5226 1637 5296; x_wconf 72' lang='lat' dir='ltr'><strong>Exempli</strong></span> <span class='ocrx_word' id='word_1_695' title='bbox 1658 5243 1842 5288; x_wconf 87' lang='lat' dir='ltr'><strong>causa,</strong></span> <span class='ocrx_word' id='word_1_696' title='bbox 1878 5229 2041 5282; x_wconf 66' lang='lat' dir='ltr'><strong>credes</strong></span> 
     </span>
    </p>
   </div>
   <div class='ocr_carea' id='block_1_104' title="bbox 473 5296 2040 5366">
    <p class='ocr_par' dir='ltr' id='par_1_104' title="bbox 473 5296 2040 5366">
     <span class='ocr_line' id='line_1_104' title="bbox 473 5296 2040 5366; baseline 0 -17"><span class='ocrx_word' id='word_1_697' title='bbox 473 5313 631 5366; x_wconf 74' lang='lat' dir='ltr'><strong>grave</strong></span> <span class='ocrx_word' id='word_1_698' title='bbox 650 5297 818 5350; x_wconf 81' lang='lat' dir='ltr'><strong>scelus</strong></span> <span class='ocrx_word' id='word_1_699' title='bbox 840 5304 915 5348; x_wconf 82' lang='lat' dir='ltr'><strong>est</strong></span> <span class='ocrx_word' id='word_1_700' title='bbox 939 5309 1090 5366; x_wconf 79' lang='lat' dir='ltr'><strong>:qute</strong></span> <span class='ocrx_word' id='word_1_701' title='bbox 1108 5297 1151 5348; x_wconf 86' lang='lat' dir='ltr'><strong>si</strong></span> <span class='ocrx_word' id='word_1_702' title='bbox 1176 5296 1229 5346; x_wconf 86' lang='lat' dir='ltr'><strong>in</strong></span> <span class='ocrx_word' id='word_1_703' title='bbox 1253 5296 1363 5349; x_wconf 86' lang='lat' dir='ltr'><strong>loco</strong></span> <span class='ocrx_word' id='word_1_704' title='bbox 1383 5312 1534 5349; x_wconf 83' lang='lat' dir='ltr'><strong>sacro</strong></span> <span class='ocrx_word' id='word_1_705' title='bbox 1554 5298 1831 5350; x_wconf 71' lang='lat' dir='ltr'><strong>commissa</strong></span> <span class='ocrx_word' id='word_1_706' title='bbox 1862 5298 2040 5365; x_wconf 76' lang='lat' dir='ltr'><strong>fuerit,</strong></span> 
     </span>
    </p>
   </div>
   <div class='ocr_carea' id='block_1_105' title="bbox 476 5365 2040 5435">
    <p class='ocr_par' dir='ltr' id='par_1_105' title="bbox 476 5365 2040 5435">
     <span class='ocr_line' id='line_1_105' title="bbox 476 5365 2040 5435; baseline 0 -16"><span class='ocrx_word' id='word_1_707' title='bbox 476 5365 712 5435; x_wconf 70' lang='lat' dir='ltr'><strong>redditur</strong></span> <span class='ocrx_word' id='word_1_708' title='bbox 760 5365 1105 5435; x_wconf 62' lang='lat' dir='ltr'><strong>sceleratior;</strong></span> <span class='ocrx_word' id='word_1_709' title='bbox 1131 5366 1268 5433; x_wconf 83' lang='lat' dir='ltr'><strong>quod</strong></span> <span class='ocrx_word' id='word_1_710' title='bbox 1314 5366 1359 5418; x_wconf 90' lang='lat' dir='ltr'><strong>si</strong></span> <span class='ocrx_word' id='word_1_711' title='bbox 1408 5366 1566 5419; x_wconf 87' lang='lat' dir='ltr'><strong>etiam</strong></span> <span class='ocrx_word' id='word_1_712' title='bbox 1596 5382 1746 5418; x_wconf 81' lang='lat' dir='ltr'><strong>sacro</strong></span> <span class='ocrx_word' id='word_1_713' title='bbox 1789 5376 2040 5435; x_wconf 83' lang='lat' dir='ltr'><strong>tempore,</strong></span> 
     </span>
    </p>
   </div>
   <div class='ocr_carea' id='block_1_106' title="bbox 474 5432 2041 5504">
    <p class='ocr_par' dir='ltr' id='par_1_106' title="bbox 474 5432 2041 5504">
     <span class='ocr_line' id='line_1_106' title="bbox 474 5432 2041 5504; baseline 0 -15"><span class='ocrx_word' id='word_1_714' title='bbox 474 5434 895 5489; x_wconf 77' lang='lat' dir='ltr'><strong>sceleratissimo.</strong></span> <span class='ocrx_word' id='word_1_715' title='bbox 931 5432 1068 5504; x_wconf 74' lang='lat' dir='ltr'><strong>Quia</strong></span> <span class='ocrx_word' id='word_1_716' title='bbox 1118 5434 1278 5503; x_wconf 82' lang='lat' dir='ltr'><strong>igitur</strong></span> <span class='ocrx_word' id='word_1_717' title='bbox 1305 5438 1470 5487; x_wconf 69' lang='lat' dir='ltr'><strong>mdes</strong></span> <span class='ocrx_word' id='word_1_718' title='bbox 1499 5451 1591 5504; x_wconf 82' lang='lat' dir='ltr'><strong>per</strong></span> <span class='ocrx_word' id='word_1_719' title='bbox 1612 5451 1667 5488; x_wconf 85' lang='lat' dir='ltr'><strong>se</strong></span> <span class='ocrx_word' id='word_1_720' title='bbox 1699 5438 1871 5502; x_wconf 72' lang='lat' dir='ltr'><strong>ipmn</strong></span> <span class='ocrx_word' id='word_1_721' title='bbox 1897 5432 2041 5489; x_wconf 45' lang='lat' dir='ltr'><strong>&#39;dirio</strong></span> 
     </span>
    </p>
   </div>
   <div class='ocr_carea' id='block_1_107' title="bbox 478 5502 2043 5573">
    <p class='ocr_par' dir='ltr' id='par_1_107' title="bbox 478 5502 2043 5573">
     <span class='ocr_line' id='line_1_107' title="bbox 478 5502 2043 5573; baseline 0.001 -18"><span class='ocrx_word' id='word_1_722' title='bbox 478 5513 636 5556; x_wconf 72' lang='lat' dir='ltr'><strong>tatem</strong></span> <span class='ocrx_word' id='word_1_723' title='bbox 657 5506 830 5562; x_wconf 82' lang='lat' dir='ltr'><strong>habet.</strong></span> <span class='ocrx_word' id='word_1_724' title='bbox 857 5506 901 5557; x_wconf 73' lang='lat' dir='ltr'><strong>si</strong></span> <span class='ocrx_word' id='word_1_725' title='bbox 929 5502 1092 5565; x_wconf 85' lang='lat' dir='ltr'><strong>locus,</strong></span> <span class='ocrx_word' id='word_1_726' title='bbox 1139 5502 1230 5573; x_wconf 75' lang='lat' dir='ltr'><strong>aut</strong></span> <span class='ocrx_word' id='word_1_727' title='bbox 1272 5502 1507 5573; x_wconf 51' lang='lat' dir='ltr'><strong>tempus,</strong></span> <span class='ocrx_word' id='word_1_728' title='bbox 1535 5513 1625 5555; x_wconf 82' lang='lat' dir='ltr'><strong>aut</strong></span> <span class='ocrx_word' id='word_1_729' title='bbox 1654 5520 1730 5573; x_wconf 74' lang='grc' dir='ltr'><strong>ρι’(</strong></span> <span class='ocrx_word' id='word_1_730' title='bbox 1749 5522 1877 5557; x_wconf 67' lang='lat' dir='ltr'><strong>sna</strong></span> <span class='ocrx_word' id='word_1_731' title='bbox 1928 5523 2043 5559; x_wconf 80' lang='lat' dir='ltr'><strong>eam</strong></span> 
     </span>
    </p>
   </div>
   <div class='ocr_carea' id='block_1_108' title="bbox 479 5571 1869 5644">
    <p class='ocr_par' dir='ltr' id='par_1_108' title="bbox 479 5571 1869 5644">
     <span class='ocr_line' id='line_1_108' title="bbox 479 5571 1869 5644; baseline 0 -16"><span class='ocrx_word' id='word_1_732' title='bbox 479 5576 702 5640; x_wconf 70' lang='lat' dir='ltr'><strong>tlilICtll,</strong></span> <span class='ocrx_word' id='word_1_733' title='bbox 728 5574 890 5627; x_wconf 86' lang='lat' dir='ltr'><strong>dirior</strong></span> <span class='ocrx_word' id='word_1_734' title='bbox 915 5573 1087 5642; x_wconf 84' lang='lat' dir='ltr'><strong>utique</strong></span> <span class='ocrx_word' id='word_1_735' title='bbox 1113 5581 1159 5626; x_wconf 87' lang='lat' dir='ltr'><strong>et</strong></span> <span class='ocrx_word' id='word_1_736' title='bbox 1188 5571 1339 5644; x_wconf 82' lang='lat' dir='ltr'><strong>longe</strong></span> <span class='ocrx_word' id='word_1_737' title='bbox 1365 5571 1576 5643; x_wconf 70' lang='lat' dir='ltr'><strong>gravior</strong></span> <span class='ocrx_word' id='word_1_738' title='bbox 1610 5571 1869 5643; x_wconf 73' lang='lat' dir='ltr'><strong>efficietur.</strong></span> 
     </span>
    </p>
   </div>
   <div class='ocr_carea' id='block_1_109' title="bbox 2206 4870 3708 4949">
    <p class='ocr_par' dir='ltr' id='par_1_109' title="bbox 2206 4870 3708 4949">
     <span class='ocr_line' id='line_1_109' title="bbox 2206 4870 3708 4949; baseline -0.009 -15"><span class='ocrx_word' id='word_1_739' title='bbox 2206 4883 2263 4904; x_wconf 83' lang='lat'><strong>“&#39;</strong></span> <span class='ocrx_word' id='word_1_740' title='bbox 2302 4878 2679 4949; x_wconf 78' lang='lat' dir='ltr'><strong>Interrogatio.</strong></span> <span class='ocrx_word' id='word_1_741' title='bbox 2734 4876 2811 4949; x_wconf 83' lang='lat' dir='ltr'><strong>In</strong></span> <span class='ocrx_word' id='word_1_742' title='bbox 2863 4875 3055 4949; x_wconf 59' lang='lat' dir='ltr'><strong>psalmi</strong></span> <span class='ocrx_word' id='word_1_743' title='bbox 3107 4873 3458 4949; x_wconf 63' lang='lat' dir='ltr'><strong>inscriptione</strong></span> <span class='ocrx_word' id='word_1_744' title='bbox 3501 4870 3708 4949; x_wconf 71' lang='lat' dir='ltr'><strong>Abnue-</strong></span> 
     </span>
    </p>
   </div>
   <div class='ocr_carea' id='block_1_110' title="bbox 2137 4943 3711 5013">
    <p class='ocr_par' dir='ltr' id='par_1_110' title="bbox 2137 4943 3711 5013">
     <span class='ocr_line' id='line_1_110' title="bbox 2137 4943 3711 5013; baseline -0.005 -11"><span class='ocrx_word' id='word_1_745' title='bbox 2137 4949 2245 5003; x_wconf 85' lang='lat' dir='ltr'><strong>lech</strong></span> <span class='ocrx_word' id='word_1_746' title='bbox 2268 4943 2608 5013; x_wconf 65' lang='lat' dir='ltr'><strong>nominatur;</strong></span> <span class='ocrx_word' id='word_1_747' title='bbox 2634 4950 2708 5001; x_wconf 88' lang='lat' dir='ltr'><strong>ait</strong></span> <span class='ocrx_word' id='word_1_748' title='bbox 2730 4943 2872 5001; x_wconf 83' lang='lat' dir='ltr'><strong>enim</strong></span> <span class='ocrx_word' id='word_1_749' title='bbox 2898 4962 2916 4999; x_wconf 90' lang='lat'><strong><em>:</em></strong></span> <span class='ocrx_word' id='word_1_750' title='bbox 2948 4964 2966 4995; x_wconf 82' lang='grc' dir='ltr'><strong>ι</strong></span> <span class='ocrx_word' id='word_1_751' title='bbox 2999 4944 3243 4998; x_wconf 82' lang='lat' dir='ltr'><strong>Psalmus</strong></span> <span class='ocrx_word' id='word_1_752' title='bbox 3272 4944 3479 5003; x_wconf 78' lang='lat' dir='ltr'><strong>Davidi,</strong></span> <span class='ocrx_word' id='word_1_753' title='bbox 3499 4943 3711 5010; x_wconf 67' lang='lat' dir='ltr'><strong>quando</strong></span> 
     </span>
    </p>
   </div>
   <div class='ocr_carea' id='block_1_111' title="bbox 2135 5013 3708 5088">
    <p class='ocr_par' dir='ltr' id='par_1_111' title="bbox 2135 5013 3708 5088">
     <span class='ocr_line' id='line_1_111' title="bbox 2135 5013 3708 5088; baseline -0.007 -16"><span class='ocrx_word' id='word_1_754' title='bbox 2135 5021 2434 5073; x_wconf 80' lang='lat' dir='ltr'><strong>immutaoit</strong></span> <span class='ocrx_word' id='word_1_755' title='bbox 2466 5020 2654 5088; x_wconf 81' lang='lat' dir='ltr'><strong>{aciem</strong></span> <span class='ocrx_word' id='word_1_756' title='bbox 2686 5032 2864 5088; x_wconf 66' lang='lat' dir='ltr'><strong>coram</strong></span> <span class='ocrx_word' id='word_1_757' title='bbox 2894 5014 3210 5088; x_wconf 70' lang='lat' dir='ltr'><strong>Abimelecb,</strong></span> <span class='ocrx_word' id='word_1_758' title='bbox 3271 5020 3319 5065; x_wconf 86' lang='lat' dir='ltr'><strong>et</strong></span> <span class='ocrx_word' id='word_1_759' title='bbox 3365 5013 3561 5088; x_wconf 72' lang='lat' dir='ltr'><strong>dimisit</strong></span> <span class='ocrx_word' id='word_1_760' title='bbox 3582 5027 3708 5088; x_wconf 58' lang='lat' dir='ltr'><strong>eum</strong></span> 
     </span>
    </p>
   </div>
   <div class='ocr_carea' id='block_1_112' title="bbox 2144 5078 3714 5157">
    <p class='ocr_par' dir='ltr' id='par_1_112' title="bbox 2144 5078 3714 5157">
     <span class='ocr_line' id='line_1_112' title="bbox 2144 5078 3714 5157; baseline -0.007 -15"><span class='ocrx_word' id='word_1_761' title='bbox 2144 5088 2313 5157; x_wconf 77' lang='lat' dir='ltr'><strong>(Paul.</strong></span> <span class='ocrx_word' id='word_1_762' title='bbox 2334 5078 2521 5148; x_wconf 70' lang='lat' dir='ltr'><strong>xxxril,</strong></span> <span class='ocrx_word' id='word_1_763' title='bbox 2556 5088 2631 5154; x_wconf 75' lang='grc'><strong>1).</strong></span> <span class='ocrx_word' id='word_1_764' title='bbox 2673 5106 2692 5140; x_wconf 69' lang='grc' dir='ltr'><strong>ι</strong></span> <span class='ocrx_word' id='word_1_765' title='bbox 2728 5087 2825 5141; x_wconf 81' lang='lat' dir='ltr'><strong>Hic</strong></span> <span class='ocrx_word' id='word_1_766' title='bbox 2853 5094 3029 5157; x_wconf 72' lang='lat' dir='ltr'><strong>autent</strong></span> <span class='ocrx_word' id='word_1_767' title='bbox 3053 5084 3204 5157; x_wconf 57' lang='lat' dir='ltr'><strong>Acbis</strong></span> <span class='ocrx_word' id='word_1_768' title='bbox 3232 5082 3550 5157; x_wconf 46' lang='lat' dir='ltr'><strong>appellatur:</strong></span> <span class='ocrx_word' id='word_1_769' title='bbox 3572 5078 3714 5157; x_wconf 75' lang='lat' dir='ltr'><strong>Quid</strong></span> 
     </span>
    </p>
   </div>
   <div class='ocr_carea' id='block_1_113' title="bbox 2143 5151 3714 5223">
    <p class='ocr_par' dir='ltr' id='par_1_113' title="bbox 2143 5151 3714 5223">
     <span class='ocr_line' id='line_1_113' title="bbox 2143 5151 3714 5223; baseline -0.006 -11"><span class='ocrx_word' id='word_1_770' title='bbox 2143 5151 2236 5212; x_wconf 75' lang='lat' dir='ltr'><strong>hoc</strong></span> <span class='ocrx_word' id='word_1_771' title='bbox 2279 5159 2376 5211; x_wconf 80' lang='lat' dir='ltr'><strong>sibi</strong></span> <span class='ocrx_word' id='word_1_772' title='bbox 2428 5158 2536 5210; x_wconf 78' lang='lat' dir='ltr'><strong>vult</strong></span> <span class='ocrx_word' id='word_1_773' title='bbox 2561 5151 2600 5213; x_wconf 54' lang='grc' dir='ltr'><em>ἶ</em></span> <span class='ocrx_word' id='word_1_774' title='bbox 2642 5186 2715 5197; x_wconf 91' lang='grc'><strong><em>-</em></strong></span> <span class='ocrx_word' id='word_1_775' title='bbox 2765 5154 3088 5219; x_wconf 82' lang='lat' dir='ltr'><strong>Responsio.</strong></span> <span class='ocrx_word' id='word_1_776' title='bbox 3126 5153 3288 5223; x_wconf 68' lang='lat' dir='ltr'><strong>Reges</strong></span> <span class='ocrx_word' id='word_1_777' title='bbox 3315 5152 3398 5205; x_wconf 82' lang='lat' dir='ltr'><strong>illi</strong></span> <span class='ocrx_word' id='word_1_778' title='bbox 3454 5151 3714 5223; x_wconf 76' lang='lat' dir='ltr'><strong>habebant</strong></span> 
     </span>
    </p>
   </div>
   <div class='ocr_carea' id='block_1_114' title="bbox 2144 5221 3715 5288">
    <p class='ocr_par' dir='ltr' id='par_1_114' title="bbox 2144 5221 3715 5288">
     <span class='ocr_line' id='line_1_114' title="bbox 2144 5221 3715 5288; baseline -0.006 -8"><span class='ocrx_word' id='word_1_779' title='bbox 2144 5244 2413 5281; x_wconf 84' lang='lat' dir='ltr'><strong>commune</strong></span> <span class='ocrx_word' id='word_1_780' title='bbox 2439 5242 2627 5281; x_wconf 84' lang='lat' dir='ltr'><strong>nomen</strong></span> <span class='ocrx_word' id='word_1_781' title='bbox 2656 5226 2973 5286; x_wconf 79' lang='lat' dir='ltr'><strong>Abimelech,</strong></span> <span class='ocrx_word' id='word_1_782' title='bbox 3012 5221 3245 5277; x_wconf 73' lang='lat' dir='ltr'><strong>seorsum</strong></span> <span class='ocrx_word' id='word_1_783' title='bbox 3275 5239 3391 5275; x_wconf 82' lang='lat' dir='ltr'><strong>vero</strong></span> <span class='ocrx_word' id='word_1_784' title='bbox 3431 5221 3715 5288; x_wconf 74' lang='lat' dir='ltr'><strong>unusquis-</strong></span> 
     </span>
    </p>
   </div>
   <div class='ocr_carea' id='block_1_115' title="bbox 2144 5291 3715 5367">
    <p class='ocr_par' dir='ltr' id='par_1_115' title="bbox 2144 5291 3715 5367">
     <span class='ocr_line' id='line_1_115' title="bbox 2144 5291 3715 5367; baseline -0.006 -17"><span class='ocrx_word' id='word_1_785' title='bbox 2144 5314 2241 5367; x_wconf 82' lang='lat' dir='ltr'><strong>que</strong></span> <span class='ocrx_word' id='word_1_786' title='bbox 2295 5313 2446 5367; x_wconf 75' lang='lat' dir='ltr'><strong>suum</strong></span> <span class='ocrx_word' id='word_1_787' title='bbox 2496 5296 2593 5350; x_wconf 87' lang='lat' dir='ltr'><strong>sibi</strong></span> <span class='ocrx_word' id='word_1_788' title='bbox 2645 5297 3081 5367; x_wconf 13' lang='lat' dir='ltr'><strong>proprium,rquo</strong></span> <span class='ocrx_word' id='word_1_789' title='bbox 3129 5292 3530 5367; x_wconf 71' lang='lat' dir='ltr'><strong>appellabatur;</strong></span> <span class='ocrx_word' id='word_1_790' title='bbox 3575 5291 3715 5367; x_wconf 75' lang='lat' dir='ltr'><strong>quod</strong></span> 
     </span>
    </p>
   </div>
   <div class='ocr_carea' id='block_1_116' title="bbox 2143 5361 3723 5435">
    <p class='ocr_par' dir='ltr' id='par_1_116' title="bbox 2143 5361 3723 5435">
     <span class='ocr_line' id='line_1_116' title="bbox 2143 5361 3723 5435; baseline -0.006 -16"><span class='ocrx_word' id='word_1_791' title='bbox 2143 5361 2301 5421; x_wconf 75' lang='lat' dir='ltr'><strong>etiam</strong></span> <span class='ocrx_word' id='word_1_792' title='bbox 2332 5368 2385 5419; x_wconf 82' lang='lat' dir='ltr'><strong>in</strong></span> <span class='ocrx_word' id='word_1_793' title='bbox 2414 5361 2654 5419; x_wconf 78' lang='lat' dir='ltr'><strong>Romano</strong></span> <span class='ocrx_word' id='word_1_794' title='bbox 2676 5367 2893 5435; x_wconf 84' lang='lat' dir='ltr'><strong>imperio</strong></span> <span class='ocrx_word' id='word_1_795' title='bbox 2922 5361 3096 5417; x_wconf 82' lang='lat' dir='ltr'><strong>videre</strong></span> <span class='ocrx_word' id='word_1_796' title='bbox 3127 5361 3223 5435; x_wconf 11' lang='lat' dir='ltr'><strong>est;</strong></span> <span class='ocrx_word' id='word_1_797' title='bbox 3244 5363 3330 5435; x_wconf 82' lang='lat' dir='ltr'><strong>ubi</strong></span> <span class='ocrx_word' id='word_1_798' title='bbox 3362 5361 3723 5435; x_wconf 68' lang='lat' dir='ltr'><strong>communiter-</strong></span> 
     </span>
    </p>
   </div>
   <div class='ocr_carea' id='block_1_117' title="bbox 2145 5429 3713 5503">
    <p class='ocr_par' dir='ltr' id='par_1_117' title="bbox 2145 5429 3713 5503">
     <span class='ocr_line' id='line_1_117' title="bbox 2145 5429 3713 5503; baseline -0.006 -13"><span class='ocrx_word' id='word_1_799' title='bbox 2145 5436 2378 5490; x_wconf 65' lang='lat' dir='ltr'><strong>Ca&#39;sares</strong></span> <span class='ocrx_word' id='word_1_800' title='bbox 2429 5445 2476 5487; x_wconf 83' lang='lat' dir='ltr'><strong>et</strong></span> <span class='ocrx_word' id='word_1_801' title='bbox 2511 5429 3064 5503; x_wconf 57' lang='lat' dir='ltr'><strong>Augusti&#39;dicuntur;</strong></span> <span class='ocrx_word' id='word_1_802' title='bbox 3093 5432 3431 5486; x_wconf 76' lang='lat' dir='ltr'><strong>nihilominus</strong></span> <span class='ocrx_word' id='word_1_803' title='bbox 3466 5429 3713 5503; x_wconf 50' lang='lat' dir='ltr'><strong>propriis</strong></span> 
     </span>
    </p>
   </div>
   <div class='ocr_carea' id='block_1_118' title="bbox 2142 5499 3713 5626">
    <p class='ocr_par' dir='ltr' id='par_1_118' title="bbox 2142 5499 3713 5626">
     <span class='ocr_line' id='line_1_118' title="bbox 2142 5499 3713 5626; baseline -0.005 -68"><span class='ocrx_word' id='word_1_804' title='bbox 2142 5508 2488 5626; x_wconf 42' lang='lat' dir='ltr'><strong>glutinantur</strong></span> <span class='ocrx_word' id='word_1_805' title='bbox 2534 5499 2825 5558; x_wconf 79' lang='lat' dir='ltr'><strong>nominibus</strong></span> <span class='ocrx_word' id='word_1_806' title='bbox 2854 5522 2869 5558; x_wconf 88' lang='lat'><strong><em>:</em></strong></span> <span class='ocrx_word' id='word_1_807' title='bbox 2897 5505 3025 5557; x_wconf 75' lang='lat' dir='ltr'><strong>sicut</strong></span> <span class='ocrx_word' id='word_1_808' title='bbox 3078 5505 3199 5556; x_wconf 86' lang='lat' dir='ltr'><strong>item</strong></span> <span class='ocrx_word' id='word_1_809' title='bbox 3246 5503 3389 5572; x_wconf 80' lang='lat' dir='ltr'><strong>apud</strong></span> <span class='ocrx_word' id='word_1_810' title='bbox 3437 5499 3713 5570; x_wconf 60' lang='lat' dir='ltr'><strong>Egyptios</strong></span> 
     </span>
     <span class='ocr_line' id='line_1_119' title="bbox 2208 5592 2898 5626; baseline 0 0"><span class='ocrx_word' id='word_1_811' title='bbox 2208 5592 2467 5626; x_wconf 62' lang='lat' dir='ltr'><strong>inmunes.</strong></span> <span class='ocrx_word' id='word_1_812' title='bbox 2892 5624 2898 5626; x_wconf 69' lang='lat'><strong>.</strong></span> 
     </span>
    </p>
   </div>
   <div class='ocr_carea' id='block_1_119' title="bbox 2174 5579 2467 5628">
    <p class='ocr_par' dir='ltr' id='par_1_119' title="bbox 2174 5579 2467 5628">
     <span class='ocr_line' id='line_1_120' title="bbox 2174 5579 2467 5628; baseline 0 -2"><span class='ocrx_word' id='word_1_813' title='bbox 2174 5579 2255 5628; x_wconf 80' lang='lat' dir='ltr'><strong>‘lta</strong></span> <span class='ocrx_word' id='word_1_814' title='bbox 2265 5592 2467 5627; x_wconf 61' lang='lat' dir='ltr'><strong>moues.</strong></span> 
     </span>
    </p>
   </div>
  </div>
