4122 6212
370 289 477 351 725

1807 286 2141 349 DIOP'I‘RA
2154 333 2167 349 .

3503 276 3608 341 7:26

374 411 490 455 tum
520 413 750 453 numero
781 395 1081 451 suti‘tciente
1112 397 1367 471 (quorum
1425 400 1554 470 equi
1584 414 1693 469 prae
1724 397 1947 454 lassitu-
1974 400 2019 457 Δ
2050 398 2333 457 consecuti
2366 404 2516 454 sunt.
2544 395 2624 451 Ad
2651 392 2818 449 verba
2864 405 2985 447 mea
3016 398 3079 445 ut
3114 388 3391 459 paradoxa
3433 387 3625 444 obstu-

373 492 501 547 dine
539 491 693 561 sequi
730 507 835 545 non
877 495 1146 563 poterant)
1173 507 1296 549 cum
1349 492 1572 549 selectis
1617 492 1947 547 Amalecitas

376 594 602 642 secutus
631 594 685 639 et
716 594 1020 647 assecutus,
1040 600 1136 640 eos
1167 585 1447 640 occisione
1472 584 1697 650 occidit,
1723 592 1779 639 et
1812 597 1949 655 prte-

376 679 502 733 dam
541 677 775 744 reduxit,
805 677 1086 746 victorque
1137 677 1206 733 ad
1260 686 1559 745 torrentem
1618 677 1812 740 Besor,
1854 674 1947 728 ubi

378 771 604 826 sarcina:
634 781 1031 835 remanserant,
1067 780 1154 825 est
1201 786 1503 842 regressus.
1537 770 1654 825 Huc
1689 782 1813 824 eum
1857 782 1953 820 ve-

378 863 577 926 nisset,
612 862 795 932 prteda
847 879 1008 930 quam
1056 864 1289 933 quisque
1344 863 1607 918 retulerat
1666 862 1719 914 in
1780 875 1949 913 unum

377 957 715 1025 congeritur,
746 955 920 1009 σκῦλα
948 964 1004 1010 et
1031 956 1274 1027 λάφυρα,
1329 970 1439 1009 uno
1471 955 1663 1021 verbo,
1693 954 1950 1009 universa

378 1047 559 1116 praeda
594 1047 791 1115 (σκῦλα
837 1058 1123 1109 vocantur,
1145 1064 1266 1119 qua:
1310 1044 1614 1103 interfectis
1655 1045 1952 1101 detrahun-

380 1139 747 1209 ιιιι·;λὰφυρα
796 1155 974 1211 qutea
1009 1140 1145 1195 vivis
1190 1138 1561 1209 auferuntur).
1610 1137 1733 1193 Haec
1788 1137 1954 1208 igitur

378 1229 552 1298 spolia
587 1229 731 1283 inter
765 1229 1122 1285 insecutores.
1145 1238 1201 1284 et
1234 1229 1755 1299 impedimentorum
1807 1225 1951 1296 apttd

380 1329 681 1375 torrentem
729 1320 899 1375 Besor
943 1321 1218 1383 custodes,
1251 1321 1318 1375 de
1361 1322 1562 1391 quibus
1610 1321 1818 1376 dictum
1846 1329 1950 1383 est,

378 1410 665 1479 arqualiter
696 1409 999 1465 distribuit.
1031 1412 1131 1468 Ubi
1166 1428 1297 1466 vero
1330 1412 1553 1482 quidam
1589 1427 1701 1482 prae
1746 1411 1951 1466 invidia

384 1502 436 1556 id
466 1518 606 1573 :egre
637 1501 875 1557 ferentes
924 1505 1212 1572 conquesti
1245 1516 1397 1571 sunt,
1435 1506 1845 1575 nolueruntque
1889 1504 1954 1559 iis

382 1593 476 1663 qui
508 1602 880 1648 remanserant
912 1604 1119 1663 partem
1153 1611 1308 1650 suam
1371 1596 1439 1653 de
1492 1597 1676 1668 praeda
1730 1596 1953 1652 decerni

389 1684 545 1752 (satis
578 1685 722 1740 enim
758 1684 896 1748 fore,
925 1686 967 1740 si
1003 1701 1201 1742 uxores
1229 1688 1545 1758 liberosque
1598 1688 1953 1760 reciperent),

386 1790 496 1830 non
554 1775 608 1830 id
656 1777 866 1848 justum
913 1777 1229 1849 judicavit:
1279 1779 1375 1835 sed
1434 1779 1692 1835 omnibus
1742 1795 1955 1851 mquam

385 1878 595 1938 partem
626 1870 927 1939 spoliorum
970 1869 1292 1941 impertivit,
1335 1887 1459 1926 cum
1495 1873 1703 1928 diceret
1740 1888 1848 1927 non
1896 1887 1958 1927 se

384 1963 508 2017 illos
547 1971 607 2017 ut
643 1962 887 2033 ignavos,
931 1978 1033 2019 nec
1072 1972 1133 2019 ut
1176 1965 1422 2029 inutiles,
1464 1981 1768 2037 parumque
1803 1982 1957 2022 com-

384 2054 596 2118 modos,
628 2056 723 2111 sed
762 2066 990 2126 propter
1020 2072 1215 2127 equos,
1236 2073 1464 2112 currere
1496 2074 1607 2128 prae
1633 2058 1957 2114 lassitudine

385 2164 495 2202 non
521 2148 788 2210 valentes,
818 2147 1129 2218 reliquisse.
1151 2149 1337 2216 ‘Quam
1386 2150 1457 2205 ob
1506 2165 1725 2205 causam
1781 2152 1956 2205 relicti

384 2248 533 2300 sunt,
554 2254 662 2294 non
690 2249 752 2293 ut
766 2239 929 2295 otios'i
953 2249 1134 2295 tamen
1160 2250 1469 2305 manerent,
1494 2240 1593 2296 sed
1649 2251 1730 2307 ut,
1754 2241 1957 2312 inquit,

388 2347 515 2386 vasa
547 2341 731 2386 nostra
764 2347 886 2401 qua:
927 2333 1396 2401 relinquebamus,
1447 2333 1813 2393 custodirent.
1837 2350 1961 2405 qua:

386 2423 442 2477 ni
484 2423 556 2477 illi
592 2423 1098 2485 custodissent,nos
1123 2425 1639 2493 amisissemus,nec
1660 2427 1958 2499 quidquam

388 2516 534 2585 quod
555 2517 636 2569 vel
664 2516 975 2581 edercmtts,
994 2518 1075 2572 vel
1098 2516 1412 2574 biberemus
1435 2519 1831 2589 superfuisset;
1852 2537 1958 2576 non

389 2607 577 2673 vestis,
602 2623 712 2662 non
745 2619 1118 2680 tegumentum
1148 2610 1217 2663 ad
1255 2609 1548 2667 fovendum
1567 2613 1959 2682 operiendumo

391 2714 498 2768 que
527 2715 728 2770 corpus
774 2718 786 2753 :
815 2699 1218 2774 fuissetnusque
1253 2704 1451 2774 privati
1486 2704 1653 2761 rebus
1685 2705 1755 2760 ad
1789 2704 1957 2760 vitam

390 2788 815 2859 pertinentibus.
835 2791 901 2846 Et
916 2792 1204 2863 oportebat
1223 2808 1352 2849 sane
1367 2808 1543 2864 neque
1571 2797 1674 2852 hos
1692 2795 1808 2869 pari
1832 2811 1960 2867 por-

392 2882 542 2936 tione
574 2881 849 2939 fraudare.
880 2883 1007 2939 Haec
1036 2883 1134 2941 tibi
1170 2883 1236 2940 ad
1270 2886 1653 2957 probationem
1683 2888 1959 2945 dictorum

393 2988 641 3027 meorum
699 2974 833 3029 satis
889 2986 1053 3031 sunto
1085 2993 1099 3030 :
1127 2977 1405 3046 quomodo
1453 2979 1666 3036 scilicet
1704 2979 1963 3039 Christus

2052 493 2240 564 puisse
2305 499 2357 547 te
2398 489 2641 547 arbitror
2686 504 2701 541 :
2742 486 2836 542 sed
2887 482 3334 553 esplicationem,
3394 495 3626 552 eamque

2050 586 2277 641 brevem
2304 582 2582 654 adjiciam.
2611 579 2802 650 Cogita
2842 577 2978 632 mihi
3020 575 3183 637 duos,
3204 574 3398 630 eadem
3428 574 3629 628 volun-

2051 687 2161 733 tate
2188 674 2470 748 praeditos,
2495 672 2564 728 ad
2597 681 2880 728 certamen
2909 675 3215 732 currentes,
3246 676 3305 721 ut
3332 681 3435 736 pro
3460 666 3625 722 Chri-

2050 783 2140 827 sto
2176 770 2505 825 moriantur.
2537 767 2716 824 Unum
2772 763 2994 834 quidem
3047 769 3235 817 mente
3285 761 3523 825 excelsa,
3566 769 3625 816 et

2052 871 2250 931 natura
2300 861 2632 924 robustum;
2664 858 2897 913 alterum
2943 855 3161 910 viribus
3210 853 3543 908 imbecillem
3574 864 3631 907 et

2050 971 2198 1026 aegro
2231 969 2461 1024 corpore
2507 970 2521 1007 :
2552 952 2646 1023 qui
2676 948 2911 1006 confessi
2959 947 3263 1009 Christum,
3300 946 3355 1001 in
3392 945 3631 1001 stadium

2054 1044 2460 1116 ingrediuntur,
2505 1041 2669 1097 ambo
2708 1040 3009 1104 nudantur,
3048 1046 3104 1094 et
3150 1036 3335 1108 ﬂagris
3371 1035 3631 1091 diverbe-

2055 1145 2269 1193 rantur.
2297 1134 2405 1191 Sed
2440 1134 2701 1189 robustus
2748 1140 2973 1187 centum
3019 1130 3247 1185 omnino
3273 1128 3446 1199 plagis
3479 1142 3634 1183 acce-

2059 1228 2189 1298 ptis,
2222 1228 2337 1283 vita
2366 1226 2575 1291 deﬁcit,
2600 1224 2967 1295 spiritumque
2990 1222 3278 1278 Conditori
3313 1220 3499 1275 tradit.
3523 1220 3634 1274 lm-

2056 1320 2265 1381 becillis
2290 1318 2673 1377 tantummodo
2717 1315 3117 1388 quinquaginta
3163 1329 3376 1385 passus,
3413 1314 3480 1368 ad
3518 1328 3635 1383 pos-

2054 1432 2155 1473 nas
2177 1416 2415 1487 amplius
2460 1415 2663 1470 durare
2691 1414 2905 1485 nequit,
2943 1421 3001 1469 et
3037 1411 3425 1483 exstinguitur.
3461 1408 3540 1465 Ne
3576 1418 3634 1464 ttt

2057 1511 2226 1578 igitur
2271 1510 2508 1565 alterum
2576 1507 2838 1563 athletam
2893 1507 2947 1561 in
2995 1504 3325 1574 reportanda
3378 1503 3636 1558 mercede

2057 1601 2242 1670 priore
2295 1600 2610 1656 inferiorem
2675 1598 2923 1654 futurum
2992 1596 3297 1658 existimes,
3342 1595 3470 1665 quia
3526 1609 3633 1649 non

2054 1694 2224 1750 etiam
2266 1703 2487 1750 centum
2543 1693 2730 1763 plagas
2780 1691 3024 1761 perferre
3067 1689 3266 1760 potuit.
3315 1688 3436 1742 Non
3485 1686 3632 1741 enim

2060 1786 2234 1842 robur
2264 1784 2539 1855 corporis,
2585 1783 2680 1839 sed
2717 1783 2884 1839 animi
2932 1782 3171 1837 virilitas
3208 1794 3452 1836 amorem
3506 1792 3637 1851 erga

2057 1877 2341 1934 Christum
2390 1877 2753 1941 demonstrat.
2786 1875 2903 1929 Nisi
2957 1875 3105 1929 enim
3159 1874 3299 1928 alter
3339 1873 3433 1927 ille
3479 1872 3639 1942 prius

2059 1970 2298 2025 animam
2354 1968 2609 2031 elllasset,
2665 1975 2724 2022 ut
2780 1967 2916 2034 dixi,
2966 1967 3083 2036 ipse
3138 1980 3359 2035 quoque
3406 1964 3637 2033 perinde

2060 2072 2119 2117 ut
2149 2062 2357 2133 primus
2398 2070 2620 2117 centum
2667 2060 2852 2130 plagas
2903 2058 3212 2114 tolerasset.
3238 2056 3345 2112 Sed
3375 2056 3451 2110 illi
3485 2064 3635 2110 tanta

2062 2154 2236 2208 virtus
2290 2150 2626 2207 tabernaculi
2702 2151 2809 2216 sui,
2855 2150 2960 2206 hoc
3002 2159 3122 2213 est,
3193 2147 3473 2218 corporis,
3524 2161 3639 2201 non

2061 2245 2449 2316 suppeditavit.
2496 2244 2744 2311 Quanam
2790 2258 2923 2297 vero
2981 2242 3084 2298 alia
3128 2241 3195 2295 de
3253 2256 3418 2295 causa
3455 2239 3637 2294 anima

2062 2339 2130 2394 ad
2184 2340 2297 2394 Itazc
2349 2348 2455 2393 tam
2509 2347 2718 2407 parata,
2762 2338 2810 2391 ei
2868 2345 3121 2407 prompta
3173 2336 3286 2391 sit?
3317 2335 3441 2408 Non
3487 2333 3636 2387 enim

2062 2433 2353 2504 pigritatur
2408 2432 2567 2501 ipsa,
2629 2446 2738 2486 non
2794 2430 3040 2499 refugit,
3092 2444 3273 2499 neque
3322 2428 3478 2482 timet
3540 2426 3637 2480 lla-

2063 2525 2202 2591 gella
2246 2523 2503 2594 experiri.
2536 2523 2672 2577 Nam
2702 2520 2847 2592 quod
2894 2521 3241 2587 verberatur,
3290 2519 3438 2573 illico
3474 2516 3637 2579 mori,

2064 2625 2159 2671 aut
2188 2631 2296 2671 non
2329 2616 2489 2679 mori,
2534 2630 2641 2669 non
2685 2624 2770 2669 cst
2802 2613 2855 2667 in
2904 2600 3085 2675 nobis,
3137 2626 3239 2665 nec
3266 2610 3321 2665 in
3370 2618 3638 2680 potestate

2062 2717 2250 2764 nostra
2288 2710 2454 2764 situm
2479 2725 2493 2761 :
2522 2706 2616 2761 sed
2648 2707 2703 2761 in
2729 2722 2797 2762 eo
2833 2724 2852 2757 α
2882 2705 2977 2776 qui
3010 2713 3191 2772 portat
3241 2703 3424 2759 omnia
3470 2705 3637 2757 verba

2063 2799 2283 2865 virtutis
2298 2814 2413 2854 sum
2435 2799 2504 2863 ³³,
2546 2817 2563 2849 ι
2596 2807 2652 2853 et
2684 2811 2782 2867 pro
2811 2811 2909 2851 sua
2937 2796 3205 2865 sapientia
3228 2794 3460 2864 judicat,
3488 2793 3638 2846 ordi-

2065 2899 2236 2947 natet
2264 2890 2423 2945 facit:
2459 2889 2663 2959 quique
2684 2900 2877 2942 omnes
2907 2885 3143 2956 prmscit,
3178 2892 3234 2939 et
3258 2883 3634 2954 prredestinat,

2062 2993 2119 3040 et
2160 2983 2295 3054 quid
2351 2982 2551 3051 cuique
2597 2980 2868 3036 conducat
2900 2994 2964 3033 ae
3019 2977 3212 3047 prosit,
3266 2975 3636 3047 pusillanimo,

392 3066 718 3121 sententiam
766 3065 910 3122 inter
956 3068 1259 3139 operarios,
1284 3079 1341 3125 et
1389 3071 1538 3129 mitis
1594 3071 1761 3128 David
1817 3073 1963 3128 inter
1989 3096 2032 3156 ε
2068 3075 2313 3143 inquam,
2345 3081 2402 3128 et
2425 3071 2794 3143 magnanimo,
2836 3069 3008 3124 novit.
3048 3069 3143 3123 Est
3174 3067 3262 3123 cui
3315 3068 3504 3132 multa,
3555 3076 3640 3122 est

394 3157 594 3212 milites
622 3157 807 3214 tulerit
837 3175 853 3216 :
884 3168 938 3214 et
963 3162 1109 3231 quod
1142 3162 1350 3228 divisit,
1379 3164 1523 3221 inter
1545 3182 1738 3222 omnes
1781 3183 1962 3234 aequa-

393 3250 521 3303 liter
552 3249 821 3316 diviserit,
847 3252 990 3308 inter
1051 3270 1146 3309 eos
1201 3253 1487 3327 qui'plus,
1535 3269 1591 3314 et
1624 3260 1720 3329 qui
1777 3261 1962 3315 minus

395 3340 637 3398 laborem
668 3345 1091 3415 capessivissent
1118 3347 1303 3417 (3).Et
1332 3350 1501 3420 gloria
1551 3352 1781 3407 Domino
1815 3369 1960 3417 meo,

399 3430 567 3500 gloria
596 3434 815 3491 Christo
850 3452 993 3501 meo,
1013 3438 1184 3507 judiei
1223 3440 1658 3495 misericordiam
1682 3443 1956 3513 diligenti,

398 3522 647 3593 beneque
677 3523 897 3580 facienti
924 3528 1218 3584 universis.
1244 3528 1340 3583 llis
1397 3530 1629 3594 credin',
1651 3546 1723 3587 an
1764 3534 1962 3591 iterum

396 3621 584 3679 testes,
617 3624 672 3670 et
703 3617 851 3671 omni
876 3619 1199 3688 exceptione
1226 3622 1461 3693 maiores
1483 3625 1718 3693 expetis,
1746 3636 1805 3683 et
1833 3643 1964 3697 pro-

394 3703 671 3757 bationcnt
709 3707 978 3763 cumulari
1011 3708 1112 3776 vis,
1140 3721 1198 3765 ut
1233 3714 1591 3779 consuevisti,
1619 3731 1747 3771 cum
1777 3718 1963 3777 inter-

395 3795 593 3864 ragas?

376 3894 381 3899 ‘
466 3874 654 3941 hiut.
678 3887 923 3947 Tertium
955 3902 1148 3951 testem
1168 3911 1274 3951 non
1321 3912 1508 3967 posco,
1529 3902 1625 3956 sed
1654 3904 1963 3975 exemplum

399 3975 794 4055 tantttt‘nmodo.

464 4067 627 4127 Cano.
663 4073 802 4140 Mox,
838 4087 896 4132 ut
955 4081 1116 4151 petis,
1162 4084 1467 4154 exemplum
1516 4086 1762 4143 afferam.
1813 4087 1966 4145 Multi

396 4163 597 4219 multos
628 4178 850 4239 propter
884 4172 1161 4229 Christum
1206 4178 1507 4245 cruciatus,
1562 4180 1657 4237 alii
1686 4181 1967 4239 breviores

398 4270 463 4309 ac
515 4257 769 4325 leviores,
815 4264 906 4318 alii
961 4265 1337 4325 diuturniores
1381 4272 1744 4343 saevioresque
1795 4275 1964 4331 susti-

398 4357 688 4403 nuerunt:
743 4361 798 4406 et
846 4365 1027 4411 tamen
1071 4360 1324 4429 aaqtialia,
1384 4363 1693 4434 eademque
1746 4366 1965 4434 prmmia

464 4466 509 4499 ³³
555 4463 771 4530 Hebr-.1,
804 4469 860 4522 5.

2065 3167 2152 3222 cui
2184 3180 2357 3236 pauca
2387 3164 2661 3220 sustinere
2688 3163 3062 3219 cruciamenta
3096 3159 3319 3227 expedit
3350 3160 3388 3214 ‘.

2132 3259 2454 3329 Quanquam
2504 3256 2671 3325 igitur
2701 3256 2838 3309 alter
2869 3254 2982 3308 cito
3024 3251 3199 3306 edidit
3230 3250 3492 3308 animam.
3531 3265 3637 3303 non

2065 3350 2190 3405 ideo
2210 3364 2310 3418 pro
2339 3345 2647 3416 impatienti
2700 3352 2759 3398 et
2787 3345 2985 3413 ignavo
3016 3342 3304 3396 habendus
3336 3352 3444 3393 ρει.
3502 3339 3636 3393 Nam

2065 3448 2301 3507 uterque
2342 3450 2482 3504 quas
2549 3449 2579 3489 a
2625 3444 2821 3523 natura
2869 3432 3014 3486 vires
3078 3430 3328 3501 accepit,
3391 3429 3642 3517 quamvis

2068 3545 2180 3586 non
2228 3543 2414 3599 pares,
2441 3521 2699 3590 Domino,
2731 3534 2793 3579 nt
2836 3524 3015 3594 potuit
3050 3522 3291 3585 obtulit:
3330 3536 3442 3575 non
3496 3521 3638 3590 plus.

2064 3637 2177 3678 non
2212 3621 2414 3684 minus,
2444 3634 2605 3689 quam
2636 3617 2741 3674 sibi
2780 3617 3038 3685 desuper,
3067 3615 3315 3685 contigit.
3365 3613 3641 3668 Humana-

2067 3731 2190 3771 rum
2218 3714 2368 3771 enim
2393 3727 2578 3769 rerum
2606 3710 2854 3783 quaedam
2879 3710 2933 3764 in
2962 3718 3153 3765 nostra
3192 3714 3463 3778 potestate
3490 3716 3638 3769 sunt,

2066 3806 2314 3878 quaedam
2341 3820 2453 3861 non
2482 3812 2632 3860 sunt.
2667 3803 2724 3858 Si
2753 3802 2880 3872 quis
2916 3801 2987 3855 iis
3015 3816 3138 3870 qnte
3175 3806 3304 3854 sunt
3330 3813 3441 3852 non
3488 3808 3638 3853 recte

2068 3915 2202 3956 usus
2233 3899 2417 3963 fuerit,
2454 3897 2720 3952 rationem
2754 3893 2967 3950 reddet.
3000 3894 3154 3960 Quod
3185 3903 3371 3947 autem
3395 3891 3449 3945 in
3483 3890 3643 3946 nobis

2069 3996 2144 4050 ita
2172 4002 2280 4057 est,
2307 4000 2369 4046 ut
2399 4000 2585 4046 nostra
2615 3996 2884 4060 potestate
2912 4001 3022 4040 non
3054 3986 3425 4046 contineatur,
3455 3982 3503 4035 si
3531 3997 3642 4036 non

2069 4089 2289 4145 benese
2312 4083 2590 4147 habuerit,
2628 4096 2730 4136 nos
2764 4093 2981 4150 poenam
3014 4092 3122 4132 non
3170 4076 3454 4130 debemus.
3503 4074 3637 4129 Mori

2068 4181 2217 4236 enim
2242 4175 2389 4233 baud
2417 4184 2501 4230 est
2539 4171 2715 4229 nostri
2754 4169 3004 4233 arbitrii;
3040 4181 3141 4222 nec
3173 4166 3317 4222 fame
3345 4164 3507 4231 allici,
3547 4175 3647 4221 aut

2070 4270 2193 4336 siti;
2258 4282 2361 4323 nec
2418 4266 2667 4321 laborum
2725 4260 3207 4329 molestiarumque
3251 4273 3482 4322 sensus,
3542 4271 3646 4313 nec

2069 4356 2387 4429 defetigatio
2416 4356 2471 4410 in
2512 4369 2718 4418 cursu;
2770 4367 2872 4406 nec
2903 4362 2963 4405 ut
3006 4366 3205 4421 corpus
3250 4362 3499 4409 nostrum
3551 4361 3647 4407 aut

1572 4598 1573 4603 η
1645 4568 1858 4629 Jacobi
1893 4567 2170 4629 Gretseri
2203 4573 2387 4628 notae.

376 4690 387 4695 -
466 4660 549 4731 (ὅ)
567 4660 785 4737 Minime
808 4662 921 4737 vult
942 4670 1139 4737 auctor
1154 4674 1345 4737 omnes
1361 4661 1553 4737 beatos
1566 4664 1686 4737 fore
1713 4666 1973 4737 simpliei—
2007 4672 2048 4727 ι)
2074 4666 2179 4720 hoc
2213 4678 2430 4721 summo
2462 4666 2627 4720 bono.
2663 4665 2799 4721 Cum
2837 4666 2939 4720 hac
2998 4675 3189 4737 tamen
3212 4664 3520 4737 aequalitate
3554 4681 3642 4737 se-

400 4742 482 4788 ter
507 4730 665 4800 pares
684 4731 739 4785 in
762 4730 1132 4795 beatitudine;
1155 4733 1270 4787 haec
1283 4734 1429 4789 enim
1454 4742 1540 4789 est
1557 4730 1836 4792 Joviniani
1860 4738 1972 4793 ha:-

400 4803 537 4855 resis
561 4804 662 4875 iam
694 4801 824 4875 olim
853 4801 1106 4856 damnata
1142 4818 1171 4856 a
1202 4813 1391 4875 sancto
1419 4805 1746 4875 Hieronymo
1771 4807 1866 4861 lib.
1911 4823 1972 4871 tt,

403 4882 585 4924 contra
612 4870 979 4935 Iovinianum,
1003 4880 1059 4925 et
1085 4888 1115 4926 a
1137 4873 1373 4928 concilio
1396 4870 1747 4929 'l‘olensi'sub
1772 4870 1971 4931 Sit-icio

398 5026 497 5063 COIi

398 5088 485 5133 cet
518 5090 603 5151 est
635 5080 825 5134 fruitio
859 5081 1019 5134 unius
1052 5090 1106 5135 et
1132 5081 1377 5151 ejusdettt
1404 5084 1601 5137 sumini
1630 5084 1782 5148 boni,
1821 5087 1964 5148 quod

395 5157 481 5203 est
537 5150 710 5215 Dens;
755 5167 946 5205 omnes
989 5152 1132 5204 enim
1166 5150 1331 5205 beati
1376 5153 1726 5221 perfruentur
1772 5157 1963 5211 eodem

2072 4737 2315 4793 eundum
2347 4749 2694 4790 communem
2748 4737 3016 4790 rationem
3053 4735 3428 4797 beatitudinis,
3461 4734 3645 4789 consi-

2069 4809 2164 4861 Slit
2195 4806 2534 4877 inaequalitas
2561 4805 2862 4861 secundum
2902 4806 3288 4875 particularetn
3338 4804 3640 4877 beatitudi-

2070 4878 2161 4931 nis
2212 4875 2505 4934 rationem.
2555 4886 2830 4945 quatenus
2887 4892 2987 4945 pro
3046 4877 3259 4930 ratione
3316 4875 3642 4945 meritorum

399 4940 562 5009 Papa.
592 4951 648 4995 et
696 4942 764 4995 ab
816 4941 975 5005 aliis;
1011 4942 1108 4996 sed
1156 4943 1273 4996 vult
1321 4959 1479 5012 pares
1522 4945 1636 4998 fore
1668 4947 1970 5002 secundum
2065 4948 2208 5003 alius
2247 4947 2354 5001 alio
2385 4940 2681 5015 perfectius
2715 4940 2931 5000 summo
2963 4946 3109 5000 bono
3147 4940 3378 5002 fruetur.
3415 4943 3646 4998 clarius-

399 4978 1043 5062 conlmunem‘ouamdam
1068 5012 1333 5062 rationem
1357 5014 1730 5062 beatitudinis-
1754 5017 1974 5062 utgnili-
2067 5034 2174 5062 nne
2212 5017 2380 5062 Delum
2411 5016 2736 5062 intuebitur-
2761 5015 2898 5062 Vide
2926 5016 3263 5062 Alnlmnnum
3294 5030 3324 5062 n
3373 5014 3567 5062 Castra
3588 5030 3640 5062 ν-

523 5011 1043 5078 munem‘quamdam
1068 5011 1333 5067 rationem
1357 5014 1732 5076 beatitudinis.
1754 5017 1974 5071 utscili-

2104 5034 2174 5079 ne
2212 5014 2739 5085 Deum’intuebitur.
2761 5015 2898 5071 Vide
2926 5016 3263 5085 Alpbonsum
3294 5030 3325 5069 a
3373 5014 3567 5070 Castra
3581 5030 3640 5085 γ.

2112 5087 2365 5150 catitudo,
2393 5084 2601 5157 ιιίιξτηξῖ,
2629 5095 2683 5143 et
2714 5084 3040 5157 Gregorium
3058 5085 3126 5141 de
3148 5085 3396 5141 Valentia
3423 5085 3552 5149 1,2,
3579 5084 3643 5138 B.

2064 5156 2287 5211 Thomas
2316 5165 2509 5226 quaest.
2532 5156 2584 5217 5,
2613 5172 2665 5225 p.
2695 5154 2749 5211 5.

1879 5272 2153 5333 Scholia.

477 5364 765 5424 ‘lsitiorus.
800 5367 1075 5440 Proposita
1104 5381 1227 5426 sunt
1263 5376 1353 5428 tibi
1381 5376 1434 5428 iu
1480 5392 1587 5428 una
1635 5376 1786 5429 domo
1830 5392 1956 5429 vasa

2064 5378 2206 5432 modi
2235 5376 2385 5433 illam
2430 5380 2540 5447 ipse
2568 5378 2765 5447 fecerit,
2791 5377 2885 5429 sed
2910 5378 3034 5447 quia
3064 5376 3299 5431 moribus
3339 5386 3387 5429 et
3412 5379 3519 5447 rita
3546 5396 3645 5434 sua

396 5437 602 5513 diversa
635 5455 654 5488 :
683 5456 786 5513 non
834 5437 950 5513 ideo
1002 5452 1177 5496 tamen
1228 5446 1341 5499 sine
1389 5446 1689 5499 discrimine
1722 5447 1962 5500 omnibus
2060 5447 2183 5502 talis
2200 5437 2710 5513 euaseritﬂuohirca
2727 5437 3122 5502 Deusleremiaz
3140 5446 3648 5510 aitlt,5):«Prius-

395 5508 560 5590 meris
580 5525 620 5592 ,ε
653 5511 742 5592 sed
765 5512 1070 5592 _quodnam_
1099 5515 1238 5578 vino,
1274 5515 1417 5592 quod
1457 5515 1761 5592 oleo,_quod
1820 5524 1965 5592 a_ceto

398 5580 1004 5659 sttset'pt'endojdoncunt
1025 5584 1114 5659 sit,
1162 5580 1316 5659 nosti.
1356 5582 1446 5659 δὶα
1481 5580 1731 5639 nimirum
1758 5594 1804 5640 et
1829 5586 1965 5659 Deus

396 5650 611 5729 cm'nant
661 5650 861 5729 animm
897 5654 1257 5729 tttisericordia
1305 5655 1600 5729 tribuenda,
1642 5658 1725 5709 cui
1764 5656 1967 5725 suppli-

397 5730 426 5767 c
452 5730 542 5771 tam
582 5721 948 5780 imponendum
988 5726 1075 5788 sit,
1116 5725 1269 5777 norit.
1316 5722 1433 5777 Non
1477 5728 1727 5793 quoniam
1775 5721 1969 5795 ejusce-

2066 5534 2225 5586 quant
2248 5527 2297 5572 te
2321 5519 2606 5586 formarem
2622 5517 2678 5569 in
2697 5525 2863 5578 utero,
2887 5519 3006 5572 novi
3029 5529 3114 5571 te:
3137 5526 3187 5571 et
3205 5528 3495 5585 antequam
3529 5522 3640 5573 eari-

2070 5603 2150 5659 res
2180 5587 2243 5659 de
2270 5588 2790 5659 vulva,sauatificavi
2818 5595 2884 5659 te.
2916 5605 2936 5638 ι
2973 5588 3106 5659 Hinc
3128 5587 3399 5659 etAPaulus
3428 5603 3642 5659 aposto-

2073 5654 2153 5728 lus
2170 5676 2182 5711 :
2202 5656 2342 5721 Quos
2360 5658 2639 5728 prazscivit,
2659 5665 2706 5709 et
2733 5658 3123 5724 pmdestinaoit
3144 5657 3314 5723 (Rom.
3340 5654 3587 5718 νιιιζὲθ).
3618 5676 3639 5710 ι

2071 5726 2188 5781 Non
2218 5726 2538 5798 dixit'prius,
2579 5746 2596 5780 ι
2627 5728 3050 5793 Prwdestinavit,
3085 5748 3101 5779 ›
3127 5729 3236 5794 sed,
3277 5747 3295 5779 ι
3316 5728 3639 5784 Prasa‘vilJ
