4130 6202
510 256 612 322 72⁸1

1745 252 2090 318 PHILIPPI
2125 233 2516 318 SOLITARII

3665 256 3773 319 728

509 387 790 443 magnum,
823 379 916 425 aut
955 385 1183 441 parvum
1223 371 1326 436 sit;
1359 385 1461 426 nec
1507 380 1566 425 ut
1617 372 1804 428 colore
1849 381 1946 427 aut
1972 371 2085 428 fus-
2116 372 2299 444 Ajam
2335 388 2367 428 a
2430 388 2518 430 me
2565 373 2838 430 recensita
2891 383 3020 430 sunt
3067 371 3330 442 admittit,
3380 381 3437 428 et
3485 371 3767 442 approbat,

507 477 657 527 eum,
676 468 772 517 aut
791 461 996 524 album,
1022 471 1118 515 aut
1139 459 1400 529 lividum;
1421 477 1525 518 nec
1544 471 1604 517 ut
1624 471 1811 532 tenue,
1836 478 2084 520 macrum

511 566 608 614 aut
655 570 945 612 carnosum
979 571 994 621 ;
1031 569 1135 611 nec
1169 563 1230 610 ut
1267 555 1502 612 solidum
1563 573 1629 613 ac
1678 557 1943 625 validum,
1993 563 2090 612 aut

511 651 810 706 inﬁrmum.
843 650 961 706 Non
991 650 1141 706 enim
1174 660 1422 706 nostrum
1475 659 1560 707 est
1596 666 1779 722 posse,
1833 663 1927 709 aut
1976 666 2087 706 non

509 758 714 816 posse;
775 758 968 798 verum
1026 743 1080 797 id
1130 753 1342 799 naturae
1385 753 1588 799 nostra:
1641 759 1671 798 a
1723 744 2087 799 Procreatore

509 837 726 892 caelitus
775 834 1119 890 conceditur.
1166 835 1280 890 Nec
1321 837 1611 906 quisquam
1665 835 1783 890 haec
1833 835 1888 890 in
1928 834 2089 891 nobis

508 935 752 992 accusat,
790 942 894 982 nec
931 926 1334 998 querimoniam
1360 927 1586 982 habent.
1641 927 1832 998 Neque
1881 927 1954 982 ob
1987 928 2090 984 ista

507 1021 594 1075 vel
630 1035 846 1091 pmnam
897 1019 1257 1084 incurrimus,
1308 1019 1392 1074 vel
1429 1034 1664 1075 coronas
1707 1019 2088 1090 adipiscimur.

509 1114 644 1169 Esse
664 1121 847 1168 autem
867 1112 1200 1183 improbum,
1236 1119 1330 1167 aut
1351 1112 1673 1166 scortationi
1701 1112 1972 1178 deditum,
1995 1121 2092 1168 aut

513 1206 802 1271 lascivum,
829 1214 926 1260 aut
949 1204 1229 1260 ebriosum
1265 1213 1358 1258 aut
1391 1203 1696 1276 cynazdum,
1739 1213 1836 1260 aut
1861 1205 2089 1260 menda-

511 1293 812 1363 ciloquum,
875 1301 970 1348 aut
1011 1292 1296 1360 furacem;
1352 1303 1449 1348 aut
1481 1303 1696 1360 contra,
1731 1294 1980 1350 sobrium
2034 1300 2092 1348 et

513 1384 772 1456 probum,
803 1394 860 1440 et
903 1385 1259 1441 continentia:
1289 1385 1551 1452 amicum,
1586 1397 1682 1442 aut
1716 1395 2090 1451 mansuetum,

516 1479 744 1534 fratrum
767 1487 824 1534 et
845 1479 1095 1535 veritatis
1125 1488 1420 1544 amantem,
1454 1490 1550 1535 aut
1571 1480 1756 1534 animo
1783 1479 2090 1550 simplicem

516 1583 613 1628 aut
633 1573 881 1628 moribus
907 1572 1181 1640 dolosum,
1211 1574 1325 1628 haec
1350 1574 1611 1629 omniain
1657 1573 1818 1628 nobis
1843 1574 1949 1629 sita
1970 1588 2094 1628 esse

517 1674 731 1722 certum
763 1673 865 1720 est.
902 1665 1054 1727 Esse.
1093 1665 1339 1736 inquam,
1373 1665 1656 1720 electionis
1697 1674 1755 1719 et
1797 1663 2096 1719 voluntatis

519 1757 794 1822 humanas,
826 1765 882 1811 et
914 1755 1127 1812 consilii
1153 1721 1210 1811 et
1269 1757 1444 1826 scapi,
1497 1765 1553 1811 et
1609 1755 1914 1826 potestatis.
1969 1753 2098 1812 Haec
2131 1721 2171 1776 Β

519 1848 718 1912 retine,
776 1856 834 1904 et
879 1847 1024 1902 dicta
1086 1847 1380 1904 considera
1416 1866 1430 1903 :
1474 1866 1491 1898 ι
1527 1847 1822 1906 Scrutatur
1849 1846 2018 1902 corda
2041 1854 2099 1902 et

520 1937 716 2009 probat
768 1953 928 1993 renes
954 1936 1221 1993 Dominus
1247 1938 1313 1992 “.
1353 1958 1372 1989 ι
1409 1968 1477 1978 —-
1514 1957 1531 1988 ι
1565 1938 1634 1992 Ει
1657 1937 1822 1992 homo
1851 1936 2004 1990 videt
2033 1951 2096 1991 ea

518 2043 642 2100 qua:
682 2035 897 2098 parent,
961 2027 1107 2084 Deus
1152 2037 1336 2083 autem
1394 2042 1489 2081 cor
1521 2026 1585 2079 ³⁸.
1630 2045 1646 2074 ι
1678 2023 1743 2078 Et
1799 2023 1923 2096 quis
1952 2022 2100 2077 hunc

521 2121 842 2176 medullitus
863 2131 1010 2176 amat
1031 2121 1055 2175 ?

1121 2235 1348 2291 CAPUT
1383 2235 1493 2291 νη.

525 2351 717 2406 Multos
768 2351 915 2406 bonis
963 2351 1222 2420 aperibus,
1253 2359 1304 2404 et
1364 2359 1501 2404 recte
1549 2351 1703 2418 factis
1749 2347 2102 2418 compluribus

595 2421 949 2486 abundantes,
981 2421 1100 2476 aliis
1130 2438 1356 2490 quarunt
1407 2423 1609 2475 minuta
1641 2431 1689 2474 et
1721 2435 1890 2490 pauca
1921 2434 2104 2473 nume-

596 2500 808 2555 rantur,
855 2493 1035 2546 diuina
1083 2490 1354 2547 voluntate
1389 2500 1438 2544 et
1472 2493 1730 2545 sententia
1773 2506 1874 2544 non
1927 2490 2100 2542 antei-

599 2571 766 2617 turos.

597 2677 738 2734 Cum
793 2685 976 2732 autem
1021 2677 1358 2732 oblationem
1416 2675 1782 2731 obtulerimus
1831 2674 2103 2738 Creatori,

531 2775 622 2830 hic
668 2772 891 2843 quidem
946 2772 1241 2844 jejunium,
1286 2771 1599 2844 lacrymas;
1642 2770 1784 2824 alius
1822 2783 2014 2839 preces
2050 2778 2108 2823 et

531 2865 821 2926 stationem
846 2879 862 2930 ;
893 2864 1035 2920 alius
1083 2863 1396 2917 aﬁluentern
1426 2863 1634 2917 luctum
1661 2879 1675 2916 :
1711 2861 1852 2916 alius
1878 2861 2108 2932 vigilan-

532 2959 664 3013 tiam
692 2957 893 3020 cordis,
915 2955 1280 3010 humilitatem
1309 2953 1580 3008 sinceram
1607 2970 1622 3018 ;
1648 2953 1788 3008 alius
1815 2952 2106 3008 sublimem

2191 481 2315 536 qum
2347 466 2592 522 vicissim
2625 467 2850 540 largiter
2881 474 3286 532 remuneratur,
3318 463 3464 535 quod
3498 479 3529 519 e
3558 462 3773 518 duobus

2191 559 2438 624 minutis,
2491 575 2522 614 a
2578 559 2742 614 vidua
2794 558 2978 614 missis
3027 559 3170 629 (qua:
3211 571 3344 612 sane
3394 571 3509 626 pra:
3541 555 3770 610 divitum

2191 651 2518 707 muneribus
2569 659 2826 721 suscepta
2851 649 3108 722 legimus)
3153 647 3527 720 liquidissimo
3559 657 3772 703 constat

2191 745 2475 801 omnibus.
2501 744 2636 799 Nam
2677 743 2735 799 hi
2769 753 2980 816 partem
3011 743 3252 812 aliquam
3275 742 3342 797 de
3372 741 3604 801 summis
3635 740 3772 795 divi-

2192 839 2285 896 tiis
2313 839 2426 896 suis
2452 858 2467 896 :
2495 839 2587 895 illa
2638 847 2814 894 totum
2851 837 2998 908 quod
3027 834 3239 900 habuit,
3273 849 3465 905 magna
3495 833 3773 888 voluntate

2191 933 2398 989 dicavit
2423 949 2436 987 :
2465 947 2566 988 nec
2587 931 2793 986 arbiter
2811 930 3063 986 Christus
3092 926 3397 983 secundum
3421 924 3549 980 doni
3579 941 3660 980 am
3671 923 3776 994 pli-

2194 1025 2465 1090 tudinem,
2501 1024 2596 1080 sed
2622 1023 2926 1079 secundum
2953 1019 3119 1076 animi
3147 1017 3605 1090 magnitudinem,
3636 1016 3776 1070 divi-

2195 1117 2410 1187 tiasque
2459 1116 2751 1171 arbitrium
2802 1111 3203 1184 pronuntiavit.
3253 1108 3449 1166 Viden‘
3482 1117 3541 1164 ut
3578 1123 3777 1163 munus

2193 1209 2374 1264 viduae
2425 1209 2588 1279 hujus
2617 1217 2673 1262 et
2725 1207 2998 1276 abjectum
3031 1213 3088 1260 et
3139 1201 3424 1275 pusillum,
3467 1199 3644 1256 visum
3691 1207 3776 1254 est

2194 1300 2538 1358 maximum?
2589 1298 2979 1369 Saepenumero
3048 1294 3196 1350 enim
3277 1293 3469 1364 exigua
3529 1288 3776 1361 quaedam

2193 1393 2457 1450 dicuntur
2484 1389 2824 1460 amplissima
2856 1406 2868 1442 :
2908 1387 2960 1442 id
3007 1385 3153 1457 quod
3187 1399 3255 1439 ex
3283 1383 3372 1438 his
3398 1398 3520 1454 qua:
3565 1381 3779 1436 dictura

2195 1503 2313 1542 sum
2342 1485 2660 1557 perspicies.
2681 1480 3070 1544 OlimCain,et
3092 1477 3224 1534 Abel
3253 1476 3396 1532 dona
3423 1474 3776 1540 obtulerunt;

2207 1587 2576 1635 verumtatem
2644 1590 2754 1630 non
2803 1574 2995 1628 cadent
3045 1578 3228 1626 mente
3258 1583 3322 1623 ac
3357 1581 3522 1636 scopo
3557 1565 3779 1620 obtule-

2200 1678 2351 1736 runt,
2388 1668 2484 1723 sed
2515 1666 2652 1722 Abel
2697 1663 2930 1735 optimo,
2963 1661 3096 1718 Cain
3143 1659 3403 1731 pessimo.
3432 1656 3552 1712 Non
3593 1669 3782 1725 respe-

2202 1760 2282 1815 xit
2308 1767 2494 1814 autent
2526 1755 2791 1811 Dominus
2831 1753 2898 1808 ad
2936 1751 3076 1807 dona
3109 1749 3266 1814 Cain,
3301 1762 3616 1820 quanquam
3665 1745 3782 1801 exi-

2202 1854 2310 1909 mia
2337 1868 2402 1908 ac
2451 1848 2952 1921 sumptuosissirna.
2989 1843 3148 1899 Prior
3176 1843 3400 1914 quidem
3427 1841 3496 1896 de
3537 1839 3783 1910 frugibus

2203 1957 2364 2004 terra:
2397 1944 2748 2007 sacriﬁcavit,
2789 1950 2843 1997 at
2897 1956 3004 1996 non
3041 1948 3210 1999 recte,
3259 1951 3360 1991 nec
3393 1932 3784 1990 convenienter

2202 2038 2549 2097 sacriﬁcavit.
2577 2037 2756 2106 Atque
2784 2034 2916 2089 hinc
2941 2031 3103 2086 etiam
3126 2028 3292 2084 verba
3320 2041 3512 2099 parum
3540 2021 3786 2096 jucunda

2203 2131 2445 2188 audivit:
2485 2149 2503 2182 ι
2549 2129 2742 2185 Nonne
2767 2127 2812 2183 si
2840 2135 2988 2180 recte
3022 2120 3313 2186 obluleris,
3347 2134 3455 2173 non
3509 2126 3655 2171 recte
3688 2129 3788 2168 au-

2207 2236 2311 2281 tem
2339 2221 2616 2284 diviseris,
2641 2218 2878 2291 peccasti
2905 2218 2951 2250 ³⁸
2973 2218 2996 2272 ‘t
3021 2236 3038 2270 ι
3071 2244 3142 2257 -
3168 2233 3185 2266 ι
3210 2212 3320 2268 Cur
3335 2210 3474 2266 adeo
3502 2205 3676 2264 tristis
3692 2206 3787 2262 es?

2206 2316 2468 2388 peccasti,
2503 2313 2727 2384 quiesce
2767 2311 2834 2366 ".
2872 2330 2891 2361 ι
2953 2307 3098 2364 Satis
3155 2312 3404 2376 apparet,
3463 2299 3595 2371 quid
3647 2299 3789 2354 istuc

2205 2407 2497 2480 signiﬁcet.
2529 2405 2801 2462 Caeterum
2828 2413 2885 2458 et
2923 2401 3031 2457 alia
3074 2399 3143 2454 de
3169 2396 3470 2467 Scripturis
3499 2391 3648 2448 audi.
3675 2389 3787 2445 Noe

2206 2505 2274 2560 de
2311 2504 2608 2574 ligno,quo
2642 2497 2881 2554 mundus
2909 2502 3159 2551 servatus
3188 2500 3273 2547 est
3312 2489 3403 2558 (de
3427 2485 3574 2556 arca)
3609 2497 3788 2555 egres-

2207 2613 2325 2662 sus,
2354 2594 2588 2650 Domino
2619 2589 2953 2648 sacriﬁcium
2995 2586 3164 2652 fecit;
3197 2581 3345 2655 quod
3392 2581 3505 2642 ille,
3551 2587 3611 2632 ut
3653 2575 3788 2632 odo-

2211 2704 2329 2745 rem
2378 2701 2602 2742 suavem
2652 2683 2917 2739 odoratus
2945 2691 3052 2737 est.
3089 2677 3415 2750 Thymiama
3458 2674 3572 2730 sive
3603 2673 3789 2728 incen-

2207 2795 2332 2836 sum
2357 2776 2572 2833 Hebraei
2595 2773 2935 2837 obtulerunt,
2953 2769 3098 2843 quod
3124 2777 3305 2824 tamen
3325 2767 3467 2822 Deus
3489 2775 3551 2820 ut
3567 2777 3786 2825 vanum,

2209 2867 2612 2926 exsecrandum
2657 2873 2714 2921 et
2770 2861 3155 2919 detestandum
3216 2855 3548 2928 repudiavit.
3586 2852 3788 2921 Vapor,

2210 2974 2267 3020 et
2307 2962 2492 3018 furnus
2545 2959 2637 3015 hic
2679 2967 2736 3012 et
2773 2954 2872 3011 ibi.
2905 2954 2983 3010 lbi
3020 2951 3269 3008 nidorem
3318 2945 3453 3003 fumi
3483 2959 3606 3002 cum
3637 2943 3792 2997 volu-

531 3049 876 3110 charitatem,
909 3047 964 3102 in
996 3045 1449 3101 tribulationibus
1486 3045 1783 3116 gratiarum
1810 3044 2108 3111 actionem,
2135 3060 2182 3121 c
2216 3063 2366 3128 ριαιε
2419 3052 2683 3108 odoratus
2730 3055 2856 3105 est;
2905 3045 2997 3102 hic
3025 3043 3320 3115 thymiama
3364 3038 3556 3094 eadem
3596 3043 3790 3090 natura

532 3143 588 3197 in
645 3141 810 3196 rebus
867 3139 1114 3195 adversis
1163 3137 1504 3208 patientiam,
1564 3136 1999 3193 misericordiam
2053 3137 2108 3192 in

533 3247 826 3304 pauperes,
864 3231 1013 3288 alere
1055 3231 1385 3296 esurientes,
1435 3232 1698 3287 auxilium
1730 3246 1858 3302 erga
1905 3229 2111 3302 orpha-

463 3401 466 3405 _
533 3343 658 3394 nos,
707 3326 923 3392 viduas,
976 3336 1223 3396 egentes,
1276 3325 1517 3397 gaudere
1548 3341 1673 3382 eum
1719 3324 2110 3397 gaudentibus,

533 3419 722 3489 lugere
751 3432 876 3473 cum
905 3417 1222 3488 lugentibus
1247 3433 1262 3483 ;
1308 3417 1449 3472 alius
1491 3417 1896 3472 abdicationem
1926 3431 2112 3470 rerum

535 3509 807 3573 omnium,
829 3517 885 3563 et
909 3517 1286 3578 paupertatem
1306 3507 1554 3578 spiritus.
1582 3517 1809 3578 propter
1833 3506 2112 3562 Christum

536 3599 876 3654 voluntarias
895 3598 1142 3666 corporis
1171 3597 1604 3664 verberationes,
1632 3613 1742 3653 non
1772 3598 1866 3668 qui
1912 3597 2112 3651 borum

538 3690 664 3760 plus
723 3689 896 3752 dedit,
939 3688 1218 3756 acceptior
1259 3696 1315 3742 et
1371 3689 1578 3759 gratior
1599 3690 1752 3759 jfuit;
1790 3705 1920 3746 cave
1975 3692 2118 3746 istuc

541 3793 701 3852 putes
732 3800 745 3835 :
781 3795 913 3836 cave
946 3780 1060 3835 ullo
1082 3780 1244 3835 modo
1283 3781 1575 3836 arbitrere.
1609 3782 1762 3837 Haud
1793 3783 1940 3838 enim
1984 3784 2116 3840 sim-

541 3873 761 3945 pliciter
797 3873 1064 3928 Dominus
1088 3872 1233 3944 quod
1261 3873 1382 3944 plus
1411 3883 1495 3929 est
1521 3874 1783 3930 admittit.
1818 3874 1935 3932 Non
1960 3887 2119 3933 curat

542 3980 852 4032 mensuras,
877 3975 963 4028 .et
1013 3965 1224 4031 modos,
1290 3975 1347 4021 et
1391 3966 1717 4024 qualitatum
1765 3968 2118 4040 elegantiam,

544 4072 726 4128 neque
753 4057 952 4114 molem
1004 4067 1062 4112 et
1096 4057 1550 4128 magnitudinem,
1582 4075 1758 4130 neque
1787 4063 1934 4118 aliud
1957 4064 2119 4134 quip-

544 4149 690 4219 piam
717 4147 1025 4203 istiusmodi
1052 4166 1066 4203 :
1096 4148 1387 4204 consilium
1423 4153 1806 4208 tantummodo
1837 4164 1893 4209 et
1922 4153 2116 4210 inten-

547 4243 753 4297 tionem
779 4255 970 4297 eorum
1015 4257 1137 4311 quae
1184 4253 1442 4313 aguntur,
1495 4244 1647 4314 eligit
1675 4255 1838 4316 atque
1887 4257 2118 4318 spectat,

547 4332 878 4390 aﬁluentiam
913 4333 1231 4400 voluntatis,
1257 4343 1312 4389 et
1341 4335 1610 4392 fervorem
1644 4339 1849 4404 cordis,
1877 4355 2119 4396 amorem

549 4425 824 4489 intimum,
856 4424 1411 4491 desiderium,zelum
1444 4432 1482 4482 ‘.

615 4517 736 4574 Non
770 4533 834 4572 ea
888 4532 1010 4586 quae
1056 4529 1185 4572 sunt
1224 4517 1466 4588 ipsorum
1515 4521 1856 4591 concupiscit
1883 4541 1898 4578 :
1929 4525 1985 4580 in
2035 4525 2124 4582 his

547 4611 871 4682 acquiescit.
903 4609 1170 4682 Quodque
1199 4611 1606 4679 admirabilius,
1643 4625 1701 4670 et
1743 4617 2121 4675 misericordia

548 4703 772 4772 plenum
805 4710 910 4765 est,
945 4715 1058 4755 non
1105 4699 1417 4756 oblatorum
1446 4703 1837 4772 praestantiam,
1873 4706 1969 4762 sed
2001 4723 2125 4778 quae

616 4817 661 4849 ³⁸
681 4815 883 4874 Jerem.
913 4833 1044 4884 xvn,
1073 4817 1158 4871 10.
1227 4818 1272 4850 ³⁸
1297 4817 1315 4872 Ι
1349 4817 1482 4888 Reg.
1517 4834 1628 4881 xvr,
1651 4819 1702 4870 ’7.
1781 4820 1825 4851 ³⁸
1853 4819 1990 4878 Gen.
2024 4841 2100 4892 tv,
2127 4832 2178 4886 7.

2218 3154 2499 3211 constans,
2532 3159 2642 3199 non
2678 3139 2827 3196 aliud
2859 3153 3024 3210 quam
3083 3135 3224 3208 ignis
3279 3131 3544 3202 crepitus,
3596 3134 3654 3183 et
3705 3140 3792 3180 res

2218 3237 2493 3296 odorifera
2552 3235 2852 3291 indicatum
2879 3232 3056 3286 est
3137 3289 3145 3298 ο

2289 3332 2486 3388 Astus.
2522 3328 2708 3385 lndiea
2738 3325 2873 3381 mihi
2903 3321 3200 3395 quomodo,
3253 3327 3311 3376 et
3361 3329 3470 3387 qua
3519 3312 3586 3368 de
3633 3323 3794 3364 causa

2221 3427 2338 3481 haec
2375 3423 2487 3480 duo
2529 3419 2794 3478 sacriﬁcia
2830 3416 2934 3472 sibi
2970 3412 3245 3470 contraria
3295 3407 3526 3465 fuerint.
3568 3402 3794 3459 Declara

2221 3520 2357 3583 vim,
2391 3527 2627 3585 expone,
2659 3511 2796 3567 nihil
2827 3508 3064 3564 occulta.

2289 3610 2454 3666 Cano.
2506 3605 2644 3663 lllud
2712 3605 2914 3658 factum
2976 3608 3061 3655 est
3115 3611 3238 3653 cum
3305 3593 3411 3650 ﬁne
3467 3593 3579 3648 Deo
3646 3593 3796 3659 grato

2221 3709 2558 3772 acceptoque
2599 3694 2974 3752 :sacriﬁcium
3023 3691 3173 3746 enim
3216 3687 3331 3743 Noe
3381 3683 3594 3756 justitia
3649 3691 3799 3772 com-

2225 3769 2524 3856 mendavit,
2553 3789 3020 3854 vehementerque
3045 3779 3269 3852 placuit,
3289 3788 3352 3834 ut
3375 3777 3583 3831 dictum
3609 3777 3694 3828 est
3712 3769 3796 3835 "';

2224 3885 2422 3940 horum
2477 3889 2671 3938 contra
2719 3888 2964 3936 extrema
3023 3871 3369 3945 improbitas,
3427 3863 3796 3924 incredulitas,

2225 3973 2610 4032 malevolentia
2663 3980 2916 4026 naturam
2947 3962 3206 4023 sacriﬁcii
3233 3957 3628 4018 exsecrabilem
3676 3951 3802 4008 red-

2225 4069 2385 4125 didit.
2418 4065 2648 4122 Hebraea
2707 4061 2913 4133 quippe
2963 4058 3116 4114 natio
3167 4056 3354 4110 animo
3407 4058 3466 4107 et
3521 4049 3801 4104 voluntate

2228 4171 2484 4231 perversa
2519 4155 2623 4209 fuit
2664 4169 2680 4208 :
2719 4152 2773 4206 in
2821 4149 2982 4206 donis
3010 4155 3190 4204 autem
3221 4142 3569 4200 oﬁerentium
3594 4136 3804 4194 animos

2227 4253 2374 4308 Deus
2408 4250 2676 4310 intuetur,
2695 4259 2767 4298 ex
2815 4241 3019 4313 quibus
3065 4236 3277 4294 statuit.
3312 4234 3394 4290 En
3435 4231 3606 4287 babes
3637 4243 3668 4282 a
3718 4239 3804 4279 me

2227 4341 2374 4414 quod
2393 4336 2653 4411 quaesisti.
2682 4335 2761 4390 Ex
2785 4332 3068 4404 Scriptura
3087 4328 3236 4384 enim
3259 4336 3317 4382 et
3336 4321 3595 4380 distincte
3611 4315 3804 4414 “docui

2155 4417 2200 4473 θ
2231 4412 2401 4491 Deum
2427 4427 2802 4486 oblationibus
2820 4434 2876 4481 et
2922 4419 3208 4478 sacriﬁciis
3267 4412 3648 4490 hujuscemodi
3695 4423 3806 4463 non

2231 4519 2496 4580 delectari
2530 4540 2541 4574 :
2583 4531 2686 4573 nec
2727 4530 2853 4572 eum
2908 4511 2977 4568 ad
3034 4512 3256 4567 illorum
3285 4515 3558 4570 naturam,
3612 4499 3709 4556 sed
3739 4495 3806 4553 ad

2233 4623 2476 4672 mentem
2500 4607 2951 4672 sacriﬁcantium,
2975 4604 3258 4676 ipsamque
3282 4597 3603 4656 earumdem
3631 4595 3809 4648 inten-

2233 4709 2440 4765 tionem
2471 4719 2537 4760 ae
2569 4702 2908 4759 voluntatem
2949 4697 3134 4768 potius
3157 4692 3464 4751 attendere.
3498 4689 3652 4745 Hanc
3700 4697 3810 4757 pra:

2268 4827 2310 4860 ³⁷
2345 4826 2451 4880 lsa.
2488 4837 2526 4877 ι.

2017 4920 2292 5001 Scholia.

621 5017 637 5035 ⁸
689 5012 985 5099 ἓῆἷῖἓβδξῖ
1015 5010 1316 5099 Νἰηηέπίέπ
1343 5027 1404 5094 θίέ
1435 5012 1738 5099 fimi?“
1783 5015 1882 5099 ἔθα
1914 5031 2130 5099 MP.“

2236 4996 2434 5075 ossibus
2463 5016 2601 5070 enim
2634 5011 2880 5067 ustulatis
2934 5009 3066 5064 nihil
3094 5002 3522 5078 graveolentius:
3557 4998 3649 5054 sed
3687 4996 3809 5078 alui-

547 5101 650 5155 quo
681 5069 836 5151 ﬁunt.
857 5081 1026 5157 judca;
1070 5081 1213 5157 ‘Deus
1257 5069 1488 5157 inspicit.
1519 5069 1604 5157 Et
1623 5085 1678 5137 in
1718 5069 1872 5157 rebus
1913 5069 2128 5157 inridens
2235 5069 2666 5157 piuntﬂoﬁierentis
2687 5081 2948 5157 laudauit.
2975 5079 3081 5157 Nec
3094 5069 3254 5130 'enim
3289 5086 3542 5142 corporea
3575 5069 3808 5157 membra

547 5153 862 5235 quqs_sensu
885 5153 1200 5235 percipimus
1238 5154 1400 5206 etiam
1415 5154 1562 5235 .satio
1588 5155 1702 5235 ipsa
1719 5233 1726 5235 _
1743 5153 2004 5235 laboribia
2025 5167 2128 5224 est,

549 5221 835 5296 messisque
869 5221 1312 5296 similiter:_stepe_
1341 5224 1481 5278 enim
1513 5221 1670 5279 aestus
1697 5227 1960 5296 temporis
1989 5221 2125 5282 mes;

548 5310 693 5349 sores
743 5291 1085 5361 languefacit.
1139 5291 1366 5348 Ast'illa
1412 5295 1594 5348 messis
1651 5293 1762 5349 alia
1794 5291 1892 5357 est,
1946 5296 2124 5352 labore

550 5365 716 5435 enim,
761 5369 812 5415 et
841 5359 851 5361 ⁷
885 5359 1079 5414 sudore
1154 5375 1328 5435 caret.
1355 5395 1426 5404 —
1470 5365 1640 5420 Idem.
1710 5365 1908 5435 Alfectu
1979 5369 2120 5422 enim

551 5434 741 5495 animi,
771 5447 876 5504 non
910 5445 1155 5504 mensura
1186 5432 1524 5502 facultatum,
1557 5432 1854 5504 penuriam,
1884 5445 1932 5488 et
1951 5437 2121 5490 abun-

551 5504 794 5576 dantiam
836 5500 1080 5576 judicare
1133 5500 1512 5559 consuevimus.
1557 5500 1735 5576 'Multi
1778 5500 2006 5576 namque
2058 5509 2122 5561 de

552 5571 732 5645 multis
762 5586 932 5640 pauca
965 5570 1316 5645 largiuntur:
1352 5591 1442 5627 nec
1475 5575 1588 5628 dati
1639 5575 1808 5645 copia,
1841 5570 1932 5630 sed
1985 5577 2123 5630 dan-

553 5643 872 5714 tium_n_tens_
899 5641 1321 5714 talisfauttalis
1361 5646 1648 5709 indicatur,
1699 5641 2121 5714 a'stimaturquc.

625 5717 662 5736 ‘°
687 5711 1088 5771 Tbeodoretus.
1133 5713 1257 5768 Non
1296 5714 1448 5783 quasi
1498 5717 1660 5769 odore
1691 5715 1978 5773 delectatus
2009 5711 2076 5770 sit
2099 5731 2118 5770 :

2230 5136 2785 5224 iiblié'r,'iii'u3ia{u
2823 5136 2870 5207 ei
2911 5150 3288 5212 attribuamus,
3342 5136 3437 5215 per
3482 5157 3615 5212 quas
3673 5136 3809 5207 olfa-

2228 5245 2416 5354 “nim
2442 5303 2692 5350 naturam
2721 5306 3020 5351 munerum,
3063 5286 3152 5342 sed
3185 5282 3517 5357 prepositum
3540 5285 3809 5357 utentem-

2224 5345 2708 5454 qugféigféiéiuim
2765 5364 2970 5416 intuens
3009 5345 3196 5424 ’θεῖαί
3225 5345 3302 5409 ita
3350 5354 3414 5407 de
3461 5345 3812 5406 oblationibus

2221 5442 2684 5576 Juquaéhrysost.
2733 5500 2913 5576 Virum
2927 5501 3138 5576 justum
3169 5512 3286 5549 cum
3311 5493 3551 5576 dicimus,
3589 5505 3693 5544 non
3721 5485 3813 5576 qui

2231 5557 2686 5643 unamfaliauam,
2720 5571 2810 5627 sed
2852 5557 2948 5644 qui
3004 5569 3276 5624 universas
3328 5565 3546 5620 virtutes
3579 5557 3812 5633 comple-

2233 5656 2432 5704 ctatut.
