  <div class='ocr_page' id='page_1' title='image "/cluster/home/n/w/nwhite01/storage/ocr_20150623/127/hvd.32044073502411/370.png"; bbox 0 0 4122 6212; ppageno 0'>
   <div class='ocr_carea' id='block_1_1' title="bbox 397 239 504 306">
    <p class='ocr_par' dir='ltr' id='par_1_1' title="bbox 397 239 504 306">
     <span class='ocr_line' id='line_1_1' title="bbox 397 239 504 306; baseline 0.019 -2"><span class='ocrx_word' id='word_1_1' title='bbox 397 239 504 306; x_wconf 73' lang='grc'><strong>729</strong></span> 
     </span>
    </p>
   </div>
   <div class='ocr_carea' id='block_1_2' title="bbox 1875 233 2228 302">
    <p class='ocr_par' dir='ltr' id='par_1_2' title="bbox 1875 233 2228 302">
     <span class='ocr_line' id='line_1_2' title="bbox 1875 233 2228 302; baseline -0.006 0"><span class='ocrx_word' id='word_1_2' title='bbox 1875 233 2228 302; x_wconf 70' lang='grc' dir='ltr'><strong>ΒῙΟΡΤΒᾸ.</strong></span> 
     </span>
    </p>
   </div>
   <div class='ocr_carea' id='block_1_3' title="bbox 3531 246 3638 310">
    <p class='ocr_par' dir='ltr' id='par_1_3' title="bbox 3531 246 3638 310">
     <span class='ocr_line' id='line_1_3' title="bbox 3531 246 3638 310; baseline 0 -1"><span class='ocrx_word' id='word_1_3' title='bbox 3531 246 3638 310; x_wconf 79' lang='grc' dir='ltr'><strong>’13θ</strong></span> 
     </span>
    </p>
   </div>
   <div class='ocr_carea' id='block_1_4' title="bbox 397 349 3663 426">
    <p class='ocr_par' dir='ltr' id='par_1_4' title="bbox 397 349 3663 426">
     <span class='ocr_line' id='line_1_4' title="bbox 397 349 3663 426; baseline 0 -16"><span class='ocrx_word' id='word_1_4' title='bbox 397 355 657 411; x_wconf 87' lang='lat' dir='ltr'><strong>omnibus</strong></span> <span class='ocrx_word' id='word_1_5' title='bbox 701 351 1072 424; x_wconf 74' lang='lat' dir='ltr'><strong>amplectitur,</strong></span> <span class='ocrx_word' id='word_1_6' title='bbox 1102 351 1217 409; x_wconf 90' lang='lat' dir='ltr'><strong>sive</strong></span> <span class='ocrx_word' id='word_1_7' title='bbox 1246 365 1456 426; x_wconf 78' lang='lat' dir='ltr'><strong>pauper</strong></span> <span class='ocrx_word' id='word_1_8' title='bbox 1503 349 1649 423; x_wconf 90' lang='lat' dir='ltr'><strong>quis,</strong></span> <span class='ocrx_word' id='word_1_9' title='bbox 1682 351 1798 408; x_wconf 90' lang='lat' dir='ltr'><strong>sive</strong></span> <span class='ocrx_word' id='word_1_10' title='bbox 1831 350 1986 407; x_wconf 83' lang='lat' dir='ltr'><strong>dives</strong></span> <span class='ocrx_word' id='word_1_11' title='bbox 2011 350 2060 411; x_wconf 75' lang='grc' dir='ltr'><strong>Α</strong></span> <span class='ocrx_word' id='word_1_12' title='bbox 2089 352 2477 422; x_wconf 66' lang='lat' dir='ltr'><strong>praestantibus</strong></span> <span class='ocrx_word' id='word_1_13' title='bbox 2502 363 2886 413; x_wconf 80' lang='lat' dir='ltr'><strong>numerantur.</strong></span> <span class='ocrx_word' id='word_1_14' title='bbox 2916 353 3024 410; x_wconf 87' lang='lat' dir='ltr'><strong>Sed</strong></span> <span class='ocrx_word' id='word_1_15' title='bbox 3067 369 3189 424; x_wconf 73' lang='lat' dir='ltr'><strong>qua:</strong></span> <span class='ocrx_word' id='word_1_16' title='bbox 3241 369 3435 425; x_wconf 82' lang='lat' dir='ltr'><strong>magna</strong></span> <span class='ocrx_word' id='word_1_17' title='bbox 3468 354 3663 411; x_wconf 91' lang='lat' dir='ltr'><strong>inerti-</strong></span> 
     </span>
    </p>
   </div>
   <div class='ocr_carea' id='block_1_5' title="bbox 399 447 645 502">
    <p class='ocr_par' dir='ltr' id='par_1_5' title="bbox 399 447 645 502">
     <span class='ocr_line' id='line_1_5' title="bbox 399 447 645 502; baseline 0 0"><span class='ocrx_word' id='word_1_18' title='bbox 399 447 569 502; x_wconf 89' lang='lat' dir='ltr'><strong>fuerit</strong></span> <span class='ocrx_word' id='word_1_19' title='bbox 604 449 645 502; x_wconf 83' lang='grc'><strong>⁶.</strong></span> 
     </span>
    </p>
   </div>
   <div class='ocr_carea' id='block_1_6' title="bbox 476 535 1984 609">
    <p class='ocr_par' dir='ltr' id='par_1_6' title="bbox 476 535 1984 609">
     <span class='ocr_line' id='line_1_6' title="bbox 476 535 1984 609; baseline -0.003 -15"><span class='ocrx_word' id='word_1_20' title='bbox 476 540 572 595; x_wconf 77' lang='lat' dir='ltr'><strong>llis</strong></span> <span class='ocrx_word' id='word_1_21' title='bbox 601 539 863 609; x_wconf 73' lang='lat' dir='ltr'><strong>placatur,</strong></span> <span class='ocrx_word' id='word_1_22' title='bbox 891 537 980 594; x_wconf 89' lang='lat' dir='ltr'><strong>his</strong></span> <span class='ocrx_word' id='word_1_23' title='bbox 1025 536 1193 601; x_wconf 89' lang='lat' dir='ltr'><strong>favet,</strong></span> <span class='ocrx_word' id='word_1_24' title='bbox 1223 537 1314 592; x_wconf 90' lang='lat' dir='ltr'><strong>bis</strong></span> <span class='ocrx_word' id='word_1_25' title='bbox 1369 535 1594 608; x_wconf 91' lang='lat' dir='ltr'><strong>gaudet,</strong></span> <span class='ocrx_word' id='word_1_26' title='bbox 1627 551 1725 592; x_wconf 87' lang='lat' dir='ltr'><strong>seu</strong></span> <span class='ocrx_word' id='word_1_27' title='bbox 1777 535 1984 598; x_wconf 89' lang='lat' dir='ltr'><strong>minus,</strong></span> 
     </span>
    </p>
   </div>
   <div class='ocr_carea' id='block_1_7' title="bbox 400 627 1985 701">
    <p class='ocr_par' dir='ltr' id='par_1_7' title="bbox 400 627 1985 701">
     <span class='ocr_line' id='line_1_7' title="bbox 400 627 1985 701; baseline -0.003 -14"><span class='ocrx_word' id='word_1_28' title='bbox 400 648 499 688; x_wconf 90' lang='lat' dir='ltr'><strong>seu</strong></span> <span class='ocrx_word' id='word_1_29' title='bbox 551 633 725 701; x_wconf 85' lang='lat' dir='ltr'><strong>majus</strong></span> <span class='ocrx_word' id='word_1_30' title='bbox 761 630 1032 700; x_wconf 86' lang='lat' dir='ltr'><strong>quispiam</strong></span> <span class='ocrx_word' id='word_1_31' title='bbox 1091 629 1376 694; x_wconf 75' lang='lat' dir='ltr'><strong>obtulerit,</strong></span> <span class='ocrx_word' id='word_1_32' title='bbox 1417 644 1516 684; x_wconf 89' lang='lat' dir='ltr'><strong>seu</strong></span> <span class='ocrx_word' id='word_1_33' title='bbox 1583 627 1831 692; x_wconf 91' lang='lat' dir='ltr'><strong>obolum,</strong></span> <span class='ocrx_word' id='word_1_34' title='bbox 1887 642 1985 682; x_wconf 90' lang='lat' dir='ltr'><strong>seu</strong></span> 
     </span>
    </p>
   </div>
   <div class='ocr_carea' id='block_1_8' title="bbox 402 722 1987 791">
    <p class='ocr_par' dir='ltr' id='par_1_8' title="bbox 402 722 1987 791">
     <span class='ocr_line' id='line_1_8' title="bbox 402 722 1987 791; baseline -0.003 -13"><span class='ocrx_word' id='word_1_35' title='bbox 402 725 699 787; x_wconf 87' lang='lat' dir='ltr'><strong>minutum.</strong></span> <span class='ocrx_word' id='word_1_36' title='bbox 751 738 848 778; x_wconf 91' lang='lat' dir='ltr'><strong>seu</strong></span> <span class='ocrx_word' id='word_1_37' title='bbox 906 739 1070 778; x_wconf 92' lang='lat' dir='ltr'><strong>ovum</strong></span> <span class='ocrx_word' id='word_1_38' title='bbox 1123 722 1409 785; x_wconf 86' lang='lat' dir='ltr'><strong>duntaxat,</strong></span> <span class='ocrx_word' id='word_1_39' title='bbox 1457 736 1553 776; x_wconf 90' lang='lat' dir='ltr'><strong>seu</strong></span> <span class='ocrx_word' id='word_1_40' title='bbox 1607 735 1827 791; x_wconf 87' lang='lat' dir='ltr'><strong>panem,</strong></span> <span class='ocrx_word' id='word_1_41' title='bbox 1889 734 1987 774; x_wconf 89' lang='lat' dir='ltr'><strong>seu</strong></span> 
     </span>
    </p>
   </div>
   <div class='ocr_carea' id='block_1_9' title="bbox 403 808 1987 884">
    <p class='ocr_par' dir='ltr' id='par_1_9' title="bbox 403 808 1987 884">
     <span class='ocr_line' id='line_1_9' title="bbox 403 808 1987 884; baseline -0.004 -16"><span class='ocrx_word' id='word_1_42' title='bbox 403 814 632 868; x_wconf 86' lang='lat' dir='ltr'><strong>calicem</strong></span> <span class='ocrx_word' id='word_1_43' title='bbox 692 828 848 884; x_wconf 76' lang='lat' dir='ltr'><strong>aquae</strong></span> <span class='ocrx_word' id='word_1_44' title='bbox 901 811 1111 883; x_wconf 75' lang='lat' dir='ltr'><strong>frigida:</strong></span> <span class='ocrx_word' id='word_1_45' title='bbox 1173 812 1319 882; x_wconf 89' lang='lat' dir='ltr'><strong>(nam</strong></span> <span class='ocrx_word' id='word_1_46' title='bbox 1359 819 1415 865; x_wconf 91' lang='lat' dir='ltr'><strong>et</strong></span> <span class='ocrx_word' id='word_1_47' title='bbox 1463 810 1630 881; x_wconf 84' lang='lat' dir='ltr'><strong>huius</strong></span> <span class='ocrx_word' id='word_1_48' title='bbox 1698 808 1987 879; x_wconf 86' lang='lat' dir='ltr'><strong>Scriptura</strong></span> 
     </span>
    </p>
   </div>
   <div class='ocr_carea' id='block_1_10' title="bbox 400 901 1987 973">
    <p class='ocr_par' dir='ltr' id='par_1_10' title="bbox 400 901 1987 973">
     <span class='ocr_line' id='line_1_10' title="bbox 400 901 1987 973; baseline -0.006 -12"><span class='ocrx_word' id='word_1_49' title='bbox 400 907 658 962; x_wconf 87' lang='lat' dir='ltr'><strong>meminit</strong></span> <span class='ocrx_word' id='word_1_50' title='bbox 688 907 755 973; x_wconf 83' lang='grc'><strong>⁸⁷)</strong></span> <span class='ocrx_word' id='word_1_51' title='bbox 795 921 890 960; x_wconf 88' lang='lat' dir='ltr'><strong>seu</strong></span> <span class='ocrx_word' id='word_1_52' title='bbox 934 913 1142 959; x_wconf 78' lang='lat' dir='ltr'><strong>vestem</strong></span> <span class='ocrx_word' id='word_1_53' title='bbox 1175 904 1548 966; x_wconf 85' lang='lat' dir='ltr'><strong>veterrimam,</strong></span> <span class='ocrx_word' id='word_1_54' title='bbox 1597 909 1692 956; x_wconf 90' lang='lat' dir='ltr'><strong>aut</strong></span> <span class='ocrx_word' id='word_1_55' title='bbox 1749 901 1987 955; x_wconf 85' lang='lat' dir='ltr'><strong>laceram</strong></span> 
     </span>
    </p>
   </div>
   <div class='ocr_carea' id='block_1_11' title="bbox 400 995 1988 1068">
    <p class='ocr_par' dir='ltr' id='par_1_11' title="bbox 400 995 1988 1068">
     <span class='ocr_line' id='line_1_11' title="bbox 400 995 1988 1068; baseline -0.003 -16"><span class='ocrx_word' id='word_1_56' title='bbox 400 998 469 1052; x_wconf 85' lang='lat' dir='ltr'><strong>ad</strong></span> <span class='ocrx_word' id='word_1_57' title='bbox 498 1005 899 1068; x_wconf 75' lang='lat' dir='ltr'><strong>tegumentum,</strong></span> <span class='ocrx_word' id='word_1_58' title='bbox 932 1003 1027 1050; x_wconf 90' lang='lat' dir='ltr'><strong>aut</strong></span> <span class='ocrx_word' id='word_1_59' title='bbox 1060 1010 1228 1064; x_wconf 59' lang='lat' dir='ltr'><strong>cape,</strong></span> <span class='ocrx_word' id='word_1_60' title='bbox 1258 995 1564 1057; x_wconf 86' lang='lat' dir='ltr'><strong>autalium,</strong></span> <span class='ocrx_word' id='word_1_61' title='bbox 1593 1005 1689 1050; x_wconf 91' lang='lat' dir='ltr'><strong>aut</strong></span> <span class='ocrx_word' id='word_1_62' title='bbox 1714 995 1988 1066; x_wconf 81' lang='lat' dir='ltr'><strong>intybum,</strong></span> 
     </span>
    </p>
   </div>
   <div class='ocr_carea' id='block_1_12' title="bbox 401 1087 1986 1158">
    <p class='ocr_par' dir='ltr' id='par_1_12' title="bbox 401 1087 1986 1158">
     <span class='ocr_line' id='line_1_12' title="bbox 401 1087 1986 1158; baseline -0.005 -12"><span class='ocrx_word' id='word_1_63' title='bbox 401 1099 498 1146; x_wconf 89' lang='lat' dir='ltr'><strong>aut</strong></span> <span class='ocrx_word' id='word_1_64' title='bbox 518 1090 745 1144; x_wconf 82' lang='lat' dir='ltr'><strong>herbam</strong></span> <span class='ocrx_word' id='word_1_65' title='bbox 775 1089 1039 1158; x_wconf 89' lang='lat' dir='ltr'><strong>aliquam,</strong></span> <span class='ocrx_word' id='word_1_66' title='bbox 1067 1096 1164 1142; x_wconf 87' lang='lat' dir='ltr'><strong>aut</strong></span> <span class='ocrx_word' id='word_1_67' title='bbox 1185 1087 1332 1142; x_wconf 89' lang='lat' dir='ltr'><strong>aliud</strong></span> <span class='ocrx_word' id='word_1_68' title='bbox 1353 1087 1632 1158; x_wconf 87' lang='lat' dir='ltr'><strong>quippiam</strong></span> <span class='ocrx_word' id='word_1_69' title='bbox 1657 1087 1986 1142; x_wconf 87' lang='lat' dir='ltr'><strong>vilissimum</strong></span> 
     </span>
    </p>
   </div>
   <div class='ocr_carea' id='block_1_13' title="bbox 400 1177 1990 1252">
    <p class='ocr_par' dir='ltr' id='par_1_13' title="bbox 400 1177 1990 1252">
     <span class='ocr_line' id='line_1_13' title="bbox 400 1177 1990 1252; baseline -0.003 -17"><span class='ocrx_word' id='word_1_70' title='bbox 400 1180 549 1252; x_wconf 89' lang='lat' dir='ltr'><strong>quod</strong></span> <span class='ocrx_word' id='word_1_71' title='bbox 601 1182 727 1251; x_wconf 87' lang='lat' dir='ltr'><strong>quis</strong></span> <span class='ocrx_word' id='word_1_72' title='bbox 786 1179 1173 1234; x_wconf 84' lang='lat' dir='ltr'><strong>nominaverit.</strong></span> <span class='ocrx_word' id='word_1_73' title='bbox 1232 1179 1466 1234; x_wconf 83' lang='lat' dir='ltr'><strong>Animus</strong></span> <span class='ocrx_word' id='word_1_74' title='bbox 1519 1187 1576 1232; x_wconf 89' lang='lat' dir='ltr'><strong>et</strong></span> <span class='ocrx_word' id='word_1_75' title='bbox 1630 1178 1800 1232; x_wconf 89' lang='lat' dir='ltr'><strong>animi</strong></span> <span class='ocrx_word' id='word_1_76' title='bbox 1848 1177 1990 1232; x_wconf 88' lang='lat' dir='ltr'><strong>bona</strong></span> 
     </span>
    </p>
   </div>
   <div class='ocr_carea' id='block_1_14' title="bbox 402 1267 1990 1340">
    <p class='ocr_par' dir='ltr' id='par_1_14' title="bbox 402 1267 1990 1340">
     <span class='ocr_line' id='line_1_14' title="bbox 402 1267 1990 1340; baseline -0.004 -14"><span class='ocrx_word' id='word_1_77' title='bbox 402 1272 660 1326; x_wconf 86' lang='lat' dir='ltr'><strong>voluntas</strong></span> <span class='ocrx_word' id='word_1_78' title='bbox 693 1270 746 1324; x_wconf 93' lang='lat' dir='ltr'><strong>in</strong></span> <span class='ocrx_word' id='word_1_79' title='bbox 785 1271 870 1324; x_wconf 91' lang='lat' dir='ltr'><strong>his</strong></span> <span class='ocrx_word' id='word_1_80' title='bbox 897 1270 1057 1339; x_wconf 89' lang='lat' dir='ltr'><strong>plane</strong></span> <span class='ocrx_word' id='word_1_81' title='bbox 1099 1269 1269 1340; x_wconf 83' lang='lat' dir='ltr'><strong>iudex</strong></span> <span class='ocrx_word' id='word_1_82' title='bbox 1299 1279 1384 1325; x_wconf 89' lang='lat' dir='ltr'><strong>est</strong></span> <span class='ocrx_word' id='word_1_83' title='bbox 1435 1287 1449 1323; x_wconf 91' lang='lat'><strong>:</strong></span> <span class='ocrx_word' id='word_1_84' title='bbox 1485 1268 1621 1324; x_wconf 90' lang='lat' dir='ltr'><strong>citra</strong></span> <span class='ocrx_word' id='word_1_85' title='bbox 1655 1267 1990 1322; x_wconf 83' lang='lat' dir='ltr'><strong>voluntatem</strong></span> 
     </span>
    </p>
   </div>
   <div class='ocr_carea' id='block_1_15' title="bbox 406 1359 1989 1432">
    <p class='ocr_par' dir='ltr' id='par_1_15' title="bbox 406 1359 1989 1432">
     <span class='ocr_line' id='line_1_15' title="bbox 406 1359 1989 1432; baseline -0.004 -13"><span class='ocrx_word' id='word_1_86' title='bbox 406 1363 867 1430; x_wconf 82' lang='lat' dir='ltr'><strong>all‘cctionemque</strong></span> <span class='ocrx_word' id='word_1_87' title='bbox 891 1363 1154 1431; x_wconf 90' lang='lat' dir='ltr'><strong>optimam</strong></span> <span class='ocrx_word' id='word_1_88' title='bbox 1177 1361 1382 1416; x_wconf 90' lang='lat' dir='ltr'><strong>donum</strong></span> <span class='ocrx_word' id='word_1_89' title='bbox 1401 1376 1501 1432; x_wconf 89' lang='lat' dir='ltr'><strong>per</strong></span> <span class='ocrx_word' id='word_1_90' title='bbox 1520 1375 1579 1415; x_wconf 89' lang='lat' dir='ltr'><strong>se</strong></span> <span class='ocrx_word' id='word_1_91' title='bbox 1607 1359 1743 1414; x_wconf 83' lang='lat' dir='ltr'><strong>nihil</strong></span> <span class='ocrx_word' id='word_1_92' title='bbox 1763 1359 1904 1413; x_wconf 86' lang='lat' dir='ltr'><strong>valet</strong></span> 
     </span>
    </p>
   </div>
   <div class='ocr_carea' id='block_1_16' title="bbox 481 1449 1989 1522">
    <p class='ocr_par' dir='ltr' id='par_1_16' title="bbox 481 1449 1989 1522">
     <span class='ocr_line' id='line_1_16' title="bbox 481 1449 1989 1522; baseline -0.002 -15"><span class='ocrx_word' id='word_1_93' title='bbox 481 1454 626 1521; x_wconf 87' lang='lat' dir='ltr'><strong>Quid</strong></span> <span class='ocrx_word' id='word_1_94' title='bbox 661 1468 761 1522; x_wconf 92' lang='lat' dir='ltr'><strong>ego</strong></span> <span class='ocrx_word' id='word_1_95' title='bbox 784 1453 986 1507; x_wconf 83' lang='lat' dir='ltr'><strong>donum</strong></span> <span class='ocrx_word' id='word_1_96' title='bbox 1022 1467 1269 1507; x_wconf 90' lang='lat' dir='ltr'><strong>memoro</strong></span> <span class='ocrx_word' id='word_1_97' title='bbox 1294 1453 1318 1507; x_wconf 67' lang='grc' dir='ltr'><em>Ἰ</em></span> <span class='ocrx_word' id='word_1_98' title='bbox 1343 1452 1507 1508; x_wconf 91' lang='lat' dir='ltr'><strong>Solus</strong></span> <span class='ocrx_word' id='word_1_99' title='bbox 1541 1465 1722 1506; x_wconf 85' lang='lat' dir='ltr'><strong>sermo</strong></span> <span class='ocrx_word' id='word_1_100' title='bbox 1769 1449 1989 1505; x_wconf 77' lang='lat' dir='ltr'><strong>sufﬁcit.</strong></span> 
     </span>
    </p>
   </div>
   <div class='ocr_carea' id='block_1_17' title="bbox 411 1543 1996 1616">
    <p class='ocr_par' dir='ltr' id='par_1_17' title="bbox 411 1543 1996 1616">
     <span class='ocr_line' id='line_1_17' title="bbox 411 1543 1996 1616; baseline -0.004 -14"><span class='ocrx_word' id='word_1_101' title='bbox 411 1548 568 1603; x_wconf 87' lang='lat' dir='ltr'><strong>Sicut</strong></span> <span class='ocrx_word' id='word_1_102' title='bbox 594 1547 741 1602; x_wconf 90' lang='lat' dir='ltr'><strong>enim</strong></span> <span class='ocrx_word' id='word_1_103' title='bbox 774 1562 866 1601; x_wconf 87' lang='lat' dir='ltr'><strong>ros</strong></span> <span class='ocrx_word' id='word_1_104' title='bbox 897 1546 1216 1616; x_wconf 87' lang='lat' dir='ltr'><strong>frequenter</strong></span> <span class='ocrx_word' id='word_1_105' title='bbox 1243 1553 1434 1600; x_wconf 72' lang='lat' dir='ltr'><strong>aestum</strong></span> <span class='ocrx_word' id='word_1_106' title='bbox 1485 1543 1674 1600; x_wconf 84' lang='lat' dir='ltr'><strong>sedat:</strong></span> <span class='ocrx_word' id='word_1_107' title='bbox 1711 1543 1782 1597; x_wconf 89' lang='lat' dir='ltr'><strong>ita</strong></span> <span class='ocrx_word' id='word_1_108' title='bbox 1814 1557 1996 1597; x_wconf 84' lang='lat' dir='ltr'><strong>sermo</strong></span> 
     </span>
    </p>
   </div>
   <div class='ocr_carea' id='block_1_18' title="bbox 2088 443 3665 514">
    <p class='ocr_par' dir='ltr' id='par_1_18' title="bbox 2088 443 3665 514">
     <span class='ocr_line' id='line_1_18' title="bbox 2088 443 3665 514; baseline -0.001 -12"><span class='ocrx_word' id='word_1_109' title='bbox 2088 447 2192 502; x_wconf 88' lang='lat' dir='ltr'><strong>bus</strong></span> <span class='ocrx_word' id='word_1_110' title='bbox 2223 446 2501 510; x_wconf 89' lang='lat' dir='ltr'><strong>videntur,</strong></span> <span class='ocrx_word' id='word_1_111' title='bbox 2526 461 2588 501; x_wconf 90' lang='lat' dir='ltr'><strong>ea</strong></span> <span class='ocrx_word' id='word_1_112' title='bbox 2617 461 2646 500; x_wconf 91' lang='lat' dir='ltr'><strong>a</strong></span> <span class='ocrx_word' id='word_1_113' title='bbox 2687 445 2949 500; x_wconf 86' lang='lat' dir='ltr'><strong>studiosis</strong></span> <span class='ocrx_word' id='word_1_114' title='bbox 2993 455 3048 500; x_wconf 90' lang='lat' dir='ltr'><strong>et</strong></span> <span class='ocrx_word' id='word_1_115' title='bbox 3082 443 3438 513; x_wconf 75' lang='lat' dir='ltr'><strong>diligentibus</strong></span> <span class='ocrx_word' id='word_1_116' title='bbox 3468 443 3665 514; x_wconf 81' lang='lat' dir='ltr'><strong>exigua</strong></span> 
     </span>
    </p>
   </div>
   <div class='ocr_carea' id='block_1_19' title="bbox 2086 534 3666 608">
    <p class='ocr_par' dir='ltr' id='par_1_19' title="bbox 2086 534 3666 608">
     <span class='ocr_line' id='line_1_19' title="bbox 2086 534 3666 608; baseline -0.004 -13"><span class='ocrx_word' id='word_1_117' title='bbox 2086 547 2144 595; x_wconf 88' lang='lat' dir='ltr'><strong>et</strong></span> <span class='ocrx_word' id='word_1_118' title='bbox 2185 537 2400 608; x_wconf 81' lang='lat' dir='ltr'><strong>abiecta</strong></span> <span class='ocrx_word' id='word_1_119' title='bbox 2446 537 2759 602; x_wconf 89' lang='lat' dir='ltr'><strong>habentur;</strong></span> <span class='ocrx_word' id='word_1_120' title='bbox 2791 534 3256 606; x_wconf 89' lang='lat' dir='ltr'><strong>quemadmodum</strong></span> <span class='ocrx_word' id='word_1_121' title='bbox 3293 534 3666 605; x_wconf 86' lang='lat' dir='ltr'><strong>disputatione</strong></span> 
     </span>
    </p>
   </div>
   <div class='ocr_carea' id='block_1_20' title="bbox 2089 625 3668 698">
    <p class='ocr_par' dir='ltr' id='par_1_20' title="bbox 2089 625 3668 698">
     <span class='ocr_line' id='line_1_20' title="bbox 2089 625 3668 698; baseline -0.004 -12"><span class='ocrx_word' id='word_1_122' title='bbox 2089 640 2276 686; x_wconf 89' lang='lat' dir='ltr'><strong>nostra</strong></span> <span class='ocrx_word' id='word_1_123' title='bbox 2325 629 2503 685; x_wconf 79' lang='lat' dir='ltr'><strong>fusius</strong></span> <span class='ocrx_word' id='word_1_124' title='bbox 2547 629 2898 698; x_wconf 87' lang='lat' dir='ltr'><strong>explanatum</strong></span> <span class='ocrx_word' id='word_1_125' title='bbox 2945 635 3048 682; x_wconf 89' lang='lat' dir='ltr'><strong>est.</strong></span> <span class='ocrx_word' id='word_1_126' title='bbox 3098 625 3268 681; x_wconf 87' lang='lat' dir='ltr'><strong>Porro</strong></span> <span class='ocrx_word' id='word_1_127' title='bbox 3299 626 3353 680; x_wconf 94' lang='lat' dir='ltr'><strong>in</strong></span> <span class='ocrx_word' id='word_1_128' title='bbox 3384 627 3582 682; x_wconf 85' lang='lat' dir='ltr'><strong>erratis</strong></span> <span class='ocrx_word' id='word_1_129' title='bbox 3611 635 3668 680; x_wconf 85' lang='lat' dir='ltr'><strong>et</strong></span> 
     </span>
    </p>
   </div>
   <div class='ocr_carea' id='block_1_21' title="bbox 2088 720 3667 792">
    <p class='ocr_par' dir='ltr' id='par_1_21' title="bbox 2088 720 3667 792">
     <span class='ocr_line' id='line_1_21' title="bbox 2088 720 3667 792; baseline -0.003 -15"><span class='ocrx_word' id='word_1_130' title='bbox 2088 723 2336 792; x_wconf 83' lang='lat' dir='ltr'><strong>lapsibus</strong></span> <span class='ocrx_word' id='word_1_131' title='bbox 2371 720 2575 776; x_wconf 87' lang='lat' dir='ltr'><strong>nostris</strong></span> <span class='ocrx_word' id='word_1_132' title='bbox 2611 721 2773 775; x_wconf 88' lang='lat' dir='ltr'><strong>aliter</strong></span> <span class='ocrx_word' id='word_1_133' title='bbox 2801 735 2858 775; x_wconf 90' lang='lat' dir='ltr'><strong>se</strong></span> <span class='ocrx_word' id='word_1_134' title='bbox 2884 721 3049 774; x_wconf 88' lang='lat' dir='ltr'><strong>habet</strong></span> <span class='ocrx_word' id='word_1_135' title='bbox 3079 720 3287 789; x_wconf 91' lang='lat' dir='ltr'><strong>opinio.</strong></span> <span class='ocrx_word' id='word_1_136' title='bbox 3315 720 3489 774; x_wconf 86' lang='lat' dir='ltr'><strong>Exilia</strong></span> <span class='ocrx_word' id='word_1_137' title='bbox 3518 721 3667 774; x_wconf 89' lang='lat' dir='ltr'><strong>enim</strong></span> 
     </span>
    </p>
   </div>
   <div class='ocr_carea' id='block_1_22' title="bbox 2089 812 3670 886">
    <p class='ocr_par' dir='ltr' id='par_1_22' title="bbox 2089 812 3670 886">
     <span class='ocr_line' id='line_1_22' title="bbox 2089 812 3670 886; baseline -0.004 -15"><span class='ocrx_word' id='word_1_138' title='bbox 2089 827 2144 871; x_wconf 91' lang='lat' dir='ltr'><strong>et</strong></span> <span class='ocrx_word' id='word_1_139' title='bbox 2179 831 2342 886; x_wconf 90' lang='lat' dir='ltr'><strong>parva</strong></span> <span class='ocrx_word' id='word_1_140' title='bbox 2372 813 2517 882; x_wconf 90' lang='lat' dir='ltr'><strong>apud</strong></span> <span class='ocrx_word' id='word_1_141' title='bbox 2557 813 2706 868; x_wconf 92' lang='lat' dir='ltr'><strong>viros</strong></span> <span class='ocrx_word' id='word_1_142' title='bbox 2745 812 3022 882; x_wconf 89' lang='lat' dir='ltr'><strong>perfectos</strong></span> <span class='ocrx_word' id='word_1_143' title='bbox 3055 827 3162 866; x_wconf 89' lang='lat' dir='ltr'><strong>non</strong></span> <span class='ocrx_word' id='word_1_144' title='bbox 3195 820 3344 876; x_wconf 87' lang='lat' dir='ltr'><strong>sunt,</strong></span> <span class='ocrx_word' id='word_1_145' title='bbox 3376 826 3478 866; x_wconf 91' lang='lat' dir='ltr'><strong>nec</strong></span> <span class='ocrx_word' id='word_1_146' title='bbox 3522 812 3670 865; x_wconf 78' lang='lat' dir='ltr'><strong>acsti-</strong></span> 
     </span>
    </p>
   </div>
   <div class='ocr_carea' id='block_1_23' title="bbox 2090 904 3670 979">
    <p class='ocr_par' dir='ltr' id='par_1_23' title="bbox 2090 904 3670 979">
     <span class='ocr_line' id='line_1_23' title="bbox 2090 904 3670 979; baseline -0.005 -15"><span class='ocrx_word' id='word_1_147' title='bbox 2090 918 2311 964; x_wconf 87' lang='lat' dir='ltr'><strong>mantur</strong></span> <span class='ocrx_word' id='word_1_148' title='bbox 2339 923 2529 979; x_wconf 91' lang='lat' dir='ltr'><strong>parva.</strong></span> <span class='ocrx_word' id='word_1_149' title='bbox 2569 907 2637 962; x_wconf 86' lang='lat' dir='ltr'><strong>Et</strong></span> <span class='ocrx_word' id='word_1_150' title='bbox 2666 907 2925 970; x_wconf 87' lang='lat' dir='ltr'><strong>vicissim,</strong></span> <span class='ocrx_word' id='word_1_151' title='bbox 2974 921 3096 976; x_wconf 66' lang='lat' dir='ltr'><strong>qua:</strong></span> <span class='ocrx_word' id='word_1_152' title='bbox 3132 904 3439 974; x_wconf 79' lang='lat' dir='ltr'><strong>imperfecti</strong></span> <span class='ocrx_word' id='word_1_153' title='bbox 3476 918 3670 973; x_wconf 89' lang='lat' dir='ltr'><strong>magna</strong></span> 
     </span>
    </p>
   </div>
   <div class='ocr_carea' id='block_1_24' title="bbox 2091 995 3671 1068">
    <p class='ocr_par' dir='ltr' id='par_1_24' title="bbox 2091 995 3671 1068">
     <span class='ocr_line' id='line_1_24' title="bbox 2091 995 3671 1068; baseline -0.007 -9"><span class='ocrx_word' id='word_1_154' title='bbox 2091 1011 2340 1068; x_wconf 89' lang='lat' dir='ltr'><strong>censent,</strong></span> <span class='ocrx_word' id='word_1_155' title='bbox 2381 1001 2626 1057; x_wconf 89' lang='lat' dir='ltr'><strong>ealevis</strong></span> <span class='ocrx_word' id='word_1_156' title='bbox 2670 999 2955 1063; x_wconf 88' lang='lat' dir='ltr'><strong>momenti,</strong></span> <span class='ocrx_word' id='word_1_157' title='bbox 3005 1007 3060 1052; x_wconf 89' lang='lat' dir='ltr'><strong>et</strong></span> <span class='ocrx_word' id='word_1_158' title='bbox 3097 997 3420 1052; x_wconf 85' lang='lat' dir='ltr'><strong>tenuissima</strong></span> <span class='ocrx_word' id='word_1_159' title='bbox 3475 995 3671 1049; x_wconf 89' lang='lat' dir='ltr'><strong>abillo</strong></span> 
     </span>
    </p>
   </div>
   <div class='ocr_carea' id='block_1_25' title="bbox 2088 1088 3673 1171">
    <p class='ocr_par' dir='ltr' id='par_1_25' title="bbox 2088 1088 3673 1171">
     <span class='ocr_line' id='line_1_25' title="bbox 2088 1088 3673 1171; baseline -0.008 -19"><span class='ocrx_word' id='word_1_160' title='bbox 2088 1097 2429 1171; x_wconf 89' lang='lat' dir='ltr'><strong>iudicantur,</strong></span> <span class='ocrx_word' id='word_1_161' title='bbox 2480 1095 2573 1164; x_wconf 92' lang='lat' dir='ltr'><strong>qui</strong></span> <span class='ocrx_word' id='word_1_162' title='bbox 2624 1091 2889 1164; x_wconf 89' lang='lat' dir='ltr'><strong>perspicit</strong></span> <span class='ocrx_word' id='word_1_163' title='bbox 2933 1101 2986 1146; x_wconf 90' lang='lat' dir='ltr'><strong>et</strong></span> <span class='ocrx_word' id='word_1_164' title='bbox 3035 1106 3160 1145; x_wconf 89' lang='lat' dir='ltr'><strong>cum</strong></span> <span class='ocrx_word' id='word_1_165' title='bbox 3199 1089 3412 1160; x_wconf 85' lang='lat' dir='ltr'><strong>iustitia</strong></span> <span class='ocrx_word' id='word_1_166' title='bbox 3463 1088 3673 1157; x_wconf 88' lang='lat' dir='ltr'><strong>iudicat</strong></span> 
     </span>
    </p>
   </div>
   <div class='ocr_carea' id='block_1_26' title="bbox 2093 1177 3671 1253">
    <p class='ocr_par' dir='ltr' id='par_1_26' title="bbox 2093 1177 3671 1253">
     <span class='ocr_line' id='line_1_26' title="bbox 2093 1177 3671 1253; baseline -0.011 -6"><span class='ocrx_word' id='word_1_167' title='bbox 2093 1191 2298 1247; x_wconf 89' lang='lat' dir='ltr'><strong>omnia.</strong></span> <span class='ocrx_word' id='word_1_168' title='bbox 2341 1188 2422 1242; x_wconf 84' lang='lat' dir='ltr'><strong>Ad</strong></span> <span class='ocrx_word' id='word_1_169' title='bbox 2455 1187 2571 1241; x_wconf 55' lang='lat' dir='ltr'><strong>ha‘c</strong></span> <span class='ocrx_word' id='word_1_170' title='bbox 2595 1185 2700 1239; x_wconf 87' lang='lat' dir='ltr'><strong>alia</strong></span> <span class='ocrx_word' id='word_1_171' title='bbox 2729 1187 2885 1239; x_wconf 56' lang='lat' dir='ltr'><strong>bona:</strong></span> <span class='ocrx_word' id='word_1_172' title='bbox 2914 1183 3029 1253; x_wconf 89' lang='lat' dir='ltr'><strong>spei</strong></span> <span class='ocrx_word' id='word_1_173' title='bbox 3061 1182 3219 1251; x_wconf 87' lang='lat' dir='ltr'><strong>plena</strong></span> <span class='ocrx_word' id='word_1_174' title='bbox 3252 1180 3378 1234; x_wconf 90' lang='lat' dir='ltr'><strong>audi</strong></span> <span class='ocrx_word' id='word_1_175' title='bbox 3406 1197 3421 1235; x_wconf 94' lang='lat'><strong>:</strong></span> <span class='ocrx_word' id='word_1_176' title='bbox 3456 1198 3472 1229; x_wconf 75' lang='grc' dir='ltr'>ι</span> <span class='ocrx_word' id='word_1_177' title='bbox 3503 1177 3671 1232; x_wconf 88' lang='lat' dir='ltr'><strong>Primi</strong></span> 
     </span>
    </p>
   </div>
   <div class='ocr_carea' id='block_1_27' title="bbox 2092 1269 3673 1338">
    <p class='ocr_par' dir='ltr' id='par_1_27' title="bbox 2092 1269 3673 1338">
     <span class='ocr_line' id='line_1_27' title="bbox 2092 1269 3673 1338; baseline -0.009 -1"><span class='ocrx_word' id='word_1_178' title='bbox 2092 1282 2239 1338; x_wconf 91' lang='lat' dir='ltr'><strong>enim</strong></span> <span class='ocrx_word' id='word_1_179' title='bbox 2267 1288 2431 1334; x_wconf 92' lang='lat' dir='ltr'><strong>erunt</strong></span> <span class='ocrx_word' id='word_1_180' title='bbox 2492 1275 2774 1331; x_wconf 91' lang='lat' dir='ltr'><strong>novissimi</strong></span> <span class='ocrx_word' id='word_1_181' title='bbox 2811 1293 2830 1326; x_wconf 70' lang='grc' dir='ltr'><strong>ι</strong></span> <span class='ocrx_word' id='word_1_182' title='bbox 2882 1283 2938 1328; x_wconf 91' lang='lat' dir='ltr'><strong>et</strong></span> <span class='ocrx_word' id='word_1_183' title='bbox 2967 1292 2998 1329; x_wconf 86' lang='lat' dir='ltr'><strong>e</strong></span> <span class='ocrx_word' id='word_1_184' title='bbox 3037 1272 3335 1337; x_wconf 89' lang='lat' dir='ltr'><strong>contrario,</strong></span> <span class='ocrx_word' id='word_1_185' title='bbox 3383 1289 3403 1323; x_wconf 72' lang='grc' dir='ltr'>ι</span> <span class='ocrx_word' id='word_1_186' title='bbox 3437 1269 3673 1324; x_wconf 86' lang='lat' dir='ltr'><strong>novissi-</strong></span> 
     </span>
    </p>
   </div>
   <div class='ocr_carea' id='block_1_28' title="bbox 2093 1361 3673 1446">
    <p class='ocr_par' dir='ltr' id='par_1_28' title="bbox 2093 1361 3673 1446">
     <span class='ocr_line' id='line_1_28' title="bbox 2093 1361 3673 1446; baseline -0.009 -17"><span class='ocrx_word' id='word_1_187' title='bbox 2093 1375 2168 1430; x_wconf 88' lang='lat' dir='ltr'><strong>mi</strong></span> <span class='ocrx_word' id='word_1_188' title='bbox 2193 1370 2440 1446; x_wconf 74' lang='lat' dir='ltr'><strong>primi&quot;.</strong></span> <span class='ocrx_word' id='word_1_189' title='bbox 2477 1389 2494 1424; x_wconf 75' lang='grc' dir='ltr'><strong><em>ι</em></strong></span> <span class='ocrx_word' id='word_1_190' title='bbox 2521 1369 2750 1436; x_wconf 92' lang='lat' dir='ltr'><strong>Quando</strong></span> <span class='ocrx_word' id='word_1_191' title='bbox 2779 1368 2927 1422; x_wconf 89' lang='lat' dir='ltr'><strong>enim</strong></span> <span class='ocrx_word' id='word_1_192' title='bbox 2950 1367 3190 1438; x_wconf 88' lang='lat' dir='ltr'><strong>iuvenis,</strong></span> <span class='ocrx_word' id='word_1_193' title='bbox 3221 1367 3409 1435; x_wconf 88' lang='lat' dir='ltr'><strong>jussus</strong></span> <span class='ocrx_word' id='word_1_194' title='bbox 3444 1361 3673 1416; x_wconf 79' lang='lat' dir='ltr'><strong>faculta-</strong></span> 
     </span>
    </p>
   </div>
   <div class='ocr_carea' id='block_1_29' title="bbox 2097 1454 3674 1533">
    <p class='ocr_par' dir='ltr' id='par_1_29' title="bbox 2097 1454 3674 1533">
     <span class='ocr_line' id='line_1_29' title="bbox 2097 1454 3674 1533; baseline -0.011 -11"><span class='ocrx_word' id='word_1_195' title='bbox 2097 1476 2180 1522; x_wconf 92' lang='lat' dir='ltr'><strong>tes</strong></span> <span class='ocrx_word' id='word_1_196' title='bbox 2209 1479 2338 1520; x_wconf 86' lang='lat' dir='ltr'><strong>suas</strong></span> <span class='ocrx_word' id='word_1_197' title='bbox 2396 1463 2450 1517; x_wconf 90' lang='lat' dir='ltr'><strong>in</strong></span> <span class='ocrx_word' id='word_1_198' title='bbox 2507 1475 2782 1533; x_wconf 90' lang='lat' dir='ltr'><strong>pauperes</strong></span> <span class='ocrx_word' id='word_1_199' title='bbox 2827 1457 3183 1521; x_wconf 84' lang='lat' dir='ltr'><strong>distribuere,</strong></span> <span class='ocrx_word' id='word_1_200' title='bbox 3210 1456 3255 1510; x_wconf 91' lang='lat' dir='ltr'><strong>si</strong></span> <span class='ocrx_word' id='word_1_201' title='bbox 3301 1454 3674 1509; x_wconf 73' lang='lat' dir='ltr'><strong>hzereditatem</strong></span> 
     </span>
    </p>
   </div>
   <div class='ocr_carea' id='block_1_30' title="bbox 2099 1546 3676 1622">
    <p class='ocr_par' dir='ltr' id='par_1_30' title="bbox 2099 1546 3676 1622">
     <span class='ocr_line' id='line_1_30' title="bbox 2099 1546 3676 1622; baseline -0.011 -8"><span class='ocrx_word' id='word_1_202' title='bbox 2099 1559 2376 1616; x_wconf 77' lang='lat' dir='ltr'><strong>ctelestem</strong></span> <span class='ocrx_word' id='word_1_203' title='bbox 2415 1555 2591 1620; x_wconf 87' lang='lat' dir='ltr'><strong>adire,</strong></span> <span class='ocrx_word' id='word_1_204' title='bbox 2622 1563 2678 1608; x_wconf 93' lang='lat' dir='ltr'><strong>et</strong></span> <span class='ocrx_word' id='word_1_205' title='bbox 2712 1551 2990 1622; x_wconf 84' lang='lat' dir='ltr'><strong>perfectus</strong></span> <span class='ocrx_word' id='word_1_206' title='bbox 3024 1549 3260 1604; x_wconf 87' lang='lat' dir='ltr'><strong>evadere</strong></span> <span class='ocrx_word' id='word_1_207' title='bbox 3327 1546 3512 1612; x_wconf 90' lang='lat' dir='ltr'><strong>vellet,</strong></span> <span class='ocrx_word' id='word_1_208' title='bbox 3563 1561 3676 1598; x_wconf 83' lang='lat' dir='ltr'><strong>ma-</strong></span> 
     </span>
    </p>
   </div>
   <div class='ocr_carea' id='block_1_31' title="bbox 412 1636 2004 1748">
    <p class='ocr_par' dir='ltr' id='par_1_31' title="bbox 412 1636 1992 1748">
     <span class='ocr_line' id='line_1_31' title="bbox 412 1636 1992 1708; baseline -0.004 -14"><span class='ocrx_word' id='word_1_209' title='bbox 412 1638 664 1694; x_wconf 89' lang='lat' dir='ltr'><strong>roscidus</strong></span> <span class='ocrx_word' id='word_1_210' title='bbox 695 1655 792 1694; x_wconf 85' lang='lat' dir='ltr'><strong>cor</strong></span> <span class='ocrx_word' id='word_1_211' title='bbox 838 1646 1073 1692; x_wconf 62' lang='lat' dir='ltr'><strong>aestuans</strong></span> <span class='ocrx_word' id='word_1_212' title='bbox 1132 1637 1440 1708; x_wconf 73' lang='lat' dir='ltr'><strong>refrigerat.</strong></span> <span class='ocrx_word' id='word_1_213' title='bbox 1496 1636 1712 1691; x_wconf 86' lang='lat' dir='ltr'><strong>Etenim</strong></span> <span class='ocrx_word' id='word_1_214' title='bbox 1762 1649 1992 1706; x_wconf 88' lang='lat' dir='ltr'><strong>parvum</strong></span> 
     </span>
     <span class='ocr_line' id='line_1_32' title="bbox 421 1727 1958 1748; baseline -0.004 2"><span class='ocrx_word' id='word_1_215' title='bbox 421 1747 440 1748; x_wconf 30' lang='grc' dir='ltr'>ί</span> <span class='ocrx_word' id='word_1_216' title='bbox 490 1731 501 1743; x_wconf 87' lang='grc'><strong>.</strong></span> <span class='ocrx_word' id='word_1_217' title='bbox 672 1747 681 1748; x_wconf 60' lang='lat'><strong><em>,</em></strong></span> <span class='ocrx_word' id='word_1_218' title='bbox 749 1739 787 1748; x_wconf 75' lang='lat'><strong>_.</strong></span> <span class='ocrx_word' id='word_1_219' title='bbox 833 1729 1096 1748; x_wconf 61' lang='lat'><strong>-_</strong></span> <span class='ocrx_word' id='word_1_220' title='bbox 1134 1728 1278 1748; x_wconf 42' lang='lat' dir='ltr'><strong>LW.</strong></span> <span class='ocrx_word' id='word_1_221' title='bbox 1454 1727 1728 1748; x_wconf 45' lang='grc' dir='ltr'>μμηηψ</span> <span class='ocrx_word' id='word_1_222' title='bbox 1791 1727 1832 1748; x_wconf 63' lang='grc' dir='ltr'><strong>,ε</strong></span> <span class='ocrx_word' id='word_1_223' title='bbox 1871 1733 1958 1748; x_wconf 70' lang='lat'><strong>.-_</strong></span> 
     </span>
    </p>
   </div>
   <div class='ocr_carea' id='block_1_32' title="bbox 2102 1636 3676 1748">
    <p class='ocr_par' dir='ltr' id='par_1_32' title="bbox 2102 1639 3676 1748">
     <span class='ocr_line' id='line_1_33' title="bbox 2102 1639 3676 1724; baseline -0.011 -17"><span class='ocrx_word' id='word_1_224' title='bbox 2102 1654 2270 1724; x_wconf 85' lang='lat' dir='ltr'><strong>iorem</strong></span> <span class='ocrx_word' id='word_1_225' title='bbox 2308 1650 2494 1705; x_wconf 89' lang='lat' dir='ltr'><strong>animo</strong></span> <span class='ocrx_word' id='word_1_226' title='bbox 2537 1645 2812 1702; x_wconf 86' lang='lat' dir='ltr'><strong>tristitiam</strong></span> <span class='ocrx_word' id='word_1_227' title='bbox 2845 1643 3115 1712; x_wconf 84' lang='lat' dir='ltr'><strong>concepit,</strong></span> <span class='ocrx_word' id='word_1_228' title='bbox 3142 1641 3220 1696; x_wconf 89' lang='lat' dir='ltr'><strong>sic</strong></span> <span class='ocrx_word' id='word_1_229' title='bbox 3255 1639 3518 1694; x_wconf 88' lang='lat' dir='ltr'><strong>adversus</strong></span> <span class='ocrx_word' id='word_1_230' title='bbox 3550 1653 3676 1692; x_wconf 91' lang='lat' dir='ltr'><strong>eum</strong></span> 
     </span>
     <span class='ocr_line' id='line_1_34' title="bbox 2147 1729 3672 1748; baseline 0 0"><span class='ocrx_word' id='word_1_231' title='bbox 2147 1744 2162 1748; x_wconf 88' lang='lat'>_</span> <span class='ocrx_word' id='word_1_232' title='bbox 2470 1739 2483 1748; x_wconf 91' lang='lat'><strong>.</strong></span> <span class='ocrx_word' id='word_1_233' title='bbox 2605 1745 2613 1748; x_wconf 75' lang='grc'><em>,</em></span> <span class='ocrx_word' id='word_1_234' title='bbox 2809 1737 2888 1748; x_wconf 23' lang='grc' dir='ltr'><strong>Αλ</strong></span> <span class='ocrx_word' id='word_1_235' title='bbox 2993 1734 3004 1746; x_wconf 96' lang='grc'><strong>.</strong></span> <span class='ocrx_word' id='word_1_236' title='bbox 3262 1734 3302 1748; x_wconf 71' lang='grc' dir='ltr'><strong><em>η</em></strong></span> <span class='ocrx_word' id='word_1_237' title='bbox 3397 1747 3424 1748; x_wconf 46' lang='grc' dir='ltr'><em>η</em></span> 
     </span>
    </p>
   </div>
   <div class='ocr_carea' id='block_1_33' title="bbox 409 1727 1990 1802">
    <p class='ocr_par' dir='ltr' id='par_1_33' title="bbox 409 1727 1990 1802">
     <span class='ocr_line' id='line_1_35' title="bbox 409 1727 1990 1802; baseline -0.004 -18"><span class='ocrx_word' id='word_1_238' title='bbox 409 1731 712 1802; x_wconf 90' lang='lat' dir='ltr'><strong>quippiam,</strong></span> <span class='ocrx_word' id='word_1_239' title='bbox 738 1739 792 1786; x_wconf 91' lang='lat' dir='ltr'><strong>et</strong></span> <span class='ocrx_word' id='word_1_240' title='bbox 827 1729 1101 1785; x_wconf 89' lang='lat' dir='ltr'><strong>modicum</strong></span> <span class='ocrx_word' id='word_1_241' title='bbox 1134 1728 1279 1783; x_wconf 92' lang='lat' dir='ltr'><strong>haud</strong></span> <span class='ocrx_word' id='word_1_242' title='bbox 1331 1737 1419 1784; x_wconf 88' lang='lat' dir='ltr'><strong>est</strong></span> <span class='ocrx_word' id='word_1_243' title='bbox 1454 1727 1757 1790; x_wconf 88' lang='lat' dir='ltr'><strong>modicum,</strong></span> <span class='ocrx_word' id='word_1_244' title='bbox 1790 1727 1834 1780; x_wconf 91' lang='lat' dir='ltr'><strong>si</strong></span> <span class='ocrx_word' id='word_1_245' title='bbox 1871 1733 1990 1780; x_wconf 89' lang='lat' dir='ltr'><strong>tan-</strong></span> 
     </span>
    </p>
   </div>
   <div class='ocr_carea' id='block_1_34' title="bbox 412 1819 1997 1892">
    <p class='ocr_par' dir='ltr' id='par_1_34' title="bbox 412 1819 1997 1892">
     <span class='ocr_line' id='line_1_36' title="bbox 412 1819 1997 1892; baseline -0.004 -14"><span class='ocrx_word' id='word_1_246' title='bbox 412 1823 695 1878; x_wconf 78' lang='lat' dir='ltr'><strong>tummodo</strong></span> <span class='ocrx_word' id='word_1_247' title='bbox 733 1838 832 1892; x_wconf 92' lang='lat' dir='ltr'><strong>pro</strong></span> <span class='ocrx_word' id='word_1_248' title='bbox 857 1821 1002 1876; x_wconf 90' lang='lat' dir='ltr'><strong>virili</strong></span> <span class='ocrx_word' id='word_1_249' title='bbox 1035 1821 1126 1876; x_wconf 82' lang='lat' dir='ltr'><strong>fiat</strong></span> <span class='ocrx_word' id='word_1_250' title='bbox 1165 1837 1180 1874; x_wconf 94' lang='lat'><strong>:</strong></span> <span class='ocrx_word' id='word_1_251' title='bbox 1230 1820 1327 1876; x_wconf 91' lang='lat' dir='ltr'><strong>sed</strong></span> <span class='ocrx_word' id='word_1_252' title='bbox 1373 1821 1533 1890; x_wconf 89' lang='lat' dir='ltr'><strong>longe</strong></span> <span class='ocrx_word' id='word_1_253' title='bbox 1585 1819 1907 1878; x_wconf 86' lang='lat' dir='ltr'><strong>maximum.</strong></span> <span class='ocrx_word' id='word_1_254' title='bbox 1941 1825 1997 1872; x_wconf 90' lang='lat' dir='ltr'><strong>et</strong></span> 
     </span>
    </p>
   </div>
   <div class='ocr_carea' id='block_1_35' title="bbox 418 1907 2000 1984">
    <p class='ocr_par' dir='ltr' id='par_1_35' title="bbox 418 1907 2000 1984">
     <span class='ocr_line' id='line_1_37' title="bbox 418 1907 2000 1984; baseline -0.005 -17"><span class='ocrx_word' id='word_1_255' title='bbox 418 1914 716 1984; x_wconf 88' lang='lat' dir='ltr'><strong>optimum,</strong></span> <span class='ocrx_word' id='word_1_256' title='bbox 757 1912 982 1982; x_wconf 83' lang='lat' dir='ltr'><strong>Deoque</strong></span> <span class='ocrx_word' id='word_1_257' title='bbox 1008 1910 1296 1981; x_wconf 89' lang='lat' dir='ltr'><strong>placitum.</strong></span> <span class='ocrx_word' id='word_1_258' title='bbox 1341 1910 1479 1965; x_wconf 86' lang='lat' dir='ltr'><strong>Nam</strong></span> <span class='ocrx_word' id='word_1_259' title='bbox 1510 1909 1562 1962; x_wconf 90' lang='lat' dir='ltr'><strong>in</strong></span> <span class='ocrx_word' id='word_1_260' title='bbox 1609 1907 1776 1964; x_wconf 87' lang='lat' dir='ltr'><strong>rebus</strong></span> <span class='ocrx_word' id='word_1_261' title='bbox 1806 1907 2000 1961; x_wconf 84' lang='lat' dir='ltr'><strong>huma-</strong></span> 
     </span>
    </p>
   </div>
   <div class='ocr_carea' id='block_1_36' title="bbox 413 1999 1996 2074">
    <p class='ocr_par' dir='ltr' id='par_1_36' title="bbox 413 1999 1996 2074">
     <span class='ocr_line' id='line_1_38' title="bbox 413 1999 1996 2074; baseline -0.005 -12"><span class='ocrx_word' id='word_1_262' title='bbox 413 2007 500 2062; x_wconf 86' lang='lat' dir='ltr'><strong>nis</strong></span> <span class='ocrx_word' id='word_1_263' title='bbox 526 2006 758 2061; x_wconf 87' lang='lat' dir='ltr'><strong>facultas</strong></span> <span class='ocrx_word' id='word_1_264' title='bbox 793 2016 850 2061; x_wconf 89' lang='lat' dir='ltr'><strong>et</strong></span> <span class='ocrx_word' id='word_1_265' title='bbox 904 2005 1158 2060; x_wconf 82' lang='lat' dir='ltr'><strong>voluntas</strong></span> <span class='ocrx_word' id='word_1_266' title='bbox 1205 2002 1660 2074; x_wconf 88' lang='lat' dir='ltr'><strong>frequentissime</strong></span> <span class='ocrx_word' id='word_1_267' title='bbox 1713 2001 1770 2056; x_wconf 91' lang='lat' dir='ltr'><strong>in</strong></span> <span class='ocrx_word' id='word_1_268' title='bbox 1801 1999 1996 2056; x_wconf 90' lang='lat' dir='ltr'><strong>eodem</strong></span> 
     </span>
    </p>
   </div>
   <div class='ocr_carea' id='block_1_37' title="bbox 413 2091 1999 2168">
    <p class='ocr_par' dir='ltr' id='par_1_37' title="bbox 413 2091 1999 2168">
     <span class='ocr_line' id='line_1_39' title="bbox 413 2091 1999 2168; baseline -0.006 -13"><span class='ocrx_word' id='word_1_269' title='bbox 413 2115 527 2155; x_wconf 92' lang='lat' dir='ltr'><strong>non</strong></span> <span class='ocrx_word' id='word_1_270' title='bbox 553 2105 926 2155; x_wconf 85' lang='lat' dir='ltr'><strong>concurrunt:</strong></span> <span class='ocrx_word' id='word_1_271' title='bbox 961 2098 1264 2168; x_wconf 72' lang='lat' dir='ltr'><strong>praesertim</strong></span> <span class='ocrx_word' id='word_1_272' title='bbox 1289 2097 1345 2150; x_wconf 93' lang='lat' dir='ltr'><strong>in</strong></span> <span class='ocrx_word' id='word_1_273' title='bbox 1373 2094 1710 2166; x_wconf 83' lang='lat' dir='ltr'><strong>pauperibus</strong></span> <span class='ocrx_word' id='word_1_274' title='bbox 1739 2109 1803 2148; x_wconf 91' lang='lat' dir='ltr'><strong>ac</strong></span> <span class='ocrx_word' id='word_1_275' title='bbox 1821 2091 1999 2148; x_wconf 87' lang='lat' dir='ltr'><strong>tenui-</strong></span> 
     </span>
    </p>
   </div>
   <div class='ocr_carea' id='block_1_38' title="bbox 416 2186 1997 2262">
    <p class='ocr_par' dir='ltr' id='par_1_38' title="bbox 416 2186 1997 2262">
     <span class='ocr_line' id='line_1_40' title="bbox 416 2186 1997 2262; baseline -0.005 -14"><span class='ocrx_word' id='word_1_276' title='bbox 416 2193 544 2258; x_wconf 89' lang='lat' dir='ltr'><strong>bus,</strong></span> <span class='ocrx_word' id='word_1_277' title='bbox 579 2191 784 2262; x_wconf 85' lang='lat' dir='ltr'><strong>quibus</strong></span> <span class='ocrx_word' id='word_1_278' title='bbox 817 2189 1029 2260; x_wconf 83' lang='lat' dir='ltr'><strong>exigua:</strong></span> <span class='ocrx_word' id='word_1_279' title='bbox 1055 2198 1187 2244; x_wconf 90' lang='lat' dir='ltr'><strong>sunt</strong></span> <span class='ocrx_word' id='word_1_280' title='bbox 1218 2189 1411 2260; x_wconf 67' lang='lat' dir='ltr'><strong>copiae.</strong></span> <span class='ocrx_word' id='word_1_281' title='bbox 1442 2187 1501 2242; x_wconf 89' lang='lat' dir='ltr'><strong>In</strong></span> <span class='ocrx_word' id='word_1_282' title='bbox 1536 2187 1624 2244; x_wconf 88' lang='lat' dir='ltr'><strong>his</strong></span> <span class='ocrx_word' id='word_1_283' title='bbox 1667 2187 1813 2243; x_wconf 91' lang='lat' dir='ltr'><strong>enim</strong></span> <span class='ocrx_word' id='word_1_284' title='bbox 1860 2186 1997 2242; x_wconf 86' lang='lat' dir='ltr'><strong>alte-</strong></span> 
     </span>
    </p>
   </div>
   <div class='ocr_carea' id='block_1_39' title="bbox 417 2279 2000 2353">
    <p class='ocr_par' dir='ltr' id='par_1_39' title="bbox 417 2279 2000 2353">
     <span class='ocr_line' id='line_1_41' title="bbox 417 2279 2000 2353; baseline -0.005 -12"><span class='ocrx_word' id='word_1_285' title='bbox 417 2302 562 2353; x_wconf 85' lang='lat' dir='ltr'><strong>rum,</strong></span> <span class='ocrx_word' id='word_1_286' title='bbox 620 2287 758 2342; x_wconf 89' lang='lat' dir='ltr'><strong>velle</strong></span> <span class='ocrx_word' id='word_1_287' title='bbox 801 2285 1051 2342; x_wconf 88' lang='lat' dir='ltr'><strong>fortassis</strong></span> <span class='ocrx_word' id='word_1_288' title='bbox 1092 2286 1235 2340; x_wconf 90' lang='lat' dir='ltr'><strong>inest</strong></span> <span class='ocrx_word' id='word_1_289' title='bbox 1277 2302 1291 2338; x_wconf 91' lang='lat'><strong>:</strong></span> <span class='ocrx_word' id='word_1_290' title='bbox 1327 2283 1424 2340; x_wconf 89' lang='lat' dir='ltr'><strong>sed</strong></span> <span class='ocrx_word' id='word_1_291' title='bbox 1480 2297 1664 2353; x_wconf 83' lang='lat' dir='ltr'><strong>posse,</strong></span> <span class='ocrx_word' id='word_1_292' title='bbox 1699 2290 1757 2336; x_wconf 89' lang='lat' dir='ltr'><strong>et</strong></span> <span class='ocrx_word' id='word_1_293' title='bbox 1816 2279 2000 2335; x_wconf 87' lang='lat' dir='ltr'><strong>facere</strong></span> 
     </span>
    </p>
   </div>
   <div class='ocr_carea' id='block_1_40' title="bbox 419 2372 2002 2446">
    <p class='ocr_par' dir='ltr' id='par_1_40' title="bbox 419 2372 2002 2446">
     <span class='ocr_line' id='line_1_42' title="bbox 419 2372 2002 2446; baseline -0.008 -11"><span class='ocrx_word' id='word_1_294' title='bbox 419 2395 528 2435; x_wconf 91' lang='lat' dir='ltr'><strong>non</strong></span> <span class='ocrx_word' id='word_1_295' title='bbox 559 2387 664 2442; x_wconf 89' lang='lat' dir='ltr'><strong>est,</strong></span> <span class='ocrx_word' id='word_1_296' title='bbox 705 2378 974 2446; x_wconf 91' lang='lat' dir='ltr'><strong>Quocirca</strong></span> <span class='ocrx_word' id='word_1_297' title='bbox 1023 2378 1173 2433; x_wconf 89' lang='lat' dir='ltr'><strong>solus</strong></span> <span class='ocrx_word' id='word_1_298' title='bbox 1229 2376 1466 2436; x_wconf 91' lang='lat' dir='ltr'><strong>animus,</strong></span> <span class='ocrx_word' id='word_1_299' title='bbox 1511 2382 1567 2429; x_wconf 88' lang='lat' dir='ltr'><strong>et</strong></span> <span class='ocrx_word' id='word_1_300' title='bbox 1622 2372 1897 2434; x_wconf 84' lang='lat' dir='ltr'><strong>voluntas,</strong></span> <span class='ocrx_word' id='word_1_301' title='bbox 1945 2376 2002 2424; x_wconf 88' lang='lat' dir='ltr'><strong>et</strong></span> 
     </span>
    </p>
   </div>
   <div class='ocr_carea' id='block_1_41' title="bbox 417 2465 2002 2541">
    <p class='ocr_par' dir='ltr' id='par_1_41' title="bbox 417 2465 2002 2541">
     <span class='ocr_line' id='line_1_43' title="bbox 417 2465 2002 2541; baseline -0.009 -13"><span class='ocrx_word' id='word_1_302' title='bbox 417 2472 595 2528; x_wconf 91' lang='lat' dir='ltr'><strong>oratio</strong></span> <span class='ocrx_word' id='word_1_303' title='bbox 629 2471 777 2541; x_wconf 62' lang='lat' dir='ltr'><strong>iuoiii</strong></span> <span class='ocrx_word' id='word_1_304' title='bbox 843 2470 1199 2534; x_wconf 89' lang='lat' dir='ltr'><strong>subveniunt,</strong></span> <span class='ocrx_word' id='word_1_305' title='bbox 1223 2477 1282 2524; x_wconf 89' lang='lat' dir='ltr'><strong>et</strong></span> <span class='ocrx_word' id='word_1_306' title='bbox 1312 2465 1625 2524; x_wconf 89' lang='lat' dir='ltr'><strong>mercedem</strong></span> <span class='ocrx_word' id='word_1_307' title='bbox 1653 2477 2002 2532; x_wconf 87' lang='lat' dir='ltr'><strong>consequun-</strong></span> 
     </span>
    </p>
   </div>
   <div class='ocr_carea' id='block_1_42' title="bbox 423 2556 2004 2635">
    <p class='ocr_par' dir='ltr' id='par_1_42' title="bbox 423 2556 2004 2635">
     <span class='ocr_line' id='line_1_44' title="bbox 423 2556 2004 2635; baseline -0.009 -14"><span class='ocrx_word' id='word_1_308' title='bbox 423 2576 534 2622; x_wconf 88' lang='lat' dir='ltr'><strong>tur.</strong></span> <span class='ocrx_word' id='word_1_309' title='bbox 562 2565 623 2620; x_wconf 91' lang='lat' dir='ltr'><strong>ln</strong></span> <span class='ocrx_word' id='word_1_310' title='bbox 658 2564 1030 2635; x_wconf 89' lang='lat' dir='ltr'><strong>locupletibus</strong></span> <span class='ocrx_word' id='word_1_311' title='bbox 1079 2571 1286 2625; x_wconf 89' lang='lat' dir='ltr'><strong>autem,</strong></span> <span class='ocrx_word' id='word_1_312' title='bbox 1320 2570 1378 2616; x_wconf 91' lang='lat' dir='ltr'><strong>et</strong></span> <span class='ocrx_word' id='word_1_313' title='bbox 1413 2558 1602 2630; x_wconf 87' lang='lat' dir='ltr'><strong>probis</strong></span> <span class='ocrx_word' id='word_1_314' title='bbox 1645 2556 1918 2618; x_wconf 84' lang='lat' dir='ltr'><strong>voluntas,</strong></span> <span class='ocrx_word' id='word_1_315' title='bbox 1947 2559 2004 2608; x_wconf 87' lang='lat' dir='ltr'><strong>et</strong></span> 
     </span>
    </p>
   </div>
   <div class='ocr_carea' id='block_1_43' title="bbox 421 2647 2003 2727">
    <p class='ocr_par' dir='ltr' id='par_1_43' title="bbox 421 2647 2003 2727">
     <span class='ocr_line' id='line_1_45' title="bbox 421 2647 2003 2727; baseline -0.008 -13"><span class='ocrx_word' id='word_1_316' title='bbox 421 2660 654 2715; x_wconf 88' lang='lat' dir='ltr'><strong>facultas</strong></span> <span class='ocrx_word' id='word_1_317' title='bbox 684 2658 921 2713; x_wconf 90' lang='lat' dir='ltr'><strong>feliciter</strong></span> <span class='ocrx_word' id='word_1_318' title='bbox 957 2655 1314 2727; x_wconf 80' lang='lat' dir='ltr'><strong>respondent.</strong></span> <span class='ocrx_word' id='word_1_319' title='bbox 1345 2652 1448 2720; x_wconf 89' lang='lat' dir='ltr'><strong>Qui</strong></span> <span class='ocrx_word' id='word_1_320' title='bbox 1492 2651 1660 2722; x_wconf 89' lang='lat' dir='ltr'><strong>igitur</strong></span> <span class='ocrx_word' id='word_1_321' title='bbox 1690 2663 1788 2720; x_wconf 92' lang='lat' dir='ltr'><strong>pro</strong></span> <span class='ocrx_word' id='word_1_322' title='bbox 1819 2647 2003 2702; x_wconf 90' lang='lat' dir='ltr'><strong>recula</strong></span> 
     </span>
    </p>
   </div>
   <div class='ocr_carea' id='block_1_44' title="bbox 422 2743 2004 2810">
    <p class='ocr_par' dir='ltr' id='par_1_44' title="bbox 422 2743 2004 2810">
     <span class='ocr_line' id='line_1_46' title="bbox 422 2743 2004 2810; baseline -0.009 -2"><span class='ocrx_word' id='word_1_323' title='bbox 422 2768 520 2808; x_wconf 88' lang='lat' dir='ltr'><strong>sua</strong></span> <span class='ocrx_word' id='word_1_324' title='bbox 573 2754 685 2808; x_wconf 91' lang='lat' dir='ltr'><strong>Deo</strong></span> <span class='ocrx_word' id='word_1_325' title='bbox 729 2766 932 2807; x_wconf 88' lang='lat' dir='ltr'><strong>munus</strong></span> <span class='ocrx_word' id='word_1_326' title='bbox 982 2748 1282 2806; x_wconf 85' lang='lat' dir='ltr'><strong>sacraverit</strong></span> <span class='ocrx_word' id='word_1_327' title='bbox 1311 2784 1328 2810; x_wconf 93' lang='lat'><strong>,</strong></span> <span class='ocrx_word' id='word_1_328' title='bbox 1397 2743 1444 2801; x_wconf 87' lang='lat' dir='ltr'><strong>is</strong></span> <span class='ocrx_word' id='word_1_329' title='bbox 1481 2744 1537 2799; x_wconf 92' lang='lat' dir='ltr'><strong>in</strong></span> <span class='ocrx_word' id='word_1_330' title='bbox 1590 2745 1788 2800; x_wconf 66' lang='lat' dir='ltr'><strong>cis-lum</strong></span> <span class='ocrx_word' id='word_1_331' title='bbox 1828 2753 2004 2810; x_wconf 89' lang='lat' dir='ltr'><strong>usque</strong></span> 
     </span>
    </p>
   </div>
   <div class='ocr_carea' id='block_1_45' title="bbox 422 2833 2003 2914">
    <p class='ocr_par' dir='ltr' id='par_1_45' title="bbox 422 2833 2003 2914">
     <span class='ocr_line' id='line_1_47' title="bbox 422 2833 2003 2914; baseline -0.008 -13"><span class='ocrx_word' id='word_1_332' title='bbox 422 2844 690 2908; x_wconf 89' lang='lat' dir='ltr'><strong>ascendit,</strong></span> <span class='ocrx_word' id='word_1_333' title='bbox 742 2843 889 2914; x_wconf 89' lang='lat' dir='ltr'><strong>quod</strong></span> <span class='ocrx_word' id='word_1_334' title='bbox 949 2841 1185 2897; x_wconf 86' lang='lat' dir='ltr'><strong>duarum</strong></span> <span class='ocrx_word' id='word_1_335' title='bbox 1259 2839 1572 2902; x_wconf 90' lang='lat' dir='ltr'><strong>viduarum,</strong></span> <span class='ocrx_word' id='word_1_336' title='bbox 1647 2837 1809 2892; x_wconf 91' lang='lat' dir='ltr'><strong>unius</strong></span> <span class='ocrx_word' id='word_1_337' title='bbox 1891 2833 2003 2888; x_wconf 93' lang='lat' dir='ltr'><strong>duo</strong></span> 
     </span>
    </p>
   </div>
   <div class='ocr_carea' id='block_1_46' title="bbox 423 2931 1568 3003">
    <p class='ocr_par' dir='ltr' id='par_1_46' title="bbox 423 2931 1568 3003">
     <span class='ocr_line' id='line_1_48' title="bbox 423 2931 1568 3003; baseline -0.006 -12"><span class='ocrx_word' id='word_1_338' title='bbox 423 2938 656 3003; x_wconf 91' lang='lat' dir='ltr'><strong>minuta,</strong></span> <span class='ocrx_word' id='word_1_339' title='bbox 688 2935 915 2991; x_wconf 88' lang='lat' dir='ltr'><strong>alterius</strong></span> <span class='ocrx_word' id='word_1_340' title='bbox 945 2933 1120 2989; x_wconf 87' lang='lat' dir='ltr'><strong>farina</strong></span> <span class='ocrx_word' id='word_1_341' title='bbox 1158 2931 1459 2988; x_wconf 88' lang='lat' dir='ltr'><strong>ostendunt</strong></span> <span class='ocrx_word' id='word_1_342' title='bbox 1486 2932 1568 2985; x_wconf 83' lang='lat'><strong>“‘.</strong></span> 
     </span>
    </p>
   </div>
   <div class='ocr_carea' id='block_1_47' title="bbox 491 3019 2006 3093">
    <p class='ocr_par' dir='ltr' id='par_1_47' title="bbox 491 3019 2006 3093">
     <span class='ocr_line' id='line_1_49' title="bbox 491 3019 2006 3093; baseline -0.006 -9"><span class='ocrx_word' id='word_1_343' title='bbox 491 3028 627 3084; x_wconf 85' lang='lat' dir='ltr'><strong>Nam</strong></span> <span class='ocrx_word' id='word_1_344' title='bbox 658 3029 748 3083; x_wconf 91' lang='lat' dir='ltr'><strong>illa</strong></span> <span class='ocrx_word' id='word_1_345' title='bbox 780 3026 892 3082; x_wconf 90' lang='lat' dir='ltr'><strong>duo</strong></span> <span class='ocrx_word' id='word_1_346' title='bbox 951 3025 1124 3089; x_wconf 89' lang='lat' dir='ltr'><strong>dedit.</strong></span> <span class='ocrx_word' id='word_1_347' title='bbox 1151 3032 1209 3081; x_wconf 89' lang='lat' dir='ltr'><strong>et</strong></span> <span class='ocrx_word' id='word_1_348' title='bbox 1266 3023 1608 3093; x_wconf 89' lang='lat' dir='ltr'><strong>Sarephtana</strong></span> <span class='ocrx_word' id='word_1_349' title='bbox 1649 3019 1796 3092; x_wconf 87' lang='lat' dir='ltr'><strong>quod</strong></span> <span class='ocrx_word' id='word_1_350' title='bbox 1854 3019 2006 3075; x_wconf 72' lang='lat' dir='ltr'><strong>dedit</strong></span> 
     </span>
    </p>
   </div>
   <div class='ocr_carea' id='block_1_48' title="bbox 426 3115 2005 3192">
    <p class='ocr_par' dir='ltr' id='par_1_48' title="bbox 426 3115 2005 3192">
     <span class='ocr_line' id='line_1_50' title="bbox 426 3115 2005 3192; baseline -0.004 -16"><span class='ocrx_word' id='word_1_351' title='bbox 426 3121 566 3176; x_wconf 90' lang='lat' dir='ltr'><strong>nihil</strong></span> <span class='ocrx_word' id='word_1_352' title='bbox 597 3131 797 3192; x_wconf 64' lang='lat' dir='ltr'><strong>praeter</strong></span> <span class='ocrx_word' id='word_1_353' title='bbox 847 3119 1112 3174; x_wconf 88' lang='lat' dir='ltr'><strong>farinam:</strong></span> <span class='ocrx_word' id='word_1_354' title='bbox 1145 3118 1258 3174; x_wconf 90' lang='lat' dir='ltr'><strong>imo</strong></span> <span class='ocrx_word' id='word_1_355' title='bbox 1291 3121 1478 3190; x_wconf 87' lang='lat' dir='ltr'><strong>potius</strong></span> <span class='ocrx_word' id='word_1_356' title='bbox 1527 3116 1769 3188; x_wconf 88' lang='lat' dir='ltr'><strong>pugillus</strong></span> <span class='ocrx_word' id='word_1_357' title='bbox 1817 3115 2005 3170; x_wconf 71' lang='lat' dir='ltr'><strong>farinae</strong></span> 
     </span>
    </p>
   </div>
   <div class='ocr_carea' id='block_1_49' title="bbox 424 3209 2008 3285">
    <p class='ocr_par' dir='ltr' id='par_1_49' title="bbox 424 3209 2008 3285">
     <span class='ocr_line' id='line_1_51' title="bbox 424 3209 2008 3285; baseline -0.005 -16"><span class='ocrx_word' id='word_1_358' title='bbox 424 3214 548 3277; x_wconf 90' lang='lat' dir='ltr'><strong>fuit,</strong></span> <span class='ocrx_word' id='word_1_359' title='bbox 581 3222 768 3285; x_wconf 91' lang='lat' dir='ltr'><strong>utpote</strong></span> <span class='ocrx_word' id='word_1_360' title='bbox 799 3227 921 3285; x_wconf 68' lang='lat' dir='ltr'><strong>qua:</strong></span> <span class='ocrx_word' id='word_1_361' title='bbox 945 3227 1174 3283; x_wconf 88' lang='lat' dir='ltr'><strong>pauper,</strong></span> <span class='ocrx_word' id='word_1_362' title='bbox 1203 3219 1262 3266; x_wconf 91' lang='lat' dir='ltr'><strong>et</strong></span> <span class='ocrx_word' id='word_1_363' title='bbox 1294 3213 1480 3282; x_wconf 89' lang='lat' dir='ltr'><strong>priore</strong></span> <span class='ocrx_word' id='word_1_364' title='bbox 1515 3209 1607 3264; x_wconf 90' lang='lat' dir='ltr'><strong>illa</strong></span> <span class='ocrx_word' id='word_1_365' title='bbox 1658 3210 1823 3264; x_wconf 83' lang='lat' dir='ltr'><strong>etiam</strong></span> <span class='ocrx_word' id='word_1_366' title='bbox 1867 3223 2008 3278; x_wconf 89' lang='lat' dir='ltr'><strong>pau-</strong></span> 
     </span>
    </p>
   </div>
   <div class='ocr_carea' id='block_1_50' title="bbox 427 3299 2006 3379">
    <p class='ocr_par' dir='ltr' id='par_1_50' title="bbox 427 3299 2006 3379">
     <span class='ocr_line' id='line_1_52' title="bbox 427 3299 2006 3379; baseline -0.007 -17"><span class='ocrx_word' id='word_1_367' title='bbox 427 3308 614 3379; x_wconf 85' lang='lat' dir='ltr'><strong>perior</strong></span> <span class='ocrx_word' id='word_1_368' title='bbox 644 3318 826 3365; x_wconf 90' lang='lat' dir='ltr'><strong>esset:</strong></span> <span class='ocrx_word' id='word_1_369' title='bbox 862 3307 1083 3364; x_wconf 91' lang='lat' dir='ltr'><strong>tametsi</strong></span> <span class='ocrx_word' id='word_1_370' title='bbox 1129 3309 1305 3362; x_wconf 78' lang='lat' dir='ltr'><strong>amba:</strong></span> <span class='ocrx_word' id='word_1_371' title='bbox 1330 3303 1522 3359; x_wconf 91' lang='lat' dir='ltr'><strong>eadem</strong></span> <span class='ocrx_word' id='word_1_372' title='bbox 1571 3309 1779 3365; x_wconf 91' lang='lat' dir='ltr'><strong>mente,</strong></span> <span class='ocrx_word' id='word_1_373' title='bbox 1809 3299 2006 3353; x_wconf 88' lang='lat' dir='ltr'><strong>volun-</strong></span> 
     </span>
    </p>
   </div>
   <div class='ocr_carea' id='block_1_51' title="bbox 429 3391 2010 3470">
    <p class='ocr_par' dir='ltr' id='par_1_51' title="bbox 429 3391 2010 3470">
     <span class='ocr_line' id='line_1_53' title="bbox 429 3391 2010 3470; baseline -0.008 -16"><span class='ocrx_word' id='word_1_374' title='bbox 429 3408 650 3470; x_wconf 91' lang='lat' dir='ltr'><strong>tateque</strong></span> <span class='ocrx_word' id='word_1_375' title='bbox 683 3399 1028 3464; x_wconf 84' lang='lat' dir='ltr'><strong>obtulerunt,</strong></span> <span class='ocrx_word' id='word_1_376' title='bbox 1081 3413 1190 3468; x_wconf 89' lang='lat' dir='ltr'><strong>qua</strong></span> <span class='ocrx_word' id='word_1_377' title='bbox 1234 3393 1472 3451; x_wconf 75' lang='lat' dir='ltr'><strong>viros&#39;et</strong></span> <span class='ocrx_word' id='word_1_378' title='bbox 1526 3391 1764 3446; x_wconf 88' lang='lat' dir='ltr'><strong>feminas</strong></span> <span class='ocrx_word' id='word_1_379' title='bbox 1815 3403 2010 3444; x_wconf 89' lang='lat' dir='ltr'><strong>omnes</strong></span> 
     </span>
    </p>
   </div>
   <div class='ocr_carea' id='block_1_52' title="bbox 427 3480 2009 3561">
    <p class='ocr_par' dir='ltr' id='par_1_52' title="bbox 427 3480 2009 3561">
     <span class='ocr_line' id='line_1_54' title="bbox 427 3480 2009 3561; baseline -0.006 -16"><span class='ocrx_word' id='word_1_380' title='bbox 427 3499 554 3561; x_wconf 88' lang='lat' dir='ltr'><strong>post</strong></span> <span class='ocrx_word' id='word_1_381' title='bbox 586 3505 646 3544; x_wconf 90' lang='lat' dir='ltr'><strong>se</strong></span> <span class='ocrx_word' id='word_1_382' title='bbox 675 3490 1046 3558; x_wconf 88' lang='lat' dir='ltr'><strong>reliquerunt.</strong></span> <span class='ocrx_word' id='word_1_383' title='bbox 1089 3487 1168 3542; x_wconf 82' lang='lat' dir='ltr'><strong>Ne</strong></span> <span class='ocrx_word' id='word_1_384' title='bbox 1195 3486 1400 3541; x_wconf 81' lang='lat' dir='ltr'><strong>frustra</strong></span> <span class='ocrx_word' id='word_1_385' title='bbox 1456 3483 1643 3554; x_wconf 91' lang='lat' dir='ltr'><strong>igitur,</strong></span> <span class='ocrx_word' id='word_1_386' title='bbox 1681 3495 1750 3536; x_wconf 92' lang='lat' dir='ltr'><strong>ne</strong></span> <span class='ocrx_word' id='word_1_387' title='bbox 1804 3480 2009 3536; x_wconf 85' lang='lat' dir='ltr'><strong>frustra</strong></span> 
     </span>
    </p>
   </div>
   <div class='ocr_carea' id='block_1_53' title="bbox 431 3580 2008 3651">
    <p class='ocr_par' dir='ltr' id='par_1_53' title="bbox 431 3580 2008 3651">
     <span class='ocr_line' id='line_1_55' title="bbox 431 3580 2008 3651; baseline -0.003 -14"><span class='ocrx_word' id='word_1_388' title='bbox 431 3591 485 3636; x_wconf 91' lang='lat' dir='ltr'><strong>te</strong></span> <span class='ocrx_word' id='word_1_389' title='bbox 515 3597 739 3637; x_wconf 89' lang='lat' dir='ltr'><strong>excusa.</strong></span> <span class='ocrx_word' id='word_1_390' title='bbox 772 3580 911 3635; x_wconf 85' lang='lat' dir='ltr'><strong>Nam</strong></span> <span class='ocrx_word' id='word_1_391' title='bbox 958 3580 1054 3650; x_wconf 90' lang='lat' dir='ltr'><strong>qui</strong></span> <span class='ocrx_word' id='word_1_392' title='bbox 1109 3595 1340 3651; x_wconf 83' lang='lat' dir='ltr'><strong>prorsus</strong></span> <span class='ocrx_word' id='word_1_393' title='bbox 1399 3581 1618 3647; x_wconf 91' lang='lat' dir='ltr'><strong>nolunt,</strong></span> <span class='ocrx_word' id='word_1_394' title='bbox 1673 3596 1784 3637; x_wconf 91' lang='lat' dir='ltr'><strong>non</strong></span> <span class='ocrx_word' id='word_1_395' title='bbox 1825 3587 2008 3635; x_wconf 92' lang='lat' dir='ltr'><strong>autem</strong></span> 
     </span>
    </p>
   </div>
   <div class='ocr_carea' id='block_1_54' title="bbox 431 3668 2010 3743">
    <p class='ocr_par' dir='ltr' id='par_1_54' title="bbox 431 3668 2010 3743">
     <span class='ocr_line' id='line_1_56' title="bbox 431 3668 2010 3743; baseline 0.001 -20"><span class='ocrx_word' id='word_1_396' title='bbox 431 3669 528 3739; x_wconf 92' lang='lat' dir='ltr'><strong>qui</strong></span> <span class='ocrx_word' id='word_1_397' title='bbox 559 3685 669 3723; x_wconf 92' lang='lat' dir='ltr'><strong>non</strong></span> <span class='ocrx_word' id='word_1_398' title='bbox 701 3677 953 3739; x_wconf 83' lang='lat' dir='ltr'><strong>possunt,</strong></span> <span class='ocrx_word' id='word_1_399' title='bbox 987 3669 1198 3725; x_wconf 64' lang='lat' dir='ltr'><strong>caelesti</strong></span> <span class='ocrx_word' id='word_1_400' title='bbox 1223 3671 1395 3741; x_wconf 89' lang='lat' dir='ltr'><strong>gloria</strong></span> <span class='ocrx_word' id='word_1_401' title='bbox 1449 3671 1835 3743; x_wconf 76' lang='lat' dir='ltr'><strong>privabantur,</strong></span> <span class='ocrx_word' id='word_1_402' title='bbox 1861 3668 2010 3741; x_wconf 91' lang='lat' dir='ltr'><strong>quod</strong></span> 
     </span>
    </p>
   </div>
   <div class='ocr_carea' id='block_1_55' title="bbox 430 3762 2011 3835">
    <p class='ocr_par' dir='ltr' id='par_1_55' title="bbox 430 3762 2011 3835">
     <span class='ocr_line' id='line_1_57' title="bbox 430 3762 2011 3835; baseline 0 -17"><span class='ocrx_word' id='word_1_403' title='bbox 430 3778 498 3818; x_wconf 88' lang='lat' dir='ltr'><strong>ex</strong></span> <span class='ocrx_word' id='word_1_404' title='bbox 533 3771 662 3818; x_wconf 91' lang='lat' dir='ltr'><strong>ante</strong></span> <span class='ocrx_word' id='word_1_405' title='bbox 687 3762 851 3818; x_wconf 90' lang='lat' dir='ltr'><strong>dictis</strong></span> <span class='ocrx_word' id='word_1_406' title='bbox 880 3762 1233 3834; x_wconf 89' lang='lat' dir='ltr'><strong>perspicuum</strong></span> <span class='ocrx_word' id='word_1_407' title='bbox 1255 3766 1453 3829; x_wconf 87' lang='lat' dir='ltr'><strong>evasit,</strong></span> <span class='ocrx_word' id='word_1_408' title='bbox 1491 3766 1732 3835; x_wconf 87' lang='lat' dir='ltr'><strong>satisque</strong></span> <span class='ocrx_word' id='word_1_409' title='bbox 1755 3765 1822 3819; x_wconf 89' lang='lat' dir='ltr'><strong>ad</strong></span> <span class='ocrx_word' id='word_1_410' title='bbox 1851 3764 2011 3818; x_wconf 87' lang='lat' dir='ltr'><strong>fidem</strong></span> 
     </span>
    </p>
   </div>
   <div class='ocr_carea' id='block_1_56' title="bbox 433 3855 2013 3913">
    <p class='ocr_par' dir='ltr' id='par_1_56' title="bbox 433 3855 2013 3913">
     <span class='ocr_line' id='line_1_58' title="bbox 433 3855 2013 3913; baseline -0.003 0"><span class='ocrx_word' id='word_1_411' title='bbox 433 3856 872 3913; x_wconf 89' lang='lat' dir='ltr'><strong>demonstratum</strong></span> <span class='ocrx_word' id='word_1_412' title='bbox 920 3865 977 3911; x_wconf 90' lang='lat' dir='ltr'><strong>et</strong></span> <span class='ocrx_word' id='word_1_413' title='bbox 1006 3857 1391 3912; x_wconf 85' lang='lat' dir='ltr'><strong>conﬁrmatum</strong></span> <span class='ocrx_word' id='word_1_414' title='bbox 1437 3865 1541 3912; x_wconf 92' lang='lat' dir='ltr'><strong>est.</strong></span> <span class='ocrx_word' id='word_1_415' title='bbox 1589 3855 1704 3911; x_wconf 83' lang='lat' dir='ltr'><strong>Hoc</strong></span> <span class='ocrx_word' id='word_1_416' title='bbox 1730 3855 2013 3910; x_wconf 88' lang='lat' dir='ltr'><strong>nihilomi-</strong></span> 
     </span>
    </p>
   </div>
   <div class='ocr_carea' id='block_1_57' title="bbox 435 3946 2015 4022">
    <p class='ocr_par' dir='ltr' id='par_1_57' title="bbox 435 3946 2015 4022">
     <span class='ocr_line' id='line_1_59' title="bbox 435 3946 2015 4022; baseline -0.004 -16"><span class='ocrx_word' id='word_1_417' title='bbox 435 3966 562 4016; x_wconf 90' lang='lat' dir='ltr'><strong>nus,</strong></span> <span class='ocrx_word' id='word_1_418' title='bbox 619 3959 681 4005; x_wconf 94' lang='lat' dir='ltr'><strong>ut</strong></span> <span class='ocrx_word' id='word_1_419' title='bbox 733 3949 832 4005; x_wconf 91' lang='lat' dir='ltr'><strong>tibi</strong></span> <span class='ocrx_word' id='word_1_420' title='bbox 885 3950 1178 4021; x_wconf 74' lang='lat' dir='ltr'><strong>gratificet,</strong></span> <span class='ocrx_word' id='word_1_421' title='bbox 1230 3963 1522 4022; x_wconf 89' lang='lat' dir='ltr'><strong>apponam.</strong></span> <span class='ocrx_word' id='word_1_422' title='bbox 1565 3946 1924 4010; x_wconf 76' lang='lat' dir='ltr'><strong>Pharisaeum,</strong></span> <span class='ocrx_word' id='word_1_423' title='bbox 1955 3953 2015 4000; x_wconf 91' lang='lat' dir='ltr'><strong>et</strong></span> 
     </span>
    </p>
   </div>
   <div class='ocr_carea' id='block_1_58' title="bbox 439 4036 2015 4112">
    <p class='ocr_par' dir='ltr' id='par_1_58' title="bbox 439 4036 2015 4112">
     <span class='ocr_line' id='line_1_60' title="bbox 439 4036 2015 4112; baseline -0.004 -16"><span class='ocrx_word' id='word_1_424' title='bbox 439 4041 798 4112; x_wconf 91' lang='lat' dir='ltr'><strong>publicanum</strong></span> <span class='ocrx_word' id='word_1_425' title='bbox 844 4051 1049 4097; x_wconf 91' lang='lat' dir='ltr'><strong>norunt</strong></span> <span class='ocrx_word' id='word_1_426' title='bbox 1077 4056 1291 4104; x_wconf 90' lang='lat' dir='ltr'><strong>omnes,</strong></span> <span class='ocrx_word' id='word_1_427' title='bbox 1323 4056 1355 4095; x_wconf 92' lang='lat' dir='ltr'><strong>e</strong></span> <span class='ocrx_word' id='word_1_428' title='bbox 1389 4038 1592 4109; x_wconf 91' lang='lat' dir='ltr'><strong>quibus</strong></span> <span class='ocrx_word' id='word_1_429' title='bbox 1637 4036 1727 4092; x_wconf 92' lang='lat' dir='ltr'><strong>ille</strong></span> <span class='ocrx_word' id='word_1_430' title='bbox 1780 4037 2015 4091; x_wconf 90' lang='lat' dir='ltr'><strong>virtutes</strong></span> 
     </span>
    </p>
   </div>
   <div class='ocr_carea' id='block_1_59' title="bbox 435 4131 2015 4204">
    <p class='ocr_par' dir='ltr' id='par_1_59' title="bbox 435 4131 2015 4204">
     <span class='ocr_line' id='line_1_61' title="bbox 435 4131 2015 4204; baseline -0.003 -16"><span class='ocrx_word' id='word_1_431' title='bbox 435 4149 564 4188; x_wconf 72' lang='lat' dir='ltr'><strong>suas</strong></span> <span class='ocrx_word' id='word_1_432' title='bbox 591 4135 851 4204; x_wconf 86' lang='lat' dir='ltr'><strong>iactavit:</strong></span> <span class='ocrx_word' id='word_1_433' title='bbox 886 4133 976 4189; x_wconf 90' lang='lat' dir='ltr'><strong>hic</strong></span> <span class='ocrx_word' id='word_1_434' title='bbox 996 4134 1050 4188; x_wconf 93' lang='lat' dir='ltr'><strong>in</strong></span> <span class='ocrx_word' id='word_1_435' title='bbox 1083 4133 1393 4188; x_wconf 91' lang='lat' dir='ltr'><strong>humilitate</strong></span> <span class='ocrx_word' id='word_1_436' title='bbox 1418 4131 1602 4187; x_wconf 90' lang='lat' dir='ltr'><strong>cordis</strong></span> <span class='ocrx_word' id='word_1_437' title='bbox 1629 4139 1824 4200; x_wconf 89' lang='lat' dir='ltr'><strong>pectus</strong></span> <span class='ocrx_word' id='word_1_438' title='bbox 1852 4144 2015 4184; x_wconf 89' lang='lat' dir='ltr'><strong>suum</strong></span> 
     </span>
    </p>
   </div>
   <div class='ocr_carea' id='block_1_60' title="bbox 438 4221 2013 4293">
    <p class='ocr_par' dir='ltr' id='par_1_60' title="bbox 438 4221 2013 4293">
     <span class='ocr_line' id='line_1_62' title="bbox 438 4221 2013 4293; baseline -0.002 -15"><span class='ocrx_word' id='word_1_439' title='bbox 438 4225 778 4282; x_wconf 87' lang='lat' dir='ltr'><strong>verberavit.</strong></span> <span class='ocrx_word' id='word_1_440' title='bbox 815 4226 960 4280; x_wconf 89' lang='lat' dir='ltr'><strong>Deus</strong></span> <span class='ocrx_word' id='word_1_441' title='bbox 993 4235 1196 4290; x_wconf 88' lang='lat' dir='ltr'><strong>autem,</strong></span> <span class='ocrx_word' id='word_1_442' title='bbox 1231 4223 1614 4279; x_wconf 89' lang='lat' dir='ltr'><strong>humiliantem</strong></span> <span class='ocrx_word' id='word_1_443' title='bbox 1647 4238 1707 4278; x_wconf 86' lang='lat' dir='ltr'><strong>se</strong></span> <span class='ocrx_word' id='word_1_444' title='bbox 1738 4221 2013 4293; x_wconf 90' lang='lat' dir='ltr'><strong>probavit,</strong></span> 
     </span>
    </p>
   </div>
   <div class='ocr_carea' id='block_1_61' title="bbox 432 4316 1619 4391">
    <p class='ocr_par' dir='ltr' id='par_1_61' title="bbox 432 4316 1619 4391">
     <span class='ocr_line' id='line_1_63' title="bbox 432 4316 1619 4391; baseline -0.001 -18"><span class='ocrx_word' id='word_1_445' title='bbox 432 4319 748 4391; x_wconf 89' lang='lat' dir='ltr'><strong>iactantiam</strong></span> <span class='ocrx_word' id='word_1_446' title='bbox 778 4327 834 4373; x_wconf 91' lang='lat' dir='ltr'><strong>et</strong></span> <span class='ocrx_word' id='word_1_447' title='bbox 866 4317 1261 4388; x_wconf 87' lang='lat' dir='ltr'><strong>iactabundum</strong></span> <span class='ocrx_word' id='word_1_448' title='bbox 1295 4316 1619 4387; x_wconf 91' lang='lat' dir='ltr'><strong>reiecit</strong></span> 
     </span>
    </p>
   </div>
   <div class='ocr_carea' id='block_1_62' title="bbox 2095 1729 3677 1799">
    <p class='ocr_par' dir='ltr' id='par_1_62' title="bbox 2095 1729 3677 1799">
     <span class='ocr_line' id='line_1_64' title="bbox 2095 1729 3677 1799; baseline -0.011 0"><span class='ocrx_word' id='word_1_449' title='bbox 2095 1744 2163 1799; x_wconf 88' lang='lat' dir='ltr'><strong>ad</strong></span> <span class='ocrx_word' id='word_1_450' title='bbox 2199 1749 2446 1797; x_wconf 84' lang='lat' dir='ltr'><strong>astantes</strong></span> <span class='ocrx_word' id='word_1_451' title='bbox 2470 1739 2688 1794; x_wconf 88' lang='lat' dir='ltr'><strong>locutus</strong></span> <span class='ocrx_word' id='word_1_452' title='bbox 2738 1746 2823 1792; x_wconf 93' lang='lat' dir='ltr'><strong>est</strong></span> <span class='ocrx_word' id='word_1_453' title='bbox 2851 1734 3157 1790; x_wconf 89' lang='lat' dir='ltr'><strong>Dominus:</strong></span> <span class='ocrx_word' id='word_1_454' title='bbox 3195 1753 3212 1785; x_wconf 76' lang='grc' dir='ltr'>ι</span> <span class='ocrx_word' id='word_1_455' title='bbox 3259 1734 3432 1799; x_wconf 92' lang='lat' dir='ltr'><strong>Quam</strong></span> <span class='ocrx_word' id='word_1_456' title='bbox 3455 1729 3677 1785; x_wconf 87' lang='lat' dir='ltr'><strong>dillicile</strong></span> 
     </span>
    </p>
   </div>
   <div class='ocr_carea' id='block_1_63' title="bbox 2095 1821 3680 1899">
    <p class='ocr_par' dir='ltr' id='par_1_63' title="bbox 2095 1821 3680 1899">
     <span class='ocr_line' id='line_1_65' title="bbox 2095 1821 3680 1899; baseline -0.013 -7"><span class='ocrx_word' id='word_1_457' title='bbox 2095 1837 2294 1892; x_wconf 89' lang='lat' dir='ltr'><strong>divites</strong></span> <span class='ocrx_word' id='word_1_458' title='bbox 2317 1831 2604 1888; x_wconf 90' lang='lat' dir='ltr'><strong>intrabunt</strong></span> <span class='ocrx_word' id='word_1_459' title='bbox 2633 1830 2688 1884; x_wconf 93' lang='lat' dir='ltr'><strong>iu</strong></span> <span class='ocrx_word' id='word_1_460' title='bbox 2716 1843 2942 1899; x_wconf 88' lang='lat' dir='ltr'><strong>regnum</strong></span> <span class='ocrx_word' id='word_1_461' title='bbox 2976 1827 3240 1881; x_wconf 69' lang='lat' dir='ltr'><strong>caelorum</strong></span> <span class='ocrx_word' id='word_1_462' title='bbox 3272 1825 3316 1856; x_wconf 83' lang='grc'><strong><em>³⁹</em></strong></span> <span class='ocrx_word' id='word_1_463' title='bbox 3348 1825 3360 1877; x_wconf 82' lang='lat' dir='ltr'><strong>l</strong></span> <span class='ocrx_word' id='word_1_464' title='bbox 3403 1842 3422 1874; x_wconf 85' lang='grc'><strong>›</strong></span> <span class='ocrx_word' id='word_1_465' title='bbox 3453 1821 3532 1875; x_wconf 83' lang='lat' dir='ltr'><strong>Ad</strong></span> <span class='ocrx_word' id='word_1_466' title='bbox 3559 1835 3680 1889; x_wconf 76' lang='lat' dir='ltr'><strong>qua:</strong></span> 
     </span>
    </p>
   </div>
   <div class='ocr_carea' id='block_1_64' title="bbox 2096 1909 3678 1986">
    <p class='ocr_par' dir='ltr' id='par_1_64' title="bbox 2096 1909 3678 1986">
     <span class='ocr_line' id='line_1_66' title="bbox 2096 1909 3678 1986; baseline -0.011 -4"><span class='ocrx_word' id='word_1_467' title='bbox 2096 1928 2226 1982; x_wconf 88' lang='lat' dir='ltr'><strong>licet</strong></span> <span class='ocrx_word' id='word_1_468' title='bbox 2251 1921 2684 1986; x_wconf 86' lang='lat' dir='ltr'><strong>evidentissima,</strong></span> <span class='ocrx_word' id='word_1_469' title='bbox 2703 1935 2827 1974; x_wconf 92' lang='lat' dir='ltr'><strong>cum</strong></span> <span class='ocrx_word' id='word_1_470' title='bbox 2854 1914 3106 1986; x_wconf 90' lang='lat' dir='ltr'><strong>discipuli</strong></span> <span class='ocrx_word' id='word_1_471' title='bbox 3131 1914 3469 1985; x_wconf 80' lang='lat' dir='ltr'><strong>obiicerem:</strong></span> <span class='ocrx_word' id='word_1_472' title='bbox 3497 1929 3515 1961; x_wconf 75' lang='lat'><strong>¢</strong></span> <span class='ocrx_word' id='word_1_473' title='bbox 3541 1909 3678 1974; x_wconf 85' lang='lat' dir='ltr'><strong>Quis</strong></span> 
     </span>
    </p>
   </div>
   <div class='ocr_carea' id='block_1_65' title="bbox 2099 2001 3678 2092">
    <p class='ocr_par' dir='ltr' id='par_1_65' title="bbox 2099 2001 3678 2092">
     <span class='ocr_line' id='line_1_67' title="bbox 2099 2001 3678 2092; baseline -0.012 -17"><span class='ocrx_word' id='word_1_474' title='bbox 2099 2021 2284 2092; x_wconf 89' lang='lat' dir='ltr'><strong>igitur,</strong></span> <span class='ocrx_word' id='word_1_475' title='bbox 2330 2014 2609 2086; x_wconf 90' lang='lat' dir='ltr'><strong>magister,</strong></span> <span class='ocrx_word' id='word_1_476' title='bbox 2654 2008 2851 2066; x_wconf 90' lang='lat' dir='ltr'><strong>salvari</strong></span> <span class='ocrx_word' id='word_1_477' title='bbox 2894 2007 3133 2078; x_wconf 86' lang='lat' dir='ltr'><strong>poterit?</strong></span> <span class='ocrx_word' id='word_1_478' title='bbox 3193 2023 3212 2056; x_wconf 73' lang='grc' dir='ltr'><strong><em>ι</em></strong></span> <span class='ocrx_word' id='word_1_479' title='bbox 3251 2005 3339 2058; x_wconf 91' lang='lat' dir='ltr'><strong>ille</strong></span> <span class='ocrx_word' id='word_1_480' title='bbox 3388 2001 3678 2057; x_wconf 88' lang='lat' dir='ltr'><strong>confestim</strong></span> 
     </span>
    </p>
   </div>
   <div class='ocr_carea' id='block_1_66' title="bbox 2100 2093 3673 2185">
    <p class='ocr_par' dir='ltr' id='par_1_66' title="bbox 2100 2093 3673 2185">
     <span class='ocr_line' id='line_1_68' title="bbox 2100 2093 3673 2185; baseline -0.015 -15"><span class='ocrx_word' id='word_1_481' title='bbox 2100 2127 2424 2185; x_wconf 90' lang='lat' dir='ltr'><strong>responsum</strong></span> <span class='ocrx_word' id='word_1_482' title='bbox 2465 2124 2654 2167; x_wconf 90' lang='lat' dir='ltr'><strong>verum</strong></span> <span class='ocrx_word' id='word_1_483' title='bbox 2688 2107 2764 2163; x_wconf 89' lang='lat' dir='ltr'><strong>ita</strong></span> <span class='ocrx_word' id='word_1_484' title='bbox 2791 2101 3030 2158; x_wconf 88' lang='lat' dir='ltr'><strong>reddidit</strong></span> <span class='ocrx_word' id='word_1_485' title='bbox 3055 2117 3068 2154; x_wconf 91' lang='lat'><strong>:</strong></span> <span class='ocrx_word' id='word_1_486' title='bbox 3093 2097 3262 2165; x_wconf 69' lang='lat' dir='ltr'><strong>«Qua:</strong></span> <span class='ocrx_word' id='word_1_487' title='bbox 3313 2093 3673 2185; x_wconf 85' lang='lat' dir='ltr'><strong>impossibilia</strong></span> 
     </span>
    </p>
   </div>
   <div class='ocr_carea' id='block_1_67' title="bbox 2101 2184 3682 2270">
    <p class='ocr_par' dir='ltr' id='par_1_67' title="bbox 2101 2184 3682 2270">
     <span class='ocr_line' id='line_1_69' title="bbox 2101 2184 3682 2270; baseline -0.013 -13"><span class='ocrx_word' id='word_1_488' title='bbox 2101 2184 2250 2264; x_wconf 88' lang='lat' dir='ltr'><strong>sunt,</strong></span> <span class='ocrx_word' id='word_1_489' title='bbox 2286 2199 2484 2270; x_wconf 91' lang='lat' dir='ltr'><strong>inquit,</strong></span> <span class='ocrx_word' id='word_1_490' title='bbox 2515 2197 2658 2268; x_wconf 89' lang='lat' dir='ltr'><strong>apud</strong></span> <span class='ocrx_word' id='word_1_491' title='bbox 2702 2193 2979 2255; x_wconf 87' lang='lat' dir='ltr'><strong>homines,</strong></span> <span class='ocrx_word' id='word_1_492' title='bbox 3014 2187 3157 2259; x_wconf 88' lang='lat' dir='ltr'><strong>apud</strong></span> <span class='ocrx_word' id='word_1_493' title='bbox 3205 2187 3375 2242; x_wconf 89' lang='lat' dir='ltr'><strong>Deum</strong></span> <span class='ocrx_word' id='word_1_494' title='bbox 3428 2184 3682 2254; x_wconf 77' lang='lat' dir='ltr'><strong>etpassi-</strong></span> 
     </span>
    </p>
   </div>
   <div class='ocr_carea' id='block_1_68' title="bbox 2100 2275 3682 2354">
    <p class='ocr_par' dir='ltr' id='par_1_68' title="bbox 2100 2275 3682 2354">
     <span class='ocr_line' id='line_1_70' title="bbox 2100 2275 3682 2354; baseline -0.013 -4"><span class='ocrx_word' id='word_1_495' title='bbox 2100 2294 2234 2350; x_wconf 77' lang='lat' dir='ltr'><strong>bilia</strong></span> <span class='ocrx_word' id='word_1_496' title='bbox 2269 2293 2335 2347; x_wconf 82' lang='lat'><strong>“’.</strong></span> <span class='ocrx_word' id='word_1_497' title='bbox 2379 2300 2481 2346; x_wconf 75' lang='grc' dir='ltr'><strong>»ει</strong></span> <span class='ocrx_word' id='word_1_498' title='bbox 2534 2288 2734 2354; x_wconf 89' lang='lat' dir='ltr'><strong>facilia,</strong></span> <span class='ocrx_word' id='word_1_499' title='bbox 2787 2295 2844 2342; x_wconf 90' lang='lat' dir='ltr'><strong>et</strong></span> <span class='ocrx_word' id='word_1_500' title='bbox 2919 2283 3175 2339; x_wconf 89' lang='lat' dir='ltr'><strong>facillima</strong></span> <span class='ocrx_word' id='word_1_501' title='bbox 3229 2287 3396 2336; x_wconf 89' lang='lat' dir='ltr'><strong>sunt:</strong></span> <span class='ocrx_word' id='word_1_502' title='bbox 3447 2275 3682 2332; x_wconf 91' lang='lat' dir='ltr'><strong>Domino</strong></span> 
     </span>
    </p>
   </div>
   <div class='ocr_carea' id='block_1_69' title="bbox 2102 2367 3678 2442">
    <p class='ocr_par' dir='ltr' id='par_1_69' title="bbox 2102 2367 3678 2442">
     <span class='ocr_line' id='line_1_71' title="bbox 2102 2367 3678 2442; baseline -0.013 -1"><span class='ocrx_word' id='word_1_503' title='bbox 2102 2386 2250 2442; x_wconf 91' lang='lat' dir='ltr'><strong>enim</strong></span> <span class='ocrx_word' id='word_1_504' title='bbox 2283 2383 2666 2440; x_wconf 86' lang='lat' dir='ltr'><strong>universorum</strong></span> <span class='ocrx_word' id='word_1_505' title='bbox 2708 2380 2876 2436; x_wconf 90' lang='lat' dir='ltr'><strong>etiam</strong></span> <span class='ocrx_word' id='word_1_506' title='bbox 2903 2377 3161 2432; x_wconf 88' lang='lat' dir='ltr'><strong>universa</strong></span> <span class='ocrx_word' id='word_1_507' title='bbox 3193 2381 3322 2428; x_wconf 90' lang='lat' dir='ltr'><strong>sunt</strong></span> <span class='ocrx_word' id='word_1_508' title='bbox 3349 2367 3634 2442; x_wconf 90' lang='lat' dir='ltr'><strong>possibilia</strong></span> <span class='ocrx_word' id='word_1_509' title='bbox 3663 2383 3678 2420; x_wconf 91' lang='lat'><strong>:</strong></span> 
     </span>
    </p>
   </div>
   <div class='ocr_carea' id='block_1_70' title="bbox 2103 2459 3681 2550">
    <p class='ocr_par' dir='ltr' id='par_1_70' title="bbox 2103 2459 3681 2550">
     <span class='ocr_line' id='line_1_72' title="bbox 2103 2459 3681 2550; baseline -0.013 -16"><span class='ocrx_word' id='word_1_510' title='bbox 2103 2479 2289 2550; x_wconf 92' lang='lat' dir='ltr'><strong>quiet</strong></span> <span class='ocrx_word' id='word_1_511' title='bbox 2339 2475 2519 2530; x_wconf 89' lang='lat' dir='ltr'><strong>ordini</strong></span> <span class='ocrx_word' id='word_1_512' title='bbox 2575 2484 2632 2530; x_wconf 90' lang='lat' dir='ltr'><strong>et</strong></span> <span class='ocrx_word' id='word_1_513' title='bbox 2691 2472 2906 2543; x_wconf 88' lang='lat' dir='ltr'><strong>legibus</strong></span> <span class='ocrx_word' id='word_1_514' title='bbox 2961 2477 3172 2524; x_wconf 77' lang='lat' dir='ltr'><strong>natura:</strong></span> <span class='ocrx_word' id='word_1_515' title='bbox 3226 2467 3480 2534; x_wconf 85' lang='lat' dir='ltr'><strong>imperat.</strong></span> <span class='ocrx_word' id='word_1_516' title='bbox 3505 2459 3681 2516; x_wconf 88' lang='lat' dir='ltr'><strong>Crede</strong></span> 
     </span>
    </p>
   </div>
   <div class='ocr_carea' id='block_1_71' title="bbox 2103 2553 3685 2636">
    <p class='ocr_par' dir='ltr' id='par_1_71' title="bbox 2103 2553 3685 2636">
     <span class='ocr_line' id='line_1_73' title="bbox 2103 2553 3685 2636; baseline -0.012 -10"><span class='ocrx_word' id='word_1_517' title='bbox 2103 2571 2292 2628; x_wconf 80' lang='lat' dir='ltr'><strong>verbis</strong></span> <span class='ocrx_word' id='word_1_518' title='bbox 2345 2570 2504 2632; x_wconf 85' lang='lat' dir='ltr'><strong>meis.</strong></span> <span class='ocrx_word' id='word_1_519' title='bbox 2564 2582 2666 2623; x_wconf 91' lang='lat' dir='ltr'><strong>nec</strong></span> <span class='ocrx_word' id='word_1_520' title='bbox 2695 2565 2936 2636; x_wconf 91' lang='lat' dir='ltr'><strong>amplius</strong></span> <span class='ocrx_word' id='word_1_521' title='bbox 2965 2562 3180 2618; x_wconf 92' lang='lat' dir='ltr'><strong>dubita.</strong></span> <span class='ocrx_word' id='word_1_522' title='bbox 3202 2560 3328 2615; x_wconf 89' lang='lat' dir='ltr'><strong>Sive</strong></span> <span class='ocrx_word' id='word_1_523' title='bbox 3351 2557 3498 2612; x_wconf 89' lang='lat' dir='ltr'><strong>enim</strong></span> <span class='ocrx_word' id='word_1_524' title='bbox 3523 2553 3685 2611; x_wconf 88' lang='lat' dir='ltr'><strong>Chri-</strong></span> 
     </span>
    </p>
   </div>
   <div class='ocr_carea' id='block_1_72' title="bbox 2104 2653 3684 2722">
    <p class='ocr_par' dir='ltr' id='par_1_72' title="bbox 2104 2653 3684 2722">
     <span class='ocr_line' id='line_1_74' title="bbox 2104 2653 3684 2722; baseline -0.013 -1"><span class='ocrx_word' id='word_1_525' title='bbox 2104 2677 2224 2722; x_wconf 91' lang='lat' dir='ltr'><strong>stus</strong></span> <span class='ocrx_word' id='word_1_526' title='bbox 2256 2675 2309 2720; x_wconf 91' lang='lat' dir='ltr'><strong>te</strong></span> <span class='ocrx_word' id='word_1_527' title='bbox 2349 2663 2563 2720; x_wconf 90' lang='lat' dir='ltr'><strong>sociare</strong></span> <span class='ocrx_word' id='word_1_528' title='bbox 2595 2658 2983 2718; x_wconf 90' lang='lat' dir='ltr'><strong>salvandorum</strong></span> <span class='ocrx_word' id='word_1_529' title='bbox 3023 2655 3226 2718; x_wconf 91' lang='lat' dir='ltr'><strong>choris,</strong></span> <span class='ocrx_word' id='word_1_530' title='bbox 3265 2653 3380 2708; x_wconf 78' lang='lat' dir='ltr'><strong>sive</strong></span> <span class='ocrx_word' id='word_1_531' title='bbox 3414 2663 3684 2705; x_wconf 87' lang='lat' dir='ltr'><strong>annume-</strong></span> 
     </span>
    </p>
   </div>
   <div class='ocr_carea' id='block_1_73' title="bbox 2104 2745 3688 2826">
    <p class='ocr_par' dir='ltr' id='par_1_73' title="bbox 2104 2745 3688 2826">
     <span class='ocr_line' id='line_1_75' title="bbox 2104 2745 3688 2826; baseline -0.012 -14"><span class='ocrx_word' id='word_1_532' title='bbox 2104 2773 2228 2813; x_wconf 89' lang='lat' dir='ltr'><strong>rare</strong></span> <span class='ocrx_word' id='word_1_533' title='bbox 2289 2753 2624 2826; x_wconf 90' lang='lat' dir='ltr'><strong>fulgentibus</strong></span> <span class='ocrx_word' id='word_1_534' title='bbox 2652 2749 2816 2823; x_wconf 84' lang='lat' dir='ltr'><strong>iustis</strong></span> <span class='ocrx_word' id='word_1_535' title='bbox 2845 2749 3078 2803; x_wconf 89' lang='lat' dir='ltr'><strong>voluerit</strong></span> <span class='ocrx_word' id='word_1_536' title='bbox 3103 2745 3268 2816; x_wconf 90' lang='lat' dir='ltr'><strong>(sicut</strong></span> <span class='ocrx_word' id='word_1_537' title='bbox 3294 2751 3454 2798; x_wconf 90' lang='lat' dir='ltr'><strong>antea</strong></span> <span class='ocrx_word' id='word_1_538' title='bbox 3484 2755 3688 2796; x_wconf 80' lang='lat' dir='ltr'><strong>memo-</strong></span> 
     </span>
    </p>
   </div>
   <div class='ocr_carea' id='block_1_74' title="bbox 2107 2829 3688 2913">
    <p class='ocr_par' dir='ltr' id='par_1_74' title="bbox 2107 2829 3688 2913">
     <span class='ocr_line' id='line_1_76' title="bbox 2107 2829 3688 2913; baseline -0.013 -7"><span class='ocrx_word' id='word_1_539' title='bbox 2107 2851 2372 2912; x_wconf 89' lang='lat' dir='ltr'><strong>ravimus,</strong></span> <span class='ocrx_word' id='word_1_540' title='bbox 2405 2845 2549 2902; x_wconf 88' lang='lat' dir='ltr'><strong>etde</strong></span> <span class='ocrx_word' id='word_1_541' title='bbox 2600 2842 2870 2913; x_wconf 90' lang='lat' dir='ltr'><strong>operariis</strong></span> <span class='ocrx_word' id='word_1_542' title='bbox 2914 2843 2966 2896; x_wconf 93' lang='lat' dir='ltr'><strong>in</strong></span> <span class='ocrx_word' id='word_1_543' title='bbox 3019 2839 3203 2900; x_wconf 89' lang='lat' dir='ltr'><strong>vinea,</strong></span> <span class='ocrx_word' id='word_1_544' title='bbox 3257 2835 3573 2904; x_wconf 72' lang='lat' dir='ltr'><strong>relictisque</strong></span> <span class='ocrx_word' id='word_1_545' title='bbox 3616 2829 3688 2887; x_wconf 73' lang='lat' dir='ltr'><strong>a1</strong></span> 
     </span>
    </p>
   </div>
   <div class='ocr_carea' id='block_1_75' title="bbox 2078 2927 3690 3006">
    <p class='ocr_par' dir='ltr' id='par_1_75' title="bbox 2078 2927 3690 3006">
     <span class='ocr_line' id='line_1_77' title="bbox 2078 2927 3690 3006; baseline -0.011 -7"><span class='ocrx_word' id='word_1_546' title='bbox 2078 2940 2081 2944; x_wconf 83' lang='grc'><strong>’</strong></span> <span class='ocrx_word' id='word_1_547' title='bbox 2107 2943 2350 3000; x_wconf 90' lang='lat' dir='ltr'><strong>sarcinas</strong></span> <span class='ocrx_word' id='word_1_548' title='bbox 2388 2956 2419 2995; x_wconf 85' lang='lat' dir='ltr'><strong>a</strong></span> <span class='ocrx_word' id='word_1_549' title='bbox 2443 2939 2649 2996; x_wconf 91' lang='lat' dir='ltr'><strong>Davide</strong></span> <span class='ocrx_word' id='word_1_550' title='bbox 2675 2935 2985 3006; x_wconf 83' lang='lat' dir='ltr'><strong>exemplum</strong></span> <span class='ocrx_word' id='word_1_551' title='bbox 3018 2928 3349 3000; x_wconf 85' lang='lat' dir='ltr'><strong>attulimus),</strong></span> <span class='ocrx_word' id='word_1_552' title='bbox 3378 2937 3440 2983; x_wconf 89' lang='lat' dir='ltr'><strong>ut</strong></span> <span class='ocrx_word' id='word_1_553' title='bbox 3465 2927 3690 2998; x_wconf 84' lang='lat' dir='ltr'><strong>pelagus</strong></span> 
     </span>
    </p>
   </div>
   <div class='ocr_carea' id='block_1_76' title="bbox 2032 3019 3685 3118">
    <p class='ocr_par' dir='ltr' id='par_1_76' title="bbox 2032 3019 3685 3118">
     <span class='ocr_line' id='line_1_78' title="bbox 2032 3019 3685 3118; baseline -0.012 -26"><span class='ocrx_word' id='word_1_554' title='bbox 2032 3059 2077 3118; x_wconf 72' lang='grc' dir='ltr'>ρ</span> <span class='ocrx_word' id='word_1_555' title='bbox 2109 3033 2488 3106; x_wconf 89' lang='lat' dir='ltr'><strong>benignitatis,</strong></span> <span class='ocrx_word' id='word_1_556' title='bbox 2512 3038 2572 3088; x_wconf 89' lang='lat' dir='ltr'><strong>ut</strong></span> <span class='ocrx_word' id='word_1_557' title='bbox 2606 3030 2836 3102; x_wconf 80' lang='lat' dir='ltr'><strong>abyssus</strong></span> <span class='ocrx_word' id='word_1_558' title='bbox 2867 3025 3281 3088; x_wconf 67' lang='lat' dir='ltr'><strong>misericordiae,</strong></span> <span class='ocrx_word' id='word_1_559' title='bbox 3310 3037 3442 3078; x_wconf 90' lang='lat' dir='ltr'><strong>num</strong></span> <span class='ocrx_word' id='word_1_560' title='bbox 3477 3027 3562 3076; x_wconf 89' lang='lat' dir='ltr'><strong>est</strong></span> <span class='ocrx_word' id='word_1_561' title='bbox 3590 3019 3685 3090; x_wconf 90' lang='lat' dir='ltr'><strong>qui</strong></span> 
     </span>
    </p>
   </div>
   <div class='ocr_carea' id='block_1_77' title="bbox 2110 3110 3690 3182">
    <p class='ocr_par' dir='ltr' id='par_1_77' title="bbox 2110 3110 3690 3182">
     <span class='ocr_line' id='line_1_79' title="bbox 2110 3110 3690 3182; baseline -0.011 0"><span class='ocrx_word' id='word_1_562' title='bbox 2110 3127 2380 3182; x_wconf 91' lang='lat' dir='ltr'><strong>tantillum</strong></span> <span class='ocrx_word' id='word_1_563' title='bbox 2438 3124 2699 3179; x_wconf 88' lang='lat' dir='ltr'><strong>resistere</strong></span> <span class='ocrx_word' id='word_1_564' title='bbox 2747 3135 2984 3176; x_wconf 86' lang='lat' dir='ltr'><strong>ausurus</strong></span> <span class='ocrx_word' id='word_1_565' title='bbox 3036 3117 3152 3172; x_wconf 86' lang='lat' dir='ltr'><strong>sit?</strong></span> <span class='ocrx_word' id='word_1_566' title='bbox 3188 3135 3206 3168; x_wconf 71' lang='grc' dir='ltr'><strong><em>ι</em></strong></span> <span class='ocrx_word' id='word_1_567' title='bbox 3252 3115 3398 3169; x_wconf 89' lang='lat' dir='ltr'><strong>Deus</strong></span> <span class='ocrx_word' id='word_1_568' title='bbox 3463 3121 3548 3167; x_wconf 92' lang='lat' dir='ltr'><strong>est</strong></span> <span class='ocrx_word' id='word_1_569' title='bbox 3595 3110 3690 3181; x_wconf 92' lang='lat' dir='ltr'><strong>qui</strong></span> 
     </span>
    </p>
   </div>
   <div class='ocr_carea' id='block_1_78' title="bbox 2103 3203 3693 3294">
    <p class='ocr_par' dir='ltr' id='par_1_78' title="bbox 2103 3203 3693 3294">
     <span class='ocr_line' id='line_1_80' title="bbox 2103 3203 3693 3294; baseline -0.014 -18"><span class='ocrx_word' id='word_1_570' title='bbox 2103 3219 2394 3294; x_wconf 84' lang='lat' dir='ltr'><strong>iustificat,</strong></span> <span class='ocrx_word' id='word_1_571' title='bbox 2439 3215 2564 3286; x_wconf 91' lang='lat' dir='ltr'><strong>quis</strong></span> <span class='ocrx_word' id='word_1_572' title='bbox 2609 3223 2694 3269; x_wconf 90' lang='lat' dir='ltr'><strong>est</strong></span> <span class='ocrx_word' id='word_1_573' title='bbox 2742 3213 2838 3283; x_wconf 92' lang='lat' dir='ltr'><strong>qui</strong></span> <span class='ocrx_word' id='word_1_574' title='bbox 2892 3209 3223 3266; x_wconf 89' lang='lat' dir='ltr'><strong>condemnet</strong></span> <span class='ocrx_word' id='word_1_575' title='bbox 3245 3206 3336 3259; x_wconf 70' lang='lat' dir='ltr'><strong>“i</strong></span> <span class='ocrx_word' id='word_1_576' title='bbox 3375 3223 3392 3256; x_wconf 76' lang='grc' dir='ltr'><strong><em>ι</em></strong></span> <span class='ocrx_word' id='word_1_577' title='bbox 3425 3203 3693 3257; x_wconf 90' lang='lat' dir='ltr'><strong>Dominus</strong></span> 
     </span>
    </p>
   </div>
   <div class='ocr_carea' id='block_1_79' title="bbox 2110 3294 3694 3370">
    <p class='ocr_par' dir='ltr' id='par_1_79' title="bbox 2110 3294 3694 3370">
     <span class='ocr_line' id='line_1_81' title="bbox 2110 3294 3694 3370; baseline -0.016 -1"><span class='ocrx_word' id='word_1_578' title='bbox 2110 3314 2257 3370; x_wconf 89' lang='lat' dir='ltr'><strong>enim</strong></span> <span class='ocrx_word' id='word_1_579' title='bbox 2287 3317 2344 3364; x_wconf 91' lang='lat' dir='ltr'><strong>et</strong></span> <span class='ocrx_word' id='word_1_580' title='bbox 2379 3307 2630 3363; x_wconf 90' lang='lat' dir='ltr'><strong>conditor</strong></span> <span class='ocrx_word' id='word_1_581' title='bbox 2650 3315 2734 3360; x_wconf 91' lang='lat' dir='ltr'><strong>est</strong></span> <span class='ocrx_word' id='word_1_582' title='bbox 2767 3303 3034 3362; x_wconf 84' lang='lat' dir='ltr'><strong>omnium.</strong></span> <span class='ocrx_word' id='word_1_583' title='bbox 3077 3310 3132 3353; x_wconf 89' lang='lat' dir='ltr'><strong>et</strong></span> <span class='ocrx_word' id='word_1_584' title='bbox 3165 3297 3308 3350; x_wconf 90' lang='lat' dir='ltr'><strong>idem</strong></span> <span class='ocrx_word' id='word_1_585' title='bbox 3354 3309 3448 3348; x_wconf 91' lang='lat' dir='ltr'><strong>rex</strong></span> <span class='ocrx_word' id='word_1_586' title='bbox 3482 3294 3694 3346; x_wconf 87' lang='lat' dir='ltr'><strong>animo-</strong></span> 
     </span>
    </p>
   </div>
   <div class='ocr_carea' id='block_1_80' title="bbox 2112 3381 3688 3467">
    <p class='ocr_par' dir='ltr' id='par_1_80' title="bbox 2112 3381 3688 3467">
     <span class='ocr_line' id='line_1_82' title="bbox 2112 3381 3688 3467; baseline -0.016 -11"><span class='ocrx_word' id='word_1_587' title='bbox 2112 3417 2234 3456; x_wconf 88' lang='lat' dir='ltr'><strong>rum</strong></span> <span class='ocrx_word' id='word_1_588' title='bbox 2259 3411 2425 3467; x_wconf 85' lang='lat' dir='ltr'><strong>atque</strong></span> <span class='ocrx_word' id='word_1_589' title='bbox 2461 3410 2780 3466; x_wconf 90' lang='lat' dir='ltr'><strong>corporum.</strong></span> <span class='ocrx_word' id='word_1_590' title='bbox 2816 3392 2936 3446; x_wconf 87' lang='lat' dir='ltr'><strong>Non</strong></span> <span class='ocrx_word' id='word_1_591' title='bbox 2970 3387 3146 3442; x_wconf 89' lang='lat' dir='ltr'><strong>utitur</strong></span> <span class='ocrx_word' id='word_1_592' title='bbox 3169 3381 3539 3441; x_wconf 84' lang='lat' dir='ltr'><strong>curatoribus.</strong></span> <span class='ocrx_word' id='word_1_593' title='bbox 3573 3393 3688 3432; x_wconf 85' lang='lat' dir='ltr'><strong>non</strong></span> 
     </span>
    </p>
   </div>
   <div class='ocr_carea' id='block_1_81' title="bbox 2114 3469 3693 3564">
    <p class='ocr_par' dir='ltr' id='par_1_81' title="bbox 2114 3469 3693 3564">
     <span class='ocr_line' id='line_1_83' title="bbox 2114 3469 3693 3564; baseline -0.018 -15"><span class='ocrx_word' id='word_1_594' title='bbox 2114 3490 2516 3564; x_wconf 88' lang='lat' dir='ltr'><strong>provisoribus,</strong></span> <span class='ocrx_word' id='word_1_595' title='bbox 2577 3501 2687 3541; x_wconf 90' lang='lat' dir='ltr'><strong>non</strong></span> <span class='ocrx_word' id='word_1_596' title='bbox 2747 3484 2934 3553; x_wconf 90' lang='lat' dir='ltr'><strong>aliquo</strong></span> <span class='ocrx_word' id='word_1_597' title='bbox 2992 3477 3199 3533; x_wconf 88' lang='lat' dir='ltr'><strong>vicario</strong></span> <span class='ocrx_word' id='word_1_598' title='bbox 3255 3472 3482 3542; x_wconf 87' lang='lat' dir='ltr'><strong>indiget.</strong></span> <span class='ocrx_word' id='word_1_599' title='bbox 3519 3469 3693 3536; x_wconf 89' lang='lat' dir='ltr'><strong>Quem</strong></span> 
     </span>
    </p>
   </div>
   <div class='ocr_carea' id='block_1_82' title="bbox 2113 3561 3690 3642">
    <p class='ocr_par' dir='ltr' id='par_1_82' title="bbox 2113 3561 3690 3642">
     <span class='ocr_line' id='line_1_84' title="bbox 2113 3561 3690 3642; baseline -0.019 1"><span class='ocrx_word' id='word_1_600' title='bbox 2113 3561 2262 3642; x_wconf 80' lang='lat' dir='ltr'><strong>enim</strong></span> <span class='ocrx_word' id='word_1_601' title='bbox 2289 3584 2443 3639; x_wconf 89' lang='lat' dir='ltr'><strong>timet</strong></span> <span class='ocrx_word' id='word_1_602' title='bbox 2471 3580 2650 3637; x_wconf 84' lang='lat' dir='ltr'><strong>Deus?</strong></span> <span class='ocrx_word' id='word_1_603' title='bbox 2683 3577 2866 3634; x_wconf 85' lang='lat' dir='ltr'><strong>Gloria</strong></span> <span class='ocrx_word' id='word_1_604' title='bbox 2895 3571 3129 3629; x_wconf 87' lang='lat' dir='ltr'><strong>Domino</strong></span> <span class='ocrx_word' id='word_1_605' title='bbox 3159 3582 3304 3629; x_wconf 87' lang='lat' dir='ltr'><strong>meo.</strong></span> <span class='ocrx_word' id='word_1_606' title='bbox 3331 3564 3502 3637; x_wconf 89' lang='lat' dir='ltr'><strong>gloria</strong></span> <span class='ocrx_word' id='word_1_607' title='bbox 3525 3561 3690 3616; x_wconf 85' lang='lat' dir='ltr'><strong>Chri-</strong></span> 
     </span>
    </p>
   </div>
   <div class='ocr_carea' id='block_1_83' title="bbox 2115 3655 3694 3746">
    <p class='ocr_par' dir='ltr' id='par_1_83' title="bbox 2115 3655 3694 3746">
     <span class='ocr_line' id='line_1_85' title="bbox 2115 3655 3694 3746; baseline -0.018 -11"><span class='ocrx_word' id='word_1_608' title='bbox 2115 3689 2200 3735; x_wconf 89' lang='lat' dir='ltr'><strong>sto</strong></span> <span class='ocrx_word' id='word_1_609' title='bbox 2229 3691 2376 3742; x_wconf 89' lang='lat' dir='ltr'><strong>meo,</strong></span> <span class='ocrx_word' id='word_1_610' title='bbox 2417 3675 2511 3746; x_wconf 93' lang='lat' dir='ltr'><strong>qui</strong></span> <span class='ocrx_word' id='word_1_611' title='bbox 2548 3674 2843 3728; x_wconf 85' lang='lat' dir='ltr'><strong>miseretur</strong></span> <span class='ocrx_word' id='word_1_612' title='bbox 2882 3665 3152 3728; x_wconf 87' lang='lat' dir='ltr'><strong>omnium,</strong></span> <span class='ocrx_word' id='word_1_613' title='bbox 3182 3673 3238 3717; x_wconf 90' lang='lat' dir='ltr'><strong>et</strong></span> <span class='ocrx_word' id='word_1_614' title='bbox 3274 3673 3469 3716; x_wconf 89' lang='lat' dir='ltr'><strong>omnes</strong></span> <span class='ocrx_word' id='word_1_615' title='bbox 3516 3655 3694 3710; x_wconf 90' lang='lat' dir='ltr'><strong>susci-</strong></span> 
     </span>
    </p>
   </div>
   <div class='ocr_carea' id='block_1_84' title="bbox 2115 3750 3694 3844">
    <p class='ocr_par' dir='ltr' id='par_1_84' title="bbox 2115 3750 3694 3844">
     <span class='ocr_line' id='line_1_86' title="bbox 2115 3750 3694 3844; baseline -0.015 -17"><span class='ocrx_word' id='word_1_616' title='bbox 2115 3773 2219 3844; x_wconf 93' lang='lat' dir='ltr'><strong>pit,</strong></span> <span class='ocrx_word' id='word_1_617' title='bbox 2249 3771 2296 3826; x_wconf 92' lang='lat' dir='ltr'><strong>si</strong></span> <span class='ocrx_word' id='word_1_618' title='bbox 2330 3767 2494 3823; x_wconf 92' lang='lat' dir='ltr'><strong>modo</strong></span> <span class='ocrx_word' id='word_1_619' title='bbox 2558 3765 2684 3837; x_wconf 90' lang='lat' dir='ltr'><strong>quis</strong></span> <span class='ocrx_word' id='word_1_620' title='bbox 2715 3761 3031 3824; x_wconf 87' lang='lat' dir='ltr'><strong>accesserit,</strong></span> <span class='ocrx_word' id='word_1_621' title='bbox 3077 3759 3121 3814; x_wconf 92' lang='lat' dir='ltr'><strong>si</strong></span> <span class='ocrx_word' id='word_1_622' title='bbox 3157 3755 3321 3811; x_wconf 91' lang='lat' dir='ltr'><strong>modo</strong></span> <span class='ocrx_word' id='word_1_623' title='bbox 3373 3750 3694 3824; x_wconf 68' lang='lat' dir='ltr'><strong>paenituerit</strong></span> 
     </span>
    </p>
   </div>
   <div class='ocr_carea' id='block_1_85' title="bbox 2116 3843 3696 3924">
    <p class='ocr_par' dir='ltr' id='par_1_85' title="bbox 2116 3843 3696 3924">
     <span class='ocr_line' id='line_1_87' title="bbox 2116 3843 3696 3924; baseline -0.014 -6"><span class='ocrx_word' id='word_1_624' title='bbox 2116 3843 2212 3919; x_wconf 85' lang='lat' dir='ltr'><strong>seu</strong></span> <span class='ocrx_word' id='word_1_625' title='bbox 2246 3863 2336 3917; x_wconf 91' lang='lat' dir='ltr'><strong>ille</strong></span> <span class='ocrx_word' id='word_1_626' title='bbox 2356 3860 2625 3924; x_wconf 86' lang='lat' dir='ltr'><strong>exoletus,</strong></span> <span class='ocrx_word' id='word_1_627' title='bbox 2662 3873 2759 3914; x_wconf 91' lang='lat' dir='ltr'><strong>seu</strong></span> <span class='ocrx_word' id='word_1_628' title='bbox 2806 3855 3075 3918; x_wconf 68' lang='lat' dir='ltr'><strong>moechus,</strong></span> <span class='ocrx_word' id='word_1_629' title='bbox 3109 3866 3205 3906; x_wconf 90' lang='lat' dir='ltr'><strong>seu</strong></span> <span class='ocrx_word' id='word_1_630' title='bbox 3230 3849 3337 3914; x_wconf 89' lang='lat' dir='ltr'><strong>fur,</strong></span> <span class='ocrx_word' id='word_1_631' title='bbox 3367 3862 3464 3902; x_wconf 89' lang='lat' dir='ltr'><strong>seu</strong></span> <span class='ocrx_word' id='word_1_632' title='bbox 3511 3843 3696 3914; x_wconf 89' lang='lat' dir='ltr'><strong>publi-</strong></span> 
     </span>
    </p>
   </div>
   <div class='ocr_carea' id='block_1_86' title="bbox 2116 3952 2636 4012">
    <p class='ocr_par' dir='ltr' id='par_1_86' title="bbox 2116 3952 2636 4012">
     <span class='ocr_line' id='line_1_88' title="bbox 2116 3952 2636 4012; baseline -0.013 0"><span class='ocrx_word' id='word_1_633' title='bbox 2116 3969 2290 4012; x_wconf 90' lang='lat' dir='ltr'><strong>canus</strong></span> <span class='ocrx_word' id='word_1_634' title='bbox 2318 3952 2485 4008; x_wconf 91' lang='lat' dir='ltr'><strong>fuerit</strong></span> <span class='ocrx_word' id='word_1_635' title='bbox 2506 3953 2636 4005; x_wconf 85' lang='lat'><strong>“‘“.</strong></span> 
     </span>
    </p>
   </div>
   <div class='ocr_carea' id='block_1_87' title="bbox 2707 4072 3131 4134">
    <p class='ocr_par' dir='ltr' id='par_1_87' title="bbox 2707 4072 3131 4134">
     <span class='ocr_line' id='line_1_89' title="bbox 2707 4072 3131 4134; baseline -0.019 0"><span class='ocrx_word' id='word_1_636' title='bbox 2707 4076 2935 4134; x_wconf 84' lang='lat' dir='ltr'><strong>CAPUT</strong></span> <span class='ocrx_word' id='word_1_637' title='bbox 2993 4072 3131 4129; x_wconf 73' lang='lat' dir='ltr'>VIII.</span> 
     </span>
    </p>
   </div>
   <div class='ocr_carea' id='block_1_88' title="bbox 2119 4179 3700 4271">
    <p class='ocr_par' dir='ltr' id='par_1_88' title="bbox 2119 4179 3700 4271">
     <span class='ocr_line' id='line_1_90' title="bbox 2119 4179 3700 4271; baseline -0.016 -14"><span class='ocrx_word' id='word_1_638' title='bbox 2119 4202 2202 4259; x_wconf 77' lang='lat' dir='ltr'><strong>Ad</strong></span> <span class='ocrx_word' id='word_1_639' title='bbox 2230 4197 2593 4271; x_wconf 71' lang='lat' dir='ltr'><strong>panitentiam</strong></span> <span class='ocrx_word' id='word_1_640' title='bbox 2621 4190 2934 4271; x_wconf 63' lang='lat' dir='ltr'><strong>cohortatio.</strong></span> <span class='ocrx_word' id='word_1_641' title='bbox 2970 4187 3047 4271; x_wconf 44' lang='lat' dir='ltr'><strong>Ait</strong></span> <span class='ocrx_word' id='word_1_642' title='bbox 3079 4182 3321 4271; x_wconf 67' lang='lat' dir='ltr'><strong>tribunal</strong></span> <span class='ocrx_word' id='word_1_643' title='bbox 3341 4179 3700 4271; x_wconf 44' lang='lat' dir='ltr'><strong>Chiistijudi-</strong></span> 
     </span>
    </p>
   </div>
   <div class='ocr_carea' id='block_1_89' title="bbox 2295 4254 3506 4322">
    <p class='ocr_par' dir='ltr' id='par_1_89' title="bbox 2295 4254 3506 4322">
     <span class='ocr_line' id='line_1_91' title="bbox 2295 4254 3506 4322; baseline -0.012 0"><span class='ocrx_word' id='word_1_644' title='bbox 2295 4271 2371 4322; x_wconf 86' lang='lat' dir='ltr'><strong>cis</strong></span> <span class='ocrx_word' id='word_1_645' title='bbox 2414 4267 2666 4320; x_wconf 77' lang='lat' dir='ltr'><strong>adversus</strong></span> <span class='ocrx_word' id='word_1_646' title='bbox 2696 4261 2937 4315; x_wconf 88' lang='lat' dir='ltr'><strong>scelestos</strong></span> <span class='ocrx_word' id='word_1_647' title='bbox 2981 4255 3177 4311; x_wconf 85' lang='lat' dir='ltr'><strong>diaboli</strong></span> <span class='ocrx_word' id='word_1_648' title='bbox 3219 4254 3506 4308; x_wconf 80' lang='lat' dir='ltr'><strong>accusatio.</strong></span> 
     </span>
    </p>
   </div>
   <div class='ocr_carea' id='block_1_90' title="bbox 507 4386 3699 4482">
    <p class='ocr_par' dir='ltr' id='par_1_90' title="bbox 507 4386 3699 4482">
     <span class='ocr_line' id='line_1_92' title="bbox 507 4386 3699 4482; baseline -0.008 -16"><span class='ocrx_word' id='word_1_649' title='bbox 507 4411 642 4482; x_wconf 83' lang='lat' dir='ltr'><strong>Age,</strong></span> <span class='ocrx_word' id='word_1_650' title='bbox 665 4386 885 4466; x_wconf 86' lang='lat' dir='ltr'><strong>rursum</strong></span> <span class='ocrx_word' id='word_1_651' title='bbox 943 4425 1106 4480; x_wconf 88' lang='lat' dir='ltr'><strong>quam</strong></span> <span class='ocrx_word' id='word_1_652' title='bbox 1151 4386 1516 4463; x_wconf 85' lang='lat' dir='ltr'><strong>attentissime</strong></span> <span class='ocrx_word' id='word_1_653' title='bbox 1545 4417 1703 4478; x_wconf 88' lang='lat' dir='ltr'><strong>potes</strong></span> <span class='ocrx_word' id='word_1_654' title='bbox 1751 4407 2020 4464; x_wconf 84' lang='lat' dir='ltr'><strong>ausculta.</strong></span> <span class='ocrx_word' id='word_1_655' title='bbox 2055 4389 2102 4444; x_wconf 81' lang='grc' dir='ltr'><strong>Ῑ)</strong></span> <span class='ocrx_word' id='word_1_656' title='bbox 2201 4405 2398 4461; x_wconf 70' lang='lat' dir='ltr'><strong>Ama.</strong></span> <span class='ocrx_word' id='word_1_657' title='bbox 2433 4402 2612 4458; x_wconf 86' lang='lat' dir='ltr'><strong>Bonas</strong></span> <span class='ocrx_word' id='word_1_658' title='bbox 2637 4394 2772 4451; x_wconf 91' lang='lat' dir='ltr'><strong>mihi</strong></span> <span class='ocrx_word' id='word_1_659' title='bbox 2828 4408 2954 4465; x_wconf 86' lang='lat' dir='ltr'><strong>spes</strong></span> <span class='ocrx_word' id='word_1_660' title='bbox 3003 4391 3262 4462; x_wconf 89' lang='lat' dir='ltr'><strong>iniecisti,</strong></span> <span class='ocrx_word' id='word_1_661' title='bbox 3317 4404 3512 4462; x_wconf 87' lang='lat' dir='ltr'><strong>meque</strong></span> <span class='ocrx_word' id='word_1_662' title='bbox 3545 4386 3699 4442; x_wconf 82' lang='lat' dir='ltr'><strong>dele-</strong></span> 
     </span>
    </p>
   </div>
   <div class='ocr_carea' id='block_1_91' title="bbox 438 4498 2020 4572">
    <p class='ocr_par' dir='ltr' id='par_1_91' title="bbox 438 4498 2020 4572">
     <span class='ocr_line' id='line_1_93' title="bbox 438 4498 2020 4572; baseline -0.002 -14"><span class='ocrx_word' id='word_1_663' title='bbox 438 4501 647 4572; x_wconf 81' lang='lat' dir='ltr'><strong>Exigua</strong></span> <span class='ocrx_word' id='word_1_664' title='bbox 679 4501 731 4556; x_wconf 94' lang='lat' dir='ltr'><strong>in</strong></span> <span class='ocrx_word' id='word_1_665' title='bbox 761 4500 946 4572; x_wconf 89' lang='lat' dir='ltr'><strong>parvis</strong></span> <span class='ocrx_word' id='word_1_666' title='bbox 977 4508 1032 4557; x_wconf 92' lang='lat' dir='ltr'><strong>et</strong></span> <span class='ocrx_word' id='word_1_667' title='bbox 1065 4498 1293 4565; x_wconf 91' lang='lat' dir='ltr'><strong>vilibus,</strong></span> <span class='ocrx_word' id='word_1_668' title='bbox 1345 4513 1542 4568; x_wconf 78' lang='lat' dir='ltr'><strong>magna</strong></span> <span class='ocrx_word' id='word_1_669' title='bbox 1575 4499 1632 4555; x_wconf 92' lang='lat' dir='ltr'><strong>in</strong></span> <span class='ocrx_word' id='word_1_670' title='bbox 1689 4499 1932 4567; x_wconf 89' lang='lat' dir='ltr'><strong>eximiis,</strong></span> <span class='ocrx_word' id='word_1_671' title='bbox 1963 4509 2020 4556; x_wconf 92' lang='lat' dir='ltr'><strong>et</strong></span> 
     </span>
    </p>
   </div>
   <div class='ocr_carea' id='block_1_92' title="bbox 508 4636 2282 4713">
    <p class='ocr_par' dir='ltr' id='par_1_92' title="bbox 508 4636 2282 4713">
     <span class='ocr_line' id='line_1_94' title="bbox 508 4636 2282 4713; baseline -0.001 -20"><span class='ocrx_word' id='word_1_672' title='bbox 508 4638 550 4670; x_wconf 81' lang='grc'>³’</span> <span class='ocrx_word' id='word_1_673' title='bbox 582 4638 776 4695; x_wconf 79' lang='lat' dir='ltr'><strong>Matth.</strong></span> <span class='ocrx_word' id='word_1_674' title='bbox 806 4654 863 4706; x_wconf 91' lang='lat' dir='ltr'><strong>x,</strong></span> <span class='ocrx_word' id='word_1_675' title='bbox 890 4639 916 4695; x_wconf 77' lang='grc'><strong>1</strong></span> <span class='ocrx_word' id='word_1_676' title='bbox 941 4653 1096 4713; x_wconf 87' lang='lat' dir='ltr'><strong>seqq.</strong></span> <span class='ocrx_word' id='word_1_677' title='bbox 1167 4637 1213 4671; x_wconf 82' lang='grc'>³⁸</span> <span class='ocrx_word' id='word_1_678' title='bbox 1241 4636 1433 4694; x_wconf 73' lang='lat' dir='ltr'><strong>Matth.</strong></span> <span class='ocrx_word' id='word_1_679' title='bbox 1465 4653 1556 4705; x_wconf 87' lang='lat' dir='ltr'><strong>xx,</strong></span> <span class='ocrx_word' id='word_1_680' title='bbox 1587 4637 1676 4694; x_wconf 82' lang='grc'><strong>16.</strong></span> <span class='ocrx_word' id='word_1_681' title='bbox 1751 4637 1796 4670; x_wconf 83' lang='grc'><strong><em>³⁹</em></strong></span> <span class='ocrx_word' id='word_1_682' title='bbox 1817 4637 2010 4694; x_wconf 70' lang='lat' dir='ltr'><strong>Matth.</strong></span> <span class='ocrx_word' id='word_1_683' title='bbox 2045 4654 2158 4706; x_wconf 82' lang='lat' dir='ltr'><strong>xix,</strong></span> <span class='ocrx_word' id='word_1_684' title='bbox 2190 4637 2282 4693; x_wconf 74' lang='grc'><strong>25.</strong></span> 
     </span>
    </p>
   </div>
   <div class='ocr_carea' id='block_1_93' title="bbox 2129 4499 2312 4554">
    <p class='ocr_par' dir='ltr' id='par_1_93' title="bbox 2129 4499 2312 4554">
     <span class='ocr_line' id='line_1_95' title="bbox 2129 4499 2312 4554; baseline -0.011 0"><span class='ocrx_word' id='word_1_685' title='bbox 2129 4499 2312 4554; x_wconf 89' lang='lat' dir='ltr'><strong>ctasti.</strong></span> 
     </span>
    </p>
   </div>
   <div class='ocr_carea' id='block_1_94' title="bbox 2368 4625 3406 4700">
    <p class='ocr_par' dir='ltr' id='par_1_94' title="bbox 2368 4625 3406 4700">
     <span class='ocr_line' id='line_1_96' title="bbox 2368 4625 3406 4700; baseline -0.013 -9"><span class='ocrx_word' id='word_1_686' title='bbox 2368 4636 2415 4668; x_wconf 79' lang='lat'>“</span> <span class='ocrx_word' id='word_1_687' title='bbox 2445 4634 2583 4690; x_wconf 88' lang='lat' dir='ltr'><strong>Ibid.</strong></span> <span class='ocrx_word' id='word_1_688' title='bbox 2614 4649 2761 4700; x_wconf 75' lang='lat' dir='ltr'><strong>xxiv,</strong></span> <span class='ocrx_word' id='word_1_689' title='bbox 2781 4631 2873 4687; x_wconf 72' lang='lat'><strong>25.</strong></span> <span class='ocrx_word' id='word_1_690' title='bbox 2915 4629 2958 4664; x_wconf 66' lang='grc' dir='ltr'>δι</span> <span class='ocrx_word' id='word_1_691' title='bbox 2987 4630 3150 4686; x_wconf 78' lang='lat' dir='ltr'><strong>Rom.</strong></span> <span class='ocrx_word' id='word_1_692' title='bbox 3175 4641 3295 4693; x_wconf 87' lang='lat' dir='ltr'><strong>vm,</strong></span> <span class='ocrx_word' id='word_1_693' title='bbox 3315 4625 3406 4680; x_wconf 78' lang='lat'><strong>35.</strong></span> 
     </span>
    </p>
   </div>
   <div class='ocr_carea' id='block_1_95' title="bbox 1915 4775 2200 4840">
    <p class='ocr_par' dir='ltr' id='par_1_95' title="bbox 1915 4775 2200 4840">
     <span class='ocr_line' id='line_1_97' title="bbox 1915 4775 2200 4840; baseline -0.004 -1"><span class='ocrx_word' id='word_1_694' title='bbox 1915 4775 2200 4840; x_wconf 77' lang='lat' dir='ltr'><strong>Scholia.</strong></span> 
     </span>
    </p>
   </div>
   <div class='ocr_carea' id='block_1_96' title="bbox 509 4901 2012 4980">
    <p class='ocr_par' dir='ltr' id='par_1_96' title="bbox 509 4901 2012 4980">
     <span class='ocr_line' id='line_1_98' title="bbox 509 4901 2012 4980; baseline -0.008 -14"><span class='ocrx_word' id='word_1_695' title='bbox 509 4912 528 4931; x_wconf 84' lang='lat'><strong>&#39;</strong></span> <span class='ocrx_word' id='word_1_696' title='bbox 585 4908 872 4980; x_wconf 85' lang='lat' dir='ltr'><strong>Chrysost.</strong></span> <span class='ocrx_word' id='word_1_697' title='bbox 926 4907 1044 4964; x_wconf 82' lang='lat' dir='ltr'><strong>Non</strong></span> <span class='ocrx_word' id='word_1_698' title='bbox 1093 4923 1285 4980; x_wconf 81' lang='lat' dir='ltr'><strong>parum</strong></span> <span class='ocrx_word' id='word_1_699' title='bbox 1339 4914 1415 4960; x_wconf 91' lang='lat' dir='ltr'><strong>est</strong></span> <span class='ocrx_word' id='word_1_700' title='bbox 1475 4903 1619 4980; x_wconf 73' lang='lat' dir='ltr'><strong>apud</strong></span> <span class='ocrx_word' id='word_1_701' title='bbox 1670 4901 1860 4968; x_wconf 86' lang='lat' dir='ltr'><strong>Deum,</strong></span> <span class='ocrx_word' id='word_1_702' title='bbox 1904 4918 2012 4980; x_wconf 71' lang='lat' dir='ltr'><strong>pro</strong></span> 
     </span>
    </p>
   </div>
   <div class='ocr_carea' id='block_1_97' title="bbox 439 4971 2016 5048">
    <p class='ocr_par' dir='ltr' id='par_1_97' title="bbox 439 4971 2016 5048">
     <span class='ocr_line' id='line_1_99' title="bbox 439 4971 2016 5048; baseline -0.005 -13"><span class='ocrx_word' id='word_1_703' title='bbox 439 4980 654 5040; x_wconf 78' lang='lat' dir='ltr'><strong>viribus,</strong></span> <span class='ocrx_word' id='word_1_704' title='bbox 681 4971 773 5034; x_wconf 67' lang='lat' dir='ltr'><strong>sed</strong></span> <span class='ocrx_word' id='word_1_705' title='bbox 807 4995 1058 5048; x_wconf 85' lang='lat' dir='ltr'><strong>magnum</strong></span> <span class='ocrx_word' id='word_1_706' title='bbox 1091 4971 1364 5047; x_wconf 79' lang='lat' dir='ltr'><strong>quiddam,</strong></span> <span class='ocrx_word' id='word_1_707' title='bbox 1393 4985 1441 5029; x_wconf 92' lang='lat' dir='ltr'><strong>et</strong></span> <span class='ocrx_word' id='word_1_708' title='bbox 1467 4971 1550 5028; x_wconf 83' lang='lat' dir='ltr'><strong>illi</strong></span> <span class='ocrx_word' id='word_1_709' title='bbox 1597 4981 1833 5044; x_wconf 86' lang='lat' dir='ltr'><strong>gratum.</strong></span> <span class='ocrx_word' id='word_1_710' title='bbox 1883 4971 2016 5048; x_wconf 66' lang='lat' dir='ltr'><strong>Aia-</strong></span> 
     </span>
    </p>
   </div>
   <div class='ocr_carea' id='block_1_98' title="bbox 440 5044 2013 5118">
    <p class='ocr_par' dir='ltr' id='par_1_98' title="bbox 440 5044 2013 5118">
     <span class='ocr_line' id='line_1_100' title="bbox 440 5044 2013 5118; baseline -0.005 -14"><span class='ocrx_word' id='word_1_711' title='bbox 440 5052 604 5104; x_wconf 85' lang='lat' dir='ltr'><strong>critas</strong></span> <span class='ocrx_word' id='word_1_712' title='bbox 637 5051 775 5103; x_wconf 83' lang='lat' dir='ltr'><strong>enim</strong></span> <span class='ocrx_word' id='word_1_713' title='bbox 801 5049 864 5101; x_wconf 90' lang='lat' dir='ltr'><strong>ab</strong></span> <span class='ocrx_word' id='word_1_714' title='bbox 897 5044 1128 5114; x_wconf 47' lang='lat' dir='ltr'><strong>&#39;animo&#39;;</strong></span> <span class='ocrx_word' id='word_1_715' title='bbox 1161 5048 1334 5118; x_wconf 80' lang='lat' dir='ltr'><strong>facere</strong></span> <span class='ocrx_word' id='word_1_716' title='bbox 1369 5055 1546 5100; x_wconf 89' lang='lat' dir='ltr'><strong>autem</strong></span> <span class='ocrx_word' id='word_1_717' title='bbox 1585 5054 1634 5098; x_wconf 91' lang='lat' dir='ltr'><strong>et</strong></span> <span class='ocrx_word' id='word_1_718' title='bbox 1673 5059 1821 5114; x_wconf 85' lang='lat' dir='ltr'><strong>posse</strong></span> <span class='ocrx_word' id='word_1_719' title='bbox 1859 5060 1892 5097; x_wconf 92' lang='lat' dir='ltr'><strong>a</strong></span> <span class='ocrx_word' id='word_1_720' title='bbox 1932 5044 2013 5114; x_wconf 80' lang='lat' dir='ltr'><strong>fa-</strong></span> 
     </span>
    </p>
   </div>
   <div class='ocr_carea' id='block_1_99' title="bbox 441 5118 1051 5190">
    <p class='ocr_par' dir='ltr' id='par_1_99' title="bbox 441 5118 1051 5190">
     <span class='ocr_line' id='line_1_101' title="bbox 441 5118 1051 5190; baseline 0 -18"><span class='ocrx_word' id='word_1_721' title='bbox 441 5120 638 5190; x_wconf 82' lang='lat' dir='ltr'><strong>cultate</strong></span> <span class='ocrx_word' id='word_1_722' title='bbox 685 5118 1051 5190; x_wconf 79' lang='lat' dir='ltr'><strong>proﬁciscitur.</strong></span> 
     </span>
    </p>
   </div>
   <div class='ocr_carea' id='block_1_100' title="bbox 514 5184 2020 5259">
    <p class='ocr_par' dir='ltr' id='par_1_100' title="bbox 514 5184 2020 5259">
     <span class='ocr_line' id='line_1_102' title="bbox 514 5184 2020 5259; baseline -0.007 -13"><span class='ocrx_word' id='word_1_723' title='bbox 514 5184 856 5259; x_wconf 80' lang='lat' dir='ltr'><strong>&quot;Chrysost.</strong></span> <span class='ocrx_word' id='word_1_724' title='bbox 907 5188 1047 5242; x_wconf 82' lang='lat' dir='ltr'><strong>Licet</strong></span> <span class='ocrx_word' id='word_1_725' title='bbox 1080 5189 1242 5250; x_wconf 87' lang='lat' dir='ltr'><strong>enim,</strong></span> <span class='ocrx_word' id='word_1_726' title='bbox 1292 5188 1406 5242; x_wconf 88' lang='lat' dir='ltr'><strong>licet</strong></span> <span class='ocrx_word' id='word_1_727' title='bbox 1460 5202 1524 5240; x_wconf 82' lang='lat' dir='ltr'><strong>ea:</strong></span> <span class='ocrx_word' id='word_1_728' title='bbox 1549 5184 1647 5239; x_wconf 88' lang='lat' dir='ltr'><strong>Dei</strong></span> <span class='ocrx_word' id='word_1_729' title='bbox 1697 5184 2020 5259; x_wconf 81' lang='lat' dir='ltr'><strong>benignitate</strong></span> 
     </span>
    </p>
   </div>
   <div class='ocr_carea' id='block_1_101' title="bbox 442 5256 2016 5332">
    <p class='ocr_par' dir='ltr' id='par_1_101' title="bbox 442 5256 2016 5332">
     <span class='ocr_line' id='line_1_103' title="bbox 442 5256 2016 5332; baseline -0.006 -18"><span class='ocrx_word' id='word_1_730' title='bbox 442 5256 802 5332; x_wconf 69' lang='lat' dir='ltr'><strong>inexplicabili</strong></span> <span class='ocrx_word' id='word_1_731' title='bbox 831 5260 988 5312; x_wconf 89' lang='lat' dir='ltr'><strong>etiam</strong></span> <span class='ocrx_word' id='word_1_732' title='bbox 1018 5259 1102 5322; x_wconf 90' lang='lat' dir='ltr'><strong>iis,</strong></span> <span class='ocrx_word' id='word_1_733' title='bbox 1157 5261 1247 5330; x_wconf 89' lang='lat' dir='ltr'><strong>qui</strong></span> <span class='ocrx_word' id='word_1_734' title='bbox 1284 5275 1415 5332; x_wconf 77' lang='lat' dir='ltr'><strong>opus</strong></span> <span class='ocrx_word' id='word_1_735' title='bbox 1471 5274 1590 5332; x_wconf 85' lang='lat' dir='ltr'><strong>non_</strong></span> <span class='ocrx_word' id='word_1_736' title='bbox 1634 5256 2016 5332; x_wconf 80' lang='lat' dir='ltr'><strong>prtestiteruut,</strong></span> 
     </span>
    </p>
   </div>
   <div class='ocr_carea' id='block_1_102' title="bbox 443 5326 2018 5399">
    <p class='ocr_par' dir='ltr' id='par_1_102' title="bbox 443 5326 2018 5399">
     <span class='ocr_line' id='line_1_104' title="bbox 443 5326 2018 5399; baseline -0.004 -15"><span class='ocrx_word' id='word_1_737' title='bbox 443 5331 508 5384; x_wconf 79' lang='lat' dir='ltr'><strong>de</strong></span> <span class='ocrx_word' id='word_1_738' title='bbox 541 5326 658 5384; x_wconf 77' lang='lat' dir='ltr'><strong>sola</strong></span> <span class='ocrx_word' id='word_1_739' title='bbox 681 5331 953 5384; x_wconf 80' lang='lat' dir='ltr'><strong>voluntate</strong></span> <span class='ocrx_word' id='word_1_740' title='bbox 979 5326 1228 5384; x_wconf 81' lang='lat' dir='ltr'><strong>coronam</strong></span> <span class='ocrx_word' id='word_1_741' title='bbox 1278 5326 1510 5399; x_wconf 77' lang='lat' dir='ltr'><strong>auferre.</strong></span> <span class='ocrx_word' id='word_1_742' title='bbox 1546 5326 1613 5380; x_wconf 86' lang='lat' dir='ltr'><strong>Et</strong></span> <span class='ocrx_word' id='word_1_743' title='bbox 1637 5326 1882 5399; x_wconf 81' lang='lat' dir='ltr'><strong>quamvis</strong></span> <span class='ocrx_word' id='word_1_744' title='bbox 1914 5340 2018 5377; x_wconf 86' lang='lat' dir='ltr'><strong>non</strong></span> 
     </span>
    </p>
   </div>
   <div class='ocr_carea' id='block_1_103' title="bbox 445 5395 2021 5471">
    <p class='ocr_par' dir='ltr' id='par_1_103' title="bbox 445 5395 2021 5471">
     <span class='ocr_line' id='line_1_105' title="bbox 445 5395 2021 5471; baseline -0.004 -17"><span class='ocrx_word' id='word_1_745' title='bbox 445 5403 698 5471; x_wconf 83' lang='lat' dir='ltr'><strong>possimus</strong></span> <span class='ocrx_word' id='word_1_746' title='bbox 721 5399 994 5468; x_wconf 84' lang='lat' dir='ltr'><strong>apitulari,</strong></span> <span class='ocrx_word' id='word_1_747' title='bbox 1025 5401 1317 5471; x_wconf 80' lang='lat' dir='ltr'><strong>famemque</strong></span> <span class='ocrx_word' id='word_1_748' title='bbox 1343 5395 1519 5453; x_wconf 78' lang='lat' dir='ltr'><strong>dando</strong></span> <span class='ocrx_word' id='word_1_749' title='bbox 1545 5395 1820 5469; x_wconf 81' lang='lat' dir='ltr'><strong>repellere,</strong></span> <span class='ocrx_word' id='word_1_750' title='bbox 1841 5405 2021 5448; x_wconf 87' lang='lat' dir='ltr'><strong>tamen</strong></span> 
     </span>
    </p>
   </div>
   <div class='ocr_carea' id='block_1_104' title="bbox 444 5470 2018 5539">
    <p class='ocr_par' dir='ltr' id='par_1_104' title="bbox 444 5470 2018 5539">
     <span class='ocr_line' id='line_1_106' title="bbox 444 5470 2018 5539; baseline -0.004 -17"><span class='ocrx_word' id='word_1_751' title='bbox 444 5470 510 5524; x_wconf 84' lang='lat' dir='ltr'><strong>de</strong></span> <span class='ocrx_word' id='word_1_752' title='bbox 526 5475 792 5524; x_wconf 82' lang='lat' dir='ltr'><strong>voluntate</strong></span> <span class='ocrx_word' id='word_1_753' title='bbox 811 5472 1098 5539; x_wconf 77' lang='lat' dir='ltr'><strong>perfectam</strong></span> <span class='ocrx_word' id='word_1_754' title='bbox 1125 5470 1600 5524; x_wconf 86' lang='lat' dir='ltr'><strong>remunerationem</strong></span> <span class='ocrx_word' id='word_1_755' title='bbox 1621 5481 2018 5537; x_wconf 80' lang='lat' dir='ltr'><strong>consequemur.</strong></span> 
     </span>
    </p>
   </div>
   <div class='ocr_carea' id='block_1_105' title="bbox 516 5538 2023 5610">
    <p class='ocr_par' dir='ltr' id='par_1_105' title="bbox 516 5538 2023 5610">
     <span class='ocr_line' id='line_1_107' title="bbox 516 5538 2023 5610; baseline -0.005 -16"><span class='ocrx_word' id='word_1_756' title='bbox 516 5543 585 5610; x_wconf 43' lang='lat'><strong>&quot;5</strong></span> <span class='ocrx_word' id='word_1_757' title='bbox 605 5538 936 5610; x_wconf 80' lang='lat' dir='ltr'><strong>Theologns.</strong></span> <span class='ocrx_word' id='word_1_758' title='bbox 982 5539 1210 5610; x_wconf 83' lang='lat' dir='ltr'><strong>Suscipit</strong></span> <span class='ocrx_word' id='word_1_759' title='bbox 1261 5550 1310 5594; x_wconf 87' lang='lat' dir='ltr'><strong>et</strong></span> <span class='ocrx_word' id='word_1_760' title='bbox 1347 5538 1504 5594; x_wconf 86' lang='lat' dir='ltr'><strong>Pauli</strong></span> <span class='ocrx_word' id='word_1_761' title='bbox 1529 5539 1938 5609; x_wconf 86' lang='lat' dir='ltr'><strong>plantationem,</strong></span> <span class='ocrx_word' id='word_1_762' title='bbox 1968 5542 2023 5587; x_wconf 88' lang='lat' dir='ltr'><strong>ut</strong></span> 
     </span>
    </p>
   </div>
   <div class='ocr_carea' id='block_1_106' title="bbox 445 5609 2022 5680">
    <p class='ocr_par' dir='ltr' id='par_1_106' title="bbox 445 5609 2022 5680">
     <span class='ocr_line' id='line_1_108' title="bbox 445 5609 2022 5680; baseline -0.004 -18"><span class='ocrx_word' id='word_1_763' title='bbox 445 5609 627 5669; x_wconf 78' lang='lat' dir='ltr'><strong>Pauli.</strong></span> <span class='ocrx_word' id='word_1_764' title='bbox 655 5619 706 5664; x_wconf 89' lang='lat' dir='ltr'><strong>et</strong></span> <span class='ocrx_word' id='word_1_765' title='bbox 729 5609 918 5680; x_wconf 75' lang='lat' dir='ltr'><strong>Apella</strong></span> <span class='ocrx_word' id='word_1_766' title='bbox 939 5609 1270 5679; x_wconf 83' lang='lat' dir='ltr'><strong>rigationem,</strong></span> <span class='ocrx_word' id='word_1_767' title='bbox 1305 5621 1354 5663; x_wconf 90' lang='lat' dir='ltr'><strong>et</strong></span> <span class='ocrx_word' id='word_1_768' title='bbox 1385 5611 1488 5662; x_wconf 87' lang='lat' dir='ltr'><strong>duo</strong></span> <span class='ocrx_word' id='word_1_769' title='bbox 1518 5610 1687 5662; x_wconf 74' lang='lat' dir='ltr'><strong>vidua:</strong></span> <span class='ocrx_word' id='word_1_770' title='bbox 1715 5610 1945 5680; x_wconf 81' lang='lat' dir='ltr'><strong>minuta.</strong></span> <span class='ocrx_word' id='word_1_771' title='bbox 1972 5613 2022 5657; x_wconf 90' lang='lat' dir='ltr'><strong>ct</strong></span> 
     </span>
    </p>
   </div>
   <div class='ocr_carea' id='block_1_107' title="bbox 445 5678 2020 5750">
    <p class='ocr_par' dir='ltr' id='par_1_107' title="bbox 445 5678 2020 5750">
     <span class='ocr_line' id='line_1_109' title="bbox 445 5678 2020 5750; baseline -0.003 -17"><span class='ocrx_word' id='word_1_772' title='bbox 445 5678 798 5736; x_wconf 83' lang='lat' dir='ltr'><strong>humilitatem</strong></span> <span class='ocrx_word' id='word_1_773' title='bbox 847 5678 1136 5750; x_wconf 79' lang='lat' dir='ltr'><strong>publicani,</strong></span> <span class='ocrx_word' id='word_1_774' title='bbox 1184 5691 1232 5735; x_wconf 77' lang='lat' dir='ltr'><strong>et</strong></span> <span class='ocrx_word' id='word_1_775' title='bbox 1301 5680 1677 5750; x_wconf 72' lang='lat' dir='ltr'><strong>confessionem</strong></span> <span class='ocrx_word' id='word_1_776' title='bbox 1737 5678 2020 5732; x_wconf 77' lang='lat' dir='ltr'><strong>Manassw.</strong></span> 
     </span>
    </p>
   </div>
   <div class='ocr_carea' id='block_1_108' title="bbox 2185 4891 3703 4971">
    <p class='ocr_par' dir='ltr' id='par_1_108' title="bbox 2185 4891 3703 4971">
     <span class='ocr_line' id='line_1_110' title="bbox 2185 4891 3703 4971; baseline -0.012 -13"><span class='ocrx_word' id='word_1_777' title='bbox 2301 4901 2588 4971; x_wconf 88' lang='lat' dir='ltr'><strong>Chrysost.</strong></span> <span class='ocrx_word' id='word_1_778' title='bbox 2613 4897 2670 4954; x_wconf 91' lang='lat' dir='ltr'><strong>Si</strong></span> <span class='ocrx_word' id='word_1_779' title='bbox 2696 4898 2740 4952; x_wconf 90' lang='lat' dir='ltr'><strong>is</strong></span> <span class='ocrx_word' id='word_1_780' title='bbox 2759 4898 2849 4969; x_wconf 86' lang='lat' dir='ltr'><strong>qui</strong></span> <span class='ocrx_word' id='word_1_781' title='bbox 2873 4895 3082 4971; x_wconf 69' lang='lat' dir='ltr'><strong>pirtutis</strong></span> <span class='ocrx_word' id='word_1_782' title='bbox 3114 4907 3327 4947; x_wconf 84' lang='lat' dir='ltr'><strong>munere</strong></span> <span class='ocrx_word' id='word_1_783' title='bbox 3343 4891 3548 4971; x_wconf 66' lang='lat' dir='ltr'><strong>[unctus</strong></span> <span class='ocrx_word' id='word_1_784' title='bbox 3566 4897 3703 4971; x_wconf 71' lang='lat' dir='ltr'><strong>erat,</strong></span> 
     </span>
    </p>
   </div>
   <div class='ocr_carea' id='block_1_109' title="bbox 2117 4959 3707 5047">
    <p class='ocr_par' dir='ltr' id='par_1_109' title="bbox 2117 4959 3707 5047">
     <span class='ocr_line' id='line_1_111' title="bbox 2117 4959 3707 5047; baseline -0.011 -20"><span class='ocrx_word' id='word_1_785' title='bbox 2117 4981 2341 5047; x_wconf 72' lang='lat' dir='ltr'><strong>propter</strong></span> <span class='ocrx_word' id='word_1_786' title='bbox 2377 4959 2783 5047; x_wconf 46' lang='lat' dir='ltr'><strong>ostentationem</strong></span> <span class='ocrx_word' id='word_1_787' title='bbox 2834 4968 2946 5047; x_wconf 71' lang='lat' dir='ltr'><strong>ejus</strong></span> <span class='ocrx_word' id='word_1_788' title='bbox 2996 4967 3226 5047; x_wconf 66' lang='lat' dir='ltr'><strong>fructum</strong></span> <span class='ocrx_word' id='word_1_789' title='bbox 3294 4959 3527 5047; x_wconf 46' lang='lat' dir='ltr'><strong>antis‘it..</strong></span> <span class='ocrx_word' id='word_1_790' title='bbox 3570 4959 3707 5047; x_wconf 46' lang='lat' dir='ltr'><strong>quod“</strong></span> 
     </span>
    </p>
   </div>
   <div class='ocr_carea' id='block_1_110' title="bbox 2116 5029 3711 5114">
    <p class='ocr_par' dir='ltr' id='par_1_110' title="bbox 2116 5029 3711 5114">
     <span class='ocr_line' id='line_1_112' title="bbox 2116 5029 3711 5114; baseline -0.011 -14"><span class='ocrx_word' id='word_1_791' title='bbox 2116 5029 2432 5114; x_wconf 69' lang='lat' dir='ltr'><strong>supplicium</strong></span> <span class='ocrx_word' id='word_1_792' title='bbox 2474 5040 2793 5114; x_wconf 15' lang='lat' dir='ltr'><strong>Vmerebitur.</strong></span> <span class='ocrx_word' id='word_1_793' title='bbox 2851 5029 2946 5106; x_wconf 76' lang='lat' dir='ltr'><strong>qui</strong></span> <span class='ocrx_word' id='word_1_794' title='bbox 2990 5029 3046 5088; x_wconf 81' lang='lat' dir='ltr'><strong>in</strong></span> <span class='ocrx_word' id='word_1_795' title='bbox 3108 5032 3330 5114; x_wconf 75' lang='lat' dir='ltr'><strong>peccatis</strong></span> <span class='ocrx_word' id='word_1_796' title='bbox 3390 5031 3655 5114; x_wconf 62' lang='lat' dir='ltr'><strong>giariatur</strong></span> <span class='ocrx_word' id='word_1_797' title='bbox 3685 5029 3711 5082; x_wconf 68' lang='lat'><strong>.9</strong></span> 
     </span>
    </p>
   </div>
   <div class='ocr_carea' id='block_1_111' title="bbox 2190 5100 3708 5176">
    <p class='ocr_par' dir='ltr' id='par_1_111' title="bbox 2190 5100 3708 5176">
     <span class='ocr_line' id='line_1_113' title="bbox 2190 5100 3708 5176; baseline 0.016 -40"><span class='ocrx_word' id='word_1_798' title='bbox 2190 5100 2297 5136; x_wconf 64' lang='grc' dir='ltr'><strong>π..-</strong></span> <span class='ocrx_word' id='word_1_799' title='bbox 2321 5112 2574 5166; x_wconf 62' lang='grc' dir='ltr'><strong>ρηατίεωί</strong></span> <span class='ocrx_word' id='word_1_800' title='bbox 2602 5100 2934 5164; x_wconf 78' lang='lat' dir='ltr'><strong>salvatorem</strong></span> <span class='ocrx_word' id='word_1_801' title='bbox 2956 5100 3398 5176; x_wconf 74' lang='lat' dir='ltr'><strong>reprehendebant</strong></span> <span class='ocrx_word' id='word_1_802' title='bbox 3431 5100 3708 5176; x_wconf 45' lang='lat' dir='ltr'><strong>(biarcﬂl.</strong></span> 
     </span>
    </p>
   </div>
   <div class='ocr_carea' id='block_1_112' title="bbox 2122 5169 3708 5255">
    <p class='ocr_par' dir='ltr' id='par_1_112' title="bbox 2122 5169 3708 5255">
     <span class='ocr_line' id='line_1_114' title="bbox 2122 5169 3708 5255; baseline -0.012 -16"><span class='ocrx_word' id='word_1_803' title='bbox 2122 5187 2142 5239; x_wconf 80' lang='lat' dir='ltr'><strong>l</strong></span> <span class='ocrx_word' id='word_1_804' title='bbox 2184 5184 2352 5255; x_wconf 84' lang='lat' dir='ltr'><strong>seqq.)</strong></span> <span class='ocrx_word' id='word_1_805' title='bbox 2375 5182 2514 5255; x_wconf 73' lang='lat' dir='ltr'><strong>quod</strong></span> <span class='ocrx_word' id='word_1_806' title='bbox 2543 5196 2660 5255; x_wconf 78' lang='lat' dir='ltr'><strong>cum</strong></span> <span class='ocrx_word' id='word_1_807' title='bbox 2693 5177 2983 5255; x_wconf 78' lang='lat' dir='ltr'><strong>publicanis</strong></span> <span class='ocrx_word' id='word_1_808' title='bbox 3013 5169 3067 5255; x_wconf 54' lang='lat' dir='ltr'><strong>&#39;et</strong></span> <span class='ocrx_word' id='word_1_809' title='bbox 3091 5173 3446 5255; x_wconf 59' lang='lat' dir='ltr'><strong>pecgatoribus</strong></span> <span class='ocrx_word' id='word_1_810' title='bbox 3478 5169 3708 5223; x_wconf 85' lang='lat' dir='ltr'><strong>mandu-</strong></span> 
     </span>
    </p>
   </div>
   <div class='ocr_carea' id='block_1_113' title="bbox 2120 5242 3710 5323">
    <p class='ocr_par' dir='ltr' id='par_1_113' title="bbox 2120 5242 3710 5323">
     <span class='ocr_line' id='line_1_115' title="bbox 2120 5242 3710 5323; baseline -0.01 -15"><span class='ocrx_word' id='word_1_811' title='bbox 2120 5242 2301 5319; x_wconf 44' lang='lat' dir='ltr'><strong>caret,</strong></span> <span class='ocrx_word' id='word_1_812' title='bbox 2319 5242 2744 5323; x_wconf 67' lang='lat' dir='ltr'><strong>quandoquidem</strong></span> <span class='ocrx_word' id='word_1_813' title='bbox 2774 5251 2856 5301; x_wconf 77' lang='lat' dir='ltr'><strong>lea:</strong></span> <span class='ocrx_word' id='word_1_814' title='bbox 2911 5243 3269 5323; x_wconf 50' lang='lat' dir='ltr'><strong>distinguebat</strong></span> <span class='ocrx_word' id='word_1_815' title='bbox 3320 5242 3457 5323; x_wconf 71' lang='lat' dir='ltr'><strong>inter</strong></span> <span class='ocrx_word' id='word_1_816' title='bbox 3499 5256 3710 5323; x_wconf 63' lang='lat' dir='ltr'><strong>sacrum</strong></span> 
     </span>
    </p>
   </div>
   <div class='ocr_carea' id='block_1_114' title="bbox 2121 5308 3713 5394">
    <p class='ocr_par' dir='ltr' id='par_1_114' title="bbox 2121 5308 3713 5394">
     <span class='ocr_line' id='line_1_116' title="bbox 2121 5308 3713 5394; baseline -0.012 -16"><span class='ocrx_word' id='word_1_817' title='bbox 2121 5308 2169 5379; x_wconf 81' lang='lat' dir='ltr'><strong>et</strong></span> <span class='ocrx_word' id='word_1_818' title='bbox 2199 5308 2519 5394; x_wconf 66' lang='lat' dir='ltr'><strong>profanum:</strong></span> <span class='ocrx_word' id='word_1_819' title='bbox 2550 5308 2872 5394; x_wconf 72' lang='lat' dir='ltr'><strong>ignorantes.</strong></span> <span class='ocrx_word' id='word_1_820' title='bbox 2894 5308 3166 5394; x_wconf 34' lang='lat' dir='ltr'><strong>‘Claristi&#39;tm</strong></span> <span class='ocrx_word' id='word_1_821' title='bbox 3223 5329 3382 5394; x_wconf 66' lang='lat' dir='ltr'><strong>supra</strong></span> <span class='ocrx_word' id='word_1_822' title='bbox 3424 5308 3593 5393; x_wconf 75' lang='lat' dir='ltr'><strong>legale</strong></span> <span class='ocrx_word' id='word_1_823' title='bbox 3617 5311 3713 5378; x_wconf 82' lang='lat' dir='ltr'><strong>ju-</strong></span> 
     </span>
    </p>
   </div>
   <div class='ocr_carea' id='block_1_115' title="bbox 2123 5383 3710 5460">
    <p class='ocr_par' dir='ltr' id='par_1_115' title="bbox 2123 5383 3710 5460">
     <span class='ocr_line' id='line_1_117' title="bbox 2123 5383 3710 5460; baseline -0.011 -11"><span class='ocrx_word' id='word_1_824' title='bbox 2123 5383 2318 5449; x_wconf 74' lang='lat' dir='ltr'><strong>dicium</strong></span> <span class='ocrx_word' id='word_1_825' title='bbox 2345 5383 2931 5460; x_wconf 40' lang='lat' dir='ltr'><strong>donassevbenignitatis</strong></span> <span class='ocrx_word' id='word_1_826' title='bbox 2957 5387 3211 5456; x_wconf 86' lang='lat' dir='ltr'><strong>gratiam.</strong></span> <span class='ocrx_word' id='word_1_827' title='bbox 3257 5383 3363 5460; x_wconf 65' lang='lat' dir='ltr'><strong>Lex</strong></span> <span class='ocrx_word' id='word_1_828' title='bbox 3396 5386 3534 5460; x_wconf 70' lang='lat' dir='ltr'><strong>enini</strong></span> <span class='ocrx_word' id='word_1_829' title='bbox 3596 5396 3710 5432; x_wconf 86' lang='lat' dir='ltr'><strong>ma-</strong></span> 
     </span>
    </p>
   </div>
   <div class='ocr_carea' id='block_1_116' title="bbox 2125 5452 3712 5532">
    <p class='ocr_par' dir='ltr' id='par_1_116' title="bbox 2125 5452 3712 5532">
     <span class='ocr_line' id='line_1_118' title="bbox 2125 5452 3712 5532; baseline -0.013 -13"><span class='ocrx_word' id='word_1_830' title='bbox 2125 5466 2256 5528; x_wconf 84' lang='lat' dir='ltr'><strong>lum,</strong></span> <span class='ocrx_word' id='word_1_831' title='bbox 2289 5481 2377 5518; x_wconf 87' lang='lat' dir='ltr'><strong>seu</strong></span> <span class='ocrx_word' id='word_1_832' title='bbox 2423 5452 3079 5532; x_wconf 50' lang='lat' dir='ltr'><strong>peccatum&#39;exscindEbai</strong></span> <span class='ocrx_word' id='word_1_833' title='bbox 3129 5456 3358 5532; x_wconf 85' lang='lat' dir='ltr'><strong>:_gratia</strong></span> <span class='ocrx_word' id='word_1_834' title='bbox 3407 5455 3461 5532; x_wconf 73' lang='lat' dir='ltr'><strong>in</strong></span> <span class='ocrx_word' id='word_1_835' title='bbox 3518 5452 3712 5532; x_wconf 66' lang='lat' dir='ltr'><strong>bonum</strong></span> 
     </span>
    </p>
   </div>
   <div class='ocr_carea' id='block_1_117' title="bbox 2125 5521 3704 5605">
    <p class='ocr_par' dir='ltr' id='par_1_117' title="bbox 2125 5521 3704 5605">
     <span class='ocr_line' id='line_1_119' title="bbox 2125 5521 3704 5605; baseline -0.012 -16"><span class='ocrx_word' id='word_1_836' title='bbox 2125 5521 2312 5590; x_wconf 76' lang='lat' dir='ltr'><strong>mutat.</strong></span> <span class='ocrx_word' id='word_1_837' title='bbox 2344 5521 2512 5605; x_wconf 56' lang='lat' dir='ltr'><strong>Cuius</strong></span> <span class='ocrx_word' id='word_1_838' title='bbox 2565 5533 2829 5605; x_wconf 24' lang='lat' dir='ltr'><strong>rci‘testes</strong></span> <span class='ocrx_word' id='word_1_839' title='bbox 2870 5538 2991 5583; x_wconf 84' lang='lat' dir='ltr'><strong>sunt</strong></span> <span class='ocrx_word' id='word_1_840' title='bbox 3036 5521 3287 5605; x_wconf 60' lang='lat' dir='ltr'><strong>Zacliit&#39;us</strong></span> <span class='ocrx_word' id='word_1_841' title='bbox 3315 5534 3361 5578; x_wconf 89' lang='lat' dir='ltr'><strong>et</strong></span> <span class='ocrx_word' id='word_1_842' title='bbox 3398 5521 3704 5583; x_wconf 72' lang='lat' dir='ltr'><strong>Matthwus,</strong></span> 
     </span>
    </p>
   </div>
   <div class='ocr_carea' id='block_1_118' title="bbox 2125 5597 3480 5678">
    <p class='ocr_par' dir='ltr' id='par_1_118' title="bbox 2125 5597 3480 5678">
     <span class='ocr_line' id='line_1_120' title="bbox 2125 5597 3480 5678; baseline -0.01 -18"><span class='ocrx_word' id='word_1_843' title='bbox 2125 5616 2172 5661; x_wconf 82' lang='lat' dir='ltr'><strong>et</strong></span> <span class='ocrx_word' id='word_1_844' title='bbox 2199 5597 2451 5678; x_wconf 62' lang='lat' dir='ltr'><strong>quotquot</strong></span> <span class='ocrx_word' id='word_1_845' title='bbox 2486 5605 2604 5659; x_wconf 85' lang='lat' dir='ltr'><strong>victi</strong></span> <span class='ocrx_word' id='word_1_846' title='bbox 2631 5602 2800 5656; x_wconf 78' lang='lat' dir='ltr'><strong>denuo</strong></span> <span class='ocrx_word' id='word_1_847' title='bbox 2828 5606 3134 5672; x_wconf 82' lang='lat' dir='ltr'><strong>pugnarunt</strong></span> <span class='ocrx_word' id='word_1_848' title='bbox 3157 5606 3203 5652; x_wconf 88' lang='lat' dir='ltr'><strong>et</strong></span> <span class='ocrx_word' id='word_1_849' title='bbox 3227 5597 3480 5652; x_wconf 79' lang='lat' dir='ltr'><strong>vicerunt.</strong></span> 
     </span>
    </p>
   </div>
  </div>
