4130 6202
474 225 581 299 Ἰἳι

1740 237 2082 297 PIIlLiPPI
2126 236 2515 297 SOLITARII

3632 236 3745 302 '13!

544 344 714 404 Cute.
748 347 864 401 Non
899 346 1051 402 vides
1078 352 1216 409 rem,
1244 356 1299 401 ιιι
1331 357 1508 417 potes,
1542 365 1651 404 non
1684 352 1879 408 vides:
1908 354 2058 409 aliud
2096 366 2129 416 Α
2164 354 2463 407 clamorem
2509 350 2929 417 admirantibus,
2983 350 3090 404 non
3143 349 3290 406 volet
3334 350 3541 419 justam
3592 349 3736 407 ferre

476 440 624 497 enim
659 455 854 495 vereor
899 440 1103 503 dicere,
1146 454 1212 493 ne
1247 448 1298 494 te
1331 441 1594 497 audacius
1634 443 1826 498 videar
1869 462 2060 515 repre-

482 533 740 587 hendere.
782 531 1129 585 Alacritatem
1183 533 1441 598 ostende,
1495 534 1660 589 fidem
1703 536 1928 603 adhibe,
1958 553 2059 592 vo-l

480 625 768 686 luntatem,
804 622 1155 686 charitatem,
1190 639 1340 691 spem
1358 640 1468 678 non
1499 625 1748 691 dubiam,
1772 628 2057 696 paululum

483 715 536 767 in
567 714 671 765 bac
720 712 828 764 vita
869 712 1080 775 labora,
1132 721 1190 767 et
1232 714 1549 783 ingentibus
1606 716 1768 773 bonis
1822 720 2056 789 potiere.

480 805 712 866 Desiste,
749 818 779 856 a
830 805 1067 873 peccatis
1122 806 1416 872 prieteritis
1449 808 1667 878 longius
1710 810 1917 882 refugo.
1952 813 2061 867 Re-

476 910 641 965 gnum
672 895 937 949 caelorum
968 905 1184 951 exstare
1225 898 1507 964 audivisti,
1539 911 1593 954 et
1632 901 1763 955 illud
1800 904 1909 972 pati
1949 904 2058 959 vim

477 994 642 1051 atque
670 987 982 1052 arviolentis
1015 997 1227 1043 tantum
1279 992 1395 1060 rapi
1427 994 1492 1044 δ’.
1523 994 1696 1048 Nemo
1727 996 1832 1051 hoc
1876 996 2062 1067 ingre-

478 1078 646 1139 ditur,
676 1094 838 1133 nemo
888 1080 1150 1145 salvator,
1182 1082 1238 1135 ni
1293 1082 1446 1151 prius
1487 1100 1636 1139 cum.
1663 1087 2061 1147 tentationibus

481 1168 740 1234 luctatus,
768 1170 821 1223 ni
852 1171 1004 1238 prius
1032 1171 1314 1227 molestias
1347 1172 1678 1244 doloresque
1712 1192 2011 1246 perpessus
2042 1199 2056 1235 :

482 1259 761 1328 praecipue
787 1259 831 1313 si
862 1258 1051 1335 illicita
1092 1261 1430 1329 perpetravit
1464 1302 1479 1315 .
1510 1261 1627 1317 Hoc
1664 1280 1774 1319 non
1828 1266 2063 1335 ingredi-

484 1357 575 1403 tur
625 1360 812 1417 rapax,
856 1364 966 1403 non
1000 1349 1259 1419 injustus,
1291 1364 1401 1404 non
1434 1350 1542 1415 fur,
1579 1367 1689 1406 non
1734 1354 2057 1420 maledicus.

478 1455 588 1495 non
611 1440 886 1503 ebriosus,
917 1453 1029 1492 non
1056 1439 1324 1501 cinaedus,
1372 1455 1483 1494 non
1522 1456 1725 1512 corpus
1748 1458 1908 1497 suum
1930 1444 2057 1499 libi-

479 1532 605 1584 dine
640 1531 1040 1595 contaminatis,
1078 1546 1189 1584 non
1225 1531 1425 1597 mollis,
1478 1548 1587 1587 non
1633 1535 1916 1603 pestilens,
1952 1552 2060 1591 non

480 1622 852 1677 masculorum
893 1621 1243 1687 concubitor,
1273 1639 1382 1677 non
1429 1625 1751 1692 malevolus,
1803 1644 1911 1682 non
1942 1628 2061 1684 ido-

2163 447 2513 509 scntentiam,
2568 444 2660 498 sed
2708 443 2974 496 rationem
3019 442 3381 511 probabilem,
3415 452 3471 495 ct
3504 458 3735 499 excusa-

2163 539 2368 594 tionem
2393 544 2619 608 quarret,
2646 546 2706 591 ut
2736 537 2789 589 in
2813 535 3027 606 judicio
3064 545 3120 588 tu
3151 535 3361 599 vincas,
3396 534 3454 589 Si
3475 535 3645 603 igitur
3677 546 3731 592 tu

2162 646 2381 700 quoque
2411 638 2525 683 tum
2557 628 2763 698 aliquid
2792 628 2965 697 probe
3000 626 3201 680 factum
3228 626 3508 689 habueris,
3541 637 3635 680 aut
3669 629 3734 682 fi-

2163 724 2250 778 dei
2289 724 2452 793 (quod
2496 724 2831 793 praecipuum
2865 722 2970 789 est)
2999 734 3095 774 aut
3137 719 3371 774 actionis
3401 722 3645 791 optimae,
3676 732 3738 776 ut

2163 815 2426 885 quiddam
2455 815 2520 867 ad
2558 814 2933 868 defensionem
2967 820 3462 883 peropportunum,
3498 821 3556 867 et
3577 822 3738 881 opta-

2164 905 2274 959 bile
2315 904 2577 966 ohteude.
2626 915 2681 958 et
2723 904 2793 958 ab
2847 904 2959 957 imo
2999 910 3219 972 pectore
3264 902 3509 956 exclama
3557 919 3572 954 :
3611 902 3738 958 hinc

2160 996 2308 1051 enim
2337 996 2765 1050 misericordiam
2797 994 3136 1065 impetrabis,
3163 1004 3220 1048 et
3271 1009 3395 1048 eum
3431 995 3629 1050 ovibus
3667 996 3732 1050 ad

2164 1087 2446 1142 dexteram
2490 1087 2874 1150 collocaberis,
2916 1086 3280 1163 manibusque
3326 1086 3737 1141 sceleratissimi

2164 1180 2482 1249 impostoris
2512 1182 2749 1250 eripere.
2794 1180 2961 1234 «Non
3028 1179 3081 1232 in
3147 1195 3309 1233 manu
3354 1180 3567 1248 potenti
3602 1179 3679 1241 ⁵³,
3713 1198 3732 1232 ι

2164 1272 2259 1326 sed
2293 1274 2345 1326 in
2389 1272 2793 1335 misericordia,
2836 1281 2892 1325 et
2932 1270 3163 1341 judicio.
3209 1271 3385 1339 Atque
3418 1270 3550 1324 hinc
3588 1279 3645 1325 et
3671 1271 3735 1324 ad

2158 1364 2398 1433 judicem
2442 1366 2614 1434 major
2640 1364 2843 1417 redibit
2884 1362 3078 1433 gloria,
3114 1370 3172 1415 ct
3216 1362 3284 1415 ad
3324 1371 3373 1415 te
3402 1362 3544 1425 laus,
3575 1362 3621 1416 si
3651 1377 3736 1416 sa-

2163 1457 2332 1509 lutem
2382 1470 2748 1524 consequere.
2806 1454 2942 1507 Dum
3003 1462 3222 1521 tempus
3258 1458 3363 1517 est,
3415 1451 3737 1507 contende:

2161 1557 2380 1617 tempus
2404 1548 2491 1601 hic
2513 1555 2597 1601 est
2621 1546 2907 1615 Operandi.
2948 1546 3085 1598 Dum
3124 1560 3185 1599 es
3208 1542 3262 1596 in
3289 1543 3394 1603 via.
3423 1542 3737 1603 emendare,

2162 1650 2218 1695 et
2250 1640 2550 1694 salvaberc.
2576 1640 2784 1692 Exeree
2814 1638 3100 1696 talentum.
3129 1652 3259 1691 cave
3316 1650 3384 1690 ne
3409 1634 3736 1689 defodiatur.

479 1713 660 1767 lorum
693 1714 891 1777 cultor,
929 1730 1092 1783 quem
1134 1730 1280 1770 mors
1326 1715 1660 1773 inevitabilis
1694 1721 2057 1789 comprehen-
2088 1700 2134 1760 θ
2165 1727 2496 1780 Thesauriza
2516 1726 2613 1780 tibi
2631 1725 3026 1785 virtutes,utin
3041 1724 3250 1795 judicio
3268 1723 3738 1794 abstemalignum

476 1818 600 1857 sum
642 1804 901 1874 abripiet,
935 1806 1072 1861 etin
1111 1807 1422 1862 recessibus
1473 1809 1774 1865 inferorum
1816 1812 2058 1869 colloca-

479 1894 584 1954 bit,
612 1894 703 1949 ubi
750 1896 900 1951 nulla
931 1897 1152 1966 penitus
1184 1908 1269 1952 est
1303 1899 1619 1957 confessio:
1654 1901 1705 1956 id
1753 1904 1899 1973 quod
1936 1921 2061 1960 nta-

478 2004 621 2057 gnus
681 1987 826 2043 inter
875 1990 1127 2046 videntes
1178 1990 1522 2063 (prophetas)
1570 2010 1793 2066 quoque
1843 1997 2057 2052 scribit.

479 2080 767 2149 Abstcrge,
797 2080 921 2135 elue
958 2083 1291 2137 delictorum
1347 2086 1560 2143 sordes.
1592 2086 1875 2145 Annuutia
1911 2106 2062 2144 com-

478 2169 670 2231 missa,
704 2186 771 2225 ne
793 2170 1005 2226 diutius
1059 2175 1223 2229 tacita
1278 2175 1500 2243 habeto,
1530 2186 1586 2233 et
1631 2178 1778 2248 lnge,
1809 2189 2058 2250 ctgeme,

478 2260 812 2333 ctlacryma,
853 2274 910 2320 et
950 2266 1124 2333 plora,
1167 2277 1548 2338 quantumque
1579 2281 1761 2341 potes,
1796 2275 1850 2328 in
1887 2276 2060 2331 salute

479 2355 845 2421 comparanda
870 2356 1112 2415 elabora.
1138 2357 1367 2414 Creator
1387 2371 1438 2416 te
1474 2366 1717 2432 paternis
1743 2365 1885 2420 ulnis
1916 2368 2063 2422 exci-

480 2447 580 2516 pit.
614 2446 841 2513 Quoties
871 2449 1162 2515 cecideris,
1191 2466 1395 2522 snrge;
1428 2455 1625 2511 cadere
1676 2459 1823 2513 enim
1871 2460 2064 2521 huma-

482 2554 617 2592 num
645 2548 763 2594 est:
788 2549 845 2593 et
869 2551 1093 2609 propter
1123 2556 1464 2612 peccatores,
1501 2564 1609 2603 non
1634 2562 1860 2620 propter
1883 2556 2064 2623 justus

480 2630 732 2687 Christus
776 2633 968 2703 venit:
1003 2644 1061 2688 et
1106 2634 1253 2702 illos,
1279 2652 1389 2692 non
1440 2639 1543 2696 bos
1571 2642 1640 2696 ad
1676 2646 2061 2713 pcenitcntiam

484 2729 643 2773 vocat.
676 2723 715 2775 '.

554 2811 714 2865 Velut
738 2812 889 2868 limis
920 2817 1094 2875 oculis
1118 2819 1404 2886 aspexisti,
1451 2822 1606 2877 irrita
1650 2825 1851 2892 fecisti,
1888 2837 2064 2884 transv

478 2919 669 2972 gressa
697 2920 757 2961 es
790 2917 969 2974 pacta,
1004 2911 1211 2979 quibus
1231 2914 1454 2969 Christo
1479 2918 1531 2969 in
1564 2931 1755 2972 sancta
1780 2919 2063 2977 ablutione

478 2994 741 3064 ascripta.
763 3012 842 3063 es,
877 3009 935 3056 et
966 3000 1203 3069 Satanm,
1230 3013 1395 3074 atque
1436 3007 1646 3076 angelis
1671 3009 1789 3079 ejus
1820 3010 2059 3065 scrvisti.

485 3085 721 3141 Proinde
746 3104 869 3144 cum
904 3091 1166 3147 Dominus
1201 3095 1255 3149 iu
1278 3097 1493 3166 judicio
1520 3098 1921 3163 scdcrit,draeo
1952 3102 2058 3156 im-

483 3178 866 3247 probissimus,
922 3198 985 3237 ac
1031 3185 1244 3253 primus
1286 3198 1554 3258 aposmta,
1610 3200 1672 3246 ut
1716 3193 1956 3259 invidus,
2002 3206 2061 3249 ut
2152 3236 2159 3239 μ

468 3268 830 3337 insatiabilis,
855 3284 912 3330 et
938 3277 1183 3332 crudelis
1214 3279 1396 3335 dicet:
1431 3280 1577 3346 “me,
1608 3284 1856 3350 Domine,
1877 3286 2063 3342 verbis

482 3362 750 3420 duntaxat
776 3383 865 3423 me
896 3371 1135 3439 negavit,
1170 3374 1434 3442 operibus
1457 3376 1588 3444 ipsis
1617 3393 1736 3432 mea
1767 3378 1891 3443 fuit,
1927 3380 2061 3435 mihi

482 3458 710 3513 servivit
736 3460 1035 3529 plurimum
1067 3481 1080 3516 :
1111 3479 1245 3519 mete
1288 3465 1556 3522 voluntati
1592 3470 1842 3536 quamvis
1880 3471 2062 3535 enixe,

484 3550 888 3623 diligenterque
919 3553 1356 3624 obtemperavit:
1379 3573 1496 3612 mea
1518 3560 1863 3627 potissimum
1892 3565 2065 3619 amica

484 3657 544 3700 et
578 3647 871 3703 familiaris
894 3660 996 3704 est.
1034 3650 1180 3704 Nihil
1218 3651 1272 3707 in
1310 3653 1397 3706 illa
1440 3663 1595 3709 tuum
1633 3665 1734 3711 est.
1776 3657 1919 3723 Quid
1967 3657 2063 3712 tibi

481 3753 611 3790 cum
638 3740 735 3792 ea?
760 3738 881 3813 Non
906 3740 1080 3801 latent
1103 3744 1224 3812 ejus
1255 3746 1539 3800 actiones:
1568 3754 1749 3812 teneo,
1782 3749 1986 3818 quibus
2009 3766 2067 3805 sc

481 3829 770 3900 obligavit.
812 3833 1067 3889 litteras:
1111 3835 1310 3889 ccelum
1354 3844 1410 3890 et
1437 3844 1585 3892 terra
1636 3840 1907 3897 scelerum
1949 3844 2069 3912 ejus

484 3923 666 3976 testes‘
694 3932 841 3977 sunt.
879 3924 981 3990 Tn,
1012 3926 1159 3995 juste
1191 3926 1382 3997 judex,
1409 3930 1683 3997 quomodo
1720 3932 1828 3988 ulla
1857 3935 2068 3993 ratione

484 4013 688 4084 injuste
722 4017 930 4084 poteris
968 4017 1188 4083 facere?
1217 4018 1351 4073 Tuis
1374 4030 1667 4101 contentus
1698 4033 1817 4080 esto
1851 4044 1863 4079 :
1890 4028 2068 4083 aliena

478 4124 585 4161 cur
613 4109 822 4177 appetis
847 4110 926 4163 “?
1232 4114 1238 4123 ‘

556 4197 682 4253 [huc
705 4197 873 4270 judcx
899 4202 1246 4273 judicaturus
1276 4208 1528 4274 audiens,
1557 4211 1870 4267 astantibus
1892 4213 2072 4269 virtu-

482 4289 653 4356 tibus,
674 4288 1084 4347 ministratoriis
1102 4296 1328 4365 angelis,
1348 4297 1708 4368 archangelis,
1728 4302 2073 4372 principibus

2160 1834 2333 1888 queas
2364 1819 2662 1888 depellere,
2684 1832 2742 1872 et
2764 1817 2965 1872 habeas
2982 1832 3082 1871 cur
3107 1817 3337 1870 salvere.
3358 1815 3462 1878 En,
3488 1824 3743 1869 etexem-

2154 1912 2311 1982 plum
2340 1912 2537 1966 adduxi
2570 1911 2690 1971 tibi,
2725 1921 2780 1965 et
2810 1920 3005 1965 cetera
3031 1925 3272 1978 quoque,
3298 1917 3463 1978 prout
3495 1906 3737 1969 voluisti,

2160 2015 2219 2060 et
2235 2005 2520 2067 censuisti,
2546 2004 2837 2073 explicavi,
2868 2003 3072 2057 auxilio
3094 2003 3259 2067 illius,
3289 2002 3380 2071 qui
3407 2002 3555 2057 solus
3583 2001 3743 2056 docet

2162 2097 2415 2151 homines
2435 2096 2909 2161 scientiam.Quod
2937 2097 2981 2149 sl
3002 2095 3135 2165 quid
3156 2112 3183 2148 ει
3207 2109 3294 2148 me
3319 2095 3452 2148 falso
3473 2095 3742 2163 prolatum

2161 2199 2344 2260 putas,
2360 2189 2590 2259 ideoque
2606 2205 2713 2243 non
2730 2190 2931 2249 credis,
2952 2202 3180 2243 occurre
3198 2196 3464 2253 quantum
3484 2187 3536 2239 in
3565 2197 3617 2241 te
3633 2194 3741 2249 est,

2164 2297 2495 2350 rursumque
2532 2281 2806 2351 interroga
2843 2298 2856 2334 :
2886 2298 2987 2351 ego
3021 2290 3128 2335 tua:
3152 2279 3485 2349 oppositioui
3518 2293 3742 2345 respon-

2162 2374 2326 2428 debo.
2359 2374 2512 2440 Quod
2550 2374 2652 2428 sia
2684 2390 2769 2428 me
2806 2373 2950 2426 dicta
2996 2372 3099 2426 tibi
3133 2382 3283 2427 certa
3330 2370 3741 2437 iudubitataque

2164 2466 2438 2530 videntur,
2473 2482 2540 2519 ne
2575 2466 2644 2520 de
2673 2476 2874 2521 caetero
2907 2475 3190 2527 cunctere,
3225 2480 3432 2533 quaeso,
3465 2479 3533 2517 ne
3562 2462 3740 2516 locum

2163 2557 2262 2612 des
2296 2558 2538 2612 desidia.
2564 2557 2643 2610 Ad
2677 2572 2841 2625 opera
2874 2558 3236 2617 exsuscitare,
3261 2562 3319 2608 et
3348 2554 3436 2608 illa
3462 2565 3516 2607 te
3546 2553 3611 2607 ad
3653 2554 3743 2623 ju-

2164 2647 2368 2702 dicium
2391 2648 2708 2714 abeuntem,
2731 2656 2791 2702 ut
2812 2646 3162 2702 commodum
3190 2645 3406 2700 itineris
3431 2642 3744 2701 adminicu-

2164 2739 2277 2794 lum
2327 2741 2698 2810 viaticumque
2728 2739 3162 2795 comitabuntur.
3201 2737 3299 2793 Sin
3347 2751 3513 2805 opera
3558 2734 3743 2804 negle-

2166 2833 2329 2898 xeris,
2364 2834 2513 2902 quod
2548 2843 2599 2890 te
2633 2832 2988 2888 maledictum
3025 2840 3264 2896 maneat,
3297 2830 3485 2885 dicere
3521 2829 3674 2883 uolo.

2776 3000 3002 3057 CAPUT
3045 2999 3137 3054 IX.

2166 3092 2403 3147 Parvum
2443 3092 2815 3162 negligentiam
2860 3106 3013 3162 atque
3064 3090 3360 3162 socordiam
3420 3104 3551 3162 τξοηΔ
3582 3102 3745 3162 parv‘a

2238 3163 2381 3216 mula
2423 3154 2707 3231 gener-Ine,
2742 3154 3005 3216 ostensum
3054 3177 3117 3214 ex
3144 3161 3384 3231 historia
3430 3154 3622 3210 Levita:
3682 3154 3746 3206 de

2241 3232 2372 3287 libro
2401 3221 2669 3287 Iudicum.
2696 3221 2706 3229 ’
3082 3262 3087 3267 -
3144 3228 3149 3243 ¹
3392 3242 3397 3246 ’

2235 3381 2430 3437 Atili”.
2452 3381 2570 3436 Non
2595 3396 2840 3451 repugno
2871 3380 2970 3435 abs
2994 3387 3046 3433 te
3074 3378 3237 3433 dictis
3259 3374 3517 3445 amplius,
3545 3372 3746 3443 quibus

2166 3475 2459 3537 assentior,
2491 3472 2627 3528 etin
2662 3471 2993 3537 sententiam
3034 3478 3183 3523 tuam
3227 3478 3443 3522 transeo
3485 3464 3739 3523 maxime.

2170 3567 2250 3621 Tu
2288 3581 2419 3621 vero
2457 3564 2568 3634 jam
2614 3563 2817 3619 docere
2861 3577 3023 3632 perge
3071 3577 3084 3614 :
3124 3568 3353 3628 propter
3393 3554 3560 3625 istud,
3603 3550 3745 3623 quod

2169 3657 2329 3721 dicis,
2370 3656 2747 3720 maledictum,
2775 3654 3032 3724 quodque
3061 3653 3306 3708 animum
3341 3650 3579 3711 mordet,
3613 3643 3741 3715 quid

2174 3750 2393 3807 tandem
2420 3765 2485 3805 ex
2514 3748 2729 3805 desidia
2751 3747 3008 3819 gignatur
3045 3745 3173 3800 mali
3207 3762 3222 3796 :
3262 3743 3365 3797 hoc
3394 3741 3539 3794 enim
3584 3736 3746 3806 liqui-

2172 3841 2296 3896 dius
2341 3856 2503 3896 nosse
2536 3840 2811 3897 desidero.
2848 3838 2998 3894 Istud
3034 3836 3167 3891 mibi
3225 3833 3530 3887 edisserere
3555 3844 3617 3882 ac
3654 3841 3747 3896 pa-

2175 3935 2411 3989 tefacere
2440 3949 2510 3988 ne
2555 3932 2775 3988 differas
2812 3949 2825 3986 :
2873 3940 2929 3986 ut
2965 3946 3031 3984 ne
3072 3928 3202 3999 quid
3247 3941 3323 3999 ex,
3360 3921 3571 3976 desilia
3614 3915 3745 3972 mihi

2173 4028 2456 4097 conlingat
2492 4025 2639 4087 mali,
2683 4040 2877 4093 meque
2921 4032 3098 4079 tecum
3148 4017 3344 4091 perdas
3387 4034 3399 4070 :
3444 4024 3494 4068 te
3525 4021 3585 4065 ut
3625 4023 3742 4078 qua:

2174 4137 2286 4177 non
2318 4119 2621 4184 docueris;
2652 4134 2763 4180 me,
2795 4125 2854 4171 ut
2884 4112 3005 4185 qua!
3026 4130 3133 4168 non
3166 4107 3476 4166 didicerim.

2243 4212 2409 4285 Cano,
2448 4212 2718 4277 Quoniam
2764 4210 2837 4265 ita
2882 4207 3060 4276 cupis,
3110 4217 3271 4259 aures
3318 4199 3562 4271 adverte.
3605 4190 3745 4249 iussi

2179 4321 2370 4361 sumus
2403 4320 2586 4368 orare,
2618 4303 2867 4373 vigilare,
2896 4298 3069 4355 sobrii
3102 4311 3242 4362 esse,
3306 4284 3745 4361 (ιυθηςιοιιυῐίιυιη

489 4380 870 4449 sacerdotum,
907 4385 1168 4448 “athletis,
1201 4398 1258 4442 et
1312 4390 1579 4459 religiosis
1619 4393 1895 4455 omnibus,
1941 4403 2076 4462 quot
2102 4393 2155 4453 D
2183 4397 2479 4461 nescimus,
2495 4412 2603 4466 qua
2632 4396 2767 4451 hora
2800 4393 2889 4449 fur
2918 4401 3203 4453 venturus,
3235 4395 3293 4441 et
3314 4380 3555 4455 perfossa
3590 4377 3748 4437 άοιῐιο

486 4474 712 4531 ordines
739 4492 926 4547 supra,
958 4481 1360 4549 quotquejiufra
1392 4492 1542 4545 sunt,
1564 4493 1618 4536 et
1640 4484 1899 4539 audacem
1922 4486 2067 4542 lianc

557 4631 604 4663 δ’
644 4631 833 4689 Matth.
876 4651 951 4699 xu,
1012 4637 1098 4691 l2.
1182 4637 1229 4670 ”
1288 4638 1432 4693 Psal.
1464 4646 1657 4706 currv,
1693 4642 1780 4696 12'.

2173 4490 2426 4547 abiturus
2469 4490 2561 4544 sit.
2589 4488 2693 4555 Qui
2742 4486 2966 4558 vigilare
3006 4482 3265 4544 instituit,
3307 4474 3498 4532 oculos
3552 4467 3741 4539 vigiles

1956 4777 2236 4843 Scholia.

616 4917 879 5001 Principio
937 4923 1173 4993 pccmnti
1223 4941 1400 5001 omnes
1448 4928 1797 4996 ignoscimus,
1856 4938 2071 5001 propter

488 4993 987 5067 inexpericntiunr:
1034 5003 1149 5067 post
1201 4998 1393 5049 multos
1438 4993 1614 5050 autem
1656 4993 1894 5053 recursus
1942 4993 2071 5067 sup-

488 5062 818 5137 plant/unm,
850 5063 1125 5137 difﬁculter
1154 5068 1269 5134 quis
1295 5070 1443 5122 venia
1473 5070 1877 5137 impertiendum
1898 5062 2077 5123 emisti-

444 5144 447 5149 '
489 5133 678 5207 nichil,
722 5143 777 5207 ut
820 5133 909 5207 qui
942 5150 1004 5187 ea:
1051 5133 1371 5205 negligentia
1429 5133 1770 5207 socordiaque
1812 5140 2073 5195 ceciderit.

499 5203 606 5258 Nrc
626 5203 958 5276 istndsblum
988 5214 1060 5258 est
1086 5203 1384 5276 indignum,
1410 5218 1455 5261 ct
1487 5203 1753 5271 horribile,
1778 5209 1867 5262 sed
1896 5211 2075 5273 etiam,

492 5274 851 5350 qu_od_mullis
886 5274 1285 5350 scandalizatus,
1314 5288 1361 5331 et
1390 5296 1529 5347 sirpe
1565 5280 1922 5349 ignaviorihns
1957 5281 2077 5350 επε-

494 5345 613 5405 ctis,
646 5346 752 5414 ipse
784 5354 1039 5412 tanquam
1069 5348 1300 5399 criminis
1333 5345 1474 5413 rcus,
1494 5359 1541 5402 et
1572 5345 1944 5403 inexcusabilis
1959 5345 2081 5404 θῖνας

493 5416 605 5490 dit:
640 5432 659 5463 σ
695 5414 825 5468 Cum
859 5423 1033 5490 autem
1055 5419 1301 5490 everterit
1323 5435 1376 5471 se
1402 5421 1600 5487 justus,
1637 5421 1824 5490 inquit.
1855 5438 1885 5473 a
1914 5421 2080 5490 justi-

497 5486 574 5536 tiu
620 5500 739 5560 sun.
769 5493 830 5560 _et
853 5484 1028 5553 fecerit
1072 5484 1427 5560 iniquitatem,
1476 5506 1652 5560 omnes
1680 5484 1929 5558 ijustitiaz'
1969 5490 2083 5560 ejus

447 5562 456 5575 ‘
496 5569 632 5631 quns
683 5552 823 5631 furit.
854 5552 970 5607 ron
1014 5552 1433 5631 recordabuntur
1473 5552 1720 5631 amplius.
1764 5560 1820 5613 In
1860 5552 2083 5631 peccetis

497 5622 607 5676 suis
647 5625 915 5679 morirtur.
944 5634 989 5678 ct
1025 5628 1235 5696 justitia
1276 5629 1403 5694 iusti
1428 5646 1530 5682 non
1564 5622 1813 5686 'libcrubit
1853 5622 1990 5697 cum,
2024 5632 2077 5684 in

2168 4947 2272 5003 qua
2294 4930 2381 5003 die
2415 4930 2671 5003 erraverit
2697 4926 2909 4989 (Ezech.
2946 4940 3103 5003 grvnt,
3133 4922 3253 5003 24).
3277 4942 3317 5003 Δι

2242 5005 2282 5024 ⁸·
2316 5002 2600 5072 Chrysost.
2633 4998 2807 5072 Bonus
2836 5005 2911 5072 est
2941 4996 3099 5053 Deus.
3125 4994 3372 5072 srdidcm
3390 4993 3593 5072 justas.
3615 4989 3755 5072 Justi

2172 5080 2349 5127 autem
2381 5063 2590 5135 munus,
2622 5086 2714 5139 pro
2738 5069 2992 5139 dignitate
3019 5065 3308 5139 mercedem
3335 5063 3563 5139 reddere
3579 5077 3599 5139 _:
3623 5063 3755 5113 sinit

2170 5145 2423 5214 scriptum
2465 5130 2632 5214 φης’
2666 5130 2984 5214 ηζὶρρῖοἱσονε.
3030 5136 3125 5189 sed
3157 5143 3205 5187 et
3241 5134 3409 5202 jmlex
3433 5130 3608 5214 tl’sal:
3645 5145 3753 5192 cxi,

2174 5213 2252 5280 4).
2277 5200 2310 5264 ’›
2348 5211 2421 5266 Ac
2459 5200 2592 5265 Dens
2625 5206 2865 5280 quidem,
2901 5222 3208 5280 qnnnqnqm
3243 5200 3461 5271 regnum
3499 5200 3753 5280 cr_rlor_ut_n

2177 5271 2519 5353 promiltcnsg,
2549 5271 2653 5335 non
2683 5271 2922 5331 auditur."
2958 5271 3206 5353 Diabolus
3234 5290 3357 5353 prro
3387 5289 3504 5325 cum
3531 5271 3755 5353 hornini-

2178 5346 2270 5406 bus
2296 5346 2589 5423 gehennam
2611 5358 2897 5423 comparet,
2935 5346 3241 5423 diligit‘ur‘et
3273 5353 3496 5423 rimati-1‘1:
3515 5356 3533 5393 :
3569 5351 3616 5394 et
3640 5354 3758 5392 cum

2179 5412 2318 5477 ante"
2332 5424 2621 5492 gehennam
2664 5412 2746 5492 hic
2781 5418 2972 5487 probra
3003 5412 3343 5492 et‘hrdibrin,
3379 5412 3522 5465 mille
3549 5424 3760 5492 manus,

2181 5479 2455 5564 ipsamque
2482 5500 2699 5544 mortem
2725 5479 2989 5564 iuiportct,
3028 5484 3364 5538 nihilominus
3396 5492 3633 5553 prompte
3657 5479 3758 5533 sibi

2180 5556 2511 5635 obsequentes
2538 5578 2641 5614 non
2667 5574 2859 5630 paucos
2881 5556 3051 5611 habet.
