4130 6202
345 209 455 270 7J3

342 772 790 831 dormitationem
837 779 1052 850 vigilias
1083 782 1212 853 agit.
1240 785 1421 856 Atque
1452 788 1542 843 hic
1584 790 1776 847 beatus
1802 808 1921 848 ser-

343 875 449 915 vus
498 864 807 932 appellatur
849 867 917 923 “.
957 868 1062 935 Qui
1107 882 1288 927 autem
1337 878 1728 946 procrastinat,
1772 883 1920 938 indi-

338 968 479 1024 gnus
515 966 622 1020 est,
666 966 723 1012 et
762 960 948 1015 miser.
980 962 1102 1018 Vita
1131 964 1249 1020 haec
1290 967 1348 1022 in
1380 970 1610 1039 actione
1645 986 1922 1044 versatur,

252 1092 263 1101 .
361 1055 621 1118 tanquam
646 1065 920 1111 mercatus
946 1056 1171 1126 quidam
1211 1059 1253 1123 ‘,

412 1153 553 1220 Quia
592 1157 761 1226 igitur
783 1169 1060 1219 mercatus
1088 1173 1192 1229 est,
1235 1168 1387 1225 lucra
1421 1179 1512 1227 tua
1543 1186 1775 1231 sectare.
1810 1178 1916 1232 Fu-

340 1252 469 1299 tura
519 1248 629 1302 vita
674 1264 774 1318 pro
821 1253 1032 1310 meritis
1070 1260 1294 1325 praemia
1351 1263 1584 1333 singulis
1622 1269 1917 1336 persolvet.

338 1334 422 1391 lbi
464 1338 745 1408 voluptate
787 1343 1089 1410 potientur.
1130 1356 1405 1420 quotquot
1444 1354 1535 1409 hic
1577 1334 1806 1427 vigilant
1840 1377 1853 1413 :
1886 1374 1919 1414 e

336 1427 584 1493 diverso,
615 1434 915 1500 punientur
936 1449 1209 1509 quotquot
1228 1442 1318 1497 hic
1336 1444 1548 1503 inertia:
1570 1464 1636 1503 ac
1667 1450 1917 1520 languori

335 1534 398 1575 se
455 1518 685 1576 dedunt.
732 1524 986 1582 Excitare
1025 1532 1278 1598 proinde,
1324 1536 1506 1607 vigila,
1555 1518 1783 1595 semove
1816 1542 1917 1598 abs

332 1619 391 1664 te
432 1612 763 1668 socordiam.
788 1615 1101 1688 Lugeamus
1142 1633 1410 1693 quantum
1446 1644 1737 1697 possumus
1768 1633 1916 1687 :du~

1753 222 2029 286 DIOPTR
2041 231 2108 290 A.

340 314 682 379 circumfert,
725 333 826 373 nec
871 320 1075 378 dormit
1103 334 1161 380 ut
1201 342 1324 392 nos,
1358 346 1462 385 nec
1500 332 1778 392 rhonchos
1813 348 1927 394 tra~
1959 344 2000 401 Α

341 406 579 462 bit:scd
609 408 917 478 lampadem
948 416 1223 482 accendit,
1248 428 1326 486 et,
1357 424 1699 490 utprudens,
1723 429 1774 480 in
1799 444 1928 484 vase

341 496 525 552 oleum
572 497 639 552 ad
686 499 921 555 salutem
969 503 1159 570 habet.
1208 511 1355 578 quod
1420 523 1505 568 est
1548 516 1925 573 misericordia

341 603 473 659 erga
497 605 789 660 pauperes,
818 608 888 648 ex
911 595 1181 654 charitate
1202 609 1258 656 et
1282 602 1634 661 miseratione
1658 609 1927 667 adversus

341 696 461 744 eos,
509 693 565 736 ut
599 680 682 737 fas
712 692 821 747 est,
855 687 1129 745 exsistens
1156 709 1171 748 ;
1202 700 1260 747 et
1298 705 1519 762 paratus
1548 708 1653 764 est,
1688 710 1745 756 et
1787 702 1925 759 citra

3494 254 3613 339 τιθῇ

2032 345 2363 412 dixersatus,
2399 362 2593 419 quarta
2634 354 2753 411 luce
2792 372 2950 415 mane
2993 373 3315 431 exsurgens,
3358 363 3605 431 domum,

2032 437 2213 493 redire
2240 439 2430 495 voluit.
2468 441 2671 499 Socero
2702 456 2884 502 autem
2910 460 3133 521 rogante
3158 452 3322 519 ﬁlios,
3352 464 3408 519 ut
3439 458 3605 513 etiam

2031 529 2127 584 illo
2154 529 2244 586 die
2293 547 2482 588 secum
2525 548 2832 600 manerent,
2885 542 3118 598 audiunt
3157 544 3346 611 illum,
3380 560 3603 605 manent

2028 631 2085 677 et
2116 639 2242 678 cum
2268 640 2334 678 eo
2362 640 2420 680 se
2449 625 2649 681 laetitia:
2680 627 2911 710 dedunt.
2931 630 3133 697 Quinto
3155 634 3373 690 demum
3402 639 3491 694 die
3515 656 3611 709 ge-

2026 728 2161 768 nero
2189 714 2293 769 iter
2338 725 2592 785 urgente,
2636 718 2896 788 nullaque
2916 721 3028 791 jam
3056 722 3319 781 dilatione
3359 727 3605 799 interpo-

2027 804 2131 860 sita
2167 805 2234 859 ad
2265 807 2474 859 abitum
2508 807 2883 871 incumbente,
2917 828 3073 867 socer
3101 815 3150 867 ei
3188 819 3505 885 persuadet,
3536 836 3607 875 ne

2019 898 2242 968 jejunus
2293 898 2579 954 discedere
2603 901 2757 955 velit.
2805 901 3084 959 Praudent
3121 922 3227 961 una
3262 923 3502 974 rursum,
3548 920 3605 964 et

2024 992 2275 1061 procedit
2307 991 2449 1055 dies,
2500 993 2715 1063 illisque
2762 996 2901 1051 ultra
2942 996 3187 1053 debitum
3235 1001 3601 1067 tardamibus,

2024 1082 2222 1137 iterum
2254 1099 2283 1137 a
2313 1092 2465 1152 patre
2499 1082 2954 1152 lilii‘dctinentur,
2983 1097 3039 1144 et
3061 1088 3148 1145 die
3176 1090 3341 1146 etiam
3370 1093 3461 1148 illo
3486 1109 3605 1148 ma-

2022 1191 2154 1231 nere
2177 1176 2607 1246 compelluntur.
2634 1177 2769 1232 Cum
2802 1181 3070 1248 postridie
3101 1199 3259 1238 mane
3293 1185 3346 1237 in
3376 1186 3518 1239 viam
3542 1202 3602 1241 se

2024 1268 2273 1324 conferre
2302 1280 2578 1340 pararent,
2621 1272 2821 1327 iterum
2854 1287 3013 1327 socer
3042 1282 3099 1327 ut
3140 1286 3400 1329 maneant
3426 1275 3607 1344 preci-

2023 1359 2129 1415 bus
2162 1358 2391 1416 instare.
2423 1359 2622 1416 Verum
2657 1362 2744 1417 ille
2773 1362 3123 1427 detrectavit,
3157 1372 3213 1418 et
3247 1365 3428 1419 alieno
3462 1373 3602 1420 tem-

2020 1467 2153 1522 pore
2201 1466 2492 1523 egressus,
2546 1452 2638 1507 vix
2681 1452 2751 1529 ad
2818 1454 3080 1524 oppidum
3118 1455 3288 1510 Jebus
3327 1458 3599 1526 pervenit.

2017 1546 2136 1602 1am
2177 1547 2259 1601 sol
2323 1547 2389 1601 ad
2449 1561 2742 1614 vesperum
2780 1556 2836 1605 et
2886 1562 3140 1602 occasum
3179 1549 3429 1618 urgebat,
3477 1564 3602 1603 cum

2019 1652 2157 1704 puer
2187 1638 2475 1693 consilium
2515 1639 2688 1704 dedit,
2718 1640 2795 1694 uti
2834 1639 2963 1694 illuc
3006 1639 3371 1696 diverterent.
3397 1640 3600 1695 Verum

332 1716 523 1759 cautius
548 1706 787 1774 gemitus
818 1724 885 1765 ex
930 1712 1042 1768 alto
1076 1724 1317 1783 pectore.
1351 1718 1420 1774 Et
1447 1722 1707 1789 quoniam
1747 1724 1915 1781 simul
1948 1700 1987 1754 Β
2021 1700 2238 1782 Levites
2268 1742 2336 1780 eo
2366 1727 2644 1783 declinare
2678 1728 2876 1793 noluit,
2915 1727 3063 1796 quod
3095 1728 3143 1782 ci
3174 1728 3227 1782 in
3260 1727 3465 1799 Gabaa,
3504 1746 3602 1787 ur—

331 1794 600 1858 vivitnus,-
633 1798 811 1854 altera
853 1801 1084 1859 alteram
1126 1806 1446 1875 iucitamus,
1482 1823 1534 1867 et
1561 1814 1630 1869 ad
1670 1816 1912 1885 opitula-

332 1882 539 1941 tionem
569 1898 818 1945 mutuam
852 1908 1207 1953 exaeuamus.
1238 1901 1374 1958 Nam
1403 1905 1446 1958 si
1480 1915 1712 1975 reperta
1740 1907 1914 1965 fuerio

332 1993 454 2032 mus
476 1981 738 2046 remissae,
767 1993 823 2039 et
847 1986 916 2040 ad
949 2003 1172 2045 cursum
1194 2008 1409 2063 segnes,
1432 1995 1745 2069 frustraque
1765 2001 1912 2057 diem

327 2085 396 2124 ex
424 2071 513 2127 die
550 2077 988 2146 transiverimus,
1027 2098 1094 2138 ex
1128 2084 1429 2155 improviso
1465 2104 1613 2145 mors
1644 2104 1703 2146 ut
1734 2092 1822 2148 leo
1858 2096 1913 2150 in

329 2177 433 2217 nos
461 2165 652 2228 irruet,
684 2169 966 2240 inopinata
997 2185 1264 2245 sequetur
1290 2178 1603 2244 dissolutio.
1624 2191 1682 2237 et
1717 2186 1912 2255 copula

330 2265 522 2310 nostra
546 2259 918 2331 dirumpetur,
937 2267 1252 2338 peribitque
1275 2270 1463 2325 mistio
1487 2273 1592 2327 ista
1609 2273 1913 2331 admirabic

324 2346 422 2411 iis,
460 2359 519 2403 et
549 2366 657 2409 una
690 2370 816 2423 pars
862 2360 1040 2413 nostri
1076 2360 1182 2416 sub
1212 2371 1379 2427 terra,
1419 2375 1482 2421 ut
1508 2382 1574 2420 ex
1610 2377 1754 2423 terra
1788 2386 1913 2439 pro~

327 2448 516 2494 creata
553 2443 897 2515 relinquetur
928 2467 941 2502 :
981 2451 1177 2518 altera,
1218 2464 1409 2523 utpote
1440 2472 1618 2522 mens,
1662 2460 1731 2514 ad
1758 2477 1915 2517 meno

328 2533 468 2584 tium
504 2543 758 2590 naturam
807 2552 1139 2597 revertetur.
1187 2544 1629 2619 Timendumque
1667 2565 1737 2606 ne
1779 2554 1911 2622 quid

326 2612 507 2679 ambat
530 2631 804 2696 patiamur
833 2634 958 2696 tale,
983 2638 1143 2706 quale
1173 2639 1302 2693 olim
1327 2655 1523 2709 passus
1555 2652 1640 2698 est
1669 2644 1908 2710 Levites,

329 2718 537 2774 caelum
586 2722 1018 2794 intolerandum,
1057 2730 1423 2801 insperatum.
1454 2747 1511 2792 ct
1538 2741 1766 2794 omnino
1798 2752 1912 2796 non

327 2807 638 2879 terendum,
684 2832 807 2871 cum
843 2834 1068 2876 uxorem
1119 2833 1296 2880 morte
1347 2828 1665 2899 turpissima
1708 2832 1912 2899 amisit,

324 2901 472 2957 sicut
502 2905 559 2959 in
582 2906 725 2962 libro
757 2909 1012 2967 iudicum
1046 2926 1404 2975 memoratur.

2017 1818 2085 1877 be
2117 1819 2325 1873 munita
2356 1827 2415 1875 et
2453 1819 2630 1875 tribus
2656 1820 3053 1890 Bcnjamitica),
3098 1829 3424 1890 pernoctare
3465 1821 3605 1887 deli-

2016 1909 2267 1967 beratum
2304 1920 2471 1967 esset.
2513 1911 2877 1969 Transierunt
2920 1927 3051 1981 ergo
3070 1911 3263 1977 Jebus,
3308 1912 3602 1968 occubuit-

2015 2019 2122 2073 que
2166 2004 2248 2059 eis
2278 2003 2369 2058 sol.
2392 2005 2543 2072 juxta
2581 2003 2785 2069 Gabaa,
2816 2019 2925 2074 quo
2952 2003 3177 2071 hospitii
3213 2019 3377 2072 causa
3408 2020 3467 2058 se
3507 2020 3602 2058 ποθ-ν

2016 2104 2302 2166 ceperunt.
2364 2096 2419 2150 id
2454 2097 2602 2166 quod
2657 2097 2924 2152 malorum
2975 2096 3344 2151 maximorum
3394 2096 3601 2164 princi-

2014 2190 2167 2259 pium
2217 2189 2338 2244 fuit.
2397 2190 2569 2259 Igitur
2617 2205 2783 2245 senex
2810 2188 3046 2258 quidam
3090 2189 3265 2251 tribus
3315 2187 3597 2257 Epliraim,

2015 2282 2223 2352 probus
2249 2281 2512 2343 moribus,
2548 2282 2642 2351 qui
2666 2294 2795 2337 tunc
2826 2281 3043 2337 advena
3072 2281 3182 2335 illic
3211 2280 3504 2344 incolebat,
3544 2280 3598 2335 in

2016 2374 2238 2445 publico
2288 2373 2502 2428 sedenti
2563 2388 2886 2435 occurrens,
2939 2388 3067 2428 eum
3125 2373 3350 2445 salutat,
3403 2372 3601 2441 quaerit

2013 2465 2164 2521 unde
2200 2466 2401 2521 veniat.
2439 2466 2596 2532 Quod
2634 2481 2757 2521 cum
2802 2481 2926 2521 mox
2949 2464 3257 2526 didicisset,
3293 2474 3348 2519 et
3389 2472 3448 2519 ut
3481 2473 3600 2519 erat

2014 2556 2253 2629 ingenio)
2285 2559 2562 2628 hospitali,
2604 2559 2726 2628 ejus
2775 2558 3034 2614 misertus
3076 2567 3247 2622 esset.
3296 2556 3487 2613 mnbos
3543 2557 3596 2617 in

2014 2650 2160 2707 aedes
2205 2667 2335 2707 suas
2383 2652 2597 2718 invitat,
2646 2652 3100 2720 introductosquc
3134 2650 3371 2721 benigne
3412 2650 3596 2705 balet.

2008 2743 2284 2801 Caeterum
2327 2744 2551 2814 quidam
2597 2743 2867 2814 indigena:
2898 2742 3178 2797 libidinosi
3220 2757 3285 2797 ac
3328 2740 3597 2811 protervi,

2010 2836 2173 2893 :hunc
2201 2836 2475 2905 hospitem
2509 2834 2731 2893 lascivis
2769 2834 2948 2911 oculis
2974 2833 3182 2897 intuiti,
3215 2834 3363 2888 facto
3393 2833 3601 2887 sodali-

2007 2927 2114 2991 tio,
2138 2936 2214 2982 -ut
2259 2928 2461 2983 rabiosi
2494 2940 2680 2991 canes,
2712 2927 2954 2996 ptrlsare,
2987 2935 3047 2981 et
3070 2927 3348 2994 impellere
3376 2927 3598 2995 januam

397 3019 586 3079 Astus.
613 3021 831 3092 Quaeso,
852 3026 1001 3082 istud
1027 3031 1163 3084 mihi
1194 3031 1612 3098 latiusdeclam.
1633 3039 1905 3111 Equidem
1936 3035 1980 3098 ο
2014 3016 2517 3111 diversorii,virum
2539 3018 2661 3087 (pro
2681 3016 2916 3111 facinus)
2934 3016 3001 3111 ad
3032 3015 3325 3111 muliebria
3340 3014 3599 3111 patienda

324 3111 617 3167 historiam
671 3115 814 3172 hanc
866 3133 1201 3190 cognoscere
1249 3124 1433 3196 cupio.
1472 3127 1565 3185 Sat
1597 3133 1735 3199 scio,
1785 3136 1910 3189 eum

328 3204 522 3267 nobis.
576 3216 693 3262 tum
744 3208 868 3265 aliis
918 3213 1200 3281 proderit,
1254 3219 1677 3293 quibuscumque
1727 3226 1911 3282 studio

325 3296 439 3351 erit
470 3296 598 3353 hinc
627 3300 865 3356 fructum
908 3304 1204 3377 colligere;
1251 3320 1309 3365 et
1348 3311 1394 3367 is
1415 3329 1596 3369 sermo
1640 3316 1707 3371 ad
1740 3318 1910 3375 disci-

322 3388 528 3457 plinam
560 3393 854 3448 conducet.

395 3496 555 3553 Ctao.
587 3500 770 3571 Longa
811 3513 866 3559 et
921 3505 1070 3562 varia
1095 3519 1181 3567 est
1214 3513 1473 3579 narratio,
1509 3498 1674 3586 atque
1708 3517 1910 3576 idcirco

308 3595 385 3669 et
417 3590 753 3660 cognitione,
781 3595 1151 3655 etdisertiore
1188 3601 1374 3675 lingua
1413 3606 1482 3660 ad
1523 3600 1909 3678 explicandum

324 3686 476 3747 eget.
526 3683 625 3763 Ast
649 3697 748 3755 ego
790 3680 1355 3771 utroque‘destituta,
1396 3696 1576 3755 facere
1617 3702 1782 3757 verba
1822 3721 1911 3761 ve-

325 3785 480 3825 ΓΒΟΓ.

396 3877 589 3958 Ακημ.
647 3880 971 3954 Quanquam
1028 3906 1119 3948 res
1164 3905 1251 3950 est
1302 3897 1556 3962 difﬁcilis.
1608 3910 1666 3959 tu
1726 3913 1906 3965 tamen

322 3968 460 4025 mihi
491 3971 661 4029 debes
708 3977 943 4050 obsequi
978 3981 1032 4039 in
1079 3987 1357 4047 omnibus.
1390 3989 1736 4062 Quapropter
1777 3997 1906 4057 tolle

322 4078 526 4119 moras.

395 4172 557 4229 Cano.
580 4175 898 4249 Obsequor,
929 4182 1074 4251 dico,
1099 4188 1309 4244 etihinc
1330 4191 1731 4249 ducoinitium.
1764 4199 1904 4252 Olim

304 4263 411 4321 .vir
463 4268 686 4335 quidam
742 4272 1008 4341 Israelita,
1040 4278 1216 4334 tribus
1243 4281 1521 4350 Levitieaa,
1556 4286 1811 4343 habitans
1846 4290 1902 4345 in

2008 3119 2273 3179 expetere
2305 3126 2320 3165 :
2356 3122 2464 3163 non
2497 3109 2588 3178 jus
2620 3116 2676 3162 et
2700 3108 2798 3171 fas,
2833 3122 2943 3161 non
2988 3106 3235 3175 hospitii,
3271 3121 3380 3159 non
3415 3106 3595 3175 legum

2013 3202 2364 3256 sanctitatem
2408 3199 2668 3254 revereri.
2694 3197 2836 3262 Quid
2858 3200 2939 3249 ad
2958 3198 3081 3251 alme
3113 3212 3286 3250 senex
3314 3196 3516 3264 hospes
3542 3204 3598 3249 et
3624 3242 3627 3251 ,

2008 3289 2320 3345 honestus?
2344 3286 2879 3357 obstupescit'illico,
2898 3300 3007 3339 non
3038 3301 3098 3339 se
3127 3286 3305 3352 capit,
3327 3285 3397 3339 ad
3427 3284 3597 3352 pedes

2010 3385 2463 3440 detestandorum
2517 3380 2739 3434 illorum
2791 3376 3054 3448 procidit,
3101 3383 3367 3445 quantum
3413 3382 3597 3442 potest

2009 3473 2300 3539 obnititur,
2342 3471 2655 3541 hospitique
2679 3483 2781 3523 suo
2814 3467 3125 3522 consultum
3154 3466 3366 3527 volens,
3403 3478 3595 3518 amen.-

2010 3578 2092 3622 tes
2120 3566 2244 3620 illos
2273 3573 2451 3634 regat.
2475 3573 2533 3619 ut
2563 3563 2777 3618 minore
2807 3561 2949 3616 malo
2985 3561 3097 3615 situt
3125 3558 3394 3623 contenti,
3433 3559 3596 3613 relic-

2002 3666 2177 3729 "teque
2207 3658 2347 3722 viro,
2367 3672 2465 3711 sua
2496 3655 2602 3710 tilia
2635 3655 2817 3708 adhuc
2840 3653 3075 3723 virgine,
3097 3662 3152 3706 et
3181 3666 3311 3706 cum
3333 3666 3399 3706 ea
3427 3665 3598 3707 uxore

2000 3750 2244 3820 hospitis
2268 3764 2447 3819 quem
2470 3748 2813 3818 quaerebant,
2847 3745 2914 3800 ad
2956 3761 3113 3800 suam
3137 3743 3426 3800 libidinem
3453 3743 3597 3798 aeu.-

1999 3851 2227 3896 tantur.
2277 3841 2361 3896 llft
2414 3840 2510 3895 vix
2561 3840 2692 3894 huic
2730 3840 2881 3909 preci
2920 3849 3192 3900 annuum,
3240 3835 3599 3905 mulierisque

1998 3931 2248 3988 castitati
2274 3932 2474 3987 mirum
2508 3934 2562 3987 in
2603 3932 2825 3985 modum
2856 3931 3116 3994 illudunt,
3153 3939 3375 3997 totaque
3407 3937 3591 3988 nocte,

1998 4026 2059 4079 vi
2087 4026 2336 4081 adhibita
2382 4042 2505 4082 eam
2536 4026 2837 4097 deturpant
2860 4058 2863 4065 -
2890 4040 2953 4079 ac
3007 4023 3309 4083 defmdant,
3353 4021 3591 4075 vicissim

2002 4118 2215 4172 nefaria
2247 4110 2478 4172 libidine
2522 4132 2642 4170 sese
2680 4115 3032 4184 inquinantes
3075 4131 3091 4166 :
3132 4122 3193 4165 ut
3223 4112 3440 4165 oriente
3479 4109 3596 4165 sole

2002 4209 2251 4272 dimissa,
2291 4218 2347 4262 et
2376 4208 2442 4261 ad
2469 4209 2694 4278 jauuam
2722 4206 2872 4259 senis
2917 4205 3164 4265 veniens,
3196 4213 3253 4257 et
3293 4203 3409 4257 sive
3443 4202 3603 4255 calam

1998 4298 2216 4354 'mitatis
2258 4299 2655 4369 magnitudine,
2701 4297 2819 4351 sive
2847 4296 3052 4350 doloris
3092 4296 3393 4350 acerbitate
3441 4294 3599 4348 humi

316 4357 496 4413 latere
548 4365 751 4419 mentis
778 4367 1061 4437 Ephraim,
1095 4388 1319 4428 nitorem
1351 4378 1563 4448 accepit
1608 4380 1899 4437 Bethlehe-
1933 4382 1975 4441 D
2005 4392 2206 4467 cadens
2261 4392 2315 4462 (υ
2346 4357 2460 4446 rem
2498 4389 2715 4462 novam)
2747 4391 2931 4444 statim
2974 4390 3210 4443 animam
3272 4388 3471 4442 ibidem
3493 4403 3592 4440 ex—

324 4448 577 4507 mitidem
620 4469 689 4507 ex
728 4457 1074 4529 Juda,quam
1119 4463 1181 4517 in
1222 4480 1377 4521 suam
1409 4470 1688 4539 regionem
1712 4488 1901 4529 secum

322 4539 503 4597 duxit.
531 4543 728 4600 Mulier
770 4550 1049 4620 aliquanto
1088 4565 1213 4624 post
1243 4557 1347 4612 icta
1370 4559 1650 4616 desiderio
1701 4580 1903 4633 paren-

310 4639 441 4687 tum
489 4650 552 4690 ac
603 4640 814 4706 patriai,
846 4658 917 4697 eo
956 4647 1187 4709 revenit,
1243 4663 1307 4703 ae
1354 4651 1551 4720 perdiu
1609 4657 1754 4725 apud
1808 4673 1906 4713 eos

2008 4486 2264 4555 spiraret.
2302 4484 2583 4538 Inventam
2631 4492 2755 4537 ante
2803 4483 3005 4537 ostium
3056 4487 3326 4551 lucentem
3373 4479 3595 4534 Levites

1997 4574 2251 4629 dormire
2280 4575 2625 4634 existimans.
2646 4573 2740 4628 ubi
2764 4583 3038 4630 mortuam
3062 4571 3339 4643 cognovit,
3358 4582 3415 4623 ut
3444 4578 3586 4632 erat,

2009 4679 2282 4724 mortuam
2324 4670 2574 4741 jumento
2596 4671 2879 4741 imposuit,
2925 4669 3259 4736 domumque
3291 4678 3434 4719 onus
3472 4676 3591 4714 om-

324 4725 545 4791 mansit,
573 4730 772 4787 diebus
794 4744 1015 4789 centum
1051 4739 1248 4808 viginti
1285 4742 1707 4804 videlicet.Post
1731 4751 1901 4804 mari-
1995 4761 2163 4815 mium
2196 4725 2613 4818 acerbissimum
2645 4725 2898 4834 erma.
2946 4763 3297 4816 Postmodnm
3326 4759 3379 4810 in
3411 4761 3595 4823 partes

323 4827 415 4873 tus
455 4835 793 4894 consurgens
832 4843 957 4881 cum
1005 4829 1222 4889 duobus
1267 4839 1459 4901 asinis,
1510 4849 1567 4894 et
1615 4857 1788 4911 puero
1831 4844 1899 4898 ad

320 4909 611 4981 conjugem
645 4916 1011 4972 rcducendam
1052 4935 1346 4993 properato
1369 4928 1502 4983 abit.
1541 4909 1710 4986 Socer
1730 4949 1900 5003 gene-

325 5015 447 5053 rum
503 5017 752 5060 amanter
776 5010 996 5079 recipit.
1032 5016 1189 5085 Apud
1231 5034 1395 5087 quem
1443 5022 1534 5076 ille
1575 5032 1689 5078 toto
1721 5026 1902 5082 triduo

392 5145 443 5177 “
489 5146 681 5202 Matth.
731 5164 878 5217 xxiv,
901 5154 992 5210 46.
1070 5156 1116 5189 ⁸⁸
1138 5159 1320 5216 Judic.
1345 5164 1503 5229 x1x,l
1538 5181 1693 5238 δαιτί.

2013 4852 2308 4908 duodecim
2341 4855 2603 4919 divisum,
2632 4857 2697 4909 ad
2729 4869 3169 4925 unamquamquc
3203 4852 3588 4941 tritumuuam

2011 4953 2217 5011 partem
2253 4944 2439 5001 mittit.
2459 4945 2653 4999 nuntio
2675 4946 2924 5014 apposito
2953 4945 3005 4998 in
3046 4946 3184 4998 hanc
3212 4938 3541 4996 sententiam
3569 4953 3586 4989 :

2008 5032 2151 5087 Num
2186 5035 2465 5104 egregium
2499 5034 2699 5090 factum
2729 5037 2822 5103 sit,
2862 5051 2958 5090 vos
2995 5035 3096 5105 ipsi
3127 5031 3494 5092 considerate,
3529 5033 3591 5081 ct

1793 5308 2067 5371 Scholia.

396 5420 417 5445 ⁶
443 5420 724 5493 Chrysost.
770 5426 907 5481 Nam
950 5440 998 5483 et
1049 5431 1307 5486 homicida
1336 5435 1569 5501 quandiu
1591 5436 1642 5487 in
1678 5437 1760 5488 ria
1795 5444 1893 5494 est.

317 5499 486 5559 potest
524 5502 729 5574 mutare
769 5500 1026 5574 animum,
1073 5512 1120 5553 et
1155 5499 1476 5574 supplirium
1526 5506 1763 5574 effugere.
1802 5505 1897 5559 Ubi

319 5569 500 5643 autem
532 5564 728 5643 judicia
775 5568 1051 5622 arbitrium
1080 5564 1319 5643 subierit,
1359 5564 1589 5640 gladius.
1625 5564 1895 5643 vrarnifex,

294 5630 631 5686 ~baralhrum
666 5634 745 5710 illi
772 5638 1062 5693 inaniinani.
1110 5640 1196 5694 Sic
1232 5630 1389 5709 plan}
1428 5651 1475 5695 et
1514 5660 1625 5708 nos,
1658 5630 1892 5711 quotidie

2003 5438 2059 5489 in
2088 5436 2184 5489 hac
2206 5439 2307 5490 vita
2324 5454 2525 5500 sumus,
2545 5439 2758 5490 unitatis
2789 5435 3017 5490 moribus
3030 5449 3136 5486 sem
3149 5436 3379 5498 pilenta:
3399 5450 3584 5504 paena;

2006 5508 2223 5559 evadere
2253 5525 2545 5582 possumus.
2583 5507 2679 5561 Ubi
2717 5508 2835 5582 hinc
2874 5508 2926 5559 in
2953 5505 3064 5559 alia
3100 5504 3195 5558 illa
3233 5506 3349 5563 loca
3382 5509 3587 5582 migra.

2006 5577 2256 5641 perimus,
2293 5578 2490 5647 {rustra
2517 5578 2944 5632 lanientabimur.
