4122 6212
575 275 687 343 ’135

1809 275 2152 336 PlllLlPPl
2195 273 2583 335 SOLlTARlI

3729 265 3834 330 736

575 386 789 444 sineete
814 383 1074 456 iudicate.
1100 383 1192 438 Sin
1217 383 1421 436 factum
1453 381 1558 436 hoc
1584 389 1776 436 contra
1803 379 2146 446 Creatorem,
2180 391 2224 446 Α
2257 379 2363 435 Sed
2405 380 2664 450 quoniam
2700 377 2930 434 tribules
2952 376 3142 434 Galaat
3181 376 3346 431 sintul
3384 377 3435 430 in
3475 374 3694 446 Maspha
3722 393 3832 432 non

573 486 632 533 et
656 474 1050 533 exsecrandum
1082 475 1258 528 scelus
1280 480 1386 536 est,
1416 471 1470 526 in
1500 487 1644 536 reos,
1676 481 1735 525 ut
1765 487 1863 541 par
1895 480 1998 536 est,
2032 471 2156 526 viu-

573 570 772 624 dicate.
813 568 889 620 Re
923 565 1160 632 cognita,
1200 565 1316 618 zelo
1348 564 1605 618 Israelita:
1630 563 2030 626 accenduntur,
2061 578 2156 618 co-

574 663 693 732 pias
715 659 1032 728 expediunt,
1071 656 1472 726 quadringenta
1501 655 1689 720 millia,
1713 670 1906 710 omnes
1931 656 2155 710 omnino

576 752 775 814 tribus,
809 758 1010 819 praeter
1054 748 1404 817 Beniamitas,
1446 763 1680 816 quorum
1723 747 2156 802 numerabantur

567 842 757 911 viginti
799 840 1044 909 quinque
1081 839 1288 904 millia;
1317 846 1373 894 et
1399 838 1734 893 Gabaonitas
1773 839 2018 906 ejusdem
2051 840 2154 894 tri-

567 933 672 986 bus
714 931 1117 1000 septingentos,
1160 930 1345 985 ethos
1375 946 1565 984 omnes
1601 930 1897 985 bellatores
1923 931 2150 1000 peritos,

565 1040 629 1078 ac
657 1023 987 1077 funditores.
1021 1025 1126 1076 Pro
1167 1037 1317 1076 more
1345 1037 1537 1076 omnes
1571 1022 1625 1075 in
1654 1022 1768 1076 Silo
1794 1024 2152 1088 conveniunt,

565 1117 735 1170 Deum
763 1115 1078 1177 consulunt,
1115 1129 1237 1184 quae
1272 1113 1447 1168 tribus
1475 1113 1618 1168 bello
1648 1131 1903 1184 praeesse,
1934 1123 1991 1170 et
2013 1131 2150 1186 pra:-

565 1208 734 1262 liandi
762 1206 978 1260 initium
1000 1206 1130 1260 dare
1170 1204 1408 1260 debeat:
1442 1222 1788 1276 responsum,
1818 1207 2014 1262 Iudam
2046 1208 2148 1263 de-

566 1298 697 1352 bere
725 1299 954 1367 primam
1003 1297 1420 1366 impressionem
1454 1296 1652 1351 facere.
1693 1296 2026 1367 Conﬂigunt,
2055 1313 2151 1353 ca—

529 1448 531 1450 .
565 1390 813 1458 duntque
846 1388 1086 1458 primunt
1136 1397 1334 1456 prater
1363 1401 1516 1456 spem
1557 1387 1625 1442 de
1657 1387 1932 1442 ultoribus
1957 1389 2150 1458 viginti

565 1480 676 1534 duo
711 1479 902 1534 millia.
945 1479 1082 1533 Tum
1131 1479 1323 1534 flentes
1362 1477 1652 1533 Conditori
1688 1480 2015 1548 supplicant.
2054 1481 2150 1534 Al-

567 1582 681 1626 tera
723 1586 862 1641 puga
916 1570 1299 1632 committitur,
1347 1569 1658 1639 iterumque
1697 1570 1886 1626 decem
1929 1582 1986 1627 et
2026 1580 2151 1627 octo

572 1660 740 1714 millia
792 1661 1147 1715 occumbunt.
1188 1661 1375 1714 Denuo
1419 1659 1738 1716 lamentatio
1774 1661 1826 1716 in
1867 1662 2004 1728 Silo,
2051 1662 2152 1718 de-

567 1768 677 1807 nuo
714 1753 1063 1822 supplicatio,
1109 1762 1166 1807 et
1197 1752 1379 1808 denuo
1411 1762 1640 1808 conatus
1690 1753 1946 1809 ﬂectendi
1979 1755 2151 1810 Deum

567 1859 666 1913 per
713 1843 984 1909 victimas,
1040 1855 1096 1898 et
1139 1843 1417 1898 fructuum
1465 1844 1696 1910 oblatio,
1751 1853 1808 1900 et
1862 1847 2150 1915 sacrificia,

563 1942 619 1987 et
664 1933 971 1990 oblationes
995 1935 1385 2005 acceptabiles.
1423 1935 1657 1991 Phinees
1697 1935 1842 1992 ﬁlius
1876 1937 2146 2002 Eleazari,

562 2039 734 2094 nepos
780 2025 1016 2081 Aaronis
1061 2027 1223 2096 primi
1275 2027 1600 2102 sacerdotis,
1657 2043 1811 2084 sacra
1857 2045 2148 2100 peragens,

564 2117 872 2172 istiusmodi
922 2133 1087 2174 voces
1128 2118 1487 2174 effundebat:
1527 2137 1544 2170 ‹
1586 2119 1872 2185 Quomodo
1888 2117 2049 2176 nobis
2072 2119 2152 2174 sic

568 2211 739 2264 iratus
771 2209 872 2265 es?
917 2209 1000 2264 En
1051 2210 1294 2266 secunda
1345 2210 1530 2266 clades
1578 2211 1751 2280 prima
1783 2227 1936 2282 paene
1980 2211 2153 2282 major

562 2299 782 2356 accidit.
837 2301 971 2356 Nam
1023 2317 1149 2358 cum
1207 2302 1528 2358 arderemus
1575 2302 1766 2357 ulcisci
1809 2303 2026 2372 impios,
2083 2300 2151 2356 ab

565 2392 700 2457 illis,
756 2393 944 2447 nescio
982 2393 1258 2462 quomodo
1289 2393 1488 2448 iterum
1535 2394 1662 2449 victi
1703 2409 1914 2450 sumus.
1947 2394 2151 2450 Verum

563 2498 684 2553 age,
718 2499 864 2538 stunc
897 2483 1048 2547 audi,
1070 2493 1126 2540 et
1153 2484 1340 2540 sulliee
1367 2485 1524 2540 nobis
1548 2485 1738 2539 robur.
1767 2503 1784 2536 ι
1813 2483 2152 2555 Obsequitur

567 2589 760 2628 eorum
815 2575 1082 2629 voluntati
1133 2575 1298 2641 Deus,
1355 2583 1411 2630 et
1453 2575 1740 2631 victoriam
1789 2576 2001 2642 tribuit,
2052 2575 2150 2648 qui

573 2683 592 2716 ι
641 2664 976 2720 voluntatem
1010 2664 1320 2722 timentium
1352 2682 1410 2722 se
1434 2665 1566 2722 facit
1595 2667 1660 2723 “.
1720 2685 1738 2718 t
1777 2667 2010 2724 Insidias
2033 2667 2148 2724 cir-

562 2770 689 2808 cum
730 2755 919 2810 urbem
961 2755 1166 2821 locant,
1200 2757 1465 2827 plurimos
1498 2759 1652 2828 ignes
1673 2759 2006 2824 accendunt,
2036 2761 2153 2830 ple~

567 2843 655 2897 nis
681 2843 993 2914 agminibus
1039 2849 1421 2916 procedentes,
1466 2849 1770 2918 Oppidanos
1813 2848 1882 2903 ad
1914 2866 2151 2920 pugnam

562 2935 726 2988 etiam
749 2934 971 2990 tertium
994 2935 1242 3001 eliciunt,
1292 2951 1630 3006 manumque
1649 2937 1914 2993 acerrime
1953 2953 2151 2996 conse-

2259 473 2642 538 ascenderant,
2675 470 2864 525 datum
2903 470 3166 525 adversus
3199 469 3532 538 Beniamitas
3555 469 3836 540 iusiuran-

2258 561 2387 616 dum
2413 564 2773 633 negligentes,
2801 561 2990 616 decem
3017 561 3184 614 millia
3205 569 3397 615 contra
3425 575 3521 614 eos
3549 561 3832 628 miserunt,

2259 662 2317 707 ut
2345 663 2601 723 tanquam
2649 654 2900 724 perjuros
2929 667 3118 706 omnes
3166 651 3524 706 occiderent:
3563 653 3707 708 solas
3735 670 3833 707 au-

2256 752 2364 799 tem
2407 746 2647 816 virgines
2687 751 3050 800 reservarem.
3079 743 3276 798 Editur
3336 743 3591 797 mandata
3639 745 3834 810 caules,

2255 845 2311 892 et
2349 839 2540 907 puellm
2569 837 2676 892 illis
2713 845 3020 901 servantur,
3069 850 3262 890 omnes
3309 849 3540 888 numero
3573 834 3838 902 quadrin-

2254 938 2452 1000 gentm,
2507 945 2644 999 quas
2679 929 2886 984 foedere
2926 931 3070 984 facto
3100 927 3417 998 Beniatnitis
3449 937 3682 996 nuptunt
3727 935 3842 980 tra-

2254 1021 2414 1076 duttt.
2445 1021 2582 1088 Quia
2613 1036 2742 1076 vero
2775 1021 2999 1077 ducenti
3020 1022 3138 1076 sine
3167 1020 3432 1074 uxoribus
3461 1019 3742 1074 restabant
3773 1020 3844 1074 de

2255 1114 2364 1168 illis
2411 1115 2784 1168 lsraelitarnm
2835 1129 2866 1168 a
2911 1111 3213 1184 majoribus
3263 1120 3418 1175 natu,
3462 1111 3664 1180 quibus
3708 1126 3844 1166 cura

2253 1213 2372 1260 erat
2416 1205 2619 1259 tribum
2652 1205 3063 1278 Beniamilieam
3096 1205 3162 1259 ad
3211 1213 3438 1259 cteteras
3486 1219 3842 1272 recuperare,

2255 1297 2472 1352 tametsi
2523 1299 2845 1369 iuraverant
2885 1297 3075 1368 generi
3121 1297 3200 1351 illi
3248 1311 3356 1351 non
3399 1309 3682 1365 parsuros,
3732 1293 3842 1348 alia

2253 1389 2550 1460 suscipitur
2595 1389 2875 1460 cogitatio.
2908 1389 3202 1444 lnveniunt
3234 1386 3481 1446 modum.
3511 1401 3620 1455 quo
3669 1385 3840 1439 etiam

2253 1478 2311 1533 bi
2347 1493 2545 1532 uxores
2579 1477 2976 1548 adipiscantur.
3020 1477 3280 1533 Mandant
3318 1476 3550 1546 proinde
3586 1475 3715 1540 illis,
3752 1491 3845 1529 so-

2255 1569 2435 1623 lemne
2467 1569 2906 1626 anniversarium
2931 1568 3052 1624 fore
3087 1569 3142 1623 in
3177 1569 3314 1631 Silo,
3349 1581 3417 1621 eo
3443 1567 3842 1630 accelerarent,

2253 1668 2418 1730 atque
2453 1661 2595 1714 intra
2635 1669 2787 1730 septa
2823 1660 3109 1716 vinearum
3153 1659 3416 1715 insidiose
3441 1659 3698 1720 latentes,
3731 1659 3845 1711 vir-

2253 1755 2410 1822 gines
2453 1753 2737 1825 indigenas
2775 1754 2844 1809 ad
2893 1754 3094 1811 choros
3143 1753 3428 1809 ducendos
3477 1752 3846 1823 procedentes

2256 1856 2534 1915 raperent,
2573 1861 2678 1902 nec
2729 1845 2939 1916 plures,
2978 1862 3141 1918 quam
3191 1861 3292 1916 pro
3344 1860 3575 1900 numero
3619 1860 3742 1910 suo,
3787 1846 3845 1901 id

2252 1946 2358 2000 est,
2407 1937 2696 2004 ducentas,
2750 1947 3045 2008 raptasque
3095 1937 3321 1992 domum
3367 1937 3657 2000 ducerent,
3693 1948 3750 1993 et
3784 1937 3842 1992 in

2253 2030 2604 2084 matrintonio
2633 2029 2738 2084 sibi
2771 2029 3059 2084 haberent.
3114 2029 3169 2084 Si
3202 2044 3395 2084 eorum
3437 2029 3712 2098 cognatio,
3743 2044 3845 2097 pa-

2253 2129 2383 2186 tres,
2415 2120 2634 2183 fratres,
2659 2121 2956 2192 propinqui
2983 2131 3040 2177 et
3069 2122 3231 2176 amici
3256 2120 3405 2175 hunc
3428 2131 3644 2190 raptum
3673 2133 3842 2175 aecn-

2253 2223 2432 2269 satutn
2470 2215 2741 2279 venerint,
2784 2214 3032 2270 dicturos
3092 2229 3201 2268 non
3263 2213 3466 2268 habere
3500 2227 3559 2267 se
3594 2212 3727 2282 quid
3757 2211 3843 2266 fa-

2254 2303 2403 2358 ciant
2445 2321 2458 2358 :
2492 2319 2592 2358 cur
2665 2305 2985 2375 rogantibus
3027 2319 3137 2358 non
3199 2301 3495 2358 dederint?
3538 2301 3842 2372 legitimam

2254 2396 2616 2451 nihilominus
2684 2395 3047 2461 afﬁnitatem,
3111 2394 3437 2450 necessitate
3497 2393 3843 2463 probandam

2253 2503 2396 2544 esse.
2423 2487 2773 2543 Metuendum
2805 2488 2978 2551 enim,
3002 2503 3072 2542 ne
3107 2486 3319 2552 miseri,
3355 2497 3566 2540 natura:
3597 2486 3844 2542 stimulis

2252 2579 2487 2642 subacti,
2551 2579 2773 2635 aliunde
2822 2579 2928 2634 sibi
2975 2593 3214 2642 uxores,
3251 2593 3318 2633 ex
3378 2578 3741 2647 alienigenis.
3782 2586 3845 2633 et

2254 2670 2655 2726 incireutncisis
2688 2671 2979 2740 qua-situm
3021 2681 3167 2725 eant.
3210 2669 3304 2724 llis
3357 2669 3522 2725 dictis
3561 2686 3590 2724 a
3622 2670 3834 2741 primo-

2251 2760 2416 2817 ribus
2471 2763 2692 2832 populi,
2741 2763 2909 2819 verba
2949 2763 3255 2818 secundum
3299 2764 3726 2834 praeceptionem
3769 2765 3841 2820 ad

2254 2867 2368 2908 rem
2430 2852 2814 2923 conferuntur,
2867 2855 3198 2925 rapiuntque
3238 2853 3342 2910 sibi
3398 2871 3467 2911 ex
3525 2854 3643 2912 Silo
3706 2872 3844 2912 uxoo

2254 2959 2362 3009 res,
2414 2944 2574 2998 tertia
2608 2959 2755 3014 pars,
2791 2945 3039 3016 inquam,
3071 2962 3264 3002 eorum
3295 2947 3392 3016 qui
3430 2949 3595 3016 stragi
3645 2965 3845 3018 super-

563 3033 726 3129 runt;
770 3040 962 3080 omnes
1017 3025 1348 3096 Beniamitaa,
1393 3026 1636 3129 quinque
1685 3035 1743 3082 et
1790 3028 1983 3129 viginti
2025 3029 2150 3085 mil-
2178 3071 2221 3129 ο
2255 3034 2492 3098 fuerant,
2545 3041 2854 3107 iterumque
2891 3037 3309 3108 Beniamitieum
3358 3055 3533 3109 genus
3563 3040 3844 3095 instaura-

564 3111 659 3176 lia,
717 3121 774 3168 et
862 3124 1082 3169 centum
1151 3125 1415 3184 pra:terea
1488 3114 1636 3170 ferro
1714 3116 2150 3176 conficiuntur'.

567 3200 832 3258 Undecim
863 3214 1046 3259 autem
1077 3205 1322 3260 tribuum
1361 3203 1722 3276 quadraginta
1753 3207 1944 3263 millia.

637 3293 931 3365 Postquam
958 3305 1139 3350 autem
1190 3311 1382 3351 omnes
1410 3296 1477 3351 de
1513 3296 1657 3352 tribu
1685 3297 2058 3370 Beniamitica,
2091 3307 2153 3354 ut

563 3384 809 3440 breviter
862 3385 1041 3441 dicant
1068 3427 1083 3450 ,
1130 3402 1256 3443 cum
1303 3387 1630 3458 coniugibus
1679 3398 1736 3446 et
1765 3390 1958 3446 liberis
2004 3390 2150 3447 bello

563 3478 840 3548 absumpti
875 3489 1022 3544 sunt,
1064 3487 1122 3534 et
1155 3481 1397 3537 sexcenti
1439 3483 1706 3538 duntaxat
1729 3483 1929 3548 relicti,
1973 3483 2029 3538 in
2053 3499 2150 3554 pe-

565 3580 704 3625 tram
735 3569 1025 3625 Rhemnon
1058 3571 1447 3643 confugerunt,
1475 3574 1661 3644 ibique
1696 3582 1840 3630 totos
1867 3590 1962 3630 sex
1995 3590 2151 3629 men-

564 3679 654 3718 ses
703 3666 1025 3720 commorati
1065 3675 1214 3735 sunt,
1244 3667 1501 3724 undecim
1530 3669 1708 3725 tribus
1743 3670 1799 3724 in
1827 3669 2050 3739 Maspba
2088 3685 2150 3726 se

563 3753 940 3823 conferentes,
988 3765 1046 3814 et
1092 3759 1526 3815 internecionem
1558 3761 1778 3831 generis
1821 3760 1907 3815 sui
1941 3775 2150 3831 magna:

562 3845 860 3920 calamitati
903 3849 1191 3916 ducentes,
1239 3850 1477 3921 primum
1524 3867 1687 3906 unam
1722 3852 1926 3907 tribum
1951 3852 2150 3923 Benia-

565 3938 804 3993 mitieam
832 3941 1065 4007 scilicet,
1107 3957 1174 3997 ex
1203 3943 1437 3997 aliarum
1470 3957 1701 3997 numero
1727 3942 1965 3998 deletam
1999 3942 2151 3997 luxe-

564 4037 716 4087 runt.
746 4029 1113 4087 Nihilominus
1145 4033 1326 4088 adhuc
1355 4031 1548 4088 iisdem
1583 4032 1712 4087 irati
1746 4035 2150 4104 coniurant,'et

565 4120 714 4176 inter
743 4137 801 4177 se
839 4133 1060 4192 pactum
1094 4123 1306 4190 ineunt,
1335 4122 1414 4178 uti
1440 4123 1718 4179 neminem
1749 4122 2145 4195 ﬂagitiosorum

565 4211 787 4266 illorum
835 4215 931 4283 qui
979 4216 1034 4269 in
1078 4215 1362 4271 Rbemnon
1413 4213 1813 4286 confugissent,
1871 4215 2146 4287 quispiam

570 4303 675 4357 sibi
701 4319 962 4372 generum
992 4306 1174 4363 facere
1194 4308 1511 4363 sustineret.
1537 4305 1674 4364 Cum
1705 4321 1870 4378 porro
1897 4307 2146 4363 solemne

565 4393 766 4448 festum
800 4397 855 4451 in
890 4397 1003 4453 Silo
1035 4399 1370 4465 advenisset,
1401 4401 1468 4456 ad
1494 4399 1643 4470 quod
1679 4413 1872 4454 omnes
1900 4399 2144 4470 undique
2179 4418 2223 4474 ι)
2253 4411 2380 4455 ante
2448 4417 2734 4472 vesperam
2789 4403 3013 4460 domum
3080 4421 3235 4461 suam
3301 4409 3618 4463 revertisset

561 4488 843 4542 ascensuri
880 4501 1087 4557 essent,
1137 4501 1195 4547 et
1233 4491 1353 4562 lege
1400 4491 1571 4547 veteri
1620 4490 2144 4546 Judteorummemo

563 4577 756 4632 abesse
777 4578 848 4634 ab
875 4597 939 4636 ea
957 4584 1272 4638 celebritate
1296 4591 1501 4652 posset,
1527 4595 1745 4637 rursum
1764 4597 1861 4638 eos
1878 4583 1973 4654 qui
1992 4582 2146 4654 prius

562 4672 1014 4742 coniuraverant,
1048 4683 1108 4730 ut
1143 4689 1269 4729 cum
1302 4675 1455 4730 nullo
1490 4689 1731 4745 unquam
1762 4674 1982 4730 illorum
2023 4688 2146 4730 sex-

563 4775 851 4822 centorum
872 4767 1191 4823 aﬂinitatem
1218 4767 1614 4840 coniungerent
1636 4766 1923 4840 ptenitudo
1951 4766 2143 4824 subiit.

540 4947 552 4985 ι
639 4905 686 4938 ⁸⁸
710 4905 851 4960 Psal.
872 4920 1048 4971 chtv,
1069 4905 1155 4962 i9.

2257 3131 2393 3186 tum,
2423 3133 2479 3179 et
2505 3124 2572 3180 de
2600 3126 2814 3196 integro
2833 3144 2900 3183 ex
2928 3128 3203 3184 sexcentis
3229 3129 3337 3184 illis
3357 3139 3578 3184 auctum
3601 3141 3708 3194 est,
3740 3131 3838 3186 tibi

2253 3231 2451 3271 uxores
2480 3216 2686 3287 adepti,
2721 3228 2779 3273 ut
2806 3218 3014 3274 dictum
3059 3230 3163 3286 est,
3190 3219 3384 3275 liberis
3411 3237 3634 3291 operam
3666 3223 3840 3280 dede-

2255 3317 2408 3373 runt,
2446 3309 2725 3378 urbesque
2751 3317 2808 3364 et
2833 3311 3056 3366 castella
3079 3312 3248 3366 multa
3273 3322 3726 3369 construxerunt.

2325 3399 2458 3454 Rem
2493 3409 2699 3471 gestam
2732 3400 2830 3456 tibi
2866 3409 3033 3456 totam
3070 3405 3325 3474 exposui,
3365 3415 3422 3460 et
3445 3406 3840 3473 demonstravi,

2250 3499 2515 3559 quantum
2561 3491 2634 3546 sit
2665 3491 2718 3546 in
2747 3508 2815 3548 eo
2855 3495 3006 3558 mali,
3044 3495 3088 3550 si
3113 3497 3254 3566 {quis
3293 3499 3440 3568 quod
3487 3500 3543 3553 in
3584 3501 3844 3555 manibus

2252 3581 2439 3646 habet,
2488 3584 2730 3652 segniter
2771 3593 2986 3642 tractet.
3036 3586 3201 3643 Vides
3252 3590 3400 3645 enim
3437 3601 3521 3646 ter
3563 3591 3838 3648 infelicem

2253 3671 2405 3725 illum
2453 3673 2756 3738 viatorem,
2809 3676 2864 3731 in
2912 3687 3050 3748 quot
3095 3679 3442 3736 incommoda
3493 3698 3559 3738 ex
3605 3683 3838 3752 segnitie

2250 3763 2576 3830 incurrerit,
2607 3767 2809 3822 amissa
2847 3784 3042 3832 uxore,
3082 3779 3260 3826 morte
3303 3773 3702 3843 indignissima,
3745 3791 3840 3829 ex-

2251 3854 2531 3926 citataque
2561 3857 2705 3912 inter
2730 3857 2908 3914 tribus
2933 3859 3062 3916 belli
3089 3862 3345 3918 incendio
3373 3865 3608 3920 exitiali.
3631 3868 3671 3920 A
3696 3866 3840 3921 scin-

2252 3948 2366 4002 tilla
2408 3951 2594 4020 coepit,
2632 3951 2774 4006 etin
2825 3952 3002 4008 facem
3036 3956 3303 4021 excrevit,
3350 3966 3634 4028 totumque
3666 3974 3838 4028 genus

2250 4037 2404 4093 arsit.
2459 4037 2648 4094 Mutuo
2684 4041 2834 4095 enim
2879 4039 2934 4095 in
2975 4057 3035 4098 se
3090 4043 3464 4111 insanientes,
3512 4055 3570 4101 et
3613 4036 3839 4102 ruentes

2251 4135 2443 4182 mutuo
2493 4129 2858 4186 trucidarunt.
2915 4130 3023 4187 Sed
3077 4132 3185 4188 ltoc
3245 4133 3460 4190 facinus
3516 4138 3572 4206 (ο
3621 4137 3833 4192 cladem

2249 4217 2606 4289 insperatam)
2641 4221 2808 4278 unius
2850 4222 3092 4278 hominis
3120 4223 3333 4278 desidia
3360 4240 3426 4280 ac
3471 4227 3722 4282 remissio
3753 4229 3837 4281 in-

2256 4309 2421 4366 vexit.
2452 4309 2506 4364 Si
2538 4311 2687 4367 enim
2716 4312 2848 4368 hora
2887 4314 3044 4369 tertia
3072 4315 3336 4370 voluisset
3375 4317 3560 4372 itineri
3587 4333 3646 4372 se
3682 4317 3836 4381 dare,

3667 4425 3840 4464 :nec

2258 4492 2505 4549 cedendo
2563 4496 2743 4551 soceri
2798 4498 3090 4567 precibus,
3135 4507 3191 4554 et
3221 4515 3437 4570 semper
3501 4501 3840 4558 remanendo

2254 4591 2466 4639 tantum
2503 4588 2716 4642 malum
2762 4599 2818 4644 et
2862 4604 3054 4660 passus
3095 4590 3309 4652 fuisset,
3337 4602 3395 4646 et
3428 4592 3551 4648 aliis
3587 4595 3830 4649 creavis~

2251 4685 2356 4742 set,
2388 4677 2493 4733 sibi
2538 4679 2799 4749 primum,
2831 4680 3068 4737 subinde
3113 4683 3390 4746 tribubus,
3424 4692 3480 4739 et
3509 4683 3826 4755 Beniantitis

2252 4776 2488 4827 maxime

2033 5049 2313 5112 Scholia.

641 5171 939 5226 'lsidorus.
973 5170 1074 5236 Qui
1098 5173 1236 5226 enim
1271 5173 1597 5240 gravioribus
1627 5181 1778 5226 erant
1803 5173 2008 5226 astricti
2027 5189 2142 5227 sce-

564 5243 776 5314 leribus,
799 5249 849 5314 et
889 5240 1039 5311 longe
1068 5244 1354 5312 majoribus
1385 5260 1444 5296 eo
1474 5243 1611 5314 quod
1635 5253 1903 5312 patratum
1925 5254 2061 5305 erat,
2088 5251 2144 5296 ut

564 5312 686 5367 nari
711 5329 773 5365 ac
801 5313 1101 5365 innocentes
1126 5315 1196 5366 ad
1221 5314 1414 5368 caulem
1444 5312 1675 5382 fratrum
1706 5330 1923 5366 suorum
1957 5331 2146 5367 ascen-

562 5383 756 5453 debant
786 5384 1079 5453 unanimes.
1109 5383 1630 5453 Verunte.t:perientia
1654 5383 1944 5436 didicerunt
1975 5383 2144 5437 illud:

571 5468 591 5500 ε
638 5451 948 5524 Hypocrita,
997 5453 1121 5522 ejice
1165 5451 1393 5524 primum
1433 5454 1633 5506 trabem
1665 5455 1727 5506 de
1757 5453 1905 5506 oculo
1944 5465 2054 5516 tuo,
2098 5461 2147 5506 et

564 5528 689 5594 tunc
719 5523 1000 5594 perspicies
1028 5534 1080 5575 ut
1109 5523 1296 5578 educas
1317 5529 1572 5594 [cstucam
1599 5524 1662 5576 de
1681 5524 1834 5577 oculo
1859 5525 2040 5594 fratris
2072 5525 2149 5577 tui

568 5587 787 5654 (Matth.
825 5587 922 5656 vlt,
959 5593 1034 5659 5).
1083 5613 1100 5645 t
1154 5595 1289 5649 Nam
1317 5587 1553 5648 undecim
1599 5595 1764 5648 tribus
1788 5587 1909 5647 cuiu
1957 5612 1988 5647 a
2041 5594 2149 5646 Deo

566 5659 922 5730 descivissent,
961 5674 1143 5720 etcum
1195 5666 1349 5719 idolis
1390 5665 1668 5734 fornicata:
1721 5674 1909 5729 essent,
1942 5669 2004 5718 ab
2041 5682 2148 5718 una

2251 5175 2389 5228 tribu
2409 5171 2622 5225 devicta:
2635 5179 2780 5235 sunt,
2802 5169 3064 5242 simulque
3087 5172 3304 5227 victores
3327 5174 3564 5242 funditas
3591 5183 3834 5235 exstincti

2288 5245 2542 5296 erierunt.

2251 5263 2687 5385 Ρεῖἶέὲἷιγῗῇεοβῑ.
2742 5308 2944 5385 Prioris
2994 5313 3132 5385 enim
3184 5311 3468 5385 delictum,
3524 5318 3832 5385 posterioris

2254 5383 2430 5436 cautio
2461 5379 2543 5448 ﬁt,
2583 5381 2628 5434 si
2667 5381 3025 5455 attendamus.
3075 5379 3265 5455 .Yonne
3303 5384 3466 5455 vides,
3493 5379 3753 5455 quomodo
3781 5399 3831 5441 et

2253 5461 2472 5513 matres,
2521 5465 2639 5502 cum
2687 5448 2888 5522 ﬁliolus
2916 5451 3214 5513 praecedens
3245 5451 3422 5521 lapsus
3446 5448 3623 5522 fuerit,
3643 5459 3690 5510 si
3710 5459 3835 5510 sab-

2253 5535 2472 5588 sequens
2503 5535 2709 5589 quoque
2743 5517 2976 5590 labatur.
3013 5521 3200 5574 durius
3235 5517 3355 5576 eum
3383 5517 3679 5590 verberant,
3705 5529 3828 5580 sab-

2247 5592 2492 5662 jicientes
2517 5588 2542 5642 7:
2561 5606 2664 5642 non
2699 5588 2905 5643 videbas
2932 5590 3082 5662 illum
3109 5599 3163 5662 te
3183 5593 3570 5648 antecedentem
3603 5588 3833 5650 cadere?

2253 5659 2512 5732 quomodo
2543 5670 2596 5714 tu
2623 5675 2826 5732 quoque
2859 5660 3120 5715 cecidisti?
3145 5677 3249 5716 non
3293 5663 3509 5718 uidisti?
3531 5682 3636 5721 non
3669 5665 3828 5720 habes
