4130 6202
338 340 449 405 737

1804 327 2161 391 DIOPTRA.

3510 330 3621 392 738

409 455 688 512 Numerus
704 449 954 506 omnium
977 447 1032 503 in
1050 446 1158 502 hoc
1172 445 1320 503 bello
1350 461 1640 510 catsorum,
1661 461 1728 502 ex
1753 447 1924 501 unde-
1950 447 2004 510 Α
2029 446 2154 515 γῆς,
2182 461 2214 498 a
2255 451 2398 496 terra
2423 449 2518 497 :et
2549 455 2753 512 corpus
2803 439 2968 497 simul
3006 440 3178 512 magis
3215 441 3493 514 magisque
3538 445 3623 500 in.

339 549 450 604 cim
494 544 719 616 quidem
773 541 1032 598 tribubus
1074 539 1438 610 quadraginta
1485 538 1679 602 millia,
1728 547 1930 608 praeter

338 641 496 696 viros
522 637 687 694 labes
713 632 944 690 Galaad.
977 633 1055 686 Ex
1082 634 1196 686 sola
1229 640 1414 686 autem
1452 630 1599 684 tribu
1625 629 1930 699 Benjamin,

342 733 474 789 mali
508 727 834 784 auctoribus
857 765 870 788 ,
901 724 1151 794 exceptis
1200 723 1528 779 mulieribus
1548 764 1563 788 ,
1591 722 1844 785 ancillis,
1877 731 1934 777 et

343 821 532 893 pueris
557 861 572 884 ,
616 815 812 888 viginti
855 815 1102 885 quinque
1146 813 1337 879 millia,
1375 822 1430 867 et
1466 822 1710 868 centum.
1751 810 1934 866 Usita-

345 925 462 969 tum
508 921 594 968 est
637 910 786 966 enim
833 907 1088 978 inprimis
1130 905 1427 975 Scriptum
1487 905 1700 961 Veteris
1742 901 1936 958 Testa-

347 1005 543 1067 menti,
589 1004 648 1058 in
681 997 1106 1058 enumeratione
1151 997 1371 1069 generis
1400 1005 1457 1051 et
1491 995 1825 1068 genealogus
1854 993 1937 1048 vi-

347 1115 442 1156 ros
471 1094 878 1158 tantummodo,
907 1108 1021 1148 non
1064 1092 1231 1148 etiam
1281 1091 1536 1156 feminas,
1573 1105 1684 1144 non
1733 1104 1937 1160 pueros

348 1203 450 1243 seu
476 1201 661 1240 mares
683 1199 780 1240 seu
810 1182 1058 1238 femellas
1089 1196 1397 1237 recensere.
1423 1180 1586 1236 Viros
1615 1180 1782 1252 igitur
1815 1180 1938 1234 illos

349 1277 792 1340 connumeravit,
818 1274 910 1345 qui
939 1273 1229 1329 manifeste
1262 1274 1319 1330 in
1352 1273 1489 1329 viris
1521 1280 1828 1345 ponuntur.

960 1407 1188 1465 CAPUT
1227 1407 1297 1464 X.

350 1481 613 1545 Remissa,
644 1489 694 1534 et
735 1481 789 1534 in
833 1482 1060 1550 peccatis
1103 1482 1268 1533 vitam
1300 1479 1565 1548 agitantes
1599 1495 1642 1550 e_
1656 1478 1806 1533 rebus
1837 1481 1940 1550 Itu-

431 1555 608 1606 manis
655 1547 861 1604 duriter
906 1548 1265 1620 violenterque
1303 1547 1570 1604 ea‘cedere.
1605 1547 1765 1604 Secus
1800 1549 1941 1603 acci-

423 1622 549 1674 dere
589 1623 675 1684 iis,
728 1623 818 1690 qui
875 1620 945 1673 ad
1000 1636 1235 1688 superna
1288 1622 1467 1690 animo
1521 1628 1570 1672 et
1623 1620 1942 1688 cogitatione

425 1691 680 1755 conversi,
706 1691 911 1744 vivendi
941 1691 1173 1743 rationes
1210 1690 1266 1743 in
1295 1689 1484 1742 melius
1513 1696 1868 1744 commutant.

2037 545 2390 590 curvescens,
2433 529 2488 583 in
2535 529 2764 584 senibus
2821 530 3038 584 termini
3094 531 3440 588 adventantis
3479 533 3626 590 indi-

2035 623 2181 678 cium
2215 631 2320 678 est.
2349 622 2417 676 Et
2442 621 2667 692 quidem
2699 623 2755 676 in
2789 621 3016 676 humum
3051 624 3197 678 unde
3233 633 3656 694 processerunt

2037 714 2440 785 proclinantur,
2489 729 2654 784 quam
2703 725 2760 768 et
2801 721 3059 784 tanquam
3095 715 3278 770 sinum
3312 727 3622 772 maternum

2046 806 2232 861 subire
2280 805 2545 859 festinant
2579 822 2594 858 :
2623 813 2679 860 et
2720 805 2806 859 lex
2843 806 3004 860 nobis
3049 807 3156 862 lata
3197 816 3393 872 exstat,
3438 820 3496 863 ut
3529 811 3624 879 qui

2039 897 2107 953 de
2145 905 2290 952 terra
2334 905 2496 957 sunt,
2528 896 2583 949 in
2630 904 2830 951 terram
2879 900 3322 953 revertantur".
3355 901 3623 956 Praeterea

2041 987 2188 1058 quod
2253 987 2495 1041 senescit
2552 996 2610 1040 et
2668 987 3050 1053 inveterascit,
3113 1005 3284 1058 prope
3335 990 3622 1045 interitum

2040 1080 2194 1134 aiunt
2223 1093 2368 1139 esse,
2410 1076 2782 1146 quodcunque
2817 1077 2948 1132 illud
2997 1087 3102 1132 est.
3133 1079 3421 1144 Quomodo
3456 1082 3626 1152 igitur

2042 1169 2208 1225 etiam
2243 1183 2414 1222 senex
2457 1167 2829 1223 deterioribus
2863 1169 3119 1234 inhaeres,
3151 1187 3332 1240 neque
3380 1172 3625 1241 prophe-

2043 1271 2156 1316 tam
2186 1261 2340 1315 illum
2374 1261 2705 1316 clamantem
2745 1262 2904 1316 audis
2935 1278 2950 1315 :
2984 1281 3001 1314 t
3036 1263 3127 1318 Va:
3154 1264 3247 1334 qui
3275 1265 3493 1321 trahitis
3521 1266 3627 1320 ini-

2042 1353 2307 1424 quitatem
2348 1352 2402 1406 in
2438 1353 2701 1407 funiculis
2735 1353 3014 1418 vanitatis,
3051 1364 3106 1410 ct
3154 1357 3313 1426 quasi
3345 1357 3626 1412 vinculum

2041 1444 2270 1514 plaustri
2297 1451 2581 1512 peccatum
2615 1444 2684 1497 ⁸³.
2711 1443 2864 1497 Eheu
2889 1447 2926 1462 "
2949 1445 2964 1497 l

2113 1533 2170 1588 ln
2199 1548 2490 1602 quemnam
2520 1531 2686 1586 alium
2707 1532 2912 1601 potius,
2936 1547 3098 1600 quam
3129 1531 3182 1585 in
3203 1548 3304 1587 nos
3331 1535 3474 1588 istuc
3499 1549 3624 1587 con-

2041 1623 2226 1680 venit?
2268 1622 2426 1690 Quod
2462 1624 2510 1678 si
2546 1638 2808 1693 peccans,
2850 1632 3012 1693 putas
3045 1623 3278 1678 fortasse
3327 1634 3380 1678 te
3410 1624 3627 1678 divinas

2045 1729 2262 1779 manus,
2290 1724 2349 1768 et
2389 1714 2574 1768 faecem
2611 1714 2709 1767 ira:
2746 1713 2867 1782 ejus
2911 1713 2965 1766 in
3006 1720 3255 1766 extremo
3297 1727 3454 1782 posse
3483 1712 3626 1768 effu-

426 1803 798 1872 Quamobrem
852 1803 898 1859 si
946 1819 1033 1858 me
1081 1803 1270 1870 audis,
1320 1805 1640 1875 neutiquam
1694 1805 1940 1869 dill‘eres,
1969 1787 2019 1848 Β
2046 1822 2198 1879 gere,
2231 1815 2288 1860 et
2316 1805 2387 1860 ob
2429 1805 2572 1860 hanc
2602 1819 2825 1860 causam
2866 1803 3059 1874 ignava
3095 1819 3156 1858 es
3193 1819 3255 1858 ac
3293 1813 3498 1874 torpes,
3530 1804 3624 1874 qui

354 1895 822 1969 quemadmodum
855 1895 1065 1960 Levita,
1093 1896 1412 1966 neutiquam
1446 1897 1539 1951 tali
1572 1897 1941 1966 procrastina-

353 1991 504 2045 tione
540 1999 716 2044 utere.
752 1989 886 2043 Nam
919 1989 963 2043 si
994 1989 1140 2044 diem
1161 2005 1230 2044 ex
1258 1989 1348 2044 die
1376 1991 1664 2055 ducamus,
1697 2006 1942 2060 semper-

358 2097 468 2152 que
501 2081 806 2135 crastinum
844 2080 1046 2136 frustra
1089 2093 1507 2152 exspectemus;
1547 2082 1808 2151 quoniam
1853 2081 1942 2136 di-

352 2172 500 2228 versi
550 2187 713 2228 casus
757 2173 926 2228 vitam
977 2182 1227 2228 nostram
1283 2174 1668 2240 circumstant,
1714 2184 1942 2244 repente

354 2263 571 2320 securis
613 2264 746 2318 lethi
788 2275 1120 2335 apponetur,
1146 2274 1203 2320 et
1241 2265 1497 2319 arborem
1531 2275 1591 2320 ut
1635 2265 1943 2320 infructuo-

357 2369 477 2408 sam
513 2352 779 2408 radicitus
829 2353 1171 2424 amputabit;
1224 2364 1582 2423 nostramque
1628 2355 1941 2426 colligatio-

358 2460 486 2500 nem
520 2453 647 2500 ante
691 2453 905 2516 tempus
935 2443 1222 2512 dissolvet,
1263 2454 1324 2499 ut
1360 2447 1648 2518 conjugem
1689 2463 1718 2500 a
1751 2446 1942 2502 Levita

357 2535 649 2600 abstraxit,
679 2545 736 2591 et
766 2537 823 2591 in
857 2551 1039 2608 pugna
1081 2537 1328 2591 tribuum
1377 2546 1458 2593 tot
1491 2539 1660 2592 millia
1693 2547 1942 2609 prostra-

357 2627 460 2682 vit.
491 2627 817 2698 Quanquam
862 2627 952 2681 illa
1001 2643 1316 2698 corporum,
1348 2631 1623 2698 separatio
1668 2628 1794 2696 fuit,
1841 2645 1943 2685 nec

359 2721 588 2792 spiritus
633 2722 898 2777 animusve
949 2721 1260 2791 periculum
1309 2721 1521 2776 habuit.
1567 2722 1633 2776 Et
1679 2722 1939 2792 quoniam

359 2812 545 2868 anima
566 2813 705 2868 mori
732 2827 844 2867 non
871 2820 1073 2884 potest,
1100 2813 1433 2884 supplicium
1464 2813 1772 2868 immortale
1800 2813 1939 2878 luet,

358 2904 405 2958 si
442 2921 552 2960 non
588 2921 699 2974 quo
729 2914 873 2959 statu
905 2905 1070 2960 debet
1101 2921 1132 2960 e
1165 2921 1400 2978 corpore
1432 2907 1806 2977 emigraverit.
1841 2906 1943 2962 Ju-

360 2994 568 3050 dicium
601 2997 824 3067 plenum
855 3006 942 3052 est
985 2997 1256 3060 horroris.
1290 3013 1508 3068 pinnam
1539 2999 1665 3069 quis
1699 2999 1941 3055 sustine-

360 3085 444 3142 bit
478 3088 539 3142 ’Ἰ

437 3195 660 3252 Ultimis
678 3195 836 3252 horis
857 3197 1153 3262 currimus,
1186 3197 1311 3254 ﬂuis
1335 3208 1420 3256 est
1446 3200 1504 3255 in
1523 3200 1759 3269 foribus,
1789 3214 1951 3260 testas

365 3286 548 3353 adest,
587 3289 729 3344 alba:
762 3298 895 3344 sunt
922 3292 1193 3362 regiones,
1223 3292 1332 3348 falx
1381 3295 1571 3362 instat,
1605 3305 1822 3366 tempus
1865 3305 1952 3352 est

367 3378 588 3434 messis.
617 3379 742 3436 Vita
788 3391 976 3435 nostra
1020 3389 1105 3437 est
1176 3383 1513 3452 miserrima,
1547 3401 1732 3441 mores
1780 3387 1953 3444 infru-

366 3470 570 3524 ctuosi.
606 3467 798 3525 Nescis
840 3487 1006 3542 quam
1059 3488 1198 3528 vana
1249 3475 1363 3529 sint
1403 3475 1458 3529 in
1503 3477 1670 3532 rebus
1695 3477 1952 3533 humanis

365 3561 578 3616 omnia.
607 3561 861 3617 Nondum
894 3563 1037 3618 nosti
1065 3567 1295 3624 bonum.
1326 3565 1412 3620 vel
1441 3565 1558 3636 ipsa
1581 3567 1950 3625 diuturnitate

379 3656 669 3724 temporis.
699 3655 954 3711 Nondum
985 3657 1179 3713 satiata
1223 3673 1284 3713 es
1327 3658 1588 3716 videlicet
1622 3676 1809 3716 rerum
1856 3679 1954 3718 ca-

370 3739 642 3796 ducarum
683 3759 805 3799 usu.
834 3744 892 3799 Si
923 3744 1052 3801 linis
1080 3747 1206 3800 vita;
1234 3754 1319 3801 est
1350 3746 1619 3815 incertus,
1669 3750 1724 3804 in
1761 3751 1954 3805 adole-

368 3831 654 3889 scentibus
694 3835 939 3891 incertus
987 3844 1092 3904 est,
1156 3836 1212 3892 in
1252 3837 1479 3894 senibus
1522 3841 1846 3898 manifestus
1895 3851 1954 3900 et

369 3925 596 3980 minime
625 3925 964 4000 dubitabilis.
1003 3927 1238 3998 Sperant
1276 3930 1510 4000 juvenes
1553 3932 1624 3987 ad
1672 3944 1950 3990 senectam

367 4031 428 4072 se
462 4025 864 4087 perventuros;
893 4033 1054 4075 senes
1081 4019 1150 4074 de
1185 4019 1296 4075 vita
1325 4021 1576 4093 longiore
1606 4023 1904 4096 desperant
1934 4046 1950 4084 :

364 4107 477 4177 jam
517 4109 668 4163 enim
716 4120 920 4164 terram
969 4111 1276 4178 intuentur,
1305 4119 1362 4166 et
1399 4128 1524 4182 qua:
1555 4123 1775 4172 terrena
1818 4131 1950 4176 sunt

368 4197 607 4252 maxime
656 4197 965 4269 aspiciunt;
1011 4199 1158 4254 unde
1205 4207 1262 4253 et
1304 4200 1482 4270 γῆρας
1520 4212 1792 4271 senectus,
1836 4206 1946 4260 ἀπὸ

439 4339 650 4420 "_"_Ge_n.
684 4343 909 4420 m,19_._
953 4342 1309 4414 “lsa.v,18.
1386 4346 1776 4415 “Bonum;
1849 4351 1946 4407 un

2046 4369 2082 4407 ι’.
2105 4368 2162 4420 x,
2208 4351 2301 4407 51.

372 4408 418 4442 ³³
449 4411 642 4469 Matth.
680 4429 814 4478 xxtt,
851 4412 938 4469 11.

2046 1897 2264 1954 tandem
2299 1911 2424 1951 cum
2475 1897 2581 1951 ista
2630 1895 2892 1965 opinio-nc
2934 1904 3027 1949 tua
3075 1911 3183 1948 non
3218 1911 3360 1949 czeca
3407 1896 3502 1949 es?
3537 1894 3626 1950 Va:

2047 1991 2169 2056 tibi,
2197 1997 2256 2044 et
2301 2003 2469 2059 stupe,
2503 1987 2611 2042 nisi
2643 1984 3024 2056 paenitentiam
3063 1985 3200 2052 agis.
3231 1985 3482 2038 Divinam
3524 1986 3622 2039 be-

2043 2081 2369 2151 nignitatem
2411 2094 2544 2133 cave
2586 2077 2700 2132 ullo
2742 2079 2906 2131 modo
2937 2074 3492 2144 despiciaszdivitias
3522 2074 3624 2129 bo-

2043 2169 2234 2224 nitatis
2259 2169 2304 2200 “
2326 2170 2452 2237 ejus
2483 2165 2804 2235 neutiquam
2837 2162 3100 2233 negligas.
3132 2161 3228 2217 Est
3257 2163 3404 2216 enim
3428 2161 3626 2232 longa-

2043 2259 2229 2324 nimis,
2257 2258 2454 2314 etvult
2489 2266 2541 2310 te
2581 2253 2830 2308 converti

2119 2371 2204 2425 Tu
2241 2378 2426 2425 autem
2453 2383 2561 2422 non
2589 2362 2950 2428 converteris,
2973 2361 3256 2433 magisque
3285 2359 3465 2432 ipsum
3500 2359 3630 2415 irri-

2049 2469 2152 2527 tas,
2201 2469 2257 2515 et
2301 2458 2642 2514 thesaurizas
2689 2455 2786 2510 tibi
2841 2453 3025 2508 futura
3074 2452 3364 2522 supplicia,
3415 2451 3620 2521 quibus

2047 2549 2286 2605 rebelles
2309 2546 2519 2620 judicio
2559 2545 2651 2600 illo
2686 2543 2976 2598 damnatos
3010 2541 3207 2612 puniet
3228 2542 3342 2594 “".

2119 2639 2424 2709 Resipisce,
2448 2636 2610 2708 vigila
2644 2645 2910 2705 quantum
2958 2642 3116 2703 potes
3175 2647 3190 2685 :
3236 2631 3435 2686 stultos
3477 2629 3633 2686 zelus

2045 2732 2240 2803 igneus
2259 2736 2562 2799 eXspectat.
2580 2725 2729 2780 Nihil
2751 2725 2950 2779 mirum
2981 2731 3066 2778 est
3094 2737 3430 2792 quemquam
3451 2736 3629 2792 aegro-

2047 2834 2164 2880 tare
2187 2841 2200 2878 :
2230 2821 2329 2879 sed
2351 2821 2606 2875 morbum
2629 2817 2784 2873 ﬂocci
2809 2815 3050 2887 pendere

2125 2949 2146 2984 ι
2185 2931 2252 2985 Et
2290 2929 2628 2984 horrendum
2680 2934 2766 2982 est
2808 2924 3054 2981 incidere
3099 2924 3154 2979 in
3186 2938 3383 2978 manus
3411 2923 3508 2978 Dei
3544 2921 3632 2979 vi-

2049 3022 2236 3078 ventis
2267 3040 2286 3074 ι
2323 3021 2392 3086 ⁵⁸,
2427 3021 2697 3090 juxtaque
2730 3017 2887 3072 vivos
2919 3031 2984 3070 ac
3015 3025 3264 3071 mortuos
3313 3015 3633 3086 incorrupte

1971 3125 2018 3189 α
2045 3111 2372 3186 judicantis,
2400 3119 2456 3165 et
2482 3109 2684 3178 cuique
2714 3108 2934 3178 dignam
2972 3106 3133 3161 factis
3160 3106 3470 3161 mercedem
3503 3121 3634 3176 per-

2049 3204 2335 3260 solventis.
2363 3202 2580 3257 Etenim
2607 3199 2748 3270 ignis
2779 3207 2864 3254 est
2893 3199 3038 3253 Deus
3069 3197 3138 3263 5‘,
3173 3198 3314 3268 ignis
3342 3213 3513 3254 urens
3574 3207 3633 3254 et

2045 3299 2364 3355 illuminans
2412 3293 2786 3363 :insipientes
2833 3307 3028 3356 urens,
3085 3289 3389 3360 prudentes
3439 3299 3629 3345 autem

2046 3391 2354 3446 illustrans.
2377 3386 2475 3440 Hic
2499 3382 2924 3453 appr0pinquat,
2959 3388 3020 3434 ut
3046 3380 3115 3434 de
3143 3379 3403 3434 omnibus
3423 3381 3631 3449 justam

2043 3479 2236 3553 judicii
2271 3473 2603 3531 sententiam
2645 3471 2788 3525 ferat
2818 3487 2832 3526 :
2869 3478 2928 3524 tu
2964 3482 3097 3522 vero
3131 3466 3418 3531 dormitas,
3451 3465 3629 3536 negli-

2050 3570 2248 3644 gentiae
2286 3563 2602 3623 succumbis
2624 3604 2638 3628 ,
2675 3562 2886 3618 dormis
2923 3569 2977 3616 et
3042 3558 3430 3621 obdormiscis,
3470 3557 3636 3627 idque

2051 3663 2266 3732 Sponso
2313 3657 2634 3726 neutiquam
2681 3662 2932 3708 morante
2973 3651 3042 3715 ⁸⁸,
3074 3658 3132 3705 et
3181 3657 3372 3721 parato
3421 3648 3518 3703 illo
3561 3647 3632 3702 ad

2049 3753 2276 3825 nuptias
2303 3752 2392 3806 his
2415 3749 2510 3820 qui
2540 3746 2690 3818 digni
2724 3744 2953 3810 fuerint,
2984 3751 3043 3798 tu
3075 3757 3184 3797 non
3219 3739 3392 3795 habes
3419 3749 3630 3796 vestem

2050 3849 2271 3921 dignam
2311 3845 2425 3901 ullo
2453 3841 2619 3898 modo
2649 3840 2694 3872 ⁵³
2726 3855 2740 3892 :
2772 3835 2869 3891 sed
2898 3843 3010 3889 tota
3052 3833 3316 3889 sordibus
3364 3841 3420 3888 et
3452 3847 3641 3888 macu-

2048 3941 2121 3997 lis
2144 3940 2307 4011 plena
2331 3937 2504 4008 jaces,
2527 3947 2629 3988 nec
2652 3928 2804 4001 ablui
2837 3925 3170 3997 purgarique
3197 3923 3266 3978 ab
3289 3923 3378 3978 his
3406 3923 3632 3993 quaeris.

2049 4033 2257 4088 lterum
2298 4043 2363 4083 ac
2397 4025 2597 4096 saepius
2631 4021 2730 4077 tibi
2763 4019 2910 4082 dico,
2941 4031 3012 4070 ne
3056 4024 3399 4077 contemnas,
3430 4027 3501 4067 ne
3526 4011 3634 4066 dif-

2052 4118 2217 4183 feras,
2236 4133 2305 4173 ne
2337 4124 2562 4187 peccata
2587 4110 2840 4167 cumules

2125 4211 2306 4280 Prope
2342 4217 2426 4263 est
2461 4205 2557 4276 qui
2585 4201 2818 4274 judicat,
2851 4211 2952 4252 cur
2975 4194 3246 4266 judicium
3286 4209 3397 4250 non
3439 4193 3633 4264 times}

2402 4347 2449 4380 ’ί
2510 4345 2672 4399 Deut.
2692 4355 2764 4407 Iv,
2783 4338 2875 4394 24.
2939 4335 2986 4366 ⁸¹
3015 4331 3358 4402 Matth.xxv,
3404 4337 3423 4392 l
3470 4348 3632 4407 seqq.

1865 4525 2140 4590 Scholia.

374 4649 595 4730 oculos?
623 4651 808 4730 itaque
835 4647 973 4730 quod
996 4646 1240 4730 aliiante
1269 4661 1364 4730 nos
1393 4644 1696 4730 ceciderint,
1721 4661 1826 4699 non
1857 4663 1948 4730 so:
1971 4650 2025 4710 D

375 4721 485 4772 lum
519 4722 670 4773 venia
699 4716 793 4774 nos
821 4716 1019 4789 privat.
1059 4720 1104 4771 si
1134 4717 1189 4769 in
1223 4716 1405 4769 eadem
1438 4716 1782 4770 inciderimus
1815 4719 1948 4772 :sed

374 4791 545 4861 etiam?
573 4791 889 4861 supplicium
927 4790 1072 4861 nobis
1103 4795 1280 4861 auget.

448 4863 466 4881 '
507 4853 839 4930 Theologus.
877 4853 1358 4930 Aliquando'dolor
1386 4853 1645 4924 voluptati
1670 4855 1958 4930 praeferen-

374 4929 472 4982 dus
502 4939 599 4992 est,
634 4940 681 4983 et
732 4929 911 4983 vultus
961 4929 1216 4980 demissus
1273 4941 1336 4978 ac
1381 4934 1591 4978 nuestus

384 5064 410 5120 t
438 5067 564 5138 Quis
591 5072 826 5138 sapiens,
847 5077 895 5121 et
913 5067 1166 5136 intelliget
1190 5064 1338 5135 (Osee
1370 5080 1480 5138 x_tv,
1508 5065 1592 5126 10)
1614 5067 1678 5138 1’s

451 5144 490 5160 "
530 5135 746 5193 Catenis
794 5140 934 5192 enim
985 5135 1205 5192 suorum
1251 5135 1535 5188 criminum
1583 5137 1798 5205 quisque
1833 5152 1960 5191 con-

372 5211 679 5264 strinuitur.

454 5229 828 5350 ξξθὲίξξῇγδοει,
887 5277 1150 5350 Benignus
1172 5283 1246 5330 est
1282 5273 1458 5338 Deus;
1490 5271 1604 5327 ideo
1642 5290 1747 5350 non
1774 5278 1953 5330 statim

374 5346 740 5418 delinquentes
767 5367 918 5420 paena
970 5346 1184 5420 multat,
1209 5361 1389 5420 eorum
1423 5346 1812 5420 conversionem
1835 5417 1846 5420 Α
1866 5362 1956 5399 ea:-

371 5415 638 5489 spectans.
670 5415 820 5484 Quod
848 5421 893 5473 si
921 5417 1190 5472 nonnullis
1225 5417 1437 5489 omnino
1465 5415 1547 5468 hic
1582 5418 1776 5486 parcit,
1817 5417 1957 5486 [utu-

375 5486 469 5544 ras
494 5491 678 5544 iisdem
705 5506 900 5560 poenas
921 5492 1203 5542 atrociores
1224 5486 1437 5556 inﬂigit.

452 5564 536 5585 "“
569 5555 833 5614 Isidorus.
854 5559 971 5614 Non
997 5569 1065 5623 te,
1093 5555 1517 5624 homo,regnum
1538 5555 1787 5610 caelorum
1821 5558 1956 5612 inci-

377 5639 460 5685 tat
481 5647 500 5686 :
534 5647 637 5685 non
663 5634 899 5700 geheuna
927 5637 1108 5682 terret.
1137 5626 1257 5700 Non
1278 5626 1597 5700 advertimus
1619 5643 1709 5680 nos
1735 5628 1953 5682 bestiam

378 5697 792 5756 immansuetum
842 5701 1080 5762 delinire,
1127 5707 1177 5750 et
1227 5699 1283 5752 in
1338 5698 1510 5767 [arma
1549 5697 1783 5751 humana
1833 5713 1952 5752 cum

377 5786 622 5841 perverso
647 5771 882 5827 dtumone
917 5768 1212 5825 colluctari.

2121 4649 2230 4675 ⁶⁶⁶⁶⁶
2246 4647 2685 4720 Chrysostomus.
2706 4648 2822 4704 Non
2839 4657 2910 4703 est
2930 4647 3157 4720 moleste
3169 4644 3440 4715 ferendum
3459 4659 3641 4720 quemq-

2051 4720 2196 4791 piam
2224 4717 2584 4791 male'ltabere
2608 4736 2626 4773 :
2651 4720 2740 4791 sed
2765 4738 2882 4774 cum
2908 4719 3048 4773 male
3069 4718 3276 4791 Ita‘beat,
3308 4732 3409 4768 non
3435 4717 3638 4791 curari.

2051 4787 2159 4846 Nec
2189 4789 2500 4860 simpliciter
2529 4789 2794 4842 ulceribus
2830 4791 3072 4860 affectum
3126 4787 3486 4860 lamentamur
3503 4825 3546 4860 ζ
3548 4787 3640 4839 sed

2051 4861 2126 4914 sic
2161 4855 2355 4912 temere
2392 4859 2659 4928 jacentcm
2703 4860 2818 4912 sine
2859 4855 3181 4912 medicorum
3232 4857 3465 4928 auxiliis.
3499 4855 3643 4928 Eunt

1678 4927 1866 5000 ompis_
1897 4943 1960 4980 ac
2056 4945 2214 5000 porro
2253 4931 2341 5000 qui
2367 4926 2599 4992 secatur,
2622 4937 2670 4981 et
2693 4932 2887 4994 uritur,
2912 4932 2980 4983 ad
3012 4930 3299 5000 sanitatem
3323 4926 3532 4978 tendere
3553 4926 3639 4977 di-

372 5000 686 5066 spectaculis
711 5041 725 5061 ,
759 5008 807 5052 et
841 5001 970 5051 risui
1017 4999 1289 5066 inhonesto
1345 4993 1598 5066 lacryma:
1627 4993 1960 5052 laudabiles:
2055 4993 2102 5052 ci

2055 4998 2242 5052 cimus.
2269 4998 2354 5052 Ita
2385 5015 2588 5069 quoque
2615 5001 2753 5068 quod
2776 5001 2845 5051 ad
2871 5001 3108 5052 animam
3134 4999 3342 5069 attinet,
3366 5011 3456 5069 nos
3478 5011 3638 5064 gera-

2058 5085 2176 5122 mus
2217 5084 2420 5123 censeo.
2452 5067 2569 5122 Nun
2607 5067 2690 5121 eos
2721 5070 2810 5138 qui
2847 5078 3150 5138 tentantur.
3167 5067 3258 5120 sed
3289 5067 3382 5138 qui
3426 5067 3641 5138 impune

2057 5149 2272 5210 peccant
2301 5138 2479 5206 lugere
2510 5155 2581 5210 ac
2619 5135 2808 5210 deﬂere
2846 5147 3070 5210 oportet.
3100 5137 3240 5191 Nam
3282 5135 3640 5210 improborum

2061 5204 2476 5271 animadversio,
2491 5204 2765 5277 justos'ad
2793 5208 3014 5277 oﬁicium
3048 5215 3353 5261 attentiores
3383 5204 3529 5272 facit.

2134 5280 2264 5349 θ’θ’·
2294 5278 2741 5349 Cbrysostomus.
2772 5277 3025 5349 Fateatur
3047 5278 3276 5349 quidem.
3307 5290 3398 5349 nos
3424 5291 3644 5343 regnum

2064 5347 2160 5402 Dei
2184 5345 2507 5411 desiderdre,
2535 5349 2626 5401 sed
2659 5363 2754 5417 per
2784 5362 2902 5417 qua:
2931 5345 3074 5417 illud
3100 5345 3323 5417 adipisci
3348 5361 3641 5417 queamus,

2062 5418 2209 5472 nobis
2227 5418 2569 5472 sollicitudini
2604 5415 2709 5472 non
2737 5415 2884 5471 sunt.
2911 5416 3060 5482 Quod
3089 5417 3141 5470 si
3181 5415 3322 5468 Deus
3342 5415 3643 5483 inﬂamma-

2063 5497 2175 5541 tum
2216 5491 2456 5543 animum
2498 5497 2684 5549 tuum,
2730 5490 3016 5541 excitatam
3056 5487 3382 5542 voluntatem
3434 5483 3642 5550 viderit,

2059 5559 2170 5629 ipse
2211 5568 2260 5612 te
2308 5560 2376 5612 ad
2409 5559 2780 5629 perﬁciendum
2813 5559 3048 5627 juvabit.
3107 5560 3192 5629 An
3229 5571 3333 5629 non
3379 5553 3644 5608 dicentem

2060 5625 2311 5698 audivisti
2341 5645 2359 5682 :
2387 5625 2418 5680 ι’
2438 5625 2512 5683 1η“
2543 5629 2740 5682 mundo
2773 5625 3078 5698 pressuram
3105 5625 3383 5698 habebitis,
3411 5631 3460 5678 et
3483 5640 3640 5676 mun-

2055 5697 2442 5821 Ξίὲξνςαιιαθὸὶι,
2491 5715 2578 5754 vos
2615 5696 2793 5754 autem
2840 5699 3276 5754 contristabimini
3327 5696 3641 5769 (Joan.xvt,

2137 5794 2176 5821 l.
2211 5787 2230 5820 ι

2130 5787 2230 5838 μ)
