4130 6202
557 312 664 378 7}?)

1812 310 2161 369 PHILIPPI
2196 310 2592 376 SOLlTARll

3704 345 3805 409 τω

561 435 787 499 regente
808 423 1181 494 superwnict,
1210 420 1343 491 quid
1377 429 1595 491 tempus
1618 422 1824 479 frustra
1857 424 2136 479 conteris?
2161 430 2209 487 Α
2236 439 2321 484 est
2352 432 2485 487 utile
2508 434 2744 502 judicat,
2780 437 3176 515 hominumque
3203 449 3372 505 vitam
3403 454 3803 524 sapientissime

561 514 768 571 Memor
803 525 923 568 esto
953 528 1144 567 eorum
1182 527 1303 580 quat
1347 514 1672 581 patraveris,
1704 524 1760 568 ct
1791 515 2045 579 emenda,
2074 525 2135 570 et

560 613 682 659 esto
707 604 795 656 vix
825 602 901 656 lui
937 617 1167 663 memor,
1190 610 1248 655 et
1287 609 1340 655 te
1369 617 1527 671 geras
1552 602 1799 671 provide.
1832 602 2135 674 Cognoscis

561 693 873 751 veritatem,
899 689 1047 744 nosti
1085 689 1217 758 quid
1257 689 1471 753 deccat,
1518 693 1563 744 si
1611 700 1792 747 tamen
1830 693 2136 747 aifeetioni-

557 783 660 837 bus
713 782 958 835 animum
999 780 1374 833 turbulentum
1420 795 1530 834 non
1582 781 1773 838 habes.
1813 782 2130 853 Cognoscis,

560 871 1030 941 quemadmodum
1092 882 1377 941 peccatum
1445 872 1681 927 adducat
1743 875 2129 944 supplicium:

560 963 771 1016 virtuti
804 974 990 1017 autem
1047 961 1295 1015 deditqu
1352 975 1499 1025 esse,
1553 969 1742 1015 contra
1795 963 2133 1031 voluptatem

556 1061 859 1121 comparet.
898 1051 978 1104 Tu
1012 1065 1176 1105 secus
1210 1050 1390 1120 egisti,
1424 1049 1589 1119 idque
1620 1050 1964 1122 insipienter.
1998 1052 2131 1105 Pec-

558 1146 696 1197 catis
734 1144 919 1199 dedita
948 1159 1028 1206 es,
1063 1143 1284 1196 virtutis
1313 1143 1558 1197 studium
1588 1142 1747 1213 fugis.
1783 1144 1850 1197 Et
1883 1143 2132 1197 deterio-

560 1237 715 1289 ribus
742 1236 968 1305 gaudes,
994 1235 1157 1288 bonis
1180 1234 1445 1296 abstines,
1470 1248 1648 1302 neque
1678 1233 2130 1291 cohabitatricem

564 1336 714 1380 tuam
749 1325 817 1377 ad
850 1324 1042 1379 eadem
1080 1332 1263 1378 tecum
1300 1324 1593 1392 pertrahis.
1630 1323 1757 1377 Falx
1794 1325 2000 1379 asstatis
2032 1326 2132 1379 ad-

560 1416 730 1479 volat,
762 1416 959 1469 messis
989 1415 1179 1478 instat,
1215 1414 1368 1482 regio
1417 1415 1565 1468 albet
1613 1414 1869 1469 maxime.
1895 1415 1963 1468 Et
1991 1429 2131 1485 quo-

560 1507 727 1559 modo
750 1522 934 1560 coram
959 1505 1155 1560 Judice
1172 1506 1486 1575 apparebis,
1514 1521 1638 1575 qua:
1663 1506 1936 1562 fructibus
1954 1521 2128 1572 cares,

554 1614 683 1651 cum
721 1612 890 1665 opera
927 1599 1068 1651 mala
1101 1607 1226 1653 ante
1265 1607 1318 1651 te
1345 1600 1489 1652 nuda
1515 1600 1773 1654 stabunt?
1799 1615 1919 1669 quae
1949 1602 2131 1656 omnia

554 1689 922 1754 exhibebunt,
973 1698 1027 1743 et
1071 1689 1555 1755 demonstrabunt,
1601 1706 1945 1761 quaecunque
1979 1692 2128 1746 clan-

556 1781 795 1843 dcstine,
844 1796 1188 1851 quaecunque
1236 1782 1413 1851 palam
1444 1782 1762 1852 designasti,
1798 1784 2001 1852 quibus
2033 1783 2131 1838 de-
2166 1770 2207 1823 Β

560 1871 763 1923 teriora
810 1886 971 1924 nemo
1016 1871 1149 1926 fecit
1191 1872 1259 1926 ab
1293 1873 1431 1926 orbe
1466 1873 1726 1928 condito?
1753 1873 1992 1945 Tempus
2032 1875 2130 1931 tibi

554 1972 730 2015 restat
770 1962 1182 2027 brevissimum,
1215 1972 1275 2017 ut
1305 1980 1371 2017 ex
1410 1973 1642 2034 aspectu
1673 1965 2015 2023 tabernaculi
2051 1970 2132 2023 tui

559 2063 731 2122 patet.
766 2054 979 2107 Etenim
1036 2057 1397 2117 consenuisti,
1437 2065 1493 2109 et
1539 2056 1607 2110 ad
1652 2068 1855 2112 metam
1886 2059 2128 2121 tendis:

564 2164 583 2196 ι
620 2145 923 2199 Memorare
976 2148 1274 2201 novissima
1328 2162 1444 2209 tua,
1475 2158 1531 2202 et
1563 2163 1676 2202 non
1718 2150 1973 2219 peccabis
1999 2152 2067 2207 ⁵⁵.
2106 2172 2124 2204 ι

562 2235 733 2302 llogo,
768 2236 957 2305 ignava
986 2253 1055 2292 ne
1087 2238 1184 2293 sis.
1214 2236 1392 2294 Nosce
1420 2239 1690 2294 Fictorcm
1722 2249 1899 2307 tuum,
1930 2245 2134 2314 etquis

550 2335 613 2380 te
647 2340 881 2386 mecura,
916 2324 1171 2390 domina,
1194 2329 1560 2396 copulaverit,
1592 2338 1648 2385 et
1690 2346 1813 2399 quae
1846 2330 1992 2386 inter
2030 2348 2133 2388 nos

552 2417 781 2480 mistio,
822 2423 879 2469 et
933 2417 1098 2484 quale
1140 2418 1285 2479 istud
1337 2428 1851 2488 temperamentum.
1902 2422 1969 2477 Et
2007 2423 2132 2493 quis

560 2509 837 2572 conditor,
884 2511 1011 2579 quis
1063 2510 1253 2579 iudex,
1298 2519 1356 2564 et
1411 2496 1730 2568 mercedum
1780 2514 2128 2571 distributor.

557 2604 692 2668 Quis
734 2620 913 2670 rencs,
949 2606 1333 2676 cogitatioiies,
1366 2613 1425 2660 et
1457 2605 1628 2675 corda
1662 2607 1945 2663 intueatur
1970 2609 2041 2677 ",
2078 2620 2133 2664 et

544 2697 684 2763 quis
745 2712 775 2749 a
822 2698 1080 2763 sordibus
1116 2708 1477 2767 peccatorum
1527 2699 1793 2754 mundare
1847 2700 2017 2768 possit
2047 2701 2134 2755 ⁸θῖ

558 2787 803 2854 Tempus
833 2798 919 2843 est
947 2788 1209 2842 abluendi
1245 2799 1316 2849 te,
1347 2788 1415 2843 ad
1445 2788 1551 2845 hoc
1577 2789 1725 2845 enim
1758 2790 2000 2858 Spatium
2030 2789 2129 2849 tibi

540 2894 883 2935 .conccssum
905 2890 1010 2936 est.
1032 2880 1157 2935 Noli
1179 2880 1357 2935 celare
1382 2880 1619 2950 amplius
1644 2898 1657 2933 :
1684 2880 1772 2936 dic
1798 2889 1852 2935 tu
1886 2883 2124 2951 primum

540 2979 783 3034 .pceeata
822 2980 937 3036 tua,
984 2981 1042 3027 et
1091 2970 1307 3026 occulta
1364 2981 1420 3025 ct
1454 2980 1671 3041 aperta,
1704 2987 1801 3026 seu
1832 2972 1998 3031 verbo
2033 2989 2132 3029 seu

538 3072 721 3124 opere
749 3062 1064 3131 commissa,
1092 3059 1296 3128 quibus
1330 3075 1418 3114 me
1444 3058 1702 3115 miseram
1739 3068 1920 3115 tecum
1947 3063 2131 3131 quoti-

546 3147 647 3211 die
681 3150 1018 3220 corrumpis.
1049 3149 1189 3216 Quid
1222 3150 1267 3205 si
1313 3148 1562 3219 rapiaris,
1593 3150 1642 3209 si
1671 3150 1776 3205 hoc
1820 3168 1964 3209 nexu
2019 3153 2130 3207 sol-

543 3242 701 3304 .varis
726 3250 1022 3312 antequam
1050 3252 1397 3310 convcrtare,
1421 3251 1477 3297 et
1500 3256 1530 3296 a
1555 3240 1806 3313 principe
1831 3243 2130 3311 latronum,

557 3339 618 3381 ut
648 3330 839 3385 infelix
875 3331 1209 3405 mancipium
1266 3330 1566 3397 abducare,
1600 3341 1820 3385 tuorum
1859 3334 2131 3391 scelerum

557 3420 768 3474 catenis
796 3422 1094 3493 impedita?
1130 3424 1218 3479 Va:
1254 3422 1374 3488 tibi,
1406 3433 1671 3494 quantum
1706 3431 1836 3478 tunc
1874 3422 2133 3494 ingemis-

536 3524 671 3565 Iccs.
702 3510 839 3565 Cum
868 3513 1079 3568 dictum
1110 3515 1182 3568 sit
1221 3531 1235 3567 :
1271 3532 1290 3565 ι
1326 3514 1474 3580 Quos
1503 3514 1648 3570 Deus
1682 3515 1992 3586 conjunxit,
2031 3516 2131 3570 ho-

540 3617 647 3671 mo
672 3617 781 3657 non
826 3615 1047 3672 separet
1064 3606 1130 3667 ⁸⁷,
1159 3623 1179 3655 ι
1216 3620 1353 3658 neve
1382 3606 1604 3674 penitus
1628 3608 1917 3675 quisquam
1949 3606 2002 3660 id
2035 3621 2133 3660 au-

542 3691 705 3761 deat,
737 3692 868 3759 quid
905 3692 983 3745 illi
1021 3692 1135 3757 ﬁet,
1162 3693 1254 3762 qui
1311 3696 1552 3748 animam
1584 3710 1614 3749 a
1646 3696 2000 3751 tabernaculo
2030 3712 2131 3752 suo

530 3793 784 3849 ,prorsus
838 3782 1191 3834 distraxerit?
1235 3784 1514 3852 quomodo
1560 3799 1668 3836 non
1720 3784 2029 3855 suppliciis,
2075 3795 2133 3842 et

536 3869 783 3945 quidem
811 3872 1073 3927 extremis
1089 3871 1395 3929 alIicietur?
1416 3874 1463 3930 si
1494 3875 1682 3946 igitur,
1707 3884 1767 3930 ut
1788 3876 2128 3947 dicebamus,

533 3960 843 4030 ,repentina
866 3963 1027 4019 nobis
1047 3963 1323 4032 separatio
1351 3964 1517 4035 (quod
1550 3965 1756 4019 utinam
1787 3982 1856 4021 ne
1884 3965 1999 4039 ﬁat)
2031 3983 2121 4023 ac-

555 4049 772 4115 ciderit,
818 4059 876 4106 et
933 4051 1059 4107 ﬁnis
1103 4052 1454 4121 improvisus,
1485 4054 1762 4124 quomodo
1807 4055 2009 4111 Levita:
2059 4072 2127 4112 ex

551 4142 740 4197 animo
792 4159 987 4214 parum
1041 4153 1252 4200 attento
1304 4145 1509 4200 factum
1558 4154 1666 4214 est,
1698 4162 1859 4216 quam
1911 4148 2128 4204 veniam

556 4233 937 4300 consequaris,
968 4234 1068 4288 abs
1110 4242 1161 4288 te
1205 4235 1426 4304 pendet.

562 4319 820 4377 ..Auuu.
881 4322 1128 4390 Quonam
1183 4334 1344 4394 pacto
1413 4340 1515 4397 ego
1557 4327 1675 4381 sola
1720 4327 1919 4385 horum
1963 4345 2126 4386 causa

556 4410 719 4463 sum?
744 4421 797 4464 et
821 4414 1100 4481 quomodo
1129 4428 1160 4467 a
1185 4428 1271 4468 me
1296 4414 1569 4483 proﬁcisci
1597 4415 1860 4471 delictum
1884 4432 2128 4487 pronun—
2158 4442 2203 4497 ι)
2231 4429 2424 4470 omnes
2452 4415 2708 4470 similiter
2746 4416 2996 4485 peribitis
3026 4420 3063 4436 “

556 4497 695 4551 tias?
742 4500 883 4556 alius
935 4512 1019 4556 est
1069 4503 1314 4558 omnium
1370 4504 1656 4571 Dominus,
1698 4506 1838 4561 alius
1881 4508 2126 4563 omnium

523 4590 858 4660 _Conditor;
899 4593 990 4649 ille
1021 4595 1321 4665 colligavit,
1359 4595 1451 4650 ille
1496 4604 1748 4664 separat;
1794 4605 1850 4652 et
1880 4597 1972 4652 ille
2005 4599 2130 4654 vita:

526 4696 616 4737 .ac
638 4685 831 4739 mortis
859 4684 1152 4755 imperium
1173 4685 1340 4740 habet
1356 4685 1432 4752 ⁸⁸;
1464 4693 1520 4740 et
1546 4685 1676 4741 huic
1704 4687 1927 4756 quidem
1950 4689 2124 4753 addit,

552 4771 707 4826 alteri
738 4775 951 4841 aufert,
986 4786 1041 4831 et
1069 4777 1217 4846 quod
1247 4776 1444 4832 melius
1479 4785 1565 4832 est
1597 4777 1862 4847 disponit,
1887 4786 1944 4832 et
1977 4781 2124 4849 quod

643 4885 687 4915 “
739 4887 908 4944 Eccli.
965 4906 1064 4954 vn,
1109 4890 1198 4945 40.

524 4930 569 4956 ._
630 4890 687 4956 7'"
739 4890 908 4944 Eccli.
965 4906 1064 4954 vII,
1109 4890 1198 4945 40.
1320 4891 1364 4922 ⁸⁵
1413 4890 1618 4946 Jerem.
1666 4905 1741 4956 ιι,
1786 4891 1876 4947 20.

547 4952 595 4985 ⁸⁵³
626 4955 732 5009 lsa.
769 4973 993 5025 xxxvut,
1043 4952 1061 5014 l
1104 4976 1261 5030 seqq.

1351 4961 1397 4991 ⁶⁰
1440 4960 1581 5015 Dan.
1635 4976 1689 5028 v,
1723 4962 1747 5015 l
1784 4977 1937 5031 seqq.

1996 4892 2043 4924 ⁸⁵
2072 4893 2174 4948 lsa.
2191 4910 2346 4961 XLIII,
2390 4896 2479 4951 25.

2049 4964 2091 4994 ⁶¹
2126 4965 2267 5021 Psal.
2299 4983 2369 5031 Cl,
2393 4966 2484 5020 25.

2238 529 2395 598 regit.
2430 530 2719 596 Quomodo
2752 533 2921 605 igitur
2954 538 3225 596 insontem
3256 552 3313 598 tu
3349 562 3433 601 me
3464 557 3571 604 tam
3602 555 3798 612 audac-

2235 629 2610 720 ter-accusas,
2638 634 2694 680 et
2725 630 3128 696 separationem
3171 648 3202 688 a
3232 643 3284 691 te
3316 640 3457 694 male
3488 644 3620 699 mihi
3661 648 3802 720 obji-

2233 712 2350 767 eis?

2303 807 2468 861 Cano.
2514 808 2733 865 Rationi
2778 826 3187 886 consentanea,
3233 830 3293 877 et
3327 839 3455 880 vera
3509 830 3797 889 admodum

2233 895 2497 966 loqueris.
2533 900 2853 958 Terminum
2886 906 3012 962 vitae
3041 910 3187 966 alius
3217 915 3478 972 omnibus
3508 925 3798 989 emetitur;

2234 991 2375 1046 alius
2408 991 2572 1048 tinem
2624 995 2787 1067 hujus
2814 998 2957 1054 locis
3009 1013 3354 1075 mortemque
3397 1010 3705 1068 distribuit.
3739 1017 3803 1071 Et

2234 1083 2356 1138 aliis
2385 1085 2609 1154 quidem
2652 1103 2828 1145 annos
2872 1093 3121 1162 apponit,
3158 1097 3227 1152 ab
3270 1100 3396 1155 aliis
3427 1118 3646 1158 rursum
3690 1123 3804 1162 am-

2234 1189 2411 1248 putat,
2444 1190 2503 1234 ut
2524 1181 2654 1237 fecit
2681 1184 2929 1242 Ezechiae
2961 1190 3074 1258 regi
3103 1190 3172 1256 ",
3203 1203 3259 1247 et
3293 1195 3543 1264 improbo
3585 1198 3803 1255 Baltim-

2234 1285 2324 1324 sar
2343 1273 2409 1326 ⁸⁸.
2433 1273 2544 1344 Ego
2569 1289 2701 1330 vero
2725 1278 2991 1345 plurimos
3012 1281 3164 1342 novi.
3214 1286 3307 1355 qui
3334 1302 3561 1357 repente
3578 1307 3803 1348 eorrne-
3842 1300 3845 1307 ’

2236 1376 2364 1421 runt
2397 1369 2451 1421 in
2493 1368 2630 1437 lege,
2661 1379 2718 1424 et
2755 1382 2882 1426 ante
2915 1373 3123 1443 lcgem;
3152 1392 3481 1447 rursumque
3526 1394 3649 1450 post
3682 1401 3804 1452 gra-

2235 1460 2387 1520 tiam,
2408 1458 2615 1528 quibus
2637 1474 2867 1528 peccare
2886 1463 3141 1531 contigit,
3169 1480 3273 1519 nee
3297 1465 3351 1520 in
3384 1467 3525 1520 viam
3556 1471 3802 1534 rediisse,

2234 1561 2294 1604 ut
2333 1550 2390 1605 in
2428 1551 2749 1607 barathrum
2785 1562 2839 1611 et
2886 1555 3217 1622 profundum
3267 1558 3595 1628 perditionis
3643 1563 3803 1619 Cade-

2234 1655 2387 1711 rent;
2439 1644 2719 1717 vitamque
2763 1646 2991 1717 probam
3036 1658 3093 1702 et
3142 1649 3424 1707 honestam
3473 1654 3804 1709 omnimodis

2235 1737 2559 1808 neglexisse,
2606 1751 2661 1793 e'.
2718 1754 2818 1808 pro
2873 1754 2935 1793 ea
2992 1740 3330 1795 luxuriosam
3386 1753 3440 1796 et
3497 1743 3801 1813 improbam

2233 1845 2464 1883 amasse.
2498 1830 2565 1883 Et
2617 1830 2734 1884 hzec
2787 1840 3028 1885 tremens
3075 1832 3241 1886 David
3290 1833 3537 1904 impense
3581 1838 3805 1907 rogabat

2235 1922 2510 1977 clamans:
2545 1941 2562 1973 ι
2590 1924 2667 1977 Ne
2696 1939 2920 1979 revoces
2952 1939 3038 1978 me
3064 1923 3116 1978 in
3145 1925 3372 1980 dimidio
3409 1925 3626 1980 dierum
3653 1945 3800 1983 meo-

2236 2033 2356 2070 rum
2389 2018 2456 2073 “.
2484 2037 2501 2068 ›
2522 2017 2590 2071 Ει
2620 2018 2763 2072 [ilius
2792 2018 2912 2087 ejus
2943 2014 3197 2072 Salomon
3235 2036 3247 2075 :
3277 2039 3294 2070 ι
3319 2020 3419 2082 Ne,
3455 2020 3653 2091 inquit,
3686 2032 3803 2076 esto

2241 2109 2440 2164 similis
2470 2110 2684 2180 impiis,
2723 2120 2778 2165 et
2808 2110 3035 2180 iniquis,
3076 2126 3180 2165 nec
3228 2110 3382 2166 duris
3413 2108 3601 2177 corde,
3629 2120 3685 2167 et
3719 2113 3803 2166 in-

2233 2202 2748 2271 compatientibus.i
2775 2198 2847 2256 Et
2864 2203 2988 2256 mali
3015 2213 3268 2274 pereunt,
3293 2204 3517 2274 insuper
3535 2204 3804 2259 mortibus

2236 2292 2587 2361 immanibus,
2632 2306 2684 2349 et
2714 2303 3010 2365 tempestas
3054 2296 3237 2351 veniet
3270 2295 3335 2349 ad
3366 2297 3667 2365 perniciem
3702 2296 3803 2349 im-

2232 2370 2449 2456 piorum
2479 2393 2517 2441 ‘.

2303 2478 2458 2546 Quod
2505 2477 2550 2533 si
2606 2479 2712 2532 vim
2765 2477 3061 2533 verborum
3100 2477 3330 2533 istorum
3382 2494 3544 2534 nosse
3577 2476 3680 2547 vis,
3716 2494 3805 2536 res

2235 2569 2367 2624 mihi
2391 2570 2702 2637 considera,
2732 2569 3193 2638 quemadmodum
3230 2584 3353 2625 cum
3378 2570 3560 2625 verbis
3586 2569 3804 2642 conspiJ

2236 2671 2380 2718 rent.
2414 2663 2646 2734 Respice
2678 2665 3023 2733 superiorum
3061 2673 3368 2734 temporum
3409 2663 3683 2731 homines,
3706 2660 3799 2736 qui

2235 2758 2435 2812 sazculo
2452 2756 2567 2812 Noe
2589 2758 2845 2811 vixerunt
2876 2775 2889 2810 :
2926 2767 2983 2812 et
3015 2772 3233 2812 rursum
3262 2754 3592 2822 Sodomitas,
3626 2765 3682 2811 et
3702 2756 3795 2826 qui

2232 2842 2403 2901 humo
2425 2846 2666 2917 absorpti
2695 2856 2826 2902 sunt
2858 2862 2982 2901 cum
3016 2848 3218 2912 Chore,
3246 2846 3456 2901 Dathan
3481 2857 3538 2901 et
3569 2840 3797 2913 Abiron,

2234 2950 2454 2996 centum
2503 2940 2937 3011 quinquaginta;
2969 2930 3175 3011 quique
3223 2941 3278 2995 in
3320 2939 3618 2995 solitudine
3655 2938 3797 2994 inte-

2237 3036 2471 3095 rierunt,
2530 3041 2609 3088 tot
2645 3034 2935 3103 myriades.
2992 3033 3112 3089 lleli
3164 3035 3304 3089 ﬁlios
3360 3033 3491 3088 mihi
3544 3032 3635 3088 hic
3670 3048 3798 3087 con-

2233 3125 2432 3190 sidera,
2473 3126 2706 3180 Phinees
2743 3132 2799 3179 et
2839 3123 3019 3196 Ophni
3065 3125 3543 3182 sceleratissimos.
3588 3120 3683 3179 His
3739 3134 3793 3180 et

2233 3217 2486 3286 plurimis
2511 3216 2651 3280 aliis,
2681 3233 2916 3286 quorum
2952 3219 3171 3272 nomina
3197 3218 3359 3273 edere
3385 3218 3669 3279 erubesco,
3693 3217 3796 3270 im-

2234 3309 2456 3378 proviso
2483 3318 2539 3362 et
2577 3319 2786 3379 puncto
2833 3310 3094 3381 temporis
3138 3310 3312 3364 emori
3346 3308 3592 3380 contigit.
3620 3308 3724 3372 Tu,
3751 3308 3794 3362 si

2233 3400 2495 3465 volucris,
2528 3400 2754 3456 omnino
2785 3401 2969 3470 plures
3011 3402 3272 3471 reperies,
3306 3409 3363 3456 et
3395 3416 3503 3470 quo
3534 3410 3711 3472 pacto,
3741 3409 3795 3455 et

2233 3508 2337 3562 qua
2367 3506 2433 3547 ex
2462 3508 2625 3547 causa
2654 3493 2991 3548 interierint.
3025 3494 3408 3549 Verumtamen
3439 3509 3608 3563 unum
3632 3493 3793 3564 quid-

2232 3586 2356 3639 dam
2384 3586 2582 3653 solum,
2614 3586 2761 3656 quod
2794 3588 2961 3640 etiam
2999 3586 3205 3642 Christi
3237 3595 3338 3652 est,
3368 3585 3465 3640 tibi
3500 3584 3702 3642 dicam.
3732 3584 3790 3640 In

2232 3678 2379 3732 Siloe
2427 3676 2534 3732 ﬁne
2583 3677 2883 3750 improviso
2926 3679 3092 3734 deleti
3141 3688 3270 3733 sunt
3318 3678 3418 3732 viri
3457 3678 3790 3749 pestilentes,

2232 3768 2646 3840 improbissimi,
2683 3780 2735 3825 et
2772 3770 3017 3827 moribus
3051 3769 3379 3835 detestandi,
3418 3779 3474 3823 et
3502 3769 3649 3839 digni
3687 3769 3788 3832 his,

2230 3879 2352 3934 quae
2374 3864 2485 3935 jam
2517 3862 2962 3946 signiﬁcavimus.
2993 3863 3084 3918 Sic
3122 3862 3281 3919 docet
3319 3862 3554 3919 Verbum
3586 3863 3639 3916 in
3672 3876 3789 3915 ser-

2232 3956 2488 4011 monibus
2517 3955 2585 4010 de
2622 3956 2943 4026 pmnitentia
2983 3955 3051 4009 de
3083 3954 3152 4009 iis
3184 3956 3276 4025 qui
3313 3955 3465 4026 lapsu
3503 3956 3673 4010 turris
3699 3970 3790 4008 ex-

2230 4047 2415 4103 stincti
2449 4055 2598 4111 sunt,
2622 4062 2821 4117 genere
2841 4046 3099 4101 Israelita:
3127 4046 3317 4101 decem
3347 4058 3404 4102 et
3435 4056 3593 4114 octo;
3631 4046 3790 4116 idque

2230 4149 2455 4213 propter
2514 4150 2735 4211 peccata
2769 4148 2823 4195 et
2868 4139 3088 4205 delicta,
3120 4135 3322 4211 quibus
3351 4138 3575 4194 obnoxii
3606 4150 3791 4209 ptenas

2229 4231 2457 4286 omnino
2484 4230 2774 4286 dederunt.

2299 4324 2368 4379 Et
2390 4325 2505 4383 .hoc
2552 4323 2749 4379 addit:
2793 4342 2811 4375 ι
2849 4324 2907 4379 Si
2961 4323 3341 4396 paenitentiam
3388 4337 3499 4379 non
3542 4320 3784 4393 egeritis,

3100 4417 3167 4471 GI.
3214 4434 3236 4467 ,

2298 4507 2440 4562 Alibi
2471 4508 2516 4539 ⁸³
2549 4522 2739 4562 rursus
2767 4508 3054 4577 discipulis
3089 4507 3321 4578 loquens
3353 4505 3594 4561 Verbum
3618 4520 3678 4562 se
3706 4506 3785 4559 vi-

2230 4610 2361 4665 tem,
2390 4599 2514 4654 illos
2538 4599 2812 4668 palmites.
2841 4600 3168 4669 Patremque
3200 4613 3381 4666 suum,
3421 4597 3626 4666 alioqui
3658 4611 3784 4652 con-

2225 4690 2485 4755 ditorem,
2506 4690 2797 4762 agricolam
2832 4690 3154 4744 nominavit.
3183 4689 3398 4744 Palmes
3419 4687 3656 4744 fructum
3678 4702 3785 4742 non

2224 4782 2436 4847 ferens,
2471 4781 2755 4836 mortifera
2795 4782 3041 4837 sectione
3084 4781 3462 4848 exscinditur,
3509 4781 3567 4835 in
3607 4779 3783 4850 ignem

2592 4897 2635 4927 ⁵⁷
2688 4896 2878 4950 Matth.
2924 4912 3037 4962 xu,
3080 4896 3134 4952 6.
3254 4897 3299 4927 ⁸⁸
3352 4895 3520 4951 llebr.
3566 4912 3626 4961 ιι,
3700 4895 3783 4949 14.

2580 4967 2622 4997 ⁸³
2668 4967 2802 5022 Luc.
2833 4982 2948 5031 xm,
2980 4967 3034 5021 5.
3125 4966 3169 4999 ⁸³
3200 4966 3361 5022 Joan.
3384 4967 3532 5031 ΠΛ.

2028 5060 2301 5132 SchoHa,

629 5152 640 5170 '
680 5148 783 5215 Qui
812 5151 1017 5227 oblique
1057 5153 1126 5207 ad
1160 5138 1323 5227 Deum
1354 5153 1573 5227 accedit,
1605 5156 1818 5227 ejusque
1853 5157 2122 5212 mandatis

2221 5181 2319 5233 que
2340 5164 2617 5229 dimiserit,
2639 5165 2685 5217 si
2705 5174 2883 5233 postea
2910 5165 3093 5216 eadem
3124 5163 3325 5216 scelera
3350 5162 3620 5216 admisisse
3641 5164 3781 5217 inve-

524 5219 886 5304 odversatur,
914 5219 983 5304 aa
1029 5240 1149 5304 eum
1196 5225 1419 5304 vicissim
1457 5225 1546 5279 ille
1577 5219 1783 5291 oblique
1827 5228 2030 5304 ueniet._
2051 5228 2123 5282 Et
2219 5219 2376 5298 uerit,
2423 5233 2574 5303 longe
2605 5219 2851 5288 acerbius
2901 5236 3099 5304 punit:
3138 5235 3564 5304 quandoquidem
3611 5235 3782 5303 priore

550 5292 757 5410 meil‘ito.
807 5289 884 5343 Ne
932 5292 1101 5359 facias
1152 5293 1318 5357 mala,
1358 5305 1405 5347 et
1446 5311 1549 5348 non
1604 5304 1652 5348 te
1683 5289 2120 5365 comprehendent

550 5372 634 5408 ma
664 5377 715 5410 ιι.

550 5372 715 5410 ηιαια.

619 5427 903 5506 tilirysost.
934 5427 1037 5494 Qui
1075 5430 1135 5483 ob
1173 5435 1441 5506 pragterita
1480 5444 1694 5503 peccata
1736 5450 1917 5503 patrias
1952 5436 2112 5503 dedit,

548 5501 802 5575 t'ent'uque
831 5501 1080 5575 dignatus
1104 5511 1202 5575 est,
1232 5504 1277 5555 si
1306 5501 1515 5557 rursum
1540 5501 1790 5573 peccarit,
1819 5506 1992 5575 majus
2017 5501 2113 5561 sibi

542 5567 798 5643 judicium
826 5567 920 5622 ira:
966 5579 1143 5643 parat.
1165 5569 1370 5637 Quanto
1409 5567 1550 5625 enini
1570 5574 1743 5643 majus
1777 5567 1854 5628 est
1891 5567 2107 5641 donum,

548 5641 700 5713 tanto
729 5646 995 5713 peccatum
1020 5641 1189 5694 minus
1225 5644 1590 5712 ignoscendum
1621 5641 1915 5713 judicatur.
1937 5646 2108 5701 Iudex

548 5706 708 5769 enim,
733 5708 776 5761 si
802 5706 1058 5764 latronem
1080 5720 1126 5763 et
1151 5706 1317 5780 [urEm
1344 5706 1808 5780 εοιημνρΙιινῖιάιηοὶι,
1835 5719 2103 5784 punitum.

2218 5305 2369 5357 uenia
2409 5304 2593 5358 metior
2613 5321 2716 5357 non
2751 5308 2933 5360 evasit.

2365 5372 2648 5427 Maximus.
2684 5373 2830 5429 Mala
2879 5374 3205 5441 voluntaria,
3234 5374 3595 5430 invotuntaria
3621 5388 3778 5442 gene-

2215 5450 2377 5517 rant:
2409 5460 2517 5517 non
2550 5445 2690 5497 enim
2719 5453 2906 5514 potest,
2950 5449 3038 5516 qui
3071 5450 3319 5517 peccauit.
3346 5446 3583 5516 futurum
3626 5444 3777 5515 judi-

2213 5514 2487 5589 cium__s_ine
2515 5521 2608 5567 aut
2617 5514 2969 5589 spontesua
2989 5514 3490 5589 ltic'susccptistaut
3520 5514 3778 5589 extrinszf

2213 5597 2303 5634 cus
2345 5582 2509 5657 illatis
2564 5582 2923 5654 afﬂictionibus
2969 5587 3190 5657 eﬂ‘ugere
3228 5582 3246 5640 ἐ

2209 5654 2450 5728 portabo,
2477 5658 2726 5725 quoniam
2753 5658 2964 5725 peccavi
2997 5654 3042 5710 ci
3073 5654 3258 5728 (Miclt.
3295 5673 3393 5721 VII,
3425 5656 3501 5716 9).
3537 5676 3555 5708 ι

3302 5606 3320 5638 ι
3364 5585 3514 5639 Iram
3570 5586 3776 5641 Domini
