4130 6202
384 259 489 329 ut

1838 218 2187 324 nzoe'rni.

3542 257 3667 335 ita

378 378 699 450 conjicitur.
736 384 793 431 et
834 368 1013 442 ardet,
1043 382 1099 429 et
1145 376 1307 445 perit.
1352 364 1737 431 Consentanea
1780 377 1867 432 his
1911 386 1967 432 ct
1995 383 2042 441 Α
2075 390 2180 435 tem
2217 379 2457 450 primum
2492 365 2756 449 perquam
2791 378 3012 435 difﬁcile
3054 388 3139 435 est
3176 379 3292 434 lucc
3340 378 3394 432 in
3438 392 3642 433 memo-

379 468 781 539 cousequentia
812 467 1011 522 scribit
1055 467 1221 520 David
1252 487 1263 521 :
1302 487 1322 519 ‹
1365 468 1481 522 Nisi
1516 470 1766 525 conversi
1794 470 1966 524 fueri-

383 579 478 631 tis,
512 562 754 634 gladium
784 572 948 615 suum
984 558 1242 623 vibravit,
1275 573 1463 613 arcum
1510 575 1670 614 suum
1711 563 1963 623 tetendit,

384 667 445 713 et
477 656 694 727 paravit
720 653 777 706 in
802 669 872 707 eo
896 666 1025 705 vasa
1049 651 1245 705 mortis
1268 651 1331 703 α’.
1368 670 1386 702 ι
1412 650 1629 716 Cernis,
1654 669 1761 707 non
1791 656 1968 723 poeni-

388 757 594 811 teutes,
631 759 816 814 neque
861 744 1151 808 conversi,
1193 753 1250 796 et
1291 744 1642 813 compuncti,
1691 746 1969 813 quomodo

387 842 528 896 male
571 847 827 909 pereunt.
860 845 919 890 et
962 834 1190 903 insuper
1239 833 1573 889 damnamur
1605 836 1830 890 interitu
1878 853 1969 891 re-

389 933 639 1004 pentino,
688 938 750 983 ut
797 926 1169 998 liquidissima
1225 926 1588 980 ostendimus.
1639 925 1740 992 Qui
1785 935 1966 980 autem

390 1024 639 1080 studiose
685 1030 817 1075 ante
862 1019 1077 1076 obitum
1127 1018 1297 1072 vitam
1348 1032 1525 1083 suam,
1579 1033 1871 1088 moresque
1914 1020 1969 1073 in

394 1116 597 1170 melius
648 1115 1048 1176 formaverunt,
1094 1120 1153 1165 et
1200 1125 1324 1165 cum
1366 1110 1626 1182 laerymis
1683 1126 1747 1165 ac
1792 1111 1972 1181 poenis

393 1205 727 1259 voluntariis
776 1202 1155 1271 paenitentiam
1186 1211 1442 1271 .cgeruut
1466 1243 1480 1265 ,
1532 1202 1970 1257 misericordiam

398 1297 700 1366 impetrant
721 1294 1095 1362 misericordis
1118 1292 1335 1348 Domini
1359 1311 1372 1346 :
1394 1292 1449 1347 id
1472 1295 1617 1363 quod
1640 1309 1762 1350 cum
1786 1310 1818 1350 e
1840 1297 1972 1350 mul—

401 1391 496 1449 tis,
528 1400 643 1441 tum
689 1402 717 1441 e
742 1386 1006 1440 Ninivitis
1058 1386 1406 1454 potissimum
1432 1395 1692 1456 apparet:
1716 1386 1809 1457 qui
1838 1402 1969 1442 eum

382 1483 454 1534 'in
497 1481 682 1534 cinere
723 1487 777 1531 ct
801 1493 960 1532 sacco
1000 1477 1423 1547 pmuituissent,
1460 1480 1627 1531 vitam
1676 1494 1972 1534 conserva~

401 1583 569 1636 runt;
621 1581 675 1624 et
705 1587 734 1626 c
784 1569 1054 1629 Manasse,
1099 1572 1191 1637 qui
1226 1585 1331 1639 per
1370 1569 1559 1624 ﬂetum
1596 1582 1652 1625 et
1690 1580 1972 1628 correctos

398 1678 583 1717 mores
609 1664 850 1716 saltatus
884 1669 988 1715 est.
1019 1661 1098 1714 Ex
1139 1662 1457 1730 publicano,
1503 1677 1573 1717 ex
1620 1662 1854 1729 latrone,
1903 1679 1971 1719 ex

2073 472 2208 526 riam
2249 486 2530 526 revocare.
2569 470 2776 525 Deinde
2805 472 2990 535 timor,
3026 471 3225 541 pudor,
3255 469 3552 535 dubitatio,
3590 483 3647 526 ct

2070 580 2243 635 angor
2280 580 2365 620 me
2400 563 2729 635 impediunt,
2776 564 3073 631 quominus
3120 563 3264 617 serie
3311 561 3568 632 quadam,
3594 570 3652 616 et

2069 659 2265 714 ordine
2293 658 2501 721 omnia,
2522 654 2984 728 quemadmodum
3012 672 3040 709 a
3066 671 3153 711 me
3180 657 3472 710 commissa
3497 665 3647 720 sunt,

2070 751 2339 805 confitear
2365 766 2379 804 :
2406 765 2527 819 qua:
2559 763 2781 803 arenam
2807 748 2998 811 maris,
3037 757 3218 819 guttas
3245 747 3388 802 roris
3414 763 3649 801 numero

2070 843 2327 907 vincunt,
2359 852 2414 897 et
2450 852 2699 903 manent,
2736 851 2792 897 et
2825 843 3066 895 animam
3107 850 3352 896 versant.
3392 839 3547 907 Quod
3604 841 3650 895 si

2071 935 2214 989 forte
2238 935 2291 988 in
2321 935 2640 988 memoriam
2680 934 2925 987 omnium
2951 933 3192 997 rediero,
3217 942 3271 988 et
3299 933 3483 987 animo
3512 934 3652 986 mul-

2075 1026 2365 1081 titudinem
2403 1025 2722 1093 complexus
2754 1024 2936 1089 fuero,
2967 1038 3187 1078 rursum
3229 1032 3426 1087 mstuo,
3453 1034 3510 1077 et
3540 1033 3652 1076 tre.-

2074 1132 2194 1171 tuor
2224 1131 2285 1170 ac
2312 1116 2490 1185 pudor
2523 1130 2610 1169 me
2635 1115 2962 1184 corripiunt.
2997 1112 3388 1169 Confessuram
3418 1115 3647 1182 turpitu-

2074 1209 2223 1264 dinis
2258 1224 2447 1279 opera,
2496 1208 2661 1260 timor
2712 1222 2797 1260 me
2840 1207 3070 1269 invadit,
3103 1216 3157 1260 et
3209 1208 3412 1260 horror
3458 1205 3652 1260 exani-

2074 1311 2206 1357 mat.
2250 1300 2393 1354 lline
2425 1299 2670 1369 impense
2704 1313 2875 1368 angor
2910 1300 2975 1352 ad
3016 1299 3445 1354 declarationem
3474 1300 3655 1353 occul—

2077 1403 2253 1447 tarum
2304 1391 2566 1460 pestium,
2611 1406 2750 1458 quas
2792 1388 3168 1444 infelicissime
3216 1391 3411 1446 tacitas
3446 1390 3650 1444 habui:

2074 1500 2213 1554 quas
2257 1483 2476 1546 diebus,
2511 1482 2901 1549 noctibusque,
2932 1496 3071 1550 quas
3112 1482 3303 1536 volens
3338 1491 3394 1536 et
3442 1482 3654 1535 delibe-

2075 1586 2215 1639 rate,
2264 1590 2402 1644 quas
2448 1574 2636 1628 verbis
2689 1573 3039 1636 voluntariis,
3074 1587 3211 1641 quas
3261 1583 3470 1641 aperte,
3517 1586 3656 1640 quas

2077 1669 2238 1733 clam,
2274 1682 2407 1736 quas
2446 1665 2766 1735 ignoranter
2809 1666 2974 1719 etiam
3009 1664 3343 1735 perpetravi.
3377 1663 3513 1729 Quis
3542 1664 3656 1716 hmo

397 1755 712 1815 meretrice,
735 1752 938 1807 ωιδίἰο
974 1753 1222 1823 prodigo,
1254 1761 1315 1807 ut
1343 1754 1630 1819 Davidem,
1663 1763 1717 1809 et
1748 1756 1973 1810 Petrum
2007 1753 2049 1812 Β
2079 1760 2262 1815 omnia
2292 1758 2526 1812 dixerit?
2559 1758 2685 1826 quis
2718 1772 2818 1826 per
2844 1759 3055 1824 species
3098 1757 3438 1810 enumerari!
3472 1754 3553 1807 "?

397 1860 627 1917 magnos
658 1846 782 1900 illos
822 1858 1048 1911 taceam,
1075 1855 1134 1900 et
1168 1845 1259 1917 (ne
1291 1846 1526 1901 verbosa
1553 1846 1764 1918 videar)
1790 1848 1979 1917 plures

396 1939 814 2009 praetermittam
851 1942 890 1989 ‘.

408 2080 413 2085 .
469 2028 614 2085 Num
644 2029 807 2082 aliam
836 2036 1103 2098 praeterea
1132 2026 1664 2082 demonstrationem
1714 2028 1975 2098 requiris,

398 2137 469 2176 an
501 2136 532 2174 a
562 2135 650 2174 me
678 2119 843 2175 dictis
863 2127 1125 2174 contenta
1147 2135 1228 2183 es,
1250 2135 1319 2173 an
1349 2119 1631 2175 incredula
1659 2134 1742 2185 es,
1762 2130 1818 2175 et
1837 2134 1979 2190 aegre

399 2212 513 2268 fers
557 2211 862 2281 pertinacia
889 2211 1141 2281 quaedam
1177 2210 1485 2265 Hebraical
1843 2211 1847 2215 ’

469 2304 668 2358 Artius.
702 2304 938 2359 Prorsus
988 2302 1175 2358 verbis
1227 2301 1343 2356 tuis
1389 2302 1552 2356 ﬁdem
1586 2302 1787 2358 habeo.
1818 2302 1979 2358 Absit

400 2395 551 2451 cnim
576 2410 608 2448 a
634 2408 740 2455 me.
772 2406 834 2449 ut
862 2404 973 2449 tam
1006 2407 1138 2449 vere
1165 2392 1331 2449 dictis
1377 2392 1540 2447 ﬁdem
1587 2409 1806 2463 negem.
1828 2394 1981 2460 Quo-

403 2486 573 2540 modo
603 2484 749 2538 enim
778 2485 1055 2555 quispiam
1083 2483 1267 2539 adhuc
1307 2483 1597 2549 haesitarit,
1645 2493 1702 2539 et
1751 2486 1979 2541 credere

403 2577 760 2633 detrec-terit?
779 2576 924 2642 Quin
947 2575 1432 2632 vehementissime
1463 2576 1626 2630 dictis
1647 2576 1767 2631 istis
1790 2577 1980 2631 obstu-

404 2669 499 2738 μυί
524 2676 583 2722 et
606 2668 894 2729 cohorrui.
934 2674 991 2721 ct
1048 2665 1232 2720 omnia
1264 2675 1487 2735 peccata
1521 2681 1587 2720 ac
1619 2666 1821 2721 delicta
1857 2682 1978 2723 mea

404 2768 621 2829 reputo.
641 2758 858 2828 Reputo
887 2766 947 2818 ut
971 2756 1071 2815 abs
1098 2766 1153 2812 te
1180 2755 1389 2818 audivi,
1408 2756 1792 2826 judiciumque
1824 2766 1977 2813 tuum

401 2851 724 2918 amplector.
758 2849 953 2903 Dixisti
981 2848 1128 2904 cnim
1156 2845 1303 2915 quod
1331 2848 1627 2914 conducat,
1653 2858 1710 2904 et
1740 2850 1795 2904 in
1823 2864 1981 2905 com-

405 2958 571 2995 mune
603 2942 794 3011 prosit.

1009 3036 1370 3113 cﬁmTXL

402 3176 506 3241 Qui
546 3174 625 3227 hic
659 3181 872 3241 peccata
916 3189 1013 3225 sua
1050 3171 1313 3240 confessus
1344 3187 1446 3223 non
1489 3169 1672 3239 fuerit,
1713 3185 1830 3224 eum
1870 3168 1980 3241 alia

472 3248 556 3299 ria
589 3240 792 3297 salvari
815 3259 919 3294 non
942 3258 1091 3309 posse
1123 3244 1221 3309 μ).
1245 3242 1352 3295 Cur
1372 3241 1529 3293 Petro
1551 3251 1675 3293 ante
1706 3241 1839 3293 alios
1869 3240 1981 3292 cla-

470 3333 556 3368 ves
592 3315 825 3367 traditw.
861 3311 995 3376 Quid
1024 3314 1091 3365 sit
1123 3313 1447 3376 paenitentia.
1471 3309 1718 3364 Notanda
1756 3326 1981 3379 magno-

473 3400 598 3455 pere.
625 3400 741 3455 quia
761 3385 842 3436 hic
865 3383 927 3435 de
951 3381 1271 3451 confessione
1289 3397 1443 3434 sacra
1474 3381 1820 3435 disseruntur.

475 3500 650 3553 Porro
680 3512 766 3551 me
798 3506 998 3566 praeter
1040 3494 1147 3549 alia
1198 3493 1461 3556 hortaris,
1496 3501 1558 3547 ut
1590 3499 1813 3562 peccata
1858 3504 1979 3545 mea

402 3587 789 3661 spiritualibus
830 3587 1084 3642 Patribus
1112 3584 1458 3649 annuutiem,
1485 3583 1686 3653 quibus
1716 3597 1811 3638 me
1841 3592 1898 3638 et
1928 3590 1983 3636 te

404 3681 636 3745 fmdavi,
669 3688 725 3734 et
755 3695 852 3750 pro
895 3680 1247 3735 absolutione
1290 3692 1356 3732 ea
1397 3676 1682 3732 confitear.
1716 3674 1848 3730 Mihi
1879 3690 1980 3729 au-

488 3798 536 3827 "
572 3794 710 3849 Psal.
743 3811 837 3861 νη,
873 3795 959 3849 1⁸5.

2150 1852 2216 1906 Ει
2279 1852 2471 1905 tertius
2528 1851 2696 1903 timor
2749 1865 2835 1903 me
2887 1850 3132 1911 incessit,
3186 1862 3253 1901 ne
3294 1862 3418 1901 cum
3468 1852 3643 1899 totum

2078 1946 2292 2007 dixero,
2354 1942 2479 1998 aliis
2520 1942 2586 1995 ad
2632 1942 2934 2011 perniciem
2978 1948 3030 1995 et
3089 1938 3406 1994 scandalum
3449 1937 3651 2000 dicam,

2078 2038 2389 2105 iterumque
2423 2034 2696 2105 judicium
2750 2033 2904 2087 velut
2947 2046 2975 2084 a
3017 2030 3178 2084 nobis
3222 2029 3480 2099 incipiat:
3534 2041 3654 2080 ma-

2026 2190 2031 2195 ,
2077 2131 2303 2199 lumque
2332 2136 2642 2192 revertens,
2678 2124 2734 2179 in
2763 2132 2927 2194 caput
2961 2136 3143 2177 meum
3177 2120 3408 2176 recidat.
3433 2119 3651 2174 Etenim

2078 2222 2123 2276 si
2165 2220 2289 2289 quis
2336 2234 2367 2272 e
2413 2217 2577 2285 vulgo
2629 2217 2894 2269 aberrans
2948 2212 3279 2283 peccaverit,
3342 2211 3409 2266 ad
3469 2210 3649 2280 ipsum

2079 2312 2257 2366 solum
2307 2307 2569 2361 damnum
2622 2300 2918 2368 redundat,
2965 2304 3224 2373 quoniam
3261 2303 3353 2371 qui
3386 2300 3651 2371 peccavit,

2080 2403 2134 2457 in
2167 2400 2445 2455 communi
2482 2400 2655 2453 latere
2690 2406 2891 2468 potest.
2940 2397 3010 2449 At
3056 2395 3101 2450 si
3138 2395 3262 2463 quis
3298 2402 3441 2447 statu
3476 2392 3652 2447 subli-

2078 2496 2239 2558 mior,
2287 2500 2342 2546 et
2390 2492 2648 2545 sacerdos
2710 2487 3028 2557 deliquerit,
3084 2487 3288 2541 malum
3339 2483 3408 2538 ad
3462 2497 3655 2538 omnes

2079 2583 2449 2641 communiter
2494 2581 2754 2650 pertinet.
2806 2579 3041 2647 Insuper
3098 2575 3288 2640 timeo,
3342 2585 3399 2627 et
3452 2570 3655 2642 pudori

2081 2677 2215 2733 mihi
2242 2684 2327 2730 est
2357 2673 2501 2744 apud
2530 2681 2787 2727 sanctum
2809 2672 2992 2726 virum
3018 2676 3210 2740 aperte
3231 2665 3451 2721 edicere
3473 2663 3657 2733 turpia

2081 2769 2309 2840 ﬂagitia.

2146 2859 2314 2916 Cano.
2360 2858 2508 2913 Nihil
2563 2865 2647 2912 est
2692 2856 2937 2926 penitus,
2987 2870 3088 2908 cur
3132 2852 3416 2907 lormides.
3468 2849 3660 2914 Quano

2080 2968 2244 3022 quam
2276 2950 2420 3005 enim
2449 2957 2607 3018 pater
2636 2957 2743 3012 est,
2775 2949 3108 3016 cuipeccata
3134 2941 3437 3007 conﬁteris,
3471 2948 3655 2993 tamen

2082 3052 2136 3098 et
2169 3044 2282 3112 ipse
2313 3051 2508 3096 natura
2545 3041 2711 3093 homo
2742 3047 2845 3100 est,
2886 3037 3097 3107 tibique
3139 3051 3325 3098 carne,
3356 3030 3654 3101 et‘spiritu

2085 3134 2325 3189 similis:
2353 3133 2456 3187 etsi
2490 3132 2695 3199 aliOqui
2736 3130 2863 3184 vita:
2899 3127 3231 3191 rationibus,
3279 3122 3653 3179 familiaritate

2082 3243 2205 3283 cum
2244 3228 2374 3290 Deo,
2422 3233 2482 3278 ut
2521 3223 2744 3277 virtutis
2790 3221 2991 3283 cultor,
3043 3219 3212 3272 distet
3243 3218 3340 3270 abs
3388 3223 3441 3268 te
3485 3211 3659 3281 pluri-

2084 3335 2256 3374 nmm.
2292 3319 2355 3373 In
2399 3315 2732 3378 humilitate,
2770 3313 2825 3365 in
2878 3309 3212 3366 contritione
3252 3305 3437 3361 cordis
3479 3312 3531 3357 te
3587 3299 3657 3353 ad

2084 3408 2252 3477 pedes
2303 3406 2424 3474 ejus
2467 3403 2666 3472 abjiee,
2703 3403 2772 3456 ab
2821 3402 2935 3455 imo
2988 3407 3213 3469 pectore
3259 3395 3453 3457 clama,
3498 3394 3655 3458 inge-

2086 3496 2280 3559 misce,
2313 3503 2692 3563 quantumque
2726 3499 2885 3561 potes
2920 3501 3147 3544 recense
3176 3482 3386 3539 omnia.
3418 3480 3496 3535 Ne
3525 3492 3656 3532 cou-

2088 3587 2344 3650 fundare,
2372 3602 2441 3641 ne
2470 3584 2821 3656 perturbere,
2855 3598 2924 3638 ne
2950 3579 3290 3637 concutiare.
3315 3576 3446 3643 Quae
3468 3572 3657 3628 clausa

2088 3679 2280 3743 habes,
2306 3680 2623 3748 patefacito,
2661 3688 2717 3734 et
2746 3678 2959 3732 diutius
2992 3686 3177 3729 tacere
3208 3671 3342 3726 noli.
3369 3668 3546 3738 Opera
3574 3673 3658 3719 te-

1651 3883 1866 3945 Jacobi
1908 3885 2184 3950 Gretseri
2225 3897 2410 3951 notae.

477 4017 553 4085 (4)
592 4014 771 4070 Locus
798 4012 1028 4069 illustris
1058 4008 1543 4085 pro_co_t_i_lcssione
1563 4009 1884 4085 auriculari,
1916 4010 1985 4066 de

399 4079 510 4154 qua
534 4079 692 4154 longe
717 4085 913 4138 melius
932 4079 1150 4154 disserit
1169 4080 1474 4154 Philippus,
1512 4079 1743 4154 Dioptra:
1763 4097 1984 4154 parens,

401 4151 568 4222 quam
600 4151 864 4209 Jereniias
895 4152 1203 4222 patriarcha
1242 4151 1885 4222 Constantinopolitanus
1930 4153 1983 4204 in

403 4221 506 4279 Sua
539 4225 779 4278 Censura
810 4221 931 4291 cap.
969 4223 1052 4286 ll,
1083 4224 1174 4276 ubi
1214 4224 1290 4275 ait
1329 4221 1493 4285 :Qutc
1512 4232 1687 4276 autem
1722 4224 1986 4290 (peccata)

406 4311 503 4362 per
530 4294 861 4357 oblivionem,
904 4294 981 4346 vel
1012 4294 1177 4347 animi
1224 4291 1476 4361 pudorem
1516 4291 1755 4359 conﬁteri
1787 4293 1987 4360 (paeni-

2082 4017 2436 4084 prce-peditus,
2489 4018 2723 4073 omittat.
2778 4012 3138 4071 Probationes
3180 4021 3303 4084 quae
3350 4003 3662 4084 atl'eruptpr

2081 4071 2146 4139 ex
2177 4071 2353 4139 V'eteri
2376 4071 2746 4147 Testamento.
2797 4084 3038 4139 rationes
3066 4071 3313 4148 quiet—lam
3334 4071 3664 4148 probabiles

2080 4165 2227 4214 sunt.
2270 4156 2459 4223 quales
2489 4140 2748 4209 nimirum
2772 4170 2836 4208 ex
2866 4140 3221 4223 ﬁgurisjlttci
3270 4140 3470 4223 solent.
3499 4140 3663 4223 ‘lfege

2082 4224 2149 4277 de
2192 4212 2301 4277 hoc
2340 4234 2787 4292 argumentorum
2829 4212 3036 4292 genere
3067 4216 3455 4292 Bellarminum
3497 4212 3577 4292 lib
3615 4225 3661 4292 _It

2085 4292 2160 4345 De
2182 4279 2505 4362 ρωιιίῑεηῖὶιι,
2530 4310 2649 4362 cap.
2689 4294 2741 4347 5.
2794 4279 2882 4346 Sic
2917 4303 2972 4344 et
3017 4287 3216 4362 [sideri
3274 4283 3547 4362 sententia
3576 4279 3666 4362 .de

408 4350 611 4432 ientes)
655 4350 945 4418 omiserint.
994 4350 1269 4432 precamur
1323 4362 1465 4429 pium
1506 4370 1553 4413 et
1602 4350 1994 4432 misericordeur
2083 4350 2427 4417 coniessionc
2456 4350 2806 4432 peccatorum
2843 4362 3114 4432 baptismo
3144 4356 3374 4412 Joannis
3403 4350 3663 4432 prremitti

412 4427 601 4488 licunt.
639 4443 693 4485 ut
722 4442 766 4485 et
795 4436 903 4485 ha’c
927 4427 1040 4491 ipsa
1071 4430 1230 4483 simul
1259 4427 1378 4483 cum
1411 4434 1609 4483 veteris
1641 4427 1746 4483 illis
1788 4430 1980 4482 condo~

2086 4442 2348 4486 consueta
2372 4423 2492 4501 plu's
2514 4450 2613 4488 nec
2635 4434 2857 4495 evincit,
2892 4423 2993 4485 nec
3024 4429 3281 4501 evincere
3303 4423 3662 4501 cupitrqunam

407 4520 541 4556 nare
592 4505 734 4564 velit,
786 4490 1196 4571 conﬁdimusque
1234 4516 1326 4571 eos
1364 4500 1553 4571 talium
1594 4502 1755 4571 etiam
1801 4517 1833 4571 α
1878 4499 1986 4552 Deo
2020 4501 2062 4553 D
2091 4490 2488 4557 confessionem
2522 4504 2665 4558 illam
2693 4490 2861 4557 fuisse
2896 4498 3185 4571 quemdam
3224 4490 3411 4571 typum
3450 4490 3664 4570 confes-

406 4575 616 4626 t‘eniam
643 4581 1023 4625 consecraturos.
1057 4569 1123 4624 Et
1151 4570 1371 4638 quidem
1395 4569 1542 4638 quod
1567 4574 1631 4622 a.l
1650 4569 1983 4622 oblivionem

405 4646 627 4706 attinet,
663 4658 825 4696 nemo
856 4641 905 4694 id
958 4641 1254 4694 inticiatur.
1301 4640 1371 4693 De
1403 4639 1631 4709 pudore.
1689 4638 1795 4692 alia
1847 4639 1987 4692 ratio

406 4713 691 4781 estzquia
740 4710 1012 4766 confessio
1053 4710 1215 4763 debet
1267 4724 1387 4781 esse
1449 4709 1681 4777 integra,
1734 4717 1796 4762 ut
1841 4719 1985 4762 recte

403 4780 595 4835 etiam
619 4784 833 4852 ltioptra
864 4781 1240 4844 demonstrat;
1275 4780 1482 4848 integra
1516 4790 1698 4852 autem
1732 4794 1840 4831 non
1874 4786 1986 4852 est,

407 4858 453 4906 si
495 4854 620 4921 quis
672 4847 892 4922 peccata
938 4865 1175 4920 quorum
1224 4847 1435 4903 memor
1467 4858 1571 4911 est,
1610 4848 1728 4902 solo
1778 4847 1988 4916 pudore

2093 4572 2264 4626 sionis
2299 4581 2497 4626 nostra:
2540 4560 2973 4633 sacrainentalis,
3016 4579 3077 4622 ut
3121 4568 3263 4621 idem
3285 4560 3666 4636 'Bellariuiuus

2094 4644 2371 4712 copiosius
2402 4645 2659 4708 ostendit,
2691 4645 2782 4712 qui
2820 4644 2934 4696 fere
2962 4629 3175 4712 omnes
3198 4639 3346 4689 locos
3386 4629 3665 4712 εις-νερειτὶ

2093 4702 2441 4767 Testamento
2491 4730 2588 4783 pro
2640 4702 2981 4783 confessione
3028 4726 3059 4764 a
3112 4708 3332 4783 Dioptra
3380 4702 3665 4759 adductos,

2092 4784 2305 4852 egregie
2331 4784 2398 4836 ab
2439 4780 2819 4838 hritreticorum
2853 4780 3011 4851 nugis
3040 4780 3254 4834 asserit.

1905 4963 2175 5026 Scholia.

488 5070 503 5089 '
549 5066 766 5121 Virtutis
810 5068 970 5133 enim,
1007 5076 1055 5120 et
1098 5066 1350 5119 bonitatis
1401 5066 1612 5120 comites
1662 5074 1784 5118 sunt
1841 5064 1994 5119 volu-

406 5146 530 5209 ptas
573 5139 777 5209 animi.
815 5148 862 5191 ct
921 5138 1178 5209 gaudium
1215 5153 1233 5190 :
1282 5139 1401 5209 vitii
1467 5143 1644 5189 autem
1693 5145 1745 5209 et
1792 5137 1992 5205 peccati

405 5206 674 5271 rerumne,
702 5206 936 5278 afﬂictio,
966 5207 1207 5278 ploratus
1224 5249 1240 5272 ,
1263 5208 1550 5270 cruciatus,
1576 5206 1845 5278 mmstitia.

482 5284 519 5301 "
553 5275 1005 5341 Qucum-dmodum
1041 5279 1095 5329 in
1133 5280 1276 5338 navi,
1309 5279 1354 5331 si
1377 5285 1541 5330 nauta
1565 5275 1852 5346 offenderit,
1879 5290 1993 5327 vec-

406 5348 610 5401 toribus
642 5364 831 5417 purum
852 5359 1033 5414 nocet;
1062 5349 1109 5399 si
1138 5348 1481 5416 gubernator,
1511 5361 1787 5400 commune
1821 5346 1992 5397 omni-

404 5422 502 5471 bus
544 5420 761 5470 exitium
802 5420 957 5489 affert
984 5435 1003 5472 :
1043 5420 1119 5489 ita
1144 5420 1472 5472 subditorum
1497 5417 1697 5487 lapsus.
1730 5431 1834 5489 non
1875 5425 1984 5466 tam

405 5488 883 5558 communi,quam
910 5488 1161 5558 privatim
1201 5504 1354 5543 suum
1388 5489 1573 5557 cuique
1609 5488 1983 5558 detrimentum

406 5559 657 5628 afferunt.
680 5553 1021 5612 sacerdotum
1046 5571 1168 5610 vero
1199 5559 1265 5611 ad
1298 5553 1824 5628 omnes’pcrveniunt,
1854 5553 1987 5628 mul-

408 5626 567 5748 tq‘qzc
608 5628 822 5682 illorum
884 5646 1043 5698 quam
1089 5630 1440 5698 profanorum
1497 5626 1702 5681 delicta
1753 5626 1985 5679 seuerius

408 5714 495 5748 vm
541 5707 729 5748 tCltluI'.

407 5707 729 5751 vtttdtCttlur.

2166 5068 2240 5122 De
2267 5069 2562 5122 tractandis
2604 5075 2780 5119 autem
2823 5062 3184 5134 peccatoribus
3213 5061 3287 5111 sic
3316 5059 3576 5134 scriptum
3594 5066 3667 5111 est

2094 5138 2157 5192 ab
2198 5141 2438 5192 Isidoro:
2483 5158 2499 5187 ι
2534 5137 2721 5189 Medici
2746 5131 3185 5193 excellentissimi,
3230 5131 3667 5197 cum‘quempiam

2093 5212 2236 5262 nacti
2271 5209 2467 5278 fuerint
2497 5206 2777 5278 oppletum
2807 5204 3141 5278 uulneribus,
3180 5211 3385 5278 tantum
3431 5199 3478 5252 ei
3507 5216 3668 5278 cura:

2091 5271 2346 5332 tionis'ct
2393 5271 2662 5331 medicina:
2711 5274 2975 5340 adhibent,
3026 5285 3281 5345 quantum
3322 5271 3455 5324 vires
3499 5271 3671 5339 affecti

2090 5351 2389 5416 patiuntur,
2428 5365 2509 5412 ne,
2544 5348 2668 5399 dum
2699 5345 2919 5398 vulnera
2949 5342 3143 5398 sanare
3174 5342 3374 5416 volunt,
3398 5352 3660 5416 (egrotan-

2093 5413 2196 5472 tem
2232 5424 2476 5489 perdant.
2527 5416 2785 5489 Magnum
2812 5431 2995 5489 revera
3044 5425 3117 5467 est
3151 5413 3666 5489 aliquoddelictum,

2092 5499 2139 5542 et
2169 5485 2484 5553 impunitate
2510 5485 2684 5558 majus
2717 5501 2735 5541 :
2767 5487 2879 5558 ideo
2907 5488 3197 5556 increpatio
3241 5485 3551 5537 adhibeatur
3575 5497 3673 5558 pro

2094 5558 2396 5629 supplicio:
2428 5556 2797 5612 renia'autem
2848 5557 3003 5611 detur
3054 5559 3313 5619 celeriter,
3356 5564 3410 5606 ut
3460 5556 3670 5606 morbus

2097 5632 2162 5684 ad
2190 5634 2473 5682 sanitatem
2495 5631 2761 5697 procedat.
