4122 6212
521 294 629 361 ’113

1763 284 2113 347 PHILIPPI
2149 280 2548 345 SOLITARII

3672 273 3775 339 γα

524 405 826 459 nebrarum
856 401 911 458 in
946 399 1124 455 lucem
1156 397 1364 469 profer,
1397 405 1457 453 ut
1483 396 1554 454 de
1595 405 1796 454 cmtero
1837 399 1894 453 in
1943 407 2101 453 tene—
2126 403 2180 465 Α
2204 395 2309 452 sibi
2343 393 2792 466 obsequentium,
2836 392 2932 449 sed
2964 392 3130 448 Petro
3162 389 3532 461 potissimum.
3563 392 3660 462 qui
3695 402 3779 446 ter

525 494 644 548 bris
672 497 1022 563 peccatorum
1054 503 1119 543 ne
1146 487 1416 542 ambules.
1444 486 1685 550 Etenim,
1715 485 1820 542 etsi
1845 495 2098 542 naturam

525 587 826 642 humanam
855 582 1110 653 gesserit,
1142 580 1612 651 quemadmodum
1643 581 1788 650 gerit
1833 580 1880 635 is
1919 580 2010 635 cui
2043 589 2101 634 tu

525 676 888 748 cogitationes
939 683 1059 730 tuas
1103 673 1362 729 enuntias
1408 685 1465 728 et
1522 672 1862 737 committis,
1920 681 2102 726 tamen

528 769 792 824 Dominus
818 774 951 823 tunc
982 766 1364 837 inaspectabili
1386 765 1550 822 modo
1574 779 1838 836 praesens,
1862 764 2103 827 veniam,

525 871 581 917 et
611 860 1016 916 absolutionem
1049 858 1296 930 impertit
1319 863 1357 914 '.

600 953 822 1007 Imitare
861 961 1210 1005 mansuetum
1241 948 1526 1011 Davidem,
1563 963 1746 1020 regem
1777 955 1834 1002 et
1862 947 2110 1018 prophe-

525 1055 634 1098 tam
670 1063 684 1099 :
724 1063 742 1096 ι
775 1042 1007 1100 Peccavi
1038 1043 1271 1098 Domino
1309 1060 1327 1093 ι
1361 1042 1560 1096 clamat
1591 1057 1658 1096 ex
1685 1041 1796 1096 imo
1821 1039 2012 1096 corde.
2040 1039 2109 1095 Et

527 1152 654 1191 mox
707 1137 905 1203 audit;
962 1155 980 1188 ‹
1046 1135 1115 1191 Et
1162 1135 1429 1190 Dominus
1492 1133 1771 1187 transtulit
1826 1141 2109 1204 peccatum

531 1240 684 1283 tuum
724 1229 793 1293 “,
862 1248 881 1281 ι
941 1227 1192 1284 Nathane
1239 1226 1429 1281 divino
1483 1224 1787 1296 prudenter
1844 1223 1976 1279 huic
2030 1224 2108 1278 rei

534 1322 942 1377 subserviente.
1002 1320 1282 1391 Scriptum
1347 1328 1436 1374 est
1486 1334 1560 1372 ει
1628 1318 1727 1372 Dic
1760 1325 1817 1372 tu
1868 1317 2111 1384 primum

536 1412 862 1482 iniquitates
906 1421 1052 1480 tuas,
1094 1421 1157 1466 ut
1202 1411 1524 1484 justillceris
1565 1410 1632 1462 “.
1671 1429 1690 1461 ι
1731 1409 1813 1463 An
1857 1407 2006 1464 enim
2064 1406 2112 1463 si

532 1513 592 1558 tu
631 1505 818 1559 dicere
874 1505 1054 1567 nolis,
1098 1504 1366 1558 Dominus
1406 1517 1502 1558 eas
1533 1517 1642 1557 non
1687 1500 1874 1556 videt!
1917 1501 1984 1555 Et
2016 1500 2113 1571 qui

530 1595 776 1660 tandem,
803 1595 896 1664 qui
932 1595 1099 1660 videt,
1135 1605 1192 1649 et
1219 1594 1514 1665 praenoscit
1552 1591 1777 1648 omnia?
1800 1591 1902 1659 Qui
1931 1601 2114 1647 tamen

533 1701 644 1749 non
689 1687 895 1756 absque
953 1686 1162 1756 pudore
1217 1683 1550 1754 tcmporario
1597 1695 1651 1738 te
1696 1698 1733 1750 _a
1783 1681 1972 1737 futuro
2009 1697 2114 1753 pu-

2203 504 2330 545 eum
2359 495 2677 560 negaverat,
2703 487 2888 542 claves
2925 485 3045 540 illas
3072 483 3327 540 caelestes
3349 481 3544 538 dedit:
3571 491 3634 537 ut
3664 483 3780 549 ille,

2205 583 2250 638 si
2299 583 2438 638 alios
2489 580 2755 651 deinceps
2801 579 3090 644 cecidisse,
3147 586 3203 633 et
3247 591 3347 648 per
3399 575 3784 647 paenitentiam

2207 674 2576 746 pulcherrime
2641 686 2951 743 resurgere,
3001 670 3366 742 Iacrymisque
3407 669 3652 724 maculas
3688 667 3787 722 ab-

2208 767 2385 830 luere,
2414 776 2470 822 et
2501 765 2772 820 violenter
2817 779 3044 836 regnum
3093 777 3394 833 supernum
3444 776 3639 831 rapere
3688 775 3788 815 au-

2209 857 2374 922 diret,
2407 857 2702 912 verborum
2729 855 2947 911 Domini
2991 853 3058 909 ad
3094 869 3174 920 se,
3201 862 3256 910 et
3287 851 3570 924 quomodo
3597 852 3786 907 statim

2210 951 2526 1015 cecidisset,
2568 951 2846 1006 cribratus
2869 957 2930 1004 ut
2957 948 3224 1014 triticum,
3256 962 3491 1014 memor,
3522 954 3580 1002 et
3601 961 3794 1001 exem-

2211 1044 2303 1114 plo
2328 1042 2396 1097 ad
2425 1042 2864 1113 eompassionem
2894 1041 3224 1112 promptior,
3255 1041 3425 1114 lapsis
3476 1043 3793 1110 iterumque

2211 1150 2270 1190 se
2304 1134 2670 1205 erigentibus,
2723 1133 2843 1189 sine
2895 1133 3170 1201 molestia,
3215 1149 3281 1190 ac
3321 1145 3576 1206 prompte
3617 1136 3792 1191 coele-

2213 1237 2350 1284 stem
2380 1228 2604 1298 januam
2640 1229 3020 1283 reseraret‘“.

2283 1320 2484 1374 ANIIA.
2515 1317 2704 1374 Gloria
2743 1319 2856 1374 Deo
2885 1333 3032 1384 meo,
3055 1318 3231 1390 gloria
3261 1318 3485 1376 Christo
3512 1338 3658 1387 meo,
3689 1341 3795 1380 cuo

2211 1413 2300 1485 jus
2355 1411 2651 1468 clementia
2706 1419 2765 1468 et
2816 1411 3080 1484 patientia
3132 1413 3378 1469 nondum
3448 1415 3604 1474 adest
3669 1418 3796 1475 linis

2216 1509 2466 1564 ultimus.

2500 1599 2773 1666 Quoniam
2821 1599 2991 1670 igitur
3032 1600 3195 1672 plene
3223 1600 3490 1668 didicisti,
3523 1617 3692 1674 quam
3722 1602 3799 1658 oh
3826 1557 3835 1574 .

2217 1705 2440 1746 causam
2499 1688 2758 1744 Christus
2805 1688 3030 1745 Petrum
3086 1690 3370 1746 tradendis
3440 1693 3491 1748 ei
3543 1692 3802 1749 clavibus

536 1775 673 1832 dore
719 1777 944 1832 liberari
997 1777 1135 1831 vult.
1187 1775 1389 1831 Fidelis
1434 1784 1520 1832 est
1557 1774 1825 1830 Dominus
1859 1791 1873 1827 ε
1912 1774 1958 1828 si
1994 1783 2118 1828 lan—
2153 1780 2193 1836 Β
2221 1781 2448 1851 majoris
2468 1780 2776 1844 aestimarit,
2810 1783 2864 1836 in
2891 1795 3070 1851 eoque
3103 1781 3243 1837 alios
3277 1796 3471 1838 omnes
3493 1782 3804 1854 discipulos

536 1868 822 1923 tummodo
867 1868 1124 1923 enunties
1182 1876 1406 1938 peccata
1465 1875 1584 1932 tua,
1651 1880 1813 1921 omne
1867 1865 2115 1920 debitum

533 1963 776 2016 dimittet
807 1962 930 2027 tibi,
957 1961 1102 2016 sicut
1132 1961 1270 2016 dixit
1303 1978 1317 2015 :
1356 1976 1481 2015 nam
1515 1959 1662 2030 quod
1709 1957 2116 2023 manil‘estatur,

533 2055 698 2109 etiam
730 2054 821 2108 lux
858 2063 944 2108 est
977 2052 1303 2109 manifeste:
1341 2071 1361 2104 ι
1397 2051 1752 2107 Conﬁtemini
1787 2050 2118 2106 alterutrum

534 2154 760 2213 peccata
813 2153 1018 2208 vestra,
1076 2151 1133 2199 et
1166 2153 1321 2199 orate
1364 2159 1467 2214 pro
1516 2141 1776 2208 invicem,
1827 2149 1888 2197 ut
1941 2142 2120 2198 salve-

536 2232 671 2288 mini
804 2253 824 2286 ι

615 2343 634 2376 σ
669 2324 865 2380 Adhuc
898 2332 950 2380 te
993 2324 1289 2390 clamante,
1325 2340 1455 2382 ecce
1485 2325 1684 2381 adsum
1720 2322 1790 2391 ⁸⁸,
1831 2342 1850 2376 ι
1888 2322 1968 2378 ait
1994 2323 2118 2388 tibi,

536 2423 594 2470 et
628 2417 915 2486 praevenit.
943 2415 1201 2472 Christus
1224 2417 1370 2472 Deus
1393 2416 1801 2488 appropinquat
1830 2414 1899 2471 iis
1922 2415 2117 2485 magis,

537 2506 632 2575 qui
663 2507 714 2561 ei
743 2506 971 2561 student
1009 2521 1132 2562 esse
1181 2507 1440 2578 proximi.
1479 2506 1688 2562 Fidelis
1717 2517 1802 2562 est
1849 2505 2120 2561 Dominus

540 2593 596 2648 in
627 2595 815 2650 verbis
867 2603 926 2650 et
968 2597 1022 2650 in
1052 2595 1317 2666 Operibus
1354 2597 1490 2652 suis.
1524 2595 1646 2652 Alia
1676 2597 1762 2650 via
1795 2595 1930 2650 mihi
1961 2593 2119 2650 beni-

539 2687 803 2756 gnitatem
851 2686 1072 2742 Domini
1118 2686 1435 2756 considera,
1487 2703 1595 2759 qua
1637 2688 2000 2760 peccantibus
2031 2687 2118 2758 ja-

539 2791 706 2831 uuam
753 2777 931 2847 aperit
981 2796 996 2833 :
1055 2794 1167 2833 non
1205 2777 1355 2832 enim
1404 2779 1560 2848 regni
1624 2780 1891 2835 caelorum
1944 2778 2124 2832 claves

540 2867 703 2922 alteri
766 2867 1016 2936 tradidit,
1069 2884 1236 2940 quam
1289 2869 1502 2925 Simoni
1550 2870 1739 2936 Petro,
1794 2869 1892 2941 qui
1943 2869 2122 2941 ipsum

540 2969 962 3029 pernegaverat.

2217 1875 2568 1948 praeterierit,
2611 1875 3011 1945 viriliter‘age,
3061 1891 3133 1931 ne
3187 1876 3352 1932 cadas
3399 1876 3604 1933 animo.
3645 1877 3804 1932 Petri

2217 1968 2529 2038 exemplum
2569 1968 2670 2024 tibi
2719 1982 2991 2039 propone,
3047 1968 3142 2038 qui
3201 1969 3341 2023 nihil
3392 1967 3660 2042 neglexit,
3695 1984 3807 2026 nec

2219 2057 2488 2114 dissolute
2509 2059 2623 2129 egit
2649 2099 2665 2125 ,
2698 2073 2803 2114 nec
2831 2073 2950 2113 rem
2989 2059 3304 2114 cunctando
3329 2060 3757 2130 procrastinavit
3783 2099 3802 2124 ,

2219 2164 2402 2220 neque
2455 2159 2682 2221 propter
2733 2149 2995 2206 delictum
3061 2150 3330 2206 socordiae
3385 2151 3651 2218 indulsit,
3699 2167 3808 2208 nec

2223 2241 2474 2298 dolorem
2523 2241 2866 2313 postliabuit,
2910 2257 3023 2313 quo
3083 2242 3260 2298 multo
3302 2251 3423 2298 erat
3454 2257 3597 2313 opus
3638 2241 3712 2297 ob
3747 2242 3804 2297 id

2221 2336 2382 2407 cujus
2407 2335 2583 2406 gratia
2614 2350 2644 2390 a
2673 2334 2878 2390 divinis
2905 2334 3102 2404 septis,
3133 2345 3191 2390 et
3224 2349 3254 2390 a
3284 2343 3440 2404 parte
3469 2323 3675 2391 Christi
3709 2333 3805 2388 illa

2222 2426 2584 2483 desiderabili
2606 2427 2855 2498 abjectus
2884 2436 3026 2483 erat.
3057 2427 3163 2484 Sed
3187 2427 3476 2484 celerrime
3500 2427 3567 2482 ad
3592 2427 3808 2484 sanita-

2224 2527 2333 2575 tem
2371 2534 2651 2583 reversus.
2686 2528 2743 2574 et
2770 2519 2974 2575 malum
2999 2535 3159 2575 suum
3195 2534 3554 2592 cognoscens,
3590 2526 3651 2574 ut
3680 2535 3811 2575 cor-

2227 2609 2414 2675 datus,
2459 2617 2521 2663 ut
2567 2617 2847 2674 constans,
2886 2619 2947 2665 ut
2987 2609 3162 2666 ﬁdens
3202 2609 3372 2666 animi
3425 2609 3604 2671 miles.
3652 2609 3808 2664 lucta

2231 2700 2591 2757 instauranda
2638 2701 2907 2757 victorem
2931 2717 3092 2758 suum
3116 2703 3286 2759 vicit:
3319 2710 3377 2758 et
3408 2701 3501 2774 qui
3536 2702 3810 2759 adversus

2223 2805 2283 2847 se
2330 2791 2727 2857 insurrexerat,
2763 2805 2890 2848 eum
2933 2796 3230 2864 prostravit
3268 2810 3283 2848 :
3320 2809 3447 2849 nam
3484 2809 3593 2865 qua
3635 2803 3805 2850 nocte

2224 2883 2446 2951 cecidit,
2475 2885 2668 2940 eadem
2689 2885 2995 2942 resurrexit
3017 2886 3129 2940 ““.

2293 2973 2376 3030 Ne
2411 2973 2646 3045 proinde
2677 2983 2960 3041 cunctare,
2990 2975 3086 3030 sed
3111 2989 3276 3045 quam
3297 2975 3468 3030 habes
3493 2973 3804 3044 inconspe-

613 3051 807 3106 Aanu.
832 3050 951 3118 Quo
976 3052 1207 3124 judicio,
1251 3052 1453 3125 quibus
1499 3053 1808 3110 rationibus
1851 3054 2125 3112 adductus
2156 3129 2192 3140 _
2227 3077 2316 3125 ειη
2348 3069 2521 3132 viam,
2555 3069 2866 3140 ingredere,
2902 3069 3050 3126 vade
3085 3068 3255 3135 viam,
3289 3085 3412 3139 qua,
3443 3079 3495 3124 ιε
3527 3068 3596 3122 ad
3625 3069 3806 3138 ρωηῖ.

544 3150 654 3206 est,
687 3150 747 3195 ut
781 3142 832 3196 id
865 3143 1074 3198 faceret
1097 3183 1113 3208 ,
1163 3153 1220 3199 et
1249 3159 1350 3199 cur
1385 3158 1496 3200 non
1539 3158 1632 3200 eas
1670 3143 1894 3211 dilecto,
1927 3160 1992 3200 ac
2016 3146 2122 3200 vir-

2231 3162 2415 3218 tcntiae
2439 3129 2792 3217 altitudinem
2835 3161 3010 3219 ducit.
3040 3162 3126 3224 Et,
3159 3159 3206 3216 si
3237 3129 3410 3227 cadis,
3453 3129 3716 3232 resurge;
3753 3161 3799 3216 si

545 3231 684 3300 gini,
717 3247 818 3286 cur
862 3249 972 3288 non
1017 3235 1189 3289 cbaro
1215 3235 1374 3289 fratri
1428 3233 1676 3300 tradidit,
1727 3235 1933 3292 Jacobo
1971 3237 2124 3292 vide-

544 3320 695 3383 licet,
726 3331 824 3376 aut
849 3323 969 3394 ejus
1001 3323 1350 3395 cognomini?
1393 3325 1579 3392 Petro,
1617 3327 1714 3397 qui
1739 3326 1920 3398 ipsum
1950 3343 2115 3399 nega-

554 3422 730 3476 verat,
757 3427 852 3469 eas
875 3415 1194 3472 committit.

615 3525 782 3582 Caro.
821 3529 978 3583 Disce
1010 3528 1178 3600 igitur
1227 3532 1500 3586 rationem
1531 3531 1654 3602 ejus
1689 3532 1840 3602 quod
1895 3532 2133 3589 interro-

544 3637 660 3694 gas.
688 3621 758 3677 Et
786 3637 854 3678 ex
885 3637 954 3678 eo
984 3639 1205 3678 rursum
1232 3610 1414 3680 'Verbi
1453 3623 1879 3694 propensionem
1917 3624 1984 3678 ad
2016 3623 2124 3677 mi-

546 3709 929 3775 sericordiam,
992 3711 1345 3766 clementiam
1403 3711 1764 3777 ineﬂ'abilem,
1819 3712 2126 3767 miseratio-

548 3819 682 3858 num
717 3802 1155 3868 multitudinem,
1187 3804 1394 3874 quibus
1422 3819 1552 3874 erga
1579 3805 1764 3874 lapsos
1803 3804 2000 3870 utitur,
2032 3803 2127 3873 qui

546 3904 631 3950 cst
672 3906 870 3950 natura
915 3895 1484 3962 misericordissimus,
1520 3911 1811 3967 cognosce.
1865 3896 1934 3952 Ut
1961 3896 2114 3952 enim

551 3987 734 4057 lapsos
761 3987 1080 4058 lapsurosve
1114 3969 1412 4058 aliquando
1438 3988 1704 4043 liberaret
1754 3997 1813 4044 et
1854 3987 1921 4044 ad
1948 3989 2128 4060 paeni-

555 4078 784 4135 tentiam
830 4095 898 4135 ex
949 4079 1168 4146 timore,
1219 4081 1558 4146 turbatione,
1589 4092 1647 4137 et
1691 4089 1928 4138 tremore
1957 4097 2022 4137 ae
2061 4082 2132 4137 ti-

553 4170 804 4230 miditate
858 4171 1226 4229 animosiores
1279 4172 1562 4240 reddhret,
1606 4189 1717 4229 non
1767 4173 1926 4230 alteri
1963 4173 2129 4230 alicui

633 4277 680 4310 "
726 4280 772 4336 ll
797 4282 930 4354 Reg.
954 4285 1161 4350 “1,15.
1252 4285 1299 4319 “
1325 4286 1600 4354 Isa.xt.m,
1631 4289 1687 4346 9.
1749 4290 1794 4323 ⁸⁷
1822 4289 1936 4346 Jac.
1952 4288 2112 4357 v,16.

2227 3254 2466 3317 dormis,
2512 3253 2917 3324 expergiscere,
2957 3253 3416 3324 propositumque
3447 3267 3513 3307 ac
3556 3253 3813 3308 volunta-

2230 3355 2341 3402 tem
2371 3353 2524 3402 muta
2567 3346 2620 3401 in
2652 3345 2872 3407 melius.
2911 3356 2970 3401 et
3001 3344 3221 3400 veniam
3262 3344 3590 3414 atlipiscere,
3626 3359 3807 3414 quan-

2230 3438 2529 3509 doquidem
2568 3453 2740 3509 penes
2793 3444 2846 3492 te
2883 3441 3000 3506 (aut
3046 3451 3218 3508 penes
3261 3451 3426 3506 quem
3471 3436 3669 3499 alium,
3723 3444 3810 3489 est

2229 3530 2509 3588 Creatoris
2543 3531 2728 3598 venia,
2762 3531 2856 3600 qui
2885 3529 3036 3584 solus
3063 3528 3230 3583 habet
3255 3537 3584 3598 potestatem
3616 3524 3800 3581 dimit-

2223 3624 2374 3680 tendi
2425 3631 2668 3693 peccata.
2707 3623 2809 3676 Hic
2845 3621 2994 3676 enim
3025 3619 3124 3676 abs
3171 3629 3223 3675 te
3279 3621 3718 3684 committuntur,
3749 3626 3810 3672 et

2225 3729 2449 3769 rursum
2499 3713 2600 3769 abs
2647 3722 2698 3768 te
2743 3713 3099 3766 omittuntur.
3161 3710 3262 3765 IIic
3301 3709 3706 3774 remissionem,
3753 3716 3811 3762 et

2226 3807 2630 3862 absolutionem
2661 3804 2944 3875 accipiunt
2977 3821 2991 3858 :
3033 3817 3159 3857 nam
3191 3817 3315 3873 qua:
3359 3800 3634 3857 confessio
3666 3799 3807 3869 apud

2229 3898 2470 3956 inferos?
2520 3897 2619 3954 llic
2655 3897 3042 3969 pmnitentiam
3095 3895 3301 3966 arripe,
3355 3901 3412 3949 et
3469 3895 3656 3948 omnia
3706 3889 3806 3945 tibi

2232 3991 2642 4058 condonantur,
2689 3999 2747 4046 et
2802 3999 2935 4045 tunc
2985 3988 3229 4061 claviger
3286 3987 3387 4043 tibi
3436 3987 3664 4058 januam
3717 4000 3808 4039 re-

2235 4082 2464 4140 serabit.

2303 4175 2500 4230 ANIIIA.
2536 4172 2710 4239 Quam
2744 4187 2915 4244 supra
2941 4178 2999 4228 et
3038 4169 3206 4237 infra,
3239 4185 3306 4226 ac
3346 4169 3510 4226 toties
3545 4165 3810 4240 pradicas

2199 4288 2245 4322 ⁸⁸
2274 4286 2613 4356 Isa.t.vm,9.

2067 4401 2346 4466 Scholia.

624 4517 645 4540 ⁹
679 4516 962 4595 Chrysost.
1017 4539 1036 4573 ι
1079 4521 1205 4595 Quis
1249 4514 1564 4594 gloriabitur
1595 4533 1797 4580 castum
1841 4541 1896 4580 se
1933 4525 2124 4580 habere
2156 4533 2203 4591 ι)
2231 4527 2411 4582 luntas
2443 4527 2573 4581 satis
2620 4531 2718 4591 est,
2762 4540 2867 4595 qua
2903 4519 3365 4595 omnia__ea:pedite
3397 4524 3590 4571 etcum
3622 4515 3814 4595 uirtute

551 4604 683 4668 sor:
716 4597 807 4668 aut
836 4592 952 4660 quis
993 4592 1262 4668 mundum
1281 4609 1336 4646 se
1375 4611 1406 4646 a
1443 4595 1682 4668 sordibus
1719 4596 1875 4668 libere
1899 4595 2119 4668 proﬁte-

553 4659 694 4736 bitur
718 4657 902 4736 _(.Pro'v.
931 4677 1020 4725 xx,
1048 4664 1117 4728 9;
1151 4662 1247 4736 Job
1279 4679 1389 4726 xw,
1417 4666 1506 4726 ΛΠ
1538 4684 1556 4717 ι
1592 4665 1781 4719 Omnes
1798 4657 1959 4736 igitur
1977 4657 2131 4736 misce

554 4729 783 4782 ricordia
806 4746 1038 4805 __egemus
1063 4750 1080 4786 :
1109 4732 1202 4786 sed
1239 4749 1342 4786 non
1376 4750 1554 4788 omnes
1591 4729 1948 4789 misericordia
1986 4735 2132 4805 digni

555 4815 761 4873 sumus.
799 4800 1006 4855 Etenim
1039 4819 1346 4873 quanquam
1365 4806 1714 4859 misericordia
1738 4822 1842 4859 non
1865 4800 2136 4869 deestfni-

555 4868 840 4945 nilominus
872 4868 1102 4945 dignum,
1123 4868 1469 4945 seipostulat,
1489 4875 1646 4945 juxta
1679 4876 1812 4930 illud
1839 4894 1854 4930 .'
1881 4894 1898 4926 ‹
1927 4868 2142 4930 Misere-

557 4941 653 4992 bor
689 4942 841 5013 cujus
891 4941 1134 5013 misertus
1173 4941 1366 5011 fuero:
1406 4954 1452 4997 et
1487 4941 1714 5001 clemens
1756 4963 1866 5013 ero,
1906 4946 1991 4999 cui
2037 4945 2142 4998 cle-

558 5025 704 5085 mens
731 5011 877 5085 [itero
907 5012 1102 5078 (Exod.
1136 5029 1329 5085 xxxiii.
1364 5015 1474 5085 l9).
1515 5035 1533 5066 ι

2229 4597 2600 4665 conﬁciuntur.
2629 4590 3049 4664 Nam'confessio
3089 4593 3154 4644 iis
3188 4590 3277 4659 qui
3301 4592 3666 4659 peccat-erant,
3700 4599 3814 4654 pec-

2232 4680 2476 4722 catorum
2509 4666 2569 4735 ﬁt
2602 4665 2840 4737 abolitio.
3269 4728 3281 4737 _
3604 4726 3616 4737 ,
3654 4725 3665 4736 ,

2304 4742 2368 4761 ’⁸⁸
2417 4728 2684 4792 Isidorus.
2729 4735 2794 4790 In
2836 4741 3105 4806 peccatum
3161 4728 3409 4806 prolapso
3467 4728 3812 4796 perniciosum

2237 4816 2312 4862 est
2343 4824 2447 4861 non
2477 4810 2748 4878 paenitere,
2782 4801 3124 4878 perniciosius
3169 4801 3454 4878 desperare.
3478 4811 3655 4878 {Luam
3695 4808 3812 4878 cum

2242 4878 2380 4934 illud
2430 4863 2494 4931 οὗ
2522 4863 2888 4949 ρςηαυίάξΙιοο
2930 4892 2960 4927 a
2990 4883 3206 4949 stupore
3239 4863 3289 4949 et
3333 4867 3622 4949 stoliditate
3645 4863 3812 4949 proﬁ:

2250 4950 2480 5003 ciscitur.
2506 4936 2715 5014 Quanto
2742 4936 2920 5018 autem
2957 4936 3218 5018 stoliditas
3243 4939 3452 5009 ignavia
3477 4944 3552 5018 est
3592 4936 3816 5018 cala‘mi-l

2254 5021 2436 5083 tosior,
2467 5002 2615 5072 tanta
2645 5017 2941 5086 desperatio
2977 5013 3194 5086 ignauia
3225 5002 3298 5086 est
3339 5007 3629 5086 nocentior.
3675 5002 3818 5086 Illud

639 5075 808 5160 Ide—In.
843 5075 1058 5160 Peccgto
1101 5084 1231 5137 nihil
1264 5075 1531 5140 exitiosius
1559 5090 1906 5160 accusatione;
1934 5095 1983 5140 et
2020 5102 2146 5139 con-
2244 5075 2434 5160 quippe
2458 5089 2660 5160 malum
2684 5075 2766 5160 est
2784 5075 3209 5160 immedicabile:
3241 5083 3336 5132 hoc
3361 5077 3693 5160 curatione":
3715 5075 3816 5160 qd:

559 5149 916 5227 demnatione.
952 5153 1146 5208 Demus
1182 5170 1401 5224 operam
1432 5172 1496 5208 ne
1526 5174 1816 5227 peccemus.
1870 5157 1927 5214 Si
1956 5173 2144 5227 pecca-

560 5221 821 5295 verimus,
855 5239 918 5275 ne
960 5240 1053 5294 per
1087 5221 1422 5295 negationem
1467 5221 1537 5278 ρι’
1565 5221 1971 5283 occultationem
2005 5226 2145 5280 male

559 5292 822 5366 commissi
857 5292 1390 5366 nobisipsis'paznam
1423 5311 1820 5366 exaggeremus.

637 5363 672 5377 "
689 5359 768 5437 Ch
779 5371 978 5437 rysost.
995 5359 1231 5432 Corpora
1249 5367 1386 5418 enim
1407 5359 1582 5419 morbo
1600 5368 1784 5437 affecta
1799 5385 2011 5436 curare,
2035 5389 2141 5427 non

563 5433 818 5510 estcuivis
847 5431 1033 5500 facile:
1057 5431 1110 5485 at
1143 5451 1260 5488 vere
1284 5437 1522 5510 animam
1549 5431 1892 5510 ajgrotantem
1918 5431 2137 5507 sanare,

564 5502 732 5581 quinis
763 5504 874 5581 sine
906 5518 1097 5569 magno
1123 5508 1326 5581 negotio
1353 5516 1538 5581 potest.
1571 5502 1729 5581 Et‘ad
1753 5513 1996 5581 corporis
2023 5502 2138 5581 qui;

566 5570 1011 5651 demdadvcrsam
1071 5570 1424 5651 paleiudinem
1487 5570 1868 5651 depellendam.
1911 5570 2140 5635 medica-

564 5645 752 5720 mentis
799 5648 845 5694 et
896 5645 1115 5720 pecunia
1159 5661 1288 5712 opus
1323 5654 1448 5716 est.:
1478 5645 1707 5720 _anima_
1744 5658 1921 5720 autem
1975 5667 2140 5720 parvo

561 5714 753 5778 pretio,
783 5721 833 5766 et
879 5713 1026 5768 nullo
1055 5727 1266 5770 snnwtu
1298 5713 1634 5786 conualescat,
1671 5718 1798 5774 Sola
1830 5713 2022 5786 quiane
2050 5737 2137 5775 vo-

2243 5142 2423 5231 ἰηίιέιὲε.
2455 5156 2887 5231 Siquidemjllud
2913 5154 3112 5231 judicii
3126 5161 3202 5205 est
3240 5149 3474 5231 corrupti
3496 5149 3641 5231 :"Iioc
3668 5142 3817 5231 {age

2243 5213 2687 5283 ratiocinationis.
2715 5225 2849 5282 Sunt
2895 5213 3072 5280 (intem
3094 5219 3307 5293 ignavia
3343 5213 3684 5271 et'stoliditas
3713 5213 3816 5266 duo

2237 5298 2718 5370 infestioramala.
2751 5366 2772 5370 Α
2899 5369 2905 5370 γ
3001 5367 3016 5370 _
3169 5365 3180 5370 _
3236 5362 3249 5370 _
3463 5358 3474 5370 .

2319 5368 2404 5389 “"
2438 5368 2704 5422 Isidorus.
2737 5362 3249 5434 Quoniamlquwsisti
3273 5376 3365 5430 per
3392 5356 3821 5437 epistolam._qu0

2247 5446 2296 5492 te
2316 5447 2565 5503 verteres,
2605 5455 2706 5508 quo
2739 5427 2863 5500 ires,
2889 5427 3173 5509 respondeo
3202 5427 3313 5502 ego,
3340 5427 3416 5509 ad.
3435 5427 3818 5509 penitentiam.

2247 5509 2372 5580 Ipsa
2409 5497 2679 5562 enim'arx
2706 5509 2797 5561 tibi
2825 5497 3168 5580 eriteagcelsa,
3203 5497 3249 5580 ei
3283 5497 3542 5580 sublimis,
3577 5504 3625 5550 et
3656 5497 3822 5580 maris

2247 5565 2760 5651 inexpugnabilibus.
2802 5588 2959 5648 atque
2995 5578 3049 5630 in
3099 5565 3312 5630 modum
3361 5569 3594 5622 turrium
3623 5565 3824 5621 altissi-

2251 5653 2348 5706 mis
2395 5652 2623 5721 undique
2652 5651 2998 5704 circumdata.
