4130 6202
371 283 480 347 7L5

1821 263 2178 326 DIOPTRA.

3541 269 3649 332 746

365 385 776 465 penitentiam,
825 381 962 436 doce
1004 394 1090 435 me
1135 391 1386 450 quaenam
1437 377 1538 445 sit;
1580 386 1636 432 et
1675 375 1956 448 quomodo
1987 381 2033 438 Α
2063 373 2248 444 doque
2277 371 2572 429 concidere
2599 390 2611 426 :
2641 371 2738 428 sed
2764 387 3081 442 occurrere,
3106 383 3162 430 et
3190 376 3454 446 rationes,
3475 395 3651 450 quan-

369 482 518 539 salus
564 493 684 533 mea
717 477 772 530 in
804 475 910 530 hac
942 472 1057 528 sola
1093 473 1198 528 sita
1239 471 1333 536 sit,
1361 485 1569 542 perque
1602 484 1722 524 eam
1756 467 1956 531 solam,

367 589 482 633 non
509 587 611 642 per
644 567 793 623 aliud
833 564 1178 634 acquiratur.

358 723 362 728 ,
440 664 610 722 Cano.
636 655 974 715 Paenitentia
1013 671 1044 709 a
1085 671 1172 711 me
1200 653 1429 717 dicitur,
1465 660 1653 718 etest,
1679 667 1710 707 a
1742 650 1962 706 diabolo

374 759 444 816 ad
490 754 787 812 Dominum
814 767 915 823 per
946 749 1182 805 sudores
1218 756 1274 803 et
1297 747 1521 802 labores
1544 743 1962 801 exercitationis

372 849 610 920 alicujus
641 842 916 900 reversio.
943 840 1026 896 Ad
1061 841 1270 896 bonum
1305 839 1360 894 in
1388 837 1724 894 abstinentia
1756 855 1784 892 a
1819 837 1962 892 malo

371 939 684 1002 conversio,
723 950 850 990 cum
893 933 1042 1004 quis,
1085 932 1352 989 discussis
1397 930 1641 987 tenebris
1686 929 1959 1001 pessimis,

372 1033 577 1103 quibus
619 1028 898 1085 obnoxius
956 1025 1268 1098 omnigenis
1311 1023 1665 1096 passionibus
1711 1022 1960 1088 servivit,

376 1122 685 1180 recurrerit
717 1121 786 1176 ad
825 1119 1022 1184 Deum,
1060 1117 1132 1173 ab
1177 1118 1264 1172 his
1311 1133 1435 1188 quae
1463 1125 1595 1173 sunt
1631 1124 1832 1186 praeter
1865 1130 1965 1200 na:

377 1227 592 1282 turam,
638 1221 701 1268 ut
733 1210 994 1283 prudens,
1023 1224 1281 1265 reversus
1311 1210 1379 1264 ad
1411 1224 1476 1264 ea
1510 1224 1631 1280 qua:
1656 1199 1962 1263 secundum

377 1319 639 1364 naturam
687 1316 837 1361 sunt.
884 1302 1007 1358 llaec
1041 1313 1126 1358 est
1171 1313 1364 1374 aperta
1401 1302 1634 1358 mutatio
1674 1301 1875 1356 mentis
1907 1310 1964 1355 et

379 1398 746 1470 paenitentia;
786 1395 1083 1461 revocatio,
1120 1395 1452 1451 resurrectio
1482 1410 1514 1450 a
1549 1401 1776 1465 peccato
1801 1434 1816 1460 ,
1859 1408 1960 1448 seu

380 1499 606 1561 pactum
643 1503 763 1543 cum
794 1489 906 1542 Deo
941 1487 1068 1541 vita:
1095 1486 1360 1541 melioris.
1393 1487 1585 1542 Sermo
1611 1495 1794 1541 autem
1829 1499 1961 1554 pro-

378 1580 558 1649 pheta:
585 1587 688 1643 est,
719 1578 828 1632 imo
855 1575 1175 1632 Salvatoris.
1200 1577 1449 1632 Postulat
1471 1576 1616 1631 enim
1640 1575 1962 1630 conversio-

376 1687 529 1738 nem,
568 1679 627 1724 ut
657 1678 1038 1734 convertatur,
1073 1677 1315 1724 nostram
1353 1683 1482 1739 erga
1516 1667 1718 1739 ipsum,
1753 1676 1810 1722 et
1841 1667 1962 1738 ejus

373 1762 445 1818 ad
507 1779 630 1817 nos.
684 1761 1025 1826 Misericors,
1070 1761 1254 1831 inquit
1300 1761 1369 1824 °’,
1420 1775 1565 1824 sum,
1621 1769 1677 1816 et
1727 1759 1964 1830 diligens

374 1838 812 1911 misericordiam
856 1866 1078 1919 natura,
1103 1853 1458 1924 longanimis,
1493 1853 1728 1924 diligens
1750 1853 1962 1907 viscera

375 1945 799 2008 misericordia},
847 1943 1141 2015 benignus,
1196 1943 1436 1998 filiorum
1478 1959 1688 2006 amans,
1737 1952 1964 2012 paratus

373 2037 627 2093 converti
682 2046 910 2107 propter
967 2035 1238 2090 humanas
1300 2034 1598 2105 nequitias.
1652 2033 1780 2088 llaec
1846 2033 1963 2104 ipsa

376 2132 544 2186 etiam
596 2130 766 2185 David
821 2129 1278 2200 psalmographus
1330 2129 1562 2185 scribit:
1603 2147 1620 2179 ι
1659 2126 1884 2182 Declina
1932 2144 1962 2181 a

317 2221 334 2264 ι’
376 2223 547 2286 malo,
585 2231 643 2277 et
671 2221 755 2275 fac
792 2221 998 2276 bonum
1029 2222 1074 2254 ⁷ο
1105 2223 1144 2276 ‘.
1188 2239 1207 2272 ›

451 2314 649 2369 Ferme
674 2314 866 2369 eadem
895 2314 1099 2370 Paulus
1124 2313 1193 2369 ad
1225 2314 1505 2370 Romanos
1529 2313 1780 2370 scribens
1811 2330 1964 2370 man-

377 2407 532 2462 davit
559 2407 627 2462 τί.
663 2405 909 2462 Membra
938 2417 1121 2463 vestra
1151 2407 1483 2462 exbibuistis
1506 2407 1573 2462 ad
1605 2407 1962 2464 serviendum

377 2499 643 2568 peccatis,
700 2499 966 2567 membra,
1023 2499 1271 2570 inquam,
1325 2498 1532 2554 Christi
1595 2501 1790 2570 capitis
1841 2515 1962 2556 om-

381 2591 564 2645 nium.
597 2590 802 2645 Verum
835 2607 956 2662 age,
975 2600 1159 2662 aptate
1184 2607 1248 2648 ea
1272 2591 1341 2646 ad
1375 2591 1728 2648 serviendum
1759 2593 1958 2648 Verbo.

378 2679 892 2751 Quomodocunque
921 2690 978 2736 et
1017 2681 1148 2736 huic
1184 2683 1432 2736 serviant
1474 2683 1743 2738 membra.
1791 2684 1962 2739 Porro

377 2772 467 2825 vir
497 2771 722 2840 quidam
771 2771 1096 2842 spiritualis,
1137 2772 1321 2827 animo
1368 2773 1625 2839 ferventi,
1665 2775 1733 2830 ad
1775 2775 1962 2830 Domi-

377 2876 513 2914 num
551 2877 747 2917 rursus
794 2863 869 2917 ita
905 2863 1141 2918 clamare
1173 2879 1340 2919 ausus
1367 2872 1492 2920 est:
1533 2884 1550 2917 ι
1587 2865 1822 2937 Dignare
1851 2882 1961 2932 me,

377 2949 631 3011 Domine.
657 2960 713 3005 et
764 2960 816 3006 te
851 2952 1088 3022 quodam
1130 2952 1296 3008 modo
1325 2954 1552 3025 diligere
1585 2956 1730 3010 sicut
1762 2971 1956 3025 pecca-

382 3051 498 3096 tum
531 3043 721 3108 dilexi,
752 3043 858 3098 heu
904 3042 1066 3096 mihi!
1091 3052 1147 3098 et
1173 3043 1270 3098 tibi
1297 3044 1504 3099 servire
1538 3060 1679 3114 puro
1721 3045 1954 3100 Domino
1983 3074 2024 3132 ο

377 3143 635 3205 prompto
665 3135 852 3190 animo
887 3150 948 3190 ac
981 3134 1190 3201 studio,
1231 3136 1374 3192 sicut
1405 3138 1647 3207 peccatis
1675 3137 1896 3194 servivi.
1931 3155 1950 3190 ι

380 3226 439 3282 Si
466 3226 592 3297 quis
621 3226 696 3280 ita
742 3242 800 3281 se
833 3235 1168 3281 convertens
1197 3227 1458 3283 alacriter
1490 3242 1550 3282 se
1593 3227 1953 3292 converterit,

379 3319 579 3373 merito
607 3319 825 3374 dicetur
853 3319 1234 3390 paenitentiam
1253 3335 1436 3390 agere.
1457 3318 1615 3384 Quod
1642 3319 1686 3373 si
1718 3334 1876 3374 mens
1900 3329 1958 3373 ut

380 3413 718 3482 mancipium
767 3412 823 3466 in
855 3413 1047 3467 habitu
1111 3424 1378 3467 consueto
1428 3412 1859 3467 dominationem
1902 3418 1960 3466 et

383 3504 734 3575 tyrannidem
789 3505 1052 3574 patiatur,
1093 3520 1218 3560 cum
1269 3503 1699 3572 cogitationibus
1737 3510 1793 3556 et
1835 3502 1957 3571 epi-

379 3597 647 3652 nionibus
671 3612 778 3650 non
813 3596 996 3661 bonis,
1029 3596 1382 3666 impulsibus,
1410 3605 1466 3649 et
1497 3595 1684 3660 luetis,
1723 3594 1956 3665 quibus-

382 3704 514 3743 cum
561 3688 955 3744 commercium
1007 3688 1237 3754 habens,
1288 3687 1664 3759 voluptatibus
1696 3686 1957 3757 inquina-

385 3789 498 3844 tur,
529 3789 584 3834 et
614 3779 742 3834 inde
781 3780 836 3835 in
879 3779 1051 3836 corde
1091 3779 1378 3851 passiones
1417 3779 1807 3843 morabuntur,
1854 3793 1958 3834 nec

379 3873 562 3927 virtus
596 3871 672 3926 ibi
705 3882 791 3927 est
825 3873 950 3928 inde
981 3871 1300 3944 emergendi
1334 3869 1804 3942 (quandoquidem
1837 3885 1960 3939 pas-

381 3963 635 4017 sionibus
696 3956 973 4034 impedita:
1021 3964 1382 4034 cogitationes
1441 3978 1560 4018 eam
1605 3978 1713 4016 una
1767 3977 1957 4018 secum

381 4056 658 4127 trahunt),
690 4072 793 4111 nec
813 4066 898 4110 est
919 4057 1215 4120 revocatio,
1242 4065 1337 4109 aut
1364 4054 1627 4109 memoria
1644 4058 1960 4109 conversio-

381 4152 492 4205 nis.
521 4151 626 4218 Qui
655 4151 806 4206 enim
835 4159 1002 4215 esset,
1035 4164 1160 4204 cum
1195 4157 1344 4203 tanta
1389 4147 1756 4203 absurdorum
1799 4148 1959 4204 turba

381 4259 646 4313 oppressa
679 4253 930 4298 teneatur
958 4241 1038 4294 “7

455 4335 564 4390 Sed
597 4352 666 4391 ne
694 4337 775 4391 sic
799 4335 1024 4406 quidem
1056 4335 1398 4390 consternari
1433 4335 1622 4402 debes,
1654 4336 1963 4404 desperan-

441 4473 486 4504 "
512 4472 921 4539 Ezeeh.xxxVI,
965 4473 984 4527 l
1021 4488 1174 4542 seqq.
1266 4473 1311 4505 '°
1339 4473 1482 4527 Psal.
1544 4489 1728 4539 xxxvi,
1773 4473 1864 4530 2⁵1.

380 4563 538 4622 6-10.

1958 4475 2004 4505 ⁷¹
2058 4473 2220 4528 Rom.
2285 4488 2360 4537 vt,
2395 4474 2412 4526 l
2450 4487 2603 4543 seqq.

2070 475 2187 523 tum
2217 474 2396 536 potes,
2439 481 2730 536 reponere,
2769 475 2830 521 ut
2862 484 2933 524 ne
2969 469 3116 524 illam
3149 470 3202 524 in
3232 470 3452 526 ultimas
3489 482 3644 528 tene-

2067 555 2197 610 bras
2234 555 2449 611 devolvi
2491 556 2723 626 patiare.
2763 555 2866 623 Qui
2917 560 3065 613 enim
3118 560 3430 619 minoribus
3473 564 3654 618 victus

2065 647 2233 713 cadit,
2255 647 2375 718 ejus
2403 662 2584 703 mores
2604 647 2768 703 etiam
2795 649 2850 703 in
2872 651 3173 722 majoribus
3198 664 3648 726 corrumpuntur.

2069 739 2172 805 Qui
2209 754 2341 794 vero
2371 739 2677 795 levioribus
2709 741 2942 807 resistit,
2975 743 3141 798 etiam
3178 746 3528 816 gravioribus
3557 749 3652 803 ad-

2067 831 2408 886 versabitur.
2439 832 2576 886 Nam
2621 833 2666 888 si
2697 849 2870 902 parva
2900 835 3282 905 debellaveris,
3315 841 3524 912 majora
3557 843 3653 912 qui

2070 933 2119 979 te
2144 924 2446 994 appetent?

2139 1015 2336 1070 ANIMA.
2386 1015 2659 1082 Docuisti,
2699 1016 2863 1090 idque
2914 1020 3068 1087 satis,
3109 1022 3495 1092 Spiritualibus
3545 1027 3651 1082 Pa-

2070 1107 2252 1164 tribus
2279 1119 2505 1178 peccata
2533 1110 2845 1168 confitenda
2878 1128 3024 1180 esse,
3059 1116 3416 1186 cegitatione,
3458 1121 3647 1178 verbo.

2067 1216 2237 1272 opere
2261 1202 2576 1268 commissa,
2609 1203 2753 1272 quod
2783 1204 3005 1274 quidem
3040 1206 3105 1260 ad
3124 1208 3363 1262 salutem
3391 1210 3651 1265 conducit

2068 1293 2454 1359 vehementer,
2511 1293 2940 1366 faciendumque
2989 1309 3074 1353 est
3118 1301 3394 1367 omnibus,
3446 1303 3650 1372 quibus

2066 1399 2164 1438 sua
2194 1383 2342 1440 salus
2372 1399 2518 1440 curae
2562 1393 2668 1440 est.
2710 1387 2829 1457 Ego
2860 1403 3027 1458 porro
3070 1404 3232 1445 nosse
3266 1390 3525 1448 desidero
3557 1393 3647 1448 ubi

2065 1475 2171 1531 hac
2199 1476 2268 1532 de
2311 1493 2371 1532 re
2399 1476 2668 1548 scriptum
2696 1479 2806 1545 sit;
2840 1495 2970 1534 num
3015 1481 3100 1537 lex
3137 1483 3205 1538 de
3241 1501 3308 1538 eo
3335 1494 3521 1552 vetus,
3553 1496 3650 1542 aut

2064 1583 2206 1623 nova
2240 1578 2442 1634 exstet,
2485 1586 2608 1640 quae
2653 1585 2754 1625 nos
2799 1571 2936 1626 viris
2977 1574 3362 1643 spiritualibus
3389 1578 3650 1634 "hortetur

2065 1676 2343 1731 exponere
2385 1662 2519 1733 quid
2563 1673 2729 1718 noctu
2761 1672 2817 1718 et
2851 1663 3090 1721 interdiu
3124 1669 3418 1739 egerimus.
3450 1671 3644 1726 Audivi
3677 1685 3682 1728 ἶ

2067 1753 2218 1808 enim
2244 1769 2517 1826 nusquam
2550 1756 2605 1810 in
2643 1755 2845 1811 litteris
2887 1759 3209 1814 mandatum
3240 1763 3467 1832 reperiri
3496 1781 3510 1818 :
3544 1780 3648 1820 nec

2067 1861 2208 1915 opus
2251 1861 2396 1914 esse,
2440 1847 2763 1903 hominibus
2791 1847 3028 1918 cogitata
3063 1854 3387 1924 enuntiare,
3416 1856 3512 1911 sed
3544 1858 3646 1912 soli

2064 1953 2206 2007 puro
2231 1939 2485 1994 Domino.

2135 2030 2304 2086 Cano.
2354 2032 2652 2105 Negligens
2700 2045 2756 2091 et
2784 2036 2932 2093 iners
2985 2039 3119 2095 mihi
3171 2041 3400 2108 videris,
3466 2059 3646 2113 neque

2065 2123 2302 2177 scrutari
2349 2123 2764 2196 Scripturarum
2817 2131 3062 2186 oracula.
3127 2131 3285 2198 Quod
3357 2133 3400 2188 si
3455 2133 3646 2189 Patres

2065 2224 2212 2280 tuos,
2247 2224 2307 2270 ut
2330 2217 2596 2287 scriptum
2628 2229 2713 2274 est
2739 2221 2806 2287 τί,
2844 2221 3232 2296 interrogares,
3266 2226 3399 2296 ipsis
3429 2243 3644 2282 annun-

2067 2305 2336 2362 tiantibus
2372 2324 2487 2364 rem
2521 2318 2690 2365 totam
2725 2313 2807 2368 uti
2831 2329 2889 2370 se
2919 2315 3143 2371 haberet
3169 2330 3556 2388 cognosceres,
3591 2331 3647 2376 et

2065 2414 2216 2454 nunc
2246 2399 2392 2454 haud
2434 2400 2688 2472 imperita
2718 2412 2775 2458 et
2815 2404 3035 2462 indocta
3067 2423 3383 2478 apparercs.
3415 2410 3570 2478 Quod
3599 2411 3645 2466 si

2065 2496 2122 2543 et
2157 2487 2266 2546 hoc
2307 2499 2358 2544 te
2404 2490 2560 2558 latet,
2593 2508 2694 2563 ego
2727 2493 2827 2549 tibi
2871 2496 3130 2566 pandam.
3181 2500 3643 2565 Pentateuchum,

2067 2581 2122 2636 id
2158 2594 2265 2650 est,
2296 2584 2544 2655 quinque
2570 2586 2746 2641 lLbros
2769 2587 2946 2646 Moses
2973 2591 3065 2646 ille
3097 2592 3198 2649 Dei
3225 2603 3504 2664 spectator
3530 2597 3646 2652 He-

2066 2673 2230 2729 braeis
2273 2675 2625 2745 conscripsit,
2677 2676 2939 2741 Genesin,
2999 2679 3272 2748 Exodum,
3310 2682 3646 2752 Leviticum,

2065 2763 2357 2830 Numeros,
2381 2767 2891 2824 Deuteronomium.
2919 2771 2978 2824 In
3003 2771 3259 2829 Numeris
3286 2775 3454 2846 igitur
3475 2778 3642 2833 etiam

2066 2857 2171 2911 hoc
2203 2866 2409 2927 praeter
2436 2858 2542 2913 alia
2571 2860 2758 2928 posuit
2784 2879 2796 2915 :
2836 2881 2852 2912 ι
2892 2862 3138 2920 Locutus
3165 2875 3250 2921 est
3280 2867 3548 2926 Dominus
3576 2871 3642 2926 ad

2064 2946 2308 3018 Moysen,
2340 2947 2562 3004 dicens:
2597 2949 2848 3020 Loquere
2883 2951 3012 3007 filiis
3036 2954 3202 3010 Israel
3227 2974 3239 3010 :
3264 2955 3356 3010 Vir
3383 2958 3498 3013 sive
3526 2974 3646 3014 mu-

2064 3038 2168 3095 lier
2207 3056 2333 3095 cum
2365 3041 2597 3096 fecerint
2625 3059 2689 3098 ex
2715 3045 2974 3102 omnibus
3012 3049 3274 3116 peccatis,
3312 3065 3434 3121 qua:
3464 3053 3645 3108 solent

2061 3132 2384 3188 hominibus
2405 3134 2682 3200 accidere,
2703 3143 2760 3190 et
2780 3152 2880 3204 per
2902 3137 3292 3208 negligentiam
3317 3144 3645 3214 transgressi

2060 3223 2271 3279 fuerint
2293 3226 2615 3281 mandatum
2646 3228 2886 3290 Domini,
2922 3239 3088 3298 atque
3119 3230 3480 3302 deliquerint,
3514 3251 3644 3290 con-

2063 3317 2370 3372 fitebuntur
2419 3327 2705 3386 peccatum
2742 3333 2926 3383 suum,
2973 3329 3029 3373 et
3057 3320 3292 3376 reddent
3328 3323 3511 3392 ipsum
3557 3341 3643 3379 ca-

2061 3417 2182 3478 put,
2220 3410 2582 3480 quintamque
2614 3419 2826 3480 partem
2857 3411 3092 3480 desuper
3115 3412 3188 3479 ei,
3219 3413 3274 3467 in
3310 3430 3474 3484 quem
3511 3432 3642 3486 pec-

2061 3501 2334 3555 caverint.
2402 3499 2497 3554 Sin
2566 3510 2753 3555 autem
2815 3517 2924 3557 non
2990 3501 3162 3557 fuerit
3222 3505 3318 3574 qui
3386 3507 3638 3576 recipiat,

2062 3591 2278 3647 dabunt
2312 3592 2566 3660 Domino,
2597 3602 2654 3648 et
2681 3593 2789 3648 erit
2828 3593 3152 3651 sacerdotis.
3176 3595 3249 3650 Et
3282 3595 3388 3652 hoc
3418 3599 3639 3669 quidem

2065 3685 2122 3740 in
2147 3684 2290 3740 libro
2323 3685 2690 3740 Numerorum
2827 3685 2896 3741 ⁷⁸.
2941 3705 2958 3738 ι

2134 3777 2291 3844 Quod
2329 3779 2372 3834 si
2405 3779 2564 3849 plura
2601 3777 2917 3835 testimonia
2965 3778 3269 3847 desideras,
3315 3782 3537 3840 Davidis
3569 3784 3642 3838 li-

2061 3871 2250 3937 brum,
2300 3870 2632 3937 Salomonis,
2678 3871 3034 3942 onmiumque
3079 3873 3310 3929 aliorum
3342 3876 3641 3947 propheta-

2065 3980 2190 4018 rum
2222 3973 2432 4018 attente
2466 3963 2707 4034 perlege.
2743 3962 3013 4019 Omnibus
3054 3965 3202 4020 enim
3249 3967 3511 4036 quiddam
3544 3983 3642 4023 su-

2063 4075 2164 4130 per
2197 4059 2303 4114 hoc
2348 4059 2615 4115 insertum
2669 4067 2773 4125 est,
2825 4067 3082 4129 Oportere
3123 4075 3315 4115 omnes
3350 4061 3639 4134 utriusque

2063 4166 2230 4206 sexus
2258 4151 2624 4206 admissorum
2649 4150 3056 4206 confessionem
3087 4151 3263 4217 obire,
3290 4161 3345 4206 et
3368 4165 3637 4223 quantum

2062 4252 2296 4313 possunt
2323 4259 2390 4298 eo
2409 4243 2546 4298 alios
2573 4243 2872 4297 adducere.
2901 4242 3014 4296 Nec
3042 4244 3209 4298 verba
3245 4245 3406 4300 Verbi
3437 4260 3502 4301 ac
3527 4247 3636 4302 Do-

2065 4334 2199 4388 mini
2251 4333 2477 4400 audisti,
2509 4333 2605 4404 qui
2647 4334 2808 4404 longe
2842 4333 3148 4390 clarissime
3179 4335 3245 4390 de
3275 4335 3381 4392 hoc
3419 4339 3640 4393 sanxit?
3699 4373 3708 4382 -

2692 4474 2734 4505 ⁷⁸
2764 4473 2929 4529 Deut.
2957 4487 3125 4538 xxxtt,
3157 4475 3210 4528 7.
3295 4475 3344 4510 "
3392 4475 3550 4532 Num.
3583 4497 3637 4545 v,

1917 4683 2196 4748 Scholia.

461 4805 477 4822 ‘
505 4801 790 4872 Chrysost.
819 4813 834 4851 :
880 4795 1005 4878 Non
1031 4799 1165 4878 idem
1201 4806 1274 4850 est
1305 4797 1958 4878 anpecea_tis_desinere,_et
1994 4812 2034 4867 ι)
2062 4805 2381 4878 baptismum
2431 4806 2728 4876 requirebat
2773 4809 2827 4862 in
2853 4807 3056 4878 bisqui
3089 4809 3160 4864 ad
3201 4823 3258 4862 se
3282 4809 3636 4878 conﬂuebant.

378 4877 590 4947 justum
623 4867 760 4947 esse,
807 4869 896 4947 sed
933 4868 1080 4947 aliud
1124 4872 1243 4947 μου,
1279 4867 1427 4947 aliud
1470 4868 1638 4947 illud._
1664 4867 1786 4922 Non
1818 4872 1958 4947 enim

385 4938 519 5000 satis
569 4950 644 4997 est
695 4940 961 4994 discedere
1004 4939 1068 4993 ab
1119 4938 1475 5006 improbitate,
1528 4950 1583 4992 ut
1611 4939 1788 5004 justus
1827 4938 1955 5006 ﬁas.

385 5018 475 5072 Ait
505 5026 754 5082 namque,
792 5029 810 5060 ι
842 5008 1065 5062 Declina
1104 5026 1133 5061 a
1162 5008 1324 5082 malo,
1363 5015 1412 5060 et
1439 5009 1526 5078 [ac
1556 5010 1768 5082 bonum,
1818 5028 1836 5060 ι
1874 5010 1962 5082 ubi

386 5088 490 5149 illi,
527 5104 544 5136 ι
586 5078 826 5143 Declina,
869 5099 887 5132 ι
916 5082 1096 5134 statim
1136 5095 1155 5128 ι
1187 5078 1400 5144 bonum,
1443 5097 1461 5129 ι
1496 5094 1588 5131 seu
1627 5079 1828 5148 [ructus
1856 5081 1961 5134 vir-

387 5167 562 5212 tutum
582 5153 874 5222 subjungit.

459 5217 727 5279 Basilius:
765 5217 1139 5276 Paenitentibus
1165 5217 1401 5272 recedere
1431 5225 1693 5289 tantumu
1717 5221 1963 5289 peccatis,

389 5297 461 5350 ad
482 5295 713 5348 salutem
741 5292 958 5345 minime
976 5290 1193 5359 sujﬁcit:
1224 5288 1314 5342 sed
1335 5303 1419 5340 eos
1442 5289 1602 5359 etiam
1626 5287 1821 5356 {ructus
1851 5307 1961 5358 pae-

391 5365 632 5420 nitentia:
662 5364 845 5431 dignos
871 5357 1270 5428 facere'necesse
1291 5365 1386 5431 est.
1412 5357 1536 5431 Non!
1566 5359 1706 5411 enim
1730 5363 1818 5428 qui
1837 5357 1963 5414 bene

391 5429 799 5503 incipit,gseque
833 5430 974 5503 bene
1021 5439 1245 5503 exercet,
1295 5430 1376 5482 hic
1414 5429 1671 5503 perfectus
1700 5441 1748 5482 et
1782 5433 1962 5503 beatus

393 5514 468 5561 est
491 5498 512 5558 Ξ
536 5501 627 5556 sed
655 5498 891 5572 quibene
924 5498 1125 5572 claudit
1157 5501 1314 5572 vitam
1349 5498 1522 5563 suam,
1551 5508 1600 5572 et
1641 5501 1716 5552 ita
1754 5508 1810 5552 ut
1852 5499 1962 5572 Deo

393 5575 589 5648 placet,
622 5569 691 5624 ad
720 5570 878 5638 finem
904 5571 1159 5638 perducit.
1189 5569 1310 5622 Hist:
1341 5585 1458 5622 cum
1485 5569 1739 5635 sciamus,
1770 5571 1823 5623 in
1852 5570 1960 5637 [inc

395 5661 461 5700 ne
487 5657 908 5710 corrumpamus.

467 5717 505 5736 "
539 5707 815 5766 Isidorus:
850 5709 1053 5763 Idcirco
1089 5717 1137 5762 et
1167 5707 1394 5762 Joannes
1434 5710 1805 5780 professionem
1836 5719 1958 5764 ante

729 5807 996 5868 PATnoL.
1043 5808 1158 5868 GR.
1194 5805 1479 5868 CXXVII.

2061 4875 2178 4932 Non
2204 4878 2342 4946 quod
2380 4893 2442 4931 ea
2475 4875 2756 4944 indigeret,
2776 4877 2866 4946 sed
2887 4877 2956 4930 ad
2976 4875 3033 4932 se
3064 4875 3461 4932 adventantium
3486 4881 3637 4936 salu-

2060 4953 2164 4999 tem
2192 4949 2267 5000 ita
2305 4948 2502 5022 efﬁcere
2525 4947 2788 5022 studebat.
2823 4945 2984 5001 Nemo
3008 4950 3169 5010 enim,
3199 4959 3486 5022 antequam
3517 4968 3638 5022 pec-

2059 5023 2184 5089 cata
2209 5034 2306 5071 sua
2330 5016 2677 5089 Conﬁteatur,
2693 5016 2918 5089 salutem
2952 5027 3116 5088 potest
3140 5016 3421 5089 consequi:
3440 5016 3533 5074 hac
3564 5026 3638 5077 εἰς·

2063 5088 2272 5158 quidem
2299 5103 2481 5142 revera
2511 5087 2866 5158 humilitatem
2898 5087 3080 5158 gignit.

2217 5157 2603 5232 Theodoretus
2629 5157 2816 5210 :Jubet
2836 5157 2974 5232 enim
3002 5175 3120 5232 eum
3142 5162 3230 5229 qui
3251 5161 3408 5218 alteri
3429 5177 3485 5215 re
3503 5179 3605 5232 qua
3622 5192 3639 5204 -

2065 5228 2210 5300 piam
2251 5230 2449 5300 nocuit,
2487 5229 2724 5297 primum
2774 5225 3016 5300 conﬁteri
3082 5225 3388 5300 peccatum;
3451 5225 3640 5286 deinde

2071 5299 2236 5371 eidem
2268 5295 2505 5371 ablatum
2531 5299 2819 5371 restituere.
2845 5295 2997 5371 Quod
3019 5300 3070 5371 si
3082 5295 3384 5371 contigerit,
3416 5317 3534 5355 eum
3557 5305 3640 5356 cui

2067 5367 2226 5422 illata
2271 5377 2348 5422 est
2390 5369 2614 5437 injuria,
2663 5374 2787 5440 ante
2830 5367 2935 5420 vita
2975 5367 3417 5440 defungifquam
3454 5374 3640 5426 noxius

2067 5436 2646 5508 paenitentiamegerit,
2682 5436 2736 5490 id
2773 5436 3084 5508 cognatione
3118 5436 3356 5508 proximo
3397 5442 3635 5496 reddere.

2068 5506 2507 5580 Quodisijtullus'
2534 5508 2711 5578 fuerit,
2749 5521 2842 5558 nec
2871 5506 3170 5580 inveniatur
3215 5520 3488 5580 cognatus,
3533 5511 3639 5566 Deo

2065 5579 2261 5649 oﬁ'errt'.
2296 5577 2446 5643 Quod
2480 5577 2654 5632 autem
2689 5591 2785 5648 pro
2813 5591 3024 5648 peccato
3069 5577 3327 5648 redditur,
3373 5584 3555 5638 cedere
3583 5583 3636 5636 in

2064 5665 2214 5702 nsunt
2247 5650 2549 5705 sacerdotis.

3231 5807 3306 5867 24
