4102 6200
440 292 560 359 ⁷147

1684 292 1904 352 PllILI
1918 292 2034 354 PPI
2080 284 2478 355 SOLITARII

3610 300 3717 365 748

454 407 569 463 Nec
597 421 720 477 qtae
751 404 952 462 hortati
988 412 1137 469 sunt,
1166 412 1219 459 et
1248 401 1592 475 scripserunt
1612 403 1869 474 apostoli,
1897 414 2034 475 praa-
2065 414 2107 469 Α
2138 402 2215 461 ita
2245 405 2485 463 disseras
2529 406 2716 474 velim,
2764 415 2821 462 ut
2852 407 3016 464 etiam
3053 415 3176 479 apte
3205 410 3715 483 convenienterque

452 513 621 557 cones
651 487 847 562 Verbi;
880 510 981 550 nec
1019 508 1141 564 quae
1171 492 1440 562 magistri,
1485 487 1542 548 et
1573 493 1736 563 primi
1771 492 2032 549 Patrum?

450 595 523 652 Ut
561 592 751 664 paucis
797 591 999 656 dicam,
1062 603 1258 643 omnes
1306 588 1620 656 hortantur,
1666 581 1927 654 clamant,
1974 598 2032 645 et

451 693 745 748 universos
779 687 847 743 ad
885 686 1268 743 annuat-ianda
1300 687 1547 758 ipsorum
1583 687 1838 757 cogitata,
1884 676 2029 743 dicta

451 794 508 840 et
552 796 719 852 opera
761 780 1022 835 invitant.
1054 779 1172 834 Non
1197 787 1282 834 est
1310 779 1456 833 enim
1483 778 1656 840 aliud,
1686 787 1743 833 ut
1767 778 2029 844 diximus,

448 874 787 948 principium
832 871 1199 943 paenitentize,
1244 871 1353 927 nisi
1403 872 1589 927 oculta
1645 871 2030 942 Spiritualibus

447 966 587 1023 viris
628 965 922 1036 detegere,
970 963 1116 1019 sicut
1145 970 1201 1019 et
1228 961 1498 1018 Dominus
1527 962 1597 1018 ad
1639 963 1826 1019 Mosen
1866 963 2027 1019 dixit.

449 1059 534 1114 En
568 1056 731 1113 docui
768 1070 891 1125 quae
931 1054 1152 1109 dicatur
1204 1052 1551 1124 paenitentia,
1586 1062 1642 1108 et
1688 1070 1810 1124 quae
1849 1056 1939 1116 sit.
1974 1063 2031 1109 et

449 1148 622 1204 unde.
658 1146 714 1203 Si
749 1161 882 1217 ergo
911 1145 1018 1211 vis,
1069 1144 1297 1210 accede,
1340 1144 1612 1215 paenitere
1649 1144 1849 1216 incipe.
1881 1134 2030 1200 Nihil

449 1250 538 1298 est
577 1240 726 1311 quod
758 1237 1046 1309 impediat,
1092 1236 1232 1293 nihil
1276 1235 1425 1306 quod
1456 1228 1770 1306 prohibeat.
1822 1228 2027 1292 Verum

448 1334 603 1400 audi,
644 1341 701 1389 et
738 1340 1050 1387 extremum
1088 1327 1360 1386 sermonis
1406 1327 1515 1382 mei
1560 1332 1850 1398 pernosce.
1885 1324 2029 1383 Ver-

444 1428 579 1483 bum
608 1437 694 1483 est
730 1423 981 1481 Christi:
1021 1441 1040 1475 ‹
1078 1420 1272 1477 Sinon
1297 1420 1593 1486 venissem,
1631 1419 1833 1489 inquit,
1862 1429 1918 1475 et
1946 1419 2030 1476 eis

446 1517 672 1572 locutus
688 1528 799 1568 non
828 1511 1081 1578 fuissem,
1108 1519 1397 1582 peccatum
1420 1524 1533 1565 non
1557 1508 1849 1565 haberent.
1868 1508 2030 1567 Nunc

448 1615 636 1661 autem
659 1604 1072 1661 excusationem
1092 1606 1202 1658 non
1230 1600 1437 1657 habent
1459 1598 1524 1657 de
1542 1610 1771 1672 peccato
1788 1618 1888 1657 suo
1907 1594 1975 1658 7‘.
2002 1621 2021 1654 ι

450 1698 609 1765 Quod
632 1697 840 1753 dictum
867 1695 932 1751 ad
960 1700 1013 1751 te
1041 1695 1229 1764 tuique
1254 1693 1462 1749 similes
1495 1692 1736 1764 pertinet
1765 1698 1804 1748 ‘.

2136 497 2453 555 exordiare.

2205 590 2370 648 Cano.
2420 591 2655 660 Quinam
2694 608 2782 650 me
2826 596 3086 650 l'amu'l‘am
3132 596 3285 666 loqui
3331 596 3546 661 deceat,
3587 604 3714 657 ante

2136 682 2419 738 dominam
2458 684 2821 739 ctartsstmam
2863 687 3142 758 l'l‘ltIlTOQUe
3164 688 3715 745 excellentissimam?

2136 778 2345 834 Vereor
2374 782 2442 833 ne
2479 774 2532 833 id
2561 778 2857 835 temeritati
2893 782 3074 851 potius
3102 782 3439 839 asaribatur.

2207 868 2402 925 Arum.
2445 866 2543 925 As‘t
2572 876 2672 940 ego
2699 872 2888 943 jubeo,
2931 875 3276 943 obtempera,
3318 886 3377 933 et
3406 874 3525 935 sine
3563 888 3713 935 mora

2134 960 2288 1031 prior
2336 961 2528 1018 dicito.
2584 962 2718 1019 Nam
2750 972 2852 1036 pro
2896 966 3269 1023 instrumento
3306 969 3546 1037 millies,
3576 982 3631 1027 'et
3662 982 3714 1028 te

2134 1054 2302 1111 verba
2331 1055 2517 1112 facere
2547 1064 2788 1128 Opurtet‘,
2835 1060 3081 1131 mihique
3116 1063 3365 1133 linguam
3402 1064 3471 1119 a‘d
3504 1072 3716 1122 sermo-

2132 1162 2255 1202 nem
2286 1149 2655 1214 commodare,
2680 1150 2817 1205 citra
2843 1158 3006 1223 quam
3036 1157 3137 1209 nec
3160 1155 3455 1226 quidquam
3491 1158 3714 1215 omnino

2132 1238 2410 1310 proloqui,
2445 1256 2547 1297 nec
2573 1241 2771 1311 Deum,
2800 1248 2861 1298 ut
2882 1243 3063 1310 decet,
3092 1248 3337 1315 eanta‘re,
3363 1264 3428 1305 ac
3456 1249 3714 1307 laudibus

2133 1328 2417 1387 celebrare
2445 1340 2614 1405 Queo.

2202 1419 2368 1477 Cano.
2401 1422 2673 1490 Quoniam
2710 1427 2987 1498 pmcipis.
3030 1426 3335 1501 obsequor;
3400 1439 3463 1487 tu
3517 1431 3604 1490 fac
3634 1442 3717 1489 at-

2131 1513 2347 1569 tendas.
2400 1515 2480 1570 Εἰ
2524 1517 2731 1574 virtute
2785 1526 3043 1590 tanquam
3077 1524 3281 1591 genere
3330 1524 3567 1594 quodam
3602 1528 3714 1582 duo

2130 1603 2424 1659 oriuntur:
2455 1612 2689 1676 quorum
2731 1608 2877 1664 aliud
2918 1600 3118 1683 πρᾶξις
3145 1613 3262 1667 sive
3326 1616 3491 1680 actio,
3565 1616 3713 1672 aliud

2130 1692 2356 1762 θὲωρία,
2408 1693 2526 1749 sive
2578 1699 2969 1768 contemplatio
3023 1701 3362 1767 nominatur,
3435 1716 3536 1774 per
3576 1700 3716 1774 quas

520 1790 717 1846 Arum.
750 1787 969 1860 Optime
997 1789 1163 1844 doces
1206 1786 1413 1852 omnia,
1456 1802 1669 1858 egoque
1697 1786 1933 1844 admitto
1977 1798 2033 1844 ct
2064 1783 2106 1843 Β
2135 1784 2259 1854 quis
2282 1785 2349 1840 ad
2378 1787 2601 1843 virtutis
2633 1791 3090 1847 exercitationem
3128 1792 3400 1859 elevatur,
3435 1804 3491 1850 et
3517 1795 3585 1850 ad
3626 1797 3712 1850 in-

449 1885 777 1954 amplector,
823 1897 887 1937 ac
918 1881 987 1938 de
1025 1891 1226 1937 caetero
1253 1881 1487 1946 sociam,
1524 1888 1582 1935 et
1621 1881 2030 1952 Opit'ulatricem

447 1978 579 2031 vita:
613 1973 858 2046 agendae,
892 1981 949 2028 et
975 1971 1370 2037 consiliariam,
1397 1978 1455 2026 et
1485 1972 1947 2027 contubernalem
1979 1981 2032 2027 te

448 2066 703 2124 ascisco:
763 2073 974 2120 tantum
999 2079 1122 2134 qua:
1164 2061 1423 2119 convenit
1469 2061 1703 2127 dissere,
1748 2072 1807 2118 ut
1857 2061 2032 2119 ambae

448 2175 752 2233 purgemur
787 2175 818 2214 a
846 2157 1132 2223 sordibus,
1161 2166 1216 2212 et
1245 2171 1344 2228 pro
1373 2155 1589 2212 viribus
1616 2156 1690 2212 ad
1733 2153 2028 2212 Dominum

447 2255 506 2309 in
544 2266 786 2323 superna
808 2252 1129 2316 curramus,
1182 2265 1284 2304 nec
1322 2244 1379 2303 in
1427 2257 1709 2318 posterum
1757 2258 1819 2303 ut
1847 2249 2030 2318 pullus

436 2344 701 2410 'inirenis,
734 2350 829 2398 aut
853 2341 1073 2396 rabiosa
1106 2338 1306 2411 Scylla,
1348 2338 1447 2394 tibi
1475 2338 1750 2394 resistam.
1794 2337 1952 2407 Quod
1983 2339 2029 2394 si

449 2437 628 2493 amba:
661 2434 716 2488 in
758 2433 940 2488 scelus
972 2436 1220 2497 ruemus,
1265 2437 1322 2484 et
1353 2443 1455 2500 ego
1510 2439 1692 2484 tecum
1729 2429 1945 2499 puniar,
1974 2440 2032 2484 et

452 2541 511 2585 tu
542 2543 651 2584 una
677 2525 1028 2581 multaberis.
1082 2521 1541 2592 Quandoquidem
1569 2538 1670 2576 nos
1706 2536 1877 2576 unum
1908 2536 2030 2578 esse

451 2614 653 2676 animal
679 2619 903 2691 planum
944 2612 1049 2681 est,
1085 2631 1116 2671 e
1152 2616 1329 2670 carne’
1361 2621 1420 2670 ct
1466 2613 1666 2684 spiritu
1708 2612 2028 2681 conﬂatum,

454 2732 474 2766 ς
512 2727 636 2785 qua:
666 2711 772 2767 sibi
796 2709 1032 2765 invicem
1064 2707 1431 2763 adversantur
1456 2706 1526 2760 τ’.
1569 2724 1589 2758 ι
1637 2704 2028 2761 Verumtamen

445 2821 560 2866 una
587 2803 834 2871 estvita,
863 2810 920 2859 et
944 2801 1090 2857 actio
1126 2815 1234 2855 una
1277 2798 1522 2870 penitus,
1572 2806 1628 2853 et
1662 2797 2031 2868 judicium,et

450 2896 753 2961 damnatio,
797 2904 857 2950 et
908 2892 1239 2964 supplicium
1288 2906 1482 2944 unum.
1509 2887 1647 2944 Cum
1682 2898 1864 2944 autem
1898 2888 2031 2944 hinc

450 2987 885 3051 discesserimus,
911 2985 1138 3040 tolletur
1159 2981 1326 3050 actio,
1356 2980 1607 3051 nihilque
1636 2980 1720 3036 vel
1761 2979 1912 3048 boni,
1943 2978 2028 3035 vel

452 3080 578 3135 mali
622 3076 977 3149 operabimur
1000 3076 1063 3129 “.

523 3168 691 3227 Cano.
738 3156 813 3225 Ut
837 3184 926 3225 me
972 3174 1234 3238 oceupas,
1287 3168 1344 3230 et
1399 3164 1573 3221 trahis
1622 3178 1734 3236 quo
1765 3161 1882 3219 vis?
1919 3161 2032 3218 Nec

447 3277 676 3334 possum
707 3261 808 3333 tibi
836 3269 896 3316 ut
924 3249 1130 3315 famula
1157 3273 1269 3314 non
1300 3256 1556 3328 obsequi.
1587 3257 1723 3328 Age,
1781 3254 2029 3323 utiibet,

449 3372 562 3412 non
596 3369 684 3410 me
718 3369 946 3410 excuso.
1499 3393 1503 3397 ι

517 3450 719 3504 Astu.
752 3446 870 3503 Duc
903 3461 993 3502 me
1019 3444 1089 3501 ad
1122 3444 1379 3511 meliora,
1416 3450 1473 3500 et
1497 3441 1696 3515 adjuva
1730 3458 1837 3498 me.

517 3541 684 3597 Cano.
712 3526 837 3594 Fias
868 3540 1006 3593 bene
1055 3530 1298 3609 placens,
1334 3544 1391 3590 et
1441 3537 1666 3605 probata
1695 3528 1981 3589 Conditori
2009 3547 2026 3596 ;

449 3636 506 3682 et
532 3642 633 3697 ego
667 3641 833 3695 opera
863 3634 1045 3679 tecum
1076 3633 1328 3694 prompte
1364 3636 1673 3693 capessam.

526 3718 722 3772 Annia.
759 3714 945 3770 Pudor
973 3722 1030 3769 et
1068 3712 1232 3768 timor
1266 3716 1579 3767 luturarum
1626 3716 1915 3784 pinnarum
1943 3716 2030 3766 ine

452 3817 626 3870 tenet.
662 3822 692 3862 a
725 3802 930 3878 quibus
957 3803 1184 3860 liberari
1215 3806 1546 3876 magnopere
1570 3804 1755 3875 cupio.

521 3901 687 3958 Cano.
728 3889 810 3953 Tu
841 3912 1008 3968 opera
1049 3895 1237 3952 verbis
1280 3897 1641 3967 congruentia
1684 3894 2026 3952 demonstra.

520 3995 715 4050 Aman.
747 3991 927 4047 Unum
964 3999 1124 4045 antea
1166 4005 1386 4045 versum
1413 3987 1621 4060 profari
1670 4005 1888 4060 aequum
1924 3996 2029 4044 est.

2134 1876 2320 1930 timam
2346 1877 2509 1934 Verbi
2535 1879 2832 1938 amicitiam
2863 1883 3209 1953 provehitur.
3245 1884 3328 1941 Ad
3376 1887 3564 1956 praxin
3610 1890 3713 1958 igi-

2133 1966 2224 2019 tur
2254 1966 2353 2020 tibi
2389 1968 2731 2037 auxiliaber;
2779 1986 2903 2025 nam
2946 1972 3157 2029 theoria
3189 1983 3282 2029 tua
3311 1976 3481 2032 solius
3517 1981 3707 2033 est

2200 2057 2395 2113 Annua.
2420 2059 2607 2130 incipe
2635 2061 2822 2133 igitur,
2863 2072 2923 2118 ut
2952 2074 3130 2134 potes,
3178 2081 3209 2120 a
3264 2068 3440 2136 praxi,
3499 2070 3711 2126 tametsi

2130 2147 2325 2218 pratia
2362 2149 2571 2203 theuria
2596 2151 2895 2206 antecedit.

2200 2239 2364 2294 Cano.
2406 2239 2520 2295 Nec
2571 2242 2718 2296 enim
2750 2242 3038 2313 quisqttam
3091 2243 3158 2298 ad
3204 2244 3477 2300 theoriam
3524 2246 3712 2302 venire

2128 2339 2332 2403 poteSt,
2362 2332 2470 2387 nisi
2500 2333 2656 2403 prius
2688 2331 2756 2388 ad
2804 2332 2967 2389 ﬁnem
2996 2336 3249 2405 practice
3277 2332 3510 2394 venerit.
3574 2339 3714 2393 inci-

2128 2422 2391 2494 piendum
2426 2423 2596 2496 igitur
2628 2422 2752 2491 tibi,
2783 2428 2837 2481 et
2877 2426 3212 2483 studendum
3253 2429 3309 2483 in
3331 2431 3524 2500 primis
3556 2431 3707 2495 huic,

2129 2515 2615 2589 laborattdquue
2656 2519 2711 2573 in
2735 2519 3054 2590 gemitibus,
3081 2520 3134 2576 in
3160 2522 3437 2589 lamentis,
3475 2524 3528 2578 in
3552 2525 3714 2579 iacti-

2130 2606 2256 2674 bus,
2278 2608 2333 2662 in
2353 2609 2866 2678 lamentationibus,
2894 2611 2951 2666 in
2984 2611 3208 2668 liuentis
3232 2614 3620 2688 lacrymarum.
3656 2618 3709 2672 in

2129 2699 2378 2754 oratione
2407 2701 2703 2767 constanti,
2728 2699 2782 2755 in
2808 2702 3105 2772 psalmodia
3131 2704 3334 2773 stabili,
3368 2707 3424 2762 in
3453 2709 3713 2764 chameu-

2130 2791 2223 2844 nia
2261 2791 2478 2859 humili,
2512 2791 2568 2846 in
2618 2794 2994 2850 maceratione
3027 2800 3364 2866 carunculae,
3400 2801 3456 2856 in
3497 2803 3707 2857 contri-

2134 2882 2282 2937 tione
2310 2893 2463 2949 vera,
2498 2883 2555 2938 in
2576 2885 2789 2956 jejunio
2817 2901 3035 2952 severo,
3057 2888 3112 2944 in
3133 2888 3370 2948 lcetione
3398 2890 3710 2965 Scriptum-

2136 2986 2281 3039 rum,
2316 2974 2370 3029 in
2426 2990 2616 3030 earum
2661 2977 3019 3035 meditatione
3049 2988 3105 3034 et
3133 2982 3349 3049 nutitia,
3385 2983 3437 3036 in
3470 2986 3710 3055 pervigi-

2132 3066 2342 3121 latione
2374 3067 2658 3133 continua,
2689 3067 2744 3122 in
2800 3082 2969 3140 opere
3002 3080 3288 3137 manuum,
3343 3073 3397 3128 in
3452 3089 3707 3131 manuum

2134 3152 2462 3223 elevatione,
2515 3158 2569 3212 in
2600 3172 2837 3231 genuum
2874 3161 3250 3228 inclinatione,
3307 3164 3364 3219 in
3407 3165 3580 3221 forma
3629 3168 3713 3222 di-

2136 3249 2262 3304 vina
2295 3256 2498 3305 sanctte
2536 3252 2720 3329 crucis
2767 3253 3145 3322 exprimenda.
3213 3254 3410 3311 Pectus
3476 3257 3711 3315 libenter

2131 3354 2381 3414 percute,
2420 3351 2479 3398 ut
2520 3345 2796 3414 percussit
2852 3347 3181 3415 publicanus
3213 3348 3278 3402 ".
3315 3349 3595 3408 Distribue
3626 3352 3707 3408 fa—

2129 3436 2363 3491 cultates
2398 3436 2759 3507 pauperibus,
2802 3448 2865 3494 ut
2894 3437 3160 3509 scriptum
3205 3452 3291 3497 est
3318 3442 3389 3507 ",
3445 3455 3503 3500 et
3548 3460 3709 3502 omne

2131 3526 2336 3581 bunum
2367 3541 2508 3598 opus
2531 3529 2678 3598 quod
2713 3530 2940 3599 poteris.
2969 3530 3074 3585 huc
3094 3530 3261 3587 facito
3285 3535 3393 3589 "“.

2200 3621 2396 3675 Arum.
2458 3618 2720 3677 Oratione
2775 3631 2867 3676 tua
2932 3623 2988 3677 in
3050 3629 3142 3679 me
3202 3621 3443 3682 officiosa
3483 3630 3707 3684 condite

2129 3710 2305 3766 fuisti.
2342 3712 2498 3778 Quod
2523 3712 2568 3766 si
2597 3719 2654 3767 et
2681 3713 2948 3783 operibus
2980 3728 3069 3771 me
3116 3716 3391 3774 delectare
3446 3722 3706 3787 volueris,

2133 3814 2246 3859 tum
2286 3814 2475 3858 revera
2512 3811 2569 3860 et
2592 3804 2833 3876 adiutrix
2854 3820 2974 3862 mea
3000 3809 3288 3866 vocabere.

2200 3897 2367 3952 Cano.
2396 3896 2597 3954 Fidere
2628 3899 3015 3955 tantummodo
3037 3908 3090 3956 te
3129 3908 3368 3972 oportet,
3404 3903 3592 3969 fidere,
3627 3905 3709 3959 in-

2131 4002 2320 4058 quam.
2351 3988 2602 4046 Moveai‘e
2622 3988 2689 4044 ad
2716 3989 3010 4045 Dominum
3033 4001 3187 4047 motu
3214 4008 3466 4064 operum,
3493 3996 3561 4050 ad
3582 4008 3706 4051 eum

540 4113 586 4145 '”
618 4111 778 4168 Joan.
818 4126 908 4175 xv,
939 4108 1032 4164 εὶ.
1110 4109 1154 4141 ⁷⁸
1184 4108 1362 4165 Galat.
1398 4124 1455 4176 v,
1492 4108 1579 4163 i7.
1656 4108 1703 4140 ”
1726 4106 1861 4163 Luc.
1891 4123 2047 4176 svnt,
2076 4109 2166 4165 10.
2242 4110 2285 4142 ⁷⁷
2330 4107 2474 4165 Psal.
2510 4124 2589 4174 ιιι,
2616 4108 2683 4176 9;
2718 4109 2762 4163 ll
2790 4108 2919 4165 Cor.
2954 4126 3028 4176 ix,
3054 4109 3107 4166 9.

1960 4228 2233 4292 Scholia.

525 4337 541 4356 ⁶
568 4332 833 4388 lsidorus.
872 4329 975 4396 Qui
1006 4347 1110 4385 non
1146 4339 1298 4403 paret
1334 4331 1524 4384 rectori
1558 4346 1654 4384 suo
1685 4331 1896 4395 chortis,
1926 4331 2028 4386 alr-

448 4405 608 4459 surdc
643 4412 692 4457 et
742 4403 1053 4458 inconcinne
1069 4402 1575 4470 canit;e’targrotus,
1599 4403 1688 4469 qui
1709 4418 1813 4454 non
1835 4404 2029 4454 obtem-

450 4484 602 4547 perat
635 4474 854 4537 medico,
884 4475 1079 4547 __miser
1121 4481 1217 4547 est.
1260 4470 1450 4547 licetur
1491 4480 1690 4547 autem_
1714 4482 1764 4547 et
1796 4474 2026 4525 medicus
2062 4488 2102 4542 ο

449 4538 604 4609 culpa
631 4552 842 4598 racant.
875 4541 1016 4596 Nam
1044 4551 1091 4594 et
1123 4543 1231 4610 ipse
1250 4542 1486 4594 Christus
1510 4557 1627 4592 cum
1657 4538 1891 4606 Indicos,
1911 4550 2024 4594 tum

446 4616 647 4669 Judam
686 4615 918 4667 crebrius
952 4612 1101 4682 ofﬁcii
1142 4611 1380 4664 monuit:
1415 4619 1592 4662 tamen
1638 4624 1740 4682 non
1787 4612 1859 4664 eis
1906 4628 2026 4680 per-

448 4687 640 4739 suasit.
686 4679 1120 4737 Persuadcontur
1168 4683 1308 4734 enim
1343 4695 1502 4733 necne
1546 4679 1837 4750 auditores,
1879 4679 2024 4750 ipso-

450 4772 568 4809 rum
596 4754 742 4808 debet
771 4770 880 4807 csse
909 4752 1203 4822 potestatis,
1231 4760 1453 4822 propter
1478 4749 1688 4822 arbitrii
1726 4748 2024 4804 libertatem

448 4826 710 4879 videlicet.
741 4817 988 4877 Doreiitis
1019 4826 1206 4873 manus
1232 4817 1341 4882 est,
1380 4817 1510 4872 nihil
1545 4822 1816 4889 pra’terire
1841 4830 2023 4873 eorum

450 4912 567 4966 qua:
590 4896 659 4949 ad
676 4895 990 4966 gignendum
1016 4892 1409 4966 persuasionem
1435 4889 1643 4966 ualent;
1671 4890 2022 4966 audientium,

450 4960 781 5035 persuaderi.
825 4960 1037 5035 Etenim
1080 4962 1169 5032 qui
1203 4961 1383 5035 docet,
1414 4960 1712 5035 dictionem,
1765 4964 2023 5035 nouitati:

450 5028 845 5106 persuasionem
878 5033 929 5087 in
962 5028 1218 5106 potestate
1245 5030 1418 5106 habet.
1455 5033 1535 5106 An
1566 5030 1729 5098 igitur
1758 5028 2022 5106 (lin-istum

452 5099 832 5163 accumbimus.
861 5099 1184 5174 quidluda:
1220 5109 1268 5174 et
1309 5099 1543 5153 Hebrwis
1596 5114 1697 5152 non
1737 5104 2019 5169 persuasit,

452 5192 546 5230 nec
566 5190 656 5229 ‘cos
675 5164 899 5233 saluauit
924 5164 1306 5241 ?Neutiquain.

524 5248 564 5267 "
593 5244 846 5300 Basilius.
880 5239 1149 5314 Duplicent
1189 5242 1265 5295 ait
1299 5240 1492 5314 anima;
1528 5239 1849 5307 [litterionem
1886 5254 2020 5305 esse,
2062 5280 2071 5291 χ

452 5332 615 5370 unam
644 5310 1085 5385 quidemvitalem
1118 5311 1351 5385 corporis
1376 5326 1395 5385 ς
1437 5310 1665 5362 alterum
1692 5317 1869 5385 rerum
1899 5325 2024 5362 con-

452 5379 873 5454 templatricem,
903 5392 1063 5453 quam
1107 5391 1156 5434 et
1209 5379 1618 5454 ratiocinantem
1666 5379 2019 5454 appellamus.

450 5450 765 5519 Sad'uitalis
812 5450 955 5507 itlius
1004 5455 1168 5506 virtus
1228 5469 1259 5505 a
1308 5451 1578 5504 voluntate
1619 5460 1721 5503 non
1766 5450 2020 5519 procedit.

454 5516 1204 5595 Namquemadmodumusolc
1236 5521 1563 5595 illucescente
1595 5530 1701 5595 non
1728 5516 1894 5595 potest
1916 5536 2020 5574 non

450 5590 768 5671 illuminari.
798 5596 850 5648 in
875 5596 1011 5663 quod
1039 5592 1329 5671 illc‘radios
1361 5606 1479 5643 suos
1515 5590 1723 5671 proﬁcit
1745 5605 1769 5671 :A
1799 5592 1879 5671 ita
1908 5604 2020 5671 non

456 5672 623 5734 potest
660 5667 843 5719 anima
875 5659 977 5717 non
1020 5662 1286 5729 viriﬁcure
1325 5676 1511 5734 corpus
1543 5659 1694 5734 illud,
1740 5663 1824 5713 cui
1861 5662 2020 5713 insita

457 5731 633 5805 luerit.
662 5734 1079 5805 Contemplatria:
1115 5747 1232 5787 vero
1261 5747 1292 5783 a
1313 5732 1586 5782 voluntate
1616 5731 1717 5782 vim
1746 5746 1898 5784 suam
1932 5745 2020 5784 ac-

2135 4333 2278 4402 cipit.
2315 4330 2644 4402 lmprobitas
2674 4344 2852 4387 autem
2886 4334 3036 4389 aliud
3073 4334 3207 4391 nihil
3232 4344 3331 4402 est,
3364 4337 3467 4391 nisi
3503 4336 3705 4393 virtutis

2133 4400 2462 4467 interclusio,
2498 4412 2546 4456 et
2575 4402 2831 4458 absentia.

2209 4472 2375 4526 isaa‘c.
2403 4470 2550 4547 Sicut
2574 4490 2692 4547 cum
2706 4476 2871 4547 primi
2898 4476 3132 4530 homines
3158 4475 3510 4547 ﬁngerentur.
3535 4479 3703 4541 prima

2131 4541 2230 4610 fuit
2248 4544 2480 4612 corporis
2498 4542 2659 4616 ﬁctio,
2680 4541 2865 4597 deinde
2884 4557 3121 4600 secutum
3143 4541 3216 4599 est
3240 4541 3568 4616 spiraculum
3589 4564 3607 4600 :
3634 4550 3705 4601 sic

2124 4627 2312 4734 gerat}
2333 4628 2422 4733 sbeu
2462 4613 2692 4667 actiones
2724 4630 3010 4685 corporeae,
3037 4613 3479 4671 actionesanima:
3512 4633 3705 4687 prme-

2192 4697 2246 4734 re
2315 4698 2340 4734 θ
2377 4688 2482 4734 ent.

2122 4683 2246 4734 dare
2279 4683 2482 4734 debent.

2196 4751 2511 4831 _‘"-t3ognitio
2530 4751 2724 4831 indiget
2738 4754 2964 4831 actione,
2982 4764 3030 4809 et
3061 4758 3201 4831 actio
3226 4758 3536 4831 cognitione.
3562 4756 3705 4810 Unde

2126 4818 2201 4873 ait
2244 4818 2518 4897 periimus,
2562 4818 2694 4885 «οἱιὶ
2727 4823 2928 4897 fecerit,
2959 4818 3308 4897 'et__d0aterit:
3352 4829 3436 4897 ilic
3485 4840 3705 4897 magnus

2122 4891 2389 4967 vocabili"
2416 4892 2671 4967 ‘in_regno
2706 4890 2959 4967 oratorum,
2981 4890 3197 4965 (Matth.
3227 4915 3277 4961 v,
3303 4891 3445 4967 19).»
3486 4896 3545 4949 Si
3568 4890 3707 4949 Enim

2121 4963 2403 5031 Suffecisset
2422 4962 2497 5038 ad
2527 4962 2897 5038 perfectionem
2934 4962 3106 5038 facere
3134 4976 3342 5020 tantum
3372 4962 3573 5038 absque
3611 4968 3707 5018 do-

2124 5044 2260 5089 cere.
2296 5039 2389 5084 aut
2412 5031 2596 5084 docere
2638 5032 2813 5087 solum
2851 5031 2965 5087 sine
3010 5037 3200 5099 lacere,
3252 5046 3356 5090 n’on
3392 5031 3545 5089 ambo
3578 5044 3704 5089 con-

2115 5099 2400 5175 julnxiss‘et,
2427 5103 2504 5175 ζῇς
2532 5100 2723 5175 uerbis,
2756 5103 3092 5175 ioui‘cunque
3123 5107 3319 5174 fecerit,
3345 5116 3392 5160 et
3416 5109 3699 5159 docuerit.)

2124 5172 2208 5290 (gl
2246 5173 2394 5290 enim1
2425 5170 2704 5242 Scriptura
2751 5191 2766 5227 :
2808 5170 3183 5246 «lesus'cwpit
3228 5178 3473 5247 facerest
3525 5177 3707 5229 ducere

2124 5248 2137 5290 ἔ
2194 5251 2263 5290 cl-
2305 5257 2342 5290 l.
2412 5246 2481 5290 ι-»

2125 5243 2263 5305 (Act.
2305 5257 2342 5305 l,
2374 5243 2481 5305 1).»

2124 5255 2558 5391 λδςξχέξιιῖηςῗεὶιει
2607 5308 2883 5391 on'enim
2898 5329 2965 5391 ea:
2989 5316 3164 5391 gratia
3190 5323 3417 5391 tantum,
3439 5315 3704 5391 sedetis!!!

2122 5394 2184 5433 ea
2211 5382 2337 5451 ﬁdei
2381 5393 2426 5455 et
2455 5383 2660 5455 virtutis
2698 5394 2796 5435 usu
2821 5384 2971 5455 salit:
2989 5380 3353 5455 comparanda
3377 5380 3471 5440 est.
3496 5380 3703 5439 Etenim

2124 5458 2179 5525 ut
2215 5455 2348 5522 ignis
2374 5454 2654 5525 propritim
2692 5460 2767 5506 est
2799 5454 3119 5525 calefacere,
3160 5469 3208 5507 et
3236 5456 3364 5510 solis
3394 5457 3704 5517 illustrare;

2122 5518 2339 5597 sicilia
2372 5518 2692 5597 benefacere,
2730 5534 2780 5575 ct
2809 5518 2972 5579 multo
3001 5518 3120 5597 plus
3145 5534 3306 5596 quam
3345 5536 3438 5580 nos
3464 5526 3702 5581 nolimus.

2128 5590 2221 5645 Ubi
2249 5594 2405 5644 etiam
2434 5595 2609 5660 gratia
2629 5603 2747 5666 est,
2786 5602 2945 5666 opera
2981 5590 3084 5649 non
3125 5590 3266 5658 sunt,
3300 5606 3349 5649 et
3385 5598 3471 5650 ubi
3521 5606 3703 5665 opm.

2122 5672 2297 5730 gratia
2348 5678 2451 5713 non
2489 5675 2580 5718 est.
2624 5664 2719 5720 Ubi
2752 5664 2925 5741 autem
2955 5669 3258 5738 gratiae“,
3293 5668 3561 5738 superbire
3601 5676 3702 5719 non

2124 5741 2346 5802 upot'lt'l.
