4102 6200
407 270 516 335 71’.)

1870 253 2232 318 DIOPTRA.

3564 259 3671 321 750

407 396 629 443 sursum
673 375 999 451 respiciens.
1031 384 1091 431 et
1117 375 1344 431 omnino
1372 374 1488 446 ipse
1517 370 1692 429 dabit.
1726 371 1794 427 Et
1827 384 1987 427 acce-
2013 377 2060 437 Δ
2094 372 2379 437 tantopere
2411 379 2690 437 peccasse,
2725 365 3051 436 divinasque
3072 366 3222 437 leges
3272 373 3671 439 transgressum

407 476 498 542 de,
535 480 594 529 et
614 470 721 526 ﬁde
754 484 866 524 non
900 466 1303 539 procrastinata
1344 465 1414 519 ad
1452 461 1682 533 vestigia
1716 459 1986 517 Condito-

407 564 487 621 tis
515 563 592 618 tui
612 559 938 633 procumbo,
969 558 1214 613 clamans
1240 571 1365 611 cum
1398 553 1657 625 laerymis
1682 569 1697 606 :
1733 550 1838 619 Tu,
1867 548 1988 605 Sal-

408 665 592 721 vator,
626 650 897 709 ineﬂ‘ahili
933 659 1027 705 tua
1074 647 1447 704 exinanitione
1501 642 1843 708 instaurasti,
1905 651 1986 706 tu,

410 747 662 813 Domi-ne,
689 742 915 801 salvasti
946 748 1201 796 naturam
1225 728 1512 794 hominum
1543 752 1574 792 e
1600 734 1856 791 manibus
1883 732 1990 788 ini-

412 840 562 906 mici,
591 844 649 895 et
667 853 739 893 ex
774 835 1066 893 servitute.
1118 833 1198 887 Tu
1234 832 1381 886 salva
1420 845 1508 885 me
1553 843 1770 885 rursum
1815 825 1989 897 gratia

410 942 549 989 tua:
582 946 646 987 es
681 929 830 985 enim
877 928 1025 983 Deus
1052 925 1266 981 salutis.
1321 924 1376 980 Si
1420 923 1568 979 enim
1619 937 1686 978 es
1727 919 1992 991 operibus

411 1018 847 1083 mesalvaveris,
877 1017 988 1072 erit
1034 1015 1140 1072 ista
1187 1012 1587 1084 compensatio,
1626 1025 1737 1067 non
1794 1008 1988 1081 gratia,

412 1113 819 1181 manifestaque
846 1106 1167 1164 retributio.
1202 1104 1336 1161 Mihi
1365 1112 1549 1161 autem
1579 1103 1789 1159 nullum
1834 1100 1993 1157 adest

413 1220 559 1275 opus
587 1205 819 1259 bonum.
848 1202 972 1272 Ipse
992 1201 1149 1257 solus
1172 1200 1375 1266 bonus,
1406 1198 1527 1267 ipse
1552 1206 1748 1252 natura
1773 1194 1992 1250 miseri-

415 1311 565 1361 cors,
595 1305 652 1352 et
675 1303 888 1350 tantum
910 1292 1080 1348 ﬁdem
1104 1290 1366 1362 requiris,
1393 1298 1452 1345 et
1489 1296 1702 1343 tantum
1752 1286 1993 1343 charita-
2028 1312 2035 1318 η

417 1401 531 1445 tem
565 1388 668 1443 vis.
715 1388 774 1442 Si
800 1386 941 1443 ﬁdes
986 1393 1196 1441 tantum
1243 1382 1555 1452 redemptio
1580 1387 1686 1446 est,
1715 1379 1881 1435 etiam
1912 1378 1996 1448 ip-

416 1484 496 1537 sis
534 1479 859 1550 desperatis,
910 1477 1077 1533 tidom
1132 1474 1333 1539 habeo,
1376 1472 1526 1529 salva
1572 1484 1686 1538 me,
1724 1483 1787 1525 es
1846 1468 1993 1524 enim

417 1572 559 1627 Deus
593 1571 661 1627 ad
703 1570 1052 1628 salvandum.
1086 1568 1253 1624 Fides
1278 1573 1364 1622 est
1391 1563 1528 1619 mihi
1560 1579 1662 1634 pro
1701 1576 1899 1639 opere,
1927 1559 1997 1615 ﬁ-

416 1664 539 1717 dem
571 1677 673 1734 pro
700 1677 868 1732 opere
909 1660 1153 1730 suscipe.
1200 1656 1446 1714 Suﬁiciat
1494 1655 1593 1712 tibi
1632 1653 1790 1719 ﬁdes,
1828 1666 1993 1723 quam

2089 472 2236 523 esse,
2274 465 2337 512 ut
2368 457 2662 515 adversum
2708 458 2805 514 Dei
2849 457 3080 528 gloriam
3138 458 3305 512 etiam
3347 457 3672 516 detestanda

2090 550 2235 607 idola
2256 550 2622 607 constitueret
2651 568 2665 604 :
2708 565 2815 621 qua
2840 549 2909 606 de
2935 565 3101 607 causa
3128 567 3306 623 genus
3326 551 3670 620 Judaiorum,
3756 559 3759 562 ‘

2091 643 2149 699 in
2173 642 2431 700 lamentis
2460 642 2740 709 videlicet,
2786 642 3110 713 ploratibus,
3159 653 3217 699 et
3270 644 3671 715 supplicatione

2087 734 2434 809 jejuniorum
2478 735 2550 791 ad
2590 735 2887 791 Dominum
2917 735 3213 793 clamabat.
3243 736 3367 792 Non
3394 746 3579 794 tamen
3603 738 3672 794 il-

2089 828 2273 886 lorum
2308 829 2550 885 lamenta
2607 840 2766 896 tunc,
2805 829 2902 887 sed
2934 837 3125 901 postea
3158 830 3459 899 exaudivit,
3501 839 3558 888 et
3616 830 3675 886 iu

2092 921 2427 977 contritione
2449 919 2657 986 cordis,
2703 919 2761 975 in
2784 920 3166 977 humiliatione
3186 922 3382 976 animae
3411 921 3675 976 humilia-

2094 1023 2152 1069 to
2185 1013 2455 1079 Manasse,
2506 1013 2899 1069 contritionem
2937 1013 3088 1068 illam
3124 1012 3351 1071 minime
3372 1023 3458 1069 est
3487 1029 3675 1085 asper-

2093 1109 2276 1157 natus.
2317 1099 2462 1168 Quin
2509 1102 2679 1156 etiam
2734 1102 3059 1158 idololatriae
3085 1103 3286 1169 scelus,
3329 1103 3477 1174 quod
3505 1106 3678 1160 maxi-

2093 1207 2246 1249 mum
2278 1201 2334 1249 et
2363 1194 2662 1263 pessimum
2703 1202 2824 1250 erat
2861 1194 3133 1260 omnium,
3162 1195 3214 1250 ei
3248 1195 3459 1250 dimisit
3484 1198 3525 1217 "
3556 1197 3597 1250 ⁸.

2165 1284 2222 1340 Si
2253 1284 2589 1354 placuissent
2624 1284 2725 1340 tibi
2765 1285 3004 1341 victimae
3034 1303 3048 1340 :
3088 1307 3106 1339 ι
3138 1287 3185 1344 si
3220 1289 3554 1344 sacriﬁcium
3583 1305 3681 1345 vo-

2092 1374 2313 1442 luisses,
2348 1375 2621 1432 dedissem
2663 1376 2857 1447 utique
2882 1377 2989 1445 "i,
3042 1379 3242 1435 clamat
3270 1380 3341 1436 ad
3381 1381 3678 1437 Dominum

2095 1468 2306 1525 David:
2350 1475 2409 1523 at
2443 1483 2555 1523 non
2586 1467 2673 1524 his
2700 1468 3015 1536 oblcctaris,
3050 1485 3154 1525 nec
3176 1472 3380 1542 gaudes
3408 1472 3518 1528 ullo
3557 1489 3679 1529 mo-

2097 1556 2170 1613 do
2199 1575 2214 1614 :
2249 1556 2348 1613 sed
2379 1557 2611 1627 spiritus
2648 1558 3077 1626 contribulatus,
3108 1568 3165 1616 et
3188 1559 3677 1633 humiliatus,'pla-

2099 1651 2243 1707 citus
2274 1657 2332 1706 et
2354 1660 2545 1721 gratus
2569 1660 2656 1708 est
2683 1652 2807 1708 tibi.
2838 1652 2970 1719 Quae
3005 1662 3336 1723 sequuntur,
3375 1655 3682 1712 rectissime

414 1762 473 1811 et
497 1730 805 1808 solvamti'bi
829 1752 1024 1809 offero.
1051 1751 1109 1806 Si
1134 1750 1283 1806 enim
1316 1764 1539 1821 quoquo
1570 1746 1734 1804 modo
1779 1745 1994 1802 abstra-
2029 1730 2067 1783 Β
2095 1752 2153 1800 et
2190 1743 2494 1813 praesertim
2530 1744 2677 1814 apud
2725 1745 3028 1814 prudentes
3065 1746 3211 1803 dicta
3246 1757 3399 1805 sunt.
3441 1750 3681 1815 Rursum

415 1847 551 1902 here
575 1859 663 1901 me
689 1843 759 1899 ab
789 1839 1157 1912 omnipotenti
1188 1842 1434 1911 potentia
1470 1846 1565 1894 tua
1602 1837 1880 1909 pessimus
1910 1845 1995 1906 ty-

414 1952 626 1994 rannus
652 1936 820 1991 Belial
843 1933 1082 2005 potuerit
1110 1932 1271 2004 (proh
1300 1930 1617 1986 audaciam!
1651 1927 1791 2000 proh
1816 1928 1999 1998 impu-

416 2032 659 2088 dentiam
674 2030 715 2101 l)
733 2027 1018 2093 ederetur,
1038 2034 1096 2080 et
1134 2023 1461 2095 gloriabitur
1492 2020 1996 2078 vehementer.Seu

416 2124 591 2195 igitur
615 2121 863 2183 voluero,
891 2133 988 2173 seu
1018 2132 1129 2172 non
1159 2116 1409 2180 voluero,
1448 2114 1597 2169 salva
1632 2127 1757 2179 me;
1810 2131 1830 2164 ι
1886 2110 1999 2167 cito

372 2206 378 2215 ’
420 2210 723 2280 anticipent
749 2223 838 2263 me
866 2204 1258 2262 misericordia:
1284 2214 1398 2258 tua:
1422 2203 1490 2256 ".
1528 2221 1547 2253 ι
1597 2201 1678 2256 Tu
1739 2216 1800 2258 cs
1854 2201 2001 2257 Deus

421 2314 582 2356 meus
607 2299 677 2355 ah
701 2307 897 2364 utero;
927 2308 987 2353 tu
1016 2306 1227 2362 custos,
1261 2304 1318 2351 tu
1347 2293 1606 2351 Servatur
1636 2307 1809 2348 meus.
1876 2292 2001 2347 llaec

422 2391 471 2446 si
493 2400 823 2463 compuncta
849 2389 1077 2456 dixeris,
1133 2389 1181 2444 si
1225 2403 1256 2443 e
1293 2385 1583 2458 profundis
1650 2383 1993 2447 clamaveris,

422 2484 471 2541 si
505 2500 571 2540 ex
608 2484 794 2539 animo
818 2484 1060 2539 lamenta
1092 2491 1149 2537 et
1176 2483 1446 2553 lacrymas
1493 2487 1551 2535 et
1582 2479 1817 2550 gemitus
1842 2476 2001 2533 fude-

425 2572 525 2639 ris,
566 2570 756 2627 audiet
789 2579 864 2637 te,
883 2581 947 2626 et
983 2580 1195 2641 parcet,
1219 2578 1277 2626 et
1312 2568 1565 2634 salvabit,
1597 2576 1655 2624 et
1704 2566 2001 2636 liberabit;

426 2680 554 2720 nam
582 2664 847 2720 liberator
862 2673 948 2721 est
975 2664 1239 2720 Dominus
1255 2665 1372 2731 ποτ,
1398 2671 1457 2725 et
1485 2663 1796 2719 animorum
1813 2661 2004 2719 Salva-

428 2761 517 2809 tor
547 2752 721 2810 solus.
755 2752 907 2808 llabe
930 2767 1057 2822 spes
1088 2752 1285 2819 bonas,
1320 2760 1378 2808 et
1414 2760 1670 2823 exspecta
1698 2752 1926 2823 optima.

1037 2880 1265 2945 CAPUT
1295 2882 1412 2942 Xll.

488 3000 754 3073 Exempla
796 3001 1059 3073 Manassis
1112 3010 1161 3055 et
1208 2999 1425 3056 Doridis
1472 3003 1855 3070 pwnitentium,
1887 3010 1938 3055 et

879 3071 1109 3127 salutem
1136 3060 1553 3127 consecuturum.
1841 3060 1852 3067 ⁷
2033 3060 2081 3121 0

499 3209 698 3264 ulla.
730 3207 931 3264 Verum
962 3220 1065 3276 ego
1099 3220 1293 3262 omnes
1322 3207 1583 3263 mortales
1612 3206 1894 3278 peccando
1920 3223 2013 3264 su-

432 3300 670 3374 peravi:
733 3312 927 3354 omnes
979 3297 1228 3368 peccatis
1279 3298 1589 3370 omnigenis
1629 3308 2015 3371 praetergressa

432 3408 593 3461 sum;
624 3390 800 3447 ﬁlium
836 3389 1148 3461 prodigum,
1206 3389 1513 3461 principem
1572 3389 1863 3455 latronem,
1901 3406 2019 3446 me-

432 3485 684 3547 retrices,
719 3491 776 3537 et
801 3482 1146 3553 publicanos,
1182 3480 1496 3554 Sodomitas
1530 3480 1777 3551 insuper,
1808 3488 1868 3536 et
1922 3481 2021 3537 Ni-

434 3576 663 3632 nivitas.
706 3573 910 3628 Omnes
961 3572 1055 3643 qui
1088 3570 1431 3643 temporibus
1488 3570 1603 3627 Noe
1644 3571 1922 3639 vixerunt,
1964 3579 2023 3629 et

439 3665 541 3734 qui
568 3663 695 3720 inde
718 3665 785 3721 ab
812 3664 1022 3720 Adamo
1044 3654 1223 3734 primo
1249 3664 1534 3734 hucusque
1566 3662 1841 3734 procreati
1868 3673 2019 3720 sunt.

439 3756 514 3813 Et
547 3767 751 3820 metuo,
785 3772 855 3813 ne
883 3759 1143 3812 seductor
1171 3771 1257 3810 me
1293 3755 1539 3812 devoret.

511 3846 680 3904 Cano.
729 3848 810 3905 Ne
872 3848 1014 3904 adeo
1065 3847 1284 3911 timeas,
1328 3860 1400 3901 ne
1450 3862 1620 3917 supra
1650 3845 1874 3903 modum
1910 3862 2029 3904 me-

442 3949 585 4009 tuas.
615 3941 750 3996 Nam
777 3940 936 3997 dolor
960 3940 1291 3996 immodicus
1312 3949 1551 3996 mentem
1575 3940 1789 3996 evertit.
1826 3940 1894 3995 Et
1917 3939 2029 3996 for-

440 4031 786 4098 midandum,
843 4048 910 4087 ne
936 4031 1096 4102 quod
1151 4033 1347 4090 anima:
1406 4032 1669 4089 damnum
1713 4032 1843 4087 hinc
1885 4031 2030 4088 acci-

441 4126 583 4192 pias.
610 4133 667 4178 ct
694 4124 748 4179 in
798 4124 969 4179 imum
1012 4124 1243 4180 exitium
1290 4123 1599 4195 praecipites
1622 4127 1662 4180 ⁶.
1702 4123 1806 4180 Sed
1841 4132 2029 4195 patere

446 4223 500 4269 te
541 4215 865 4271 consolari:
916 4218 1106 4272 audies
1151 4217 1298 4271 enim
1341 4215 1508 4269 verba
1545 4230 1575 4271 a
1621 4215 1740 4271 viro
1789 4217 2029 4286 quodam

444 4303 720 4373 spirituali
774 4307 1008 4377 prolata,
1083 4315 1139 4362 et
1200 4305 1266 4361 ad
1332 4305 1439 4361 hoc
1496 4305 1566 4361 de
1641 4316 1752 4377 quo
1819 4307 2033 4377 agimus

2098 1834 2294 1902 David,
2348 1835 2478 1891 alibi
2533 1835 2771 1893 duorum
2828 1847 3183 1907 peccatorum
3242 1855 3374 1896 reus
3420 1852 3683 1910 peractus

2101 1927 2333 1998 (namin
2367 1927 2564 1984 eodem
2597 1929 2765 1984 simul
2822 1929 3158 1985 adulterium
3217 1939 3275 1987 et
3320 1932 3682 1993 homicidium

2100 2019 2496 2093 commiserat),
2552 2020 2682 2091 quia
2718 2028 3030 2091 prostratus
3054 2022 3315 2092 penituit
3347 2039 3532 2080 coram
3573 2027 3681 2081 Do-

2100 2111 2285 2180 mino,
2320 2110 2450 2181 quia
2482 2111 2780 2181 procidens
2808 2112 3137 2169 exclamavit
3184 2131 3199 2169 :
3243 2132 3263 2166 ι
3292 2115 3521 2171 Peccavi
3572 2117 3684 2172 Do-

2101 2203 2274 2266 mino,
2311 2220 2329 2254 ι
2367 2210 2425 2257 et
2454 2201 2598 2258 hanc
2625 2215 2817 2257 vocem
2854 2201 3011 2258 dedit
3046 2217 3173 2259 cum
3207 2205 3553 2275 pmnitentia,
3585 2221 3686 2262 au-

2102 2292 2186 2350 dit
2239 2292 2506 2358 vicissim,
2534 2300 2593 2349 et
2621 2292 2807 2348 statim
2827 2307 2861 2347 a
2889 2292 3140 2351 Nathane
3171 2296 3439 2366 pr0pheta
3473 2314 3488 2352 :
3526 2315 3545 2349 σ
3580 2297 3688 2355 Do-

2103 2386 2289 2442 minus
2338 2400 2558 2457 quoque
2613 2386 2894 2443 transtulit
2931 2397 3223 2458 peceatum
3276 2398 3431 2445 tuum
3473 2391 3542 2446 ".
3573 2410 3592 2444 ι
3628 2391 3687 2448 Si

2104 2486 2321 2534 tantum
2372 2486 2555 2548 potest
2597 2478 2881 2534 humilitas
2926 2478 2994 2534 ad
3049 2481 3307 2548 salutem,
3344 2480 3688 2553 obtempera,

2104 2568 2345 2635 conﬁde,
2377 2578 2434 2624 et
2459 2569 2831 2626 humilitatem
2861 2570 3086 2639 adhibe,
3134 2573 3303 2629 veluti
3351 2574 3689 2644 pharmacon

2107 2659 2390 2731 quoddam
2409 2660 2681 2718 adversus
2708 2661 2983 2734 viperam,
3023 2680 3147 2735 quae
3168 2665 3531 2738 intelligentia
3564 2683 3694 2738 per-

2107 2752 2337 2824 cipitur,
2373 2762 2430 2809 et
2460 2753 2671 2810 animas
2698 2755 2942 2826 peccatis
2971 2756 3155 2827 perdit
3188 2758 3689 2828 praestantissimus.

2109 2845 2493 2901 Perniciosum
2532 2853 2619 2902 est
2644 2845 2745 2902 tibi
2784 2848 3010 2918 (iterum
3054 2848 3365 2920 iterumque
3392 2850 3617 2923 dicam).
3643 2852 3692 2908 si

2110 2938 2533 2995 immoderatius
2564 2938 2833 2995 dolueris.

2696 3070 2922 3129 CAPUT
2962 3071 3104 3129 Illi.

2182 3205 2188 3211 ’
2238 3186 2316 3241 De
2339 3187 2687 3259 concipienda
2732 3201 2823 3259 spe
2855 3185 3046 3259 divina:
3089 3186 3483 3259 misericordiae,
3511 3203 3575 3242 ea:

2528 3254 2835 3327 poenitentia
2866 3264 2917 3307 et
2963 3254 3286 3311 humilitate.

2193 3407 2214 3443 ι
2249 3388 2449 3455 Petito,
2479 3398 2537 3445 ct
2564 3388 2783 3446 dabitur
2802 3389 2960 3445 vobis
2985 3389 3054 3457 ⁸⁸,
3082 3408 3101 3442 ι
3128 3389 3361 3445 verbum
3397 3399 3483 3447 est
3516 3392 3701 3450 Verbi.

2118 3478 2177 3537 Si
2212 3480 2544 3552 pulsaveris,
2581 3481 2882 3552 aperietur,
2912 3482 3034 3538 etsi
3058 3482 3398 3553 quaesiveris,
3426 3482 3700 3540 invenies.

2115 3571 2344 3640 Quaere,
2372 3574 2557 3644 pulsa,
2586 3582 2734 3646 pete,
2777 3590 2850 3630 ne
2909 3574 2997 3630 bis
3054 3573 3322 3631 faciendis
3374 3574 3702 3648 defatigere,

2125 3667 2305 3724 donec
2337 3668 2619 3739 aperiatur
2666 3676 2724 3724 et
2758 3668 2922 3724 detur
2977 3667 3097 3724 tibi.
3144 3668 3202 3724 Si
3253 3668 3423 3740 judes
3481 3669 3707 3741 iniquus

2124 3760 2411 3817 exaudivit
2462 3759 2683 3816 viduam
2723 3759 3047 3825 instantem,
3093 3760 3406 3831 importune
3463 3761 3707 3816 claman-

2128 3860 2241 3908 tem
2289 3860 2354 3907 .et
2378 3861 2733 3909 accusantem
2787 3852 2856 3919 ",
2894 3851 2989 3922 qui
3033 3851 3248 3923 iudicat
3296 3852 3485 3907 orbem
3527 3861 3707 3907 terra-

2128 3957 2251 3997 rum
2270 3941 2422 4012 juste
2451 3942 2662 4014 judicio
2691 3941 2736 3974 ⁸³
2764 3941 3054 4012 (quoniam
3082 3942 3293 4013 iustum
3324 3949 3416 3997 est
3437 3942 3705 4013 judicium

2131 4044 2310 4097 tuum.
2350 4034 2582 4090 Domine
2610 4033 2678 4105 ⁸³)
2716 4033 2996 4103 quomodo
3040 4048 3152 4089 non
3194 4033 3304 4088 cito
3336 4033 3628 4105 iudicabit,
3661 4037 3708 4090 si

2136 4135 2349 4182 tantum
2403 4122 2630 4193 urseris,
2668 4135 2725 4182 et
2754 4126 2950 4182 sedulo
2987 4126 3367 4196 petiveris‘“?

2203 4216 2397 4271 Annua.
2427 4215 2609 4271 Gloria
2634 4215 2866 4271 Domino
2914 4231 3060 4281 meo,
3092 4217 3264 4287 gloria
3297 4217 3516 4273 Christo
3560 4236 3704 4286 meo,

2133 4308 2231 4379 qui
2260 4307 2700 4364 misericorditer
2747 4308 2884 4373 vult,
2935 4318 2992 4364 et
3020 4294 3250 4379 judicat,
3286 4320 3343 4366 et
3371 4311 3561 4367 salvat.

441 4396 753 4466 spectantia
806 4415 821 4453 :
868 4398 1095 4454 Invenio
1114 4439 1131 4467 ,
1205 4397 1424 4469 inquit,
1481 4397 1782 4453 Manassem
1849 4414 2031 4470 regem
2066 4404 2111 4459 D
2206 4399 2374 4457 Cano.
2397 4400 2559 4455 Aliud
2586 4400 2846 4471 quiddam
2873 4402 3071 4474 majus,
3092 4411 3150 4457 et
3175 4403 3479 4473 elegantius
3497 4403 3708 4473 accipe,

516 4533 568 4567 ⁷⁸
598 4535 743 4591 Psal.
792 4552 1013 4604 usvm,
1052 4537 1108 4593 8.

447 4620 602 4671 xvm,
626 4608 692 4661 37
726 4623 882 4677 seqq.

1195 4538 1288 4572 ποτ
1331 4537 1468 4592 Dan.
1514 4550 1596 4598 vt,
1627 4537 1721 4590 27.

1803 4537 1851 4570 ⁷⁸
1884 4538 2027 4594 Psal.
2056 4556 2109 4607 ι,
2136 4541 2224 4596 18.
2279 4541 2327 4574 "
2353 4540 2399 4596 ll
2436 4541 2577 4613 Reg.
2624 4556 2722 4609 xu,
2761 4540 2848 4597 l5.
2914 4538 2965 4574 “
2998 4541 3191 4598 Matth.
3230 4556 3326 4607 vn,
3374 4544 3424 4598 7.
3503 4545 3544 4577 "
3576 4544 3710 4599 Luc.

963 4612 1007 4641 ⁸³
1034 4606 1177 4663 Psal.
1218 4622 1341 4672 xcv,
1386 4607 1474 4661 15.
1559 4604 1607 4637 ⁸³
1658 4606 1800 4661 Psal.
1848 4623 2033 4676 cxvm,
2079 4604 2203 4667 £87.

1944 4722 2223 4787 Scholia.

521 4843 539 4862 ⁶
558 4837 829 4911 Quomodo
862 4841 1071 4909 penitus
1098 4856 1204 4894 non
1229 4839 1403 4895 dolere
1430 4850 1646 4911 propter
1670 4842 1903 4897 admissa
1924 4846 2031 4899 cri-

449 4911 598 4983 mina
629 4910 976 4983 perniciosunt
1007 4919 1105 4983 est,
1143 4912 1440 4983 ειεξιτ-επιιὶ
1468 4910 1742 4981 cujusdam
1766 4916 1994 4983 stuporis
2015 4930 2034 4968 :

448 4982 527 5034 ita
564 4979 797 5043 assiduo,
838 4988 887 5032 et
918 4980 1140 5034 nimium
1177 4982 1376 5046 dolere,
1423 4979 1660 5036 omnibus
1683 4992 1754 5034 est
1794 4979 2033 5038 noxium.

448 5049 593 5103 Nam
641 5065 811 5115 angor
843 5057 891 5102 et
939 5052 1154 5104 tristitia
1215 5066 1417 5120 semper
1472 5054 1651 5108 animo
1712 5053 2034 5118 incumbens,

451 5120 647 5189 saepius
684 5128 858 5172 mente
890 5137 921 5173 a
960 5136 1058 5175 sua
1096 5123 1217 5174 sede
1263 5122 1463 5173 dimota
1490 5121 1559 5172 ad
1589 5123 1856 5177 insaniam
1903 5123 2038 5177 redi-

451 5204 574 5327 gge
608 5190 898 5253 consuevit,
929 5200 978 5244 et
1006 5192 1075 5244 ad
1103 5192 1279 5244 omnia
1314 5194 1449 5244 bona
1478 5190 1799 5263 honestoque
1827 5193 2040 5247 inutiles

453 5274 481 5311 e
536 5275 673 5312 rere.

453 5274 673 5312 emrere.

532 5329 568 5346 “
588 5326 973 5399 Theodoretus
992 5328 1285 5399 episc0pus
1316 5327 1615 5385 Heracleae.
1646 5328 2043 5388 Misericordias

457 5395 674 5451 Domini
698 5413 818 5452 cum
848 5395 1405 5469 implorassct'Duvid,
1442 5410 1489 5453 et
1534 5404 1784 5456 mandari
1836 5407 1900 5458 ab
1942 5404 2044 5458 ini-

456 5470 682 5545 quitate,
706 5470 832 5545 sive
867 5486 899 5522 a
934 5476 1144 5545 pegoato
1184 5470 1489 5545 suppliciter
1528 5473 1798 5536 orarisset,
1838 5490 1931 5545 per
1946 5474 2041 5543 hy-

458 5536 712 5608 perbaton
747 5536 1062 5607 infert,'tUt
1104 5536 1413 5608 justi/iouis
1456 5542 1510 5593 in
1540 5536 1867 5596 sermonibus
1899 5536 2043 5599 tuis:

455 5616 506 5658 et
567 5607 750 5661 uincas
817 5624 935 5661 cum
980 5608 1241 5677 judicaris
1287 5608 1536 5675 (Psal.L,
1566 5613 1676 5676 6).»
1734 5615 1864 5667 Cum
1905 5613 2042 5666 enim

460 5677 605 5728 Deus
658 5678 1019 5748 paenitentiam
1048 5679 1463 5732 convertmtibus
1497 5697 1550 5733 se
1592 5682 1645 5734 in
1688 5684 2042 5739 remissionem

2128 4858 2465 4920 peccatorum
2513 4855 2682 4903 uertat
2731 4849 2885 4919 (sicut
2919 4858 2966 4903 et
3000 4849 3315 4918 juramento
3363 4849 3716 4920 conﬁrmauit,

2141 4917 2159 4968 ἀ
2179 4917 2333 4971 Nolle
2350 4928 2663 4989 seintortem
2689 4917 3103 4988 peccatoris,scd
3128 4920 3296 4989 magis
3313 4917 3557 4976 utconuet
3572 4917 3729 4977 tatur

2136 4990 2353 5060 etoiuat
2381 4988 2594 5060 (Eaech.
2623 5005 2777 5051 xvm,
2802 4989 2892 5060 5‘2)
2919 5008 2937 5041 ι
2960 4988 3393 5060 perspicueuerba
3417 4989 3512 5045 illa
3541 4995 3719 5048 attulit

2137 5057 2208 5110 ad
2234 5059 2586 5127 probandum,
2632 5060 2788 5128 quasi
2833 5057 3027 5112 (laceret
3078 5057 3096 5114 ἓ
3149 5057 3211 5114 Si
3273 5061 3399 5113 mihi
3453 5063 3722 5127 paenitenti

2128 5128 2420 5199 ignoueris,
2443 5137 2510 5199 _et
2547 5144 2792 5199 conuerso
2820 5130 3078 5199 propitius
3105 5130 3632 5198 Iueris,justiﬁcuttts
3666 5151 3719 5188 es

2130 5198 2196 5251 vin
2220 5196 2558 5271 sermonibus
2593 5198 2717 5259 tuis,
2753 5206 2802 5251 et
2824 5196 2995 5271 uerus
3026 5203 3080 5253 in
3106 5196 3561 5271 'promissiouibus
3615 5205 3720 5259 tuis

2141 5276 2377 5343 tempore
2399 5268 2767 5343 retributionis
2817 5268 3141 5343 ostenderis.
3171 5268 3253 5323 Me
3307 5271 3446 5324 enim
3504 5283 3722 5343 propter

2136 5337 2502 5406 paznitentiam
2536 5339 2952 5392 misericordiam
2983 5348 3316 5395 consecutum
3349 5356 3466 5393 cum
3505 5337 3562 5393 in
3604 5337 3720 5398 ine-

2138 5414 2287 5480 apum
2327 5408 2658 5477 produxeris,
2690 5409 2875 5461 merito
2895 5410 3161 5480 judicabis
3204 5427 3309 5475 eos,
3348 5410 3436 5480 qui
3466 5414 3723 5479 pa'niten-

2140 5478 2273 5551 tiam
2302 5493 2414 5551 _non
2453 5486 2688 5547 egerunt,
2722 5481 2810 5531 sed
2848 5478 3015 5551 utique
3046 5483 3114 5533 ad
3147 5478 3499 5534 exitum—vita:
3532 5498 3721 5551 pecca-

2141 5550 2208 5600 tis
2232 5547 2579 5600 inhaeserant.

2212 5618 2273 5697 ’ξ’
2293 5614 2579 5697 thysost.
2608 5615 3062 5697 Persevera-udum
3080 5631 3155 5697 cit
3174 5623 3226 5697 in
3244 5624 3467 5679 assiduis
3484 5625 3720 5697 precibus

2138 5692 2187 5740 et
2214 5685 2428 5756 vigiliis,
2458 5688 2532 5741 sic
2559 5689 2699 5743 enim
2728 5691 3064 5749 exaudiatur.
3098 5692 3340 5747 Primum
3382 5685 3596 5763 quidem
3646 5708 3720 5750 ea:
