4122 6212
440 308 573 395 751'

1672 304 2018 387 BHILIPPI
2055 299 2445 365 somnum

3593 289 3727 350 753‘

442 440 553 510 qu‘o
584 446 641 492 et
678 435 938 506 majorem
972 426 1196 483 omnino
1234 419 1478 477 laetitiam
1529 417 1775 481 haurias,
1824 415 2023 471 docea-
2056 424 2098 475 Α
2132 412 2280 476 tatis,
2310 417 2372 464 ut
2403 406 2540 471 dixi,
2604 403 2699 460 sed
2729 400 3036 459 aﬂecxionis
3084 396 3351 501 ferventis
3389 411 3444 453 et
3449 394 3707 510 nalaqris,

441 508 661 603 risque,
700 537 757 583 et
795 527 849 581 in
882 521 1118 594 puritate
1145 512 1490 571 conﬁrmeris
1520 528 1535 565 :
1569 525 1733 581 quam
1760 508 1834 564 ob
1886 523 2020 563 cau-

442 599 557 681 sam
583 629 865 677 sermones
909 612 1072 667 utiles
1102 608 1296 664 audire
1326 602 1568 659 voluisti.
1601 599 1832 667 Quando
1871 599 2020 654 enim

442 716 614 771 verbo
643 720 697 766 et
732 705 965 776 imperio
1000 703 1277 756 dwmonas
1300 695 1556 767 ejiciebat
1587 708 1615 747 a
1660 690 2019 754 daemoniaco,

444 806 706 878 rogabant
748 800 826 853 illi
870 795 1160 851 Dominum
1198 788 1571 860 impudenter,
1603 800 1674 840 ne
1721 786 1778 838 in
1805 781 2023 839 crucia-

446 875 560 956 tum
584 894 980 952 mitterentur:
1015 885 1109 941 sed
1143 885 1199 938 in
1227 895 1428 954 porcos
1475 878 1733 942 maxime,
1761 875 1857 947 qui
1894 882 2025 928 tunc

444 988 838 1063 pascebantur,
887 977 1097 1048 ingredi
1144 973 1496 1046 iuberentur.
1552 970 1623 1024 Et
1666 967 2026 1023 obtinuerunt

445 1056 593 1154 quod
623 1074 1038 1136 desiderabant,
1071 1065 1452 1139 processitque
1479 1059 1783 1132 negotium,
1814 1067 1872 1113 et
1897 1056 2026 1111 hinc

444 1178 498 1231 in
529 1190 592 1229 ea
636 1169 882 1241 regione,
915 1177 1149 1236 quorum
1182 1168 1342 1215 erant
1370 1154 1519 1227 porci
1555 1154 1611 1207 in
1659 1165 1811 1205 mare
1869 1163 2026 1204 sum-

443 1265 634 1329 mersi,
677 1239 1011 1317 detrimento
1058 1261 1188 1307 sunt
1237 1249 1418 1304 aﬂ‘ccti
1445 1248 1514 1300 ⁸⁸.
1549 1245 1690 1300 Num
1734 1243 1902 1314 igitur
1936 1239 2028 1295 ille

445 1375 557 1414 non
599 1349 990 1426 prarcognovit,
1048 1345 1144 1415 qui
1194 1339 1485 1413 praenoscit
1532 1334 1737 1397 omnia,
1798 1346 2027 1403 scopum

444 1467 566 1508 esse
594 1425 926 1508 daemonum,
965 1448 1025 1493 ut
1057 1450 1252 1508 porcos
1291 1426 1761 1501 summergerent?
1811 1425 2029 1480 Nihilo-

449 1543 630 1595 minus
664 1537 746 1592 eis
780 1540 964 1603 optata
992 1524 1310 1583 concessit:
1347 1521 1442 1591 qui
1471 1516 1892 1589 appellabantur
1949 1513 2030 1567 le-

447 1633 559 1702 gio,
595 1631 699 1683 hoc
735 1633 840 1687 est,
894 1622 1088 1689 ingens
1114 1613 1429 1669 multitudo.
1468 1611 1642 1664 Tuam
1673 1616 1855 1662 autem
1884 1603 2029 1677 peti-

451 1701 682 1785 tionem,
734 1716 824 1772 cui
882 1707 1162 1784 proposita
1220 1715 1307 1760 est
1354 1701 1566 1757 utilitas
1622 1709 1737 1765 tua,
1793 1713 1863 1752 an
1916 1711 2027 1751 non

2124 520 2231 574 qua
2264 502 2390 573 quis
2418 507 2596 556 semet
2650 496 2923 552 mandata
2953 509 3175 550 servare
3230 491 3401 561 cogit.
3448 489 3606 557 Quod
3658 492 3704 546 si

2123 593 2306 648 solum
2340 588 2719 661 compunctio,
2762 578 2835 642 ἐι
2879 585 3138 640 contritio
3187 583 3372 639 cordis
3435 584 3705 638 voluntati

2126 682 2362 739 maxime
2407 679 2576 736 alacri
2608 685 2919 741 succurrat,
2972 683 3030 731 et
3080 675 3355 744 lacrymte,
3414 673 3582 744 idque
3637 689 3707 729 ex

2129 773 2295 830 corde
2325 787 2536 838 amaro,
2584 786 2652 826 ex
2703 768 2917 826 fervore
2962 776 3019 824 et
3047 766 3381 830 humilitate,
3401 765 3469 821 ad
3490 765 3707 821 vincula

2124 870 2408 934 solvenda,
2442 877 2500 924 et
2530 866 2911 924 remissionem
2941 878 3107 935 quam
3132 863 3397 933 consequi
3424 861 3710 917 desideras

2127 959 2328 1018 sufﬁcit

2198 1053 2319 1108 Non
2349 1052 2565 1124 indiges
2593 1058 2840 1122 sumptu,
2878 1066 2987 1105 non
3031 1049 3244 1114 labore,
3274 1064 3379 1105 nec
3424 1049 3535 1104 alio
3566 1064 3707 1120 quo-

2127 1145 2297 1217 piam,
2330 1145 2478 1202 unde
2526 1145 2623 1201 tibi
2661 1160 2762 1214 per
2799 1143 3200 1208 continentem,
3246 1157 3347 1214 per
3380 1157 3554 1207 mare,
3612 1156 3710 1212 per

2128 1237 2247 1292 vias
2277 1235 2528 1292 diﬂiciles
2570 1235 2877 1307 periculum
2908 1234 3153 1305 aliquod,
3201 1240 3297 1289 aut
3329 1233 3581 1290 molestia
3611 1247 3708 1304 pa-

2132 1327 2325 1383 riatur.
2368 1325 2477 1382 Sed
2513 1326 2570 1380 in
2593 1326 2799 1390 anima,
2829 1325 2889 1382 in
2926 1326 3130 1381 tabulis
3152 1324 3340 1380 cordis
3379 1324 3709 1395 inscriptum

2129 1421 2297 1492 geris,
2344 1418 2493 1490 quod
2552 1426 2607 1474 te
2662 1418 2939 1474 volentem
2975 1417 3129 1472 nullo
3165 1415 3388 1487 negotio
3417 1415 3708 1471 meliorum

2132 1511 2463 1566 admoneat:
2494 1511 2541 1566 si
2588 1510 2755 1566 modo
2797 1511 2963 1566 etiam
2999 1509 3139 1566 lides
3167 1509 3316 1565 haud
3347 1510 3512 1565 dubia
3556 1509 3712 1564 insit.

2130 1604 2267 1660 Cum
2311 1615 2367 1659 tu
2417 1604 2797 1675 purgationem
2844 1603 3137 1668 obtuleris,
3196 1611 3441 1674 paratam
3491 1617 3715 1672 quoque

2133 1699 2516 1754 remissionem
2564 1699 2792 1770 accipis,
2822 1707 2886 1753 ut
2915 1696 3052 1753 dixi.
3095 1695 3251 1764 Quod
3289 1694 3336 1750 si
3388 1704 3445 1751 tu
3491 1694 3545 1749 in
3592 1694 3717 1748 aliis

450 1816 624 1873 intrito
651 1761 842 1881 magis,
884 1760 941 1860 et
987 1760 1405 1858 benevolentius
1444 1792 1724 1866 (gaudium
1763 1790 1912 1847 enim
1945 1795 2032 1844 est
2062 1760 2106 1820 Β
2132 1788 2462 1860 quibusdam
2510 1760 2898 1843 excusationes
2954 1760 3218 1849 excusas,
3265 1784 3613 1856 plurimaque
3659 1793 3717 1838 ct

450 1911 509 1966 in
538 1905 699 1967 coelo,
738 1897 1090 1967 ut'scriptum
1116 1900 1223 1957 est,
1252 1905 1421 1960 super
1445 1901 1557 1942 uno
1587 1892 1876 1956 peccatore
1916 1895 2034 1952 pm-

450 1994 740 2055 nitentiam
769 1997 966 2062 agente
994 1988 1063 2061 ⁸⁸)
1090 1983 1377 2055 suscipiet,
1412 1989 1469 2035 et
1500 1977 1691 2050 procul
1726 1976 1907 2031 adhuc
1931 1971 2029 2028 tibi

451 2098 712 2162 paternas
737 2084 898 2138 ulnas
928 2078 995 2135 ad
1016 2076 1376 2147 complexum
1417 2067 1724 2141 expandet?
1750 2066 1893 2122 Sane
1918 2078 2035 2120 ma-

450 2158 533 2255 gis
555 2191 612 2236 te
656 2176 909 2247 accipiet,
945 2171 1117 2241 magis
1151 2166 1423 2230 admittet,
1476 2161 1573 2233 qui
1619 2167 1797 2215 totum
1842 2158 2031 2214 orbem

445 2253 656 2347 judicio
693 2271 1015 2336 incorrupto
1057 2261 1289 2336 iudicat.
1349 2255 1571 2326 Alioqui
1620 2253 2034 2347 iustitia-tanta

449 2343 667 2425 homini
701 2362 796 2418 ubi
847 2357 1093 2421 tandem,
1122 2361 1181 2410 et
1222 2349 1444 2423 quando
1482 2345 1791 2418 apparebit,
1821 2343 1871 2398 si
1924 2358 2034 2397 non

451 2467 585 2512 tunc
609 2448 933 2525 apparebit?
969 2446 1035 2500 Et
1068 2444 1114 2500 si
1148 2441 1275 2514 quis
1307 2437 1494 2495 audiat
1514 2436 1796 2491 daemonas
1821 2431 2037 2525 auditos

450 2523 660 2613 fuisse,
694 2558 793 2600 nos
816 2555 950 2596 vero
978 2552 1091 2593 non
1120 2532 1324 2598 audiri,
1352 2528 1555 2601 iudicis
1589 2526 1902 2597 mquitatem
1936 2523 2035 2579 de-

453 2634 741 2695 siderabit.
780 2632 865 2687 .Et
912 2630 1187 2683 insontem
1242 2619 1521 2693 quomodo
1568 2626 1783 2674 sontem
1833 2614 2037 2669 facies?

453 2730 727 2798 Quocirca
761 2724 963 2779 iterum
996 2718 1280 2780 misertus,
1329 2720 1389 2769 ut
1429 2709 1765 2772 misericors,
1815 2706 2039 2777 petitio.

453 2797 583 2875 nem
614 2825 911 2885 utmquam
939 2808 1258 2866 humaniter
1292 2802 1562 2875 implebit.
1611 2801 1669 2856 Si
1713 2807 1896 2854 tamen
1948 2797 2036 2850 in-

454 2907 736 2971 ﬂexibilis,
770 2912 827 2959 et
863 2903 1080 2973 ignava,
1121 2906 1178 2953 et
1211 2895 1460 2975 remissa,
1492 2902 1551 2948 et
1572 2890 1777 2961 segnis,
1823 2896 1881 2942 et
1909 2902 2032 2942 ace-

457 3004 545 3057 dia
575 3000 734 3070 plena
765 3011 877 3051 non
913 2992 1076 3063 petis,
1110 3006 1217 3043 non
1252 2986 1475 3058 quaeris,
1510 2998 1622 3039 non
1667 2982 1871 3051 pulsas,
1925 2995 2037 3035 non

459 3093 640 3156 audis,
681 3092 959 3160 quomodo
1004 3085 1172 3161 janua
1219 3079 1432 3151 aperiet
1478 3076 1579 3132 tibi
1624 3075 2108 3163 miserationumc

453 3182 714 3260 januam?
762 3172 1185 3249 au‘tguomodo
1236 3171 1484 3228 invenies
1519 3169 1668 3241 quod
1721 3165 2040 3223 desideras?

459 3259 740 3351 quomodo
775 3271 1016 3343 accipies
1044 3267 1190 3340 quod
1225 3263 1473 3336 appetis?
1500 3262 1620 3318 Non
1647 3260 1827 3316 lavisti
1846 3259 2036 3330 ’lacry-

459 3371 566 3427 mis
609 3368 775 3441 pedes
816 3361 1139 3426 Salvatoris,
1185 3369 1241 3415 et
1279 3355 1557 3428 quomodo
1590 3351 2038 3409 amabilissimam

456 3478 651 3519 vocem
692 3462 849 3517 illam
904 3456 1131 3521 audies,
1179 3472 1198 3505 ι
1242 3450 1621 3507 Rcmittuntur
1663 3445 1759 3502 tibi
1810 3453 2038 3515 peccata

454 3566 553 3625 tua
570 3556 655 3609 "l
680 3573 698 3605 ι
727 3560 822 3606 aut
843 3548 1120 3621 quomodo
1140 3545 1334 3600 sordes
1364 3549 1713 3613 peccatorum
1744 3537 1971 3594 elues‘?

533 3647 723 3702 Dicam
771 3641 980 3711 paucis,
1020 3637 1247 3693 invitam
1279 3644 1331 3689 te
1358 3633 1570 3687 salvare
1625 3645 1736 3686 non
1767 3629 1906 3693 vult,
1936 3641 2043 3682 nec

462 3752 562 3793 sua
595 3734 664 3789 ad
713 3733 819 3786 hoc
855 3730 935 3784 uti
973 3728 1240 3798 potentia.
1276 3724 1390 3779 Nec
1417 3722 1568 3778 enim
1605 3718 1929 3791 mysterium
1956 3733 2045 3771 sa-

462 3824 597 3881 lutis
628 3830 825 3877 nostrae
854 3817 1112 3872 violentia
1161 3821 1218 3869 et
1259 3821 1455 3868 coactu
1501 3810 1802 3881 peragitur.
1835 3806 2044 3863 Volun-

466 3924 632 3971 tatem
682 3912 821 3966 vult.
858 3906 1255 3964 Nescit-virtus
1299 3902 1608 3957 dominum.
1642 3898 1797 3968 Quod
1843 3904 2042 3952 autem

469 4008 763 4068 violenter,
796 4011 892 4056 aut
925 4000 1208 4055 voluntate
1249 3992 1529 4067 tyrannica
1556 3991 1776 4059 ﬁt,-non
1807 3997 1913 4055 est,
1941 4002 2045 4044 nec

467 4100 672 4156 dicitur
707 4085 1347 4165 proprie'virtuchuod
1384 4094 1579 4140 natura
1611 4083 1901 4138 honestum
1930 4089 2037 4147 est,

464 4185 843 4244 voluntarium
878 4187 1070 4245 est,~et
1096 4176 1336 4242 arbitrii,
1371 4191 1483 4232 non
1526 4182 1766 4230 externa:
1793 4172 2037 4228 necessi-

566 4323 613 4356 “
675 4321 841 4376 Marc.
903 4333 956 4383 v.,
989 4317 1042 4369 7.
1108 4313 1323 4369 “Luc.
1352 4328 1442 4368 xv.
1469 4314 1522 4367 7.

1608 4313 1656 4344 ⁸⁸
1687 4310 1876 4367 Matth.
1912 4328 1984 4378 tx,
2014 4310 2069 4367 2.

2133 1882 2372 1947 diversa,
2404 1892 2460 1937 et
2488 1896 2634 1953 sepe
2663 1879 2983 1952 praetendis,
3019 1879 3076 1935 in
3115 1879 3204 1936 his
3233 1877 3381 1950 quod
3406 1876 3718 1949 praetendas

2132 1973 2280 2030 baud
2310 1974 2580 2039 invenies,
2611 1988 2736 2028 cum
2769 1969 3041 2042 praetendi
3069 1970 3209 2025 nihil
3229 1968 3422 2040 possit.
3452 1968 3498 2023 Δ
3526 1965 3718 2022 multis

2132 2066 2499 2139 prudentibus
2561 2078 2943 2135 saepenumero
3020 2061 3232 2127 audivi,
3290 2074 3395 2116 nec
3442 2059 3715 2131 jejunium

2133 2155 2622 2227 frequentandum,
2651 2170 2752 2209 nec
2784 2154 2999 2225 vigilias
3024 2152 3284 2223 amplius,
3314 2164 3417 2207 nec
3446 2149 3600 2204 humi
3621 2164 3716 2203 cu-

2134 2248 2401 2306 bandum.
2438 2246 2585 2302 Nihil
2622 2248 2826 2320 quippe
2853 2246 3053 2302 horum
3090 2254 3301 2301 tantum
3330 2257 3494 2314 posse
3520 2242 3590 2297 ad
3626 2257 3714 2296 sa-

2134 2342 2332 2407 lutem,
2392 2350 2659 2412 quantum
2711 2339 2868 2405 illud,
2926 2339 3077 2410 quod
3130 2338 3306 2409 magis
3355 2336 3715 2393 celebratur:

2143 2454 2162 2487 r
2197 2434 2532 2490 Humiliatus
2553 2447 2697 2499 sum,
2733 2431 2935 2501 inquit,
2965 2439 3022 2486 et
3047 2430 3306 2486 liberavit
3334 2443 3421 2484 me
3448 2428 3603 2493 "ﬂ".

2204 2525 2362 2581 Sicut
2399 2525 2729 2596 publicanus
2757 2523 3070 2578 humilitate
3099 2522 3284 2578 cordis
3313 2521 3556 2576 salvatus
3607 2531 3713 2585 est,

2136 2640 2246 2679 non
2291 2624 2420 2695 quia
2490 2623 2778 2680 laboribus
2840 2620 3096 2677 asceticis
3142 2633 3201 2675 se
3252 2615 3575 2681 delassavit,
3614 2628 3718 2671 nec

2138 2716 2266 2785 quia
2326 2715 2609 2771 insudavit
2665 2712 3129 2785 occupationibus
3160 2707 3542 2781 spiritualibus
3571 2726 3584 2760 :
3618 2707 3716 2762 sed

2139 2808 2269 2876 quia
2298 2807 2622 2862 humiliatus
2649 2816 2755 2871 est,
2788 2805 3121 2868 humilitate,
3153 2818 3315 2873 quam
3344 2800 3639 2873 perfectam
3659 2809 3717 2855 et

2138 2898 2401 2969 optimam
2432 2914 2502 2954 ex
2539 2912 2781 2970 superna
2829 2895 3005 2968 gratia
3044 2895 3278 2952 sortitus
3301 2901 3407 2950 est.

2734 3031 2960 3089 CAPUT
2989 3030 3130 3086 XIV.

2356 3147 2650 3217 Descriptio
2698 3144 3012 3201 humilitatis
3048 3159 3111 3197 ex
3142 3143 3332 3214 effectis
3371 3145 3506 3213 ejus.

2212 3262 2363 3330 Quid
2410 3270 2599 3317 autem
2638 3260 2711 3316 sit
2752 3258 3057 3325 humilitas,
3119 3257 3364 3313 breviter
3410 3271 3558 3311 nunc
3617 3257 3718 3312 tibi

2142 3356 2466 3414 declarabo.
2498 3353 2559 3410 Si
2588 3352 2851 3415 senseris,
2882 3362 2937 3407 et
2966 3350 3171 3406 dixeris
3202 3358 3256 3405 te
3304 3351 3549 3404 omnium
3592 3349 3723 3404 ulti-

2145 3463 2290 3503 mam
2319 3464 2335 3502 :
2367 3454 2420 3502 te
2440 3443 2719 3516 peccando
2751 3441 2948 3498 vicisse
2968 3455 3183 3502 omnes,
3213 3449 3270 3495 et
3297 3453 3462 3493 otnne
3507 3438 3718 3494 [acinus

2144 3539 2441 3600 nefarium,
2469 3546 2536 3592 iet
2578 3550 2743 3591 omne
2782 3550 2957 3607 genus
2994 3534 3237 3599 sceleris,
3293 3534 3341 3589 si
3392 3532 3519 3604 quis
3578 3532 3716 3587 alius

2143 3628 2333 3692 homo,
2378 3627 2539 3681 novis
2558 3626 2746 3680 mdis
2777 3634 3144 3694 perpetrasse.
3176 3623 3231 3679 Si
3262 3623 3393 3694 quid
3425 3621 3719 3694 aliquando

2139 3716 2464 3786 deliqueris,
2511 3715 2567 3770 id
2609 3725 2765 3771 tuum
2810 3714 3235 3783 existimaveris.
3286 3714 3344 3769 Si
3384 3713 3516 3785 quid
3571 3723 3719 3768 recte

2139 3805 2361 3871 feceris,
2392 3804 2447 3859 id
2508 3803 2609 3859 Dei
2663 3805 2851 3874 gratiae
2917 3803 3284 3874 ascripseris:
3336 3802 3382 3857 si
3443 3803 3718 3857 neminem

2139 3898 2346 3963 oderis,
2387 3897 2663 3953 neminem
2693 3896 2971 3960 allii-xeris,
3006 3895 3281 3951 neminem
3309 3895 3717 3951 scandalizare-

2143 3992 2243 4047 ris.
2286 4009 2313 4043 s
2343 3989 2447 4058 Qui
2482 3988 2952 4059 scandalizaverit
3001 4003 3172 4042 unum
3206 3987 3275 4043 de
3318 3988 3532 4057 pusillis
3574 3987 3717 4051 istis,

2146 4082 2372 4153 expedit
2411 4082 2486 4146 ei,
2522 4089 2582 4135 ut
2603 4083 2973 4151 suspendatur
3016 4080 3160 4134 mola
3206 4072 3447 4135 asinaria
3482 4079 3539 4134 in
3576 4079 3718 4135 collo

2146 4177 2290 4248 ejus,
2314 4183 2371 4229 et
2393 4175 2745 4244 demergatur
2769 4173 2824 4227 in
2849 4172 3133 4244 profundo
3167 4172 3334 4229 maris
3355 4172 3443 4226 ⁸⁷’.
3475 4191 3497 4226 ι

2158 4312 2201 4345 ⁸⁷
2229 4311 2371 4369 Psal.
2410 4327 2555 4377 αχεν,
2597 4311 2648 4367 (i.
2708 4311 2777 4344 ⁸⁷⁸
2808 4310 2998 4366 Matth.
3025 4310 3241 4378 xvm,6.

1934 4427 2224 4491 .Scholia.

461 4591 522 4631 eo
552 4570 689 4645 quod
731 4567 878 4645 digni
905 4579 1112 4645 εαηυεξθ
1143 4560 1233 4627 σαί
1265 4554 2035 4645 imterui-_.Paisdmzia

2145 4556 2502 4645 adnitatur.
2517 4557 2871 4645 eumut“:-
2898 4554 3599 4645 .τ.⁸εςεξι.τη-ςεειωιιιξι;εειη
3625 4573 3721 4629 re

459 4624 746 4702 secundum
777 4624 1005 4709 legema
1030 4624 1550 4709 _Deo'p‘rcesc'riptam_
1575 4626 1817 4709 peti-mlas.
1838 4624 2041 4709 'Tcrlio,

462 4694 593 4785 quia
605 4694 730 4767 sine
757 4694 1163 4785 infermissione.
1178 4694 1444 4785 'Quq‘rto,‘
1459 4694 1605 4785 quia“

460 4763 926 4852 istam—spectans
989 4763 1235 4852 petimus.
1274 4763 1499 4852 .Quinto',
1538 4763 2041 4852 quia-conduceptiq

460 4832 664 4909 orando
688 4832 1006 4921 lquier-imus:
1046 4839 1455 4921 Quod-nisibus
1502 4832 1825 4921 conditiones
1853 4832 2042 4921 habent

460 4901 656 4989 oratio,
693 4901 986 4989 audiemus,
1024 4901 1262 4989 οῖ’ρέξιίε,
1293 4915 1341 4989 et
1371 4923 1475 4962 non
1513 4905 1769 4989 accipitis,
1805 4919 1864 4989 eo
1902 4901 2041 4972 quod

463 4975 823 5063 indicimus
850 4975 986 5063 (Jac;
1012 4982 1225 5063 v1,_‘3),o
1261 4986 1310 5031 et
1328 4993 1493 5063 supra
1515 4975 1861 5063 quam

531 5041 1027 5131 :‘Clirvsostsll'um
1248 5041 1426 5101 oculos
1456 5041 1836 5131 nobis-tantum
1861 5041 2044 5131 adiri:

460 5110 704 5189 dentluinJ
719 5110 940 5199 largitus
973 5134 1049 5178 est
1073 5123 1098 5175 Ρ
1129 5120 1282 5199 lianc
1307 5134 1461 5199 usum
1487 5126 1545 5199 ,ει
1676 5110 2035 5199 animantibus

461 5179 988 5258 iiiiiiié'ciie'imm
1017 5193 1293 5248 cernimus.
1328 5189 1421 5252 Et,
1454 5188 1501 5241 si
1521 5187 1817 5258 (diligenter
1856 5179 2038 5253 emplo-

462 5254 835 5344 rcs,_qu¢cc_lam
861 5267 1018 5320 bruta
1040 5263 1187 5344 nobis
1213 5260 1419 5344 acutius
1443 5254 1649 5344 uidenti
1928 5267 2034 5344 non

752 5335 1050 5397 nisum.sed
1083 5334 1246 5387 etiam
1280 5329 1348 5382 ad
1378 5327 1738 5398 paenitentiam
1764 5321 1903 5378 oculi
1929 5337 2040 5375 ser-

461 5395 629 5467 uiunt.
661 5395 939 5466 Commove
959 5406 1326 5474 *lacrymarum
1349 5395 1563 5468 fontem.
1585 5395 1780 5474 _Habes_
1793 5400 2038 5474 puteum;

462 5462 878 5542 iiiﬁo’mdn,
929 5462 1269 5546 prapo'rtione
1302 5462 1596 5540 perpetrati
1629 5462 1862 5520 criminis
1903 5462 2041 5515 hau-

462 5555 572 5606 rias
599 5552 734 5605 licet.

540 5627 577 5642 "
606 5618 856 5675 Basilius.
898 5615 1027 5680 Qua!
1074 5611 1401 5674 necessitate,
1444 5616 1536 5663 aut
1570 5609 1618 5662 si
1668 5608 1850 5680 aliqua
1881 5606 2041 5677 ﬁunt,

540 5627 577 5642 "
606 5625 856 5675 Basilius.
898 5625 1027 5680 uua!
1074 5625 1401 5674 necessitate,
1444 5625 1536 5663 aut
1570 5625 1616 5662 at
1668 5625 1741 5663 an
1819 5625 1850 5662 a
1881 5625 2041 5677 pum,

464 5692 607 5763 apud
656 5689 821 5744 Deum
855 5703 949 5760 pro
979 5686 1168 5763 virtute
1200 5698 1305 5763 non
1338 5689 1682 5763 reputantur.
1722 5625 2043 5763 georgiam

465 5747 640 5820 autem
694 5747 876 5830 sponte
931 5773 986 5813 se
1022 5755 1090 5809 ad
1131 5752 1386 5807 mandata
1407 5747 1678 5804 servanda
1711 5747 2043 5815 comodlere,

2138 4626 2368 4692 titur,‘ct
2398 4626 2610 4698 violenti
2639 4629 2858 4697 rapiunt
2891 4626 3053 4681 illud;
3083 4628 3295 4698 (Matth.
3324 4643 3399 4691 xl,
3435 4628 3524 4697 12)
3550 4646 3570 4680 ι

2205 4698 2488 4768 Chrysost.
2535 4696 2806 4751 Medicina:
2856 4696 3101 4768 corporis
3140 4698 3431 4768 peregrina:
3470 4696 3614 4765 sunt,
3665 4709 3718 4753 et

2138 4779 2457 4840 extraneae;
2491 4768 2686 4821 anima:
2735 4774 2913 4820 autem
2965 4768 3346 4840 medicamenta
3375 4783 3440 4821 ea:
3471 4769 3717 4840 ipsumet.

2137 4849 2186 4895 et
2223 4838 2449 4908 propriis
2487 4846 2698 4889 natura:
2714 4837 3090 4908 pra'rogativis
3130 4837 3402 4892 habemus.

2234 4907 2510 4978 Sciendum,
2559 4921 2652 4959 nos
2699 4907 2916 4978 ferventi
2958 4908 3380 4978 etginﬂammata
3419 4908 3623 4972 anima,
3668 4919 3719 4964 st

2139 4978 2349 5035 ardenti
2373 4977 2499 5043 ﬁde,
2530 4985 2587 5028 ut
2613 4975 2937 5030 meretricem
2971 4975 3145 5037 illam,
3178 4976 3248 5029 ad
3271 4975 3541 5030 Christum
3566 4995 3714 5033 acce~

2139 5052 2261 5104 dere
2285 5057 2545 5118 oportere,
2576 5056 2625 5099 et
2649 5053 2981 5118 peccatorum
3007 5047 3361 5118 remissionem
3377 5048 3649 5118 ﬂagitare.

2212 5121 2273 5142 “'
2298 5117 2602 5173 Climacus.
2637 5114 2696 5170 Si
2724 5117 2915 5187 inﬂata
2943 5117 3008 5170 de
3028 5132 3088 5170 se
3129 5117 3305 5187 opinio
3349 5114 3607 5187 quoidam
3656 5134 3721 5172 es:

2298 5133 2602 5173 unmacus.
2637 5133 2695 5170 Bt
2724 5133 2915 5187 stipata
2943 5133 3008 5170 ae
3028 5133 3088 5170 se
3129 5133 3158 5169 ο
3197 5133 3305 5170 uno
3349 5133 3607 5187 quosaam
3656 5134 3718 5172 ea:

2144 5187 2346 5260 angelis
2374 5187 2636 5260 dajmones
2657 5188 2796 5257 fecit,
2829 5185 2986 5257 plane
3011 5133 3285 5241 humilitas
3305 5202 3368 5260 ea;
3393 5186 3718 5260 daemonibus

2138 5256 2361 5328 anhelos
2427 5256 2599 5326 facere
2647 5263 2811 5328 potest
2836 5273 2861 5328 ε
2888 5263 3225 5328 quamobrem
3274 5257 3365 5328 qui
3417 5258 3717 5328 cecidimus,

2143 5323 2276 5383 bona
2304 5323 2467 5382 simus
2489 5323 2686 5380 ultimo.
2722 5324 2781 5379 Si
2821 5323 3102 5390 Cherubin,
3138 5327 3200 5379 ob
3226 5323 3395 5380 solam
3422 5326 3718 5395 superbiam

2142 5398 2270 5454 ταξιο
2315 5399 2516 5451 extrusi
2542 5404 2686 5461 sunt,
2718 5396 3019 5467 videndum,
3056 5411 3134 5467 ne
3171 5396 3304 5466 forte
3336 5399 3496 5450 etiam
3526 5396 3720 5467 absque

2144 5470 2255 5523 alia
2285 5470 2496 5531 virtute,
2546 5474 2596 5519 et
2638 5481 2704 5518 ea:
2745 5464 2858 5518 salu
2891 5464 3195 5521 humilitate
3216 5466 3269 5521 in
3310 5468 3495 5520 caelum
3539 5464 3716 5519 ascen-

2142 5540 2265 5592 dere
2299 5539 2475 5607 liceat.
2498 5534 2683 5607 Dolor
2726 5536 2913 5606 quippe
2936 5538 3105 5590 cordis
3134 5544 3182 5589 et
3215 5537 3380 5592 animi
3426 5551 3538 5607 ρων
3577 5537 3717 5607 omni

2144 5606 2406 5676 col-porali
2433 5604 2613 5677 labore
2649 5607 2780 5659 satis
2811 5604 2953 5677 est,c
2985 5608 3235 5677 quoniam
3267 5604 3436 5677 prope
3453 5613 3528 5677 est
3578 5606 3717 5677 Deus

2145 5675 2342 5749 hisqui
2370 5675 2621 5749 tribulam
2653 5687 2770 5728 sunt
2799 5676 2971 5749 corde,
2999 5675 3070 5730 'ct
3107 5675 3328 5732 Immites
3361 5675 3549 5749 spiritu
3601 5675 3714 5730 sal-

2146 5744 2425 5801 rnbuntur.
2455 5744 2627 5817 (Paul.
2654 5754 2841 5812 xvmt,
2884 5744 2991 5817 19).
3023 5763 3042 5799 s
