4102 6200
398 332 508 395 753

1846 331 2173 392 DIOPTRA
2185 374 2212 399 ,Α

3567 333 3669 396 ’ῑὲῗί

469 443 527 500 Si
575 441 854 498 neminem
904 439 1169 505 irriseris,
1212 439 1492 499 neminem
1526 441 1858 508 turbaveris,
1892 459 1989 499 ne-
2017 449 2061 503 Α
2093 450 2156 496 ιιι
2184 441 2532 514 labyrinthus
2564 461 2577 498 :
2608 422 2833 514 insuper
2861 442 3000 499 nihil
3039 443 3205 500 rebus
3251 445 3319 500 ad
3373 460 3574 515 corpus
3610 458 3667 503 ct

408 535 613 590 mincm
637 531 998 604 iudicaveris,
1048 530 1262 602 injuriae
1292 547 1404 587 non
1440 532 1759 588 memineris
1783 537 1822 587 ‘.

471 627 530 682 Si
559 624 836 681 neminem
864 637 962 694 per
993 623 1325 679 cahsmniam
1366 624 1480 679 ullo
1501 623 1663 679 modo
1686 625 1983 680 accusaris.

406 717 466 777 Si
496 719 817 788 neutiquam
868 716 937 773 de
973 718 1082 773 alio
1109 717 1439 780 detraxeris,
1469 718 1679 772 nullum
1726 717 1855 773 odio
1892 718 1989 773 ha-

409 813 615 870 bueris.
650 811 707 867 Si
736 811 857 866 haec
892 810 995 865 rite
1023 810 1366 880 praestiteris,
1396 809 1681 878 acquisisti
1709 810 1990 865 humilita-

407 917 555 961 tem:
586 901 877 972 acquisisti
924 901 1182 964 salutem,
1236 900 1384 955 haud
1414 900 1582 957 dubie
1631 901 1750 957 sine
1779 901 1990 957 labori-

406 996 533 1059 bus,
564 993 685 1050 sine
709 1007 977 1056 aerumna,
1023 991 1144 1048 sine
1184 990 1542 1057 fossionibus,
1589 992 1703 1048 sola
1748 992 1818 1048 ad
1871 992 1989 1049 hate

407 1086 689 1140 voluntate
713 1080 1018 1138 subiciente
1044 1082 1107 1137 “.

477 1172 637 1241 Quod
672 1172 720 1228 si
749 1180 806 1227 et
853 1171 1095 1242 linguam
1128 1170 1410 1241 loquendo
1435 1166 1561 1242 quae.
1608 1170 1987 1227 decentexer-

407 1263 614 1327 cueris,
639 1263 777 1318 scito
801 1272 854 1318 te
880 1270 1055 1317 totum
1086 1262 1414 1333 Decalogum
1436 1262 1609 1333 probe
1641 1262 1985 1321 observasse.

413 1355 472 1411 Si
516 1355 642 1426 quis
681 1363 864 1410 autem
901 1368 963 1410 se
1012 1353 1414 1419 humiliaverit,
1465 1353 1878 1424 piaculumque,
1931 1359 1990 1408 et

409 1446 830 1509 exsecrabilem,
858 1454 918 1502 et
955 1445 1261 1502 ludibrium
1301 1444 1588 1501 hominum
1619 1444 1863 1509 duxerit,
1890 1442 1987 1515 qui

414 1542 633 1597 tandem
675 1541 905 1597 verbum
974 1541 1199 1612 aliquod
1254 1541 1472 1606 inutile,
1526 1549 1623 1597 aut
1670 1541 1985 1611 profanum,

408 1641 508 1687 aut
564 1631 750 1694 inane,
810 1640 908 1686 aut
952 1631 1255 1701 gloriosum
1311 1629 1652 1701 profuderit?
1695 1630 1987 1700 Nunquam

2095 550 2187 591 res
2206 535 2444 592 caducas
2492 536 2941 607 pertinentibus:
2991 553 3098 593 non
3129 538 3449 593 divitiarum
3488 539 3668 593 abun-

2089 625 2300 693 dantia,
2345 641 2450 683 nec
2496 636 2721 699 sumptu
2780 628 2989 698 aliquo,
3047 632 3428 684 tantummodo
3476 631 3669 685 humili

2089 719 2409 789 precatione
2444 728 2503 774 et
2546 719 2744 776 timore
2773 720 2869 775 Dei
2905 736 3046 790 opus
3074 722 3259 777 habet.
3289 722 3671 793 Complectere

2091 810 2482 876 humilitatem,
2520 811 2565 865 si
2612 810 2809 865 salvari
2844 810 3149 875 desideras,
3200 821 3256 866 et
3291 821 3370 876 tu,
3425 823 3481 868 ct
3528 814 3672 869 alius

2089 899 2323 972 quilibet
2369 900 2464 971 qui
2508 900 2672 971 sapit,
2719 910 3069 972 mentemque
3104 902 3385 975 humilem
3418 911 3565 958 amat
3615 915 3672 960 et

2091 990 2350 1054 honorat,
2386 1000 2448 1045 ut
2471 989 2641 1046 etiam
2690 990 2760 1046 ad
2796 990 3088 1046 Dominum
3123 1007 3288 1061 quem
3322 993 3672 1064 concupiscis

2091 1079 2358 1137 ascendas
2397 1095 2410 1134 :
2444 1080 2853 1152 appropinquat
2891 1082 3040 1138 enim
3087 1081 3193 1138 sibi
3241 1082 3299 1137 in
3358 1084 3671 1141 humilitate

2090 1171 2680 1243 appropinquantibus.

2160 1263 2357 1318 ANIIIA.
2391 1264 2721 1320 Rectissime
2747 1264 2818 1322 de
2851 1266 2958 1322 hoc
2989 1267 3156 1324 etiam
3188 1282 3278 1324 me
3309 1267 3669 1324 admonuisti.

2089 1346 2277 1423 Qualis
2302 1356 2377 1412 sit
2396 1356 2683 1413 humilitas
2719 1358 3112 1415 demonstrasti
3143 1369 3201 1415 et
3231 1360 3564 1431 explanasti.

2162 1448 2329 1504 Cano.
2386 1447 2501 1503 Sed.
2543 1463 2664 1521 age,
2718 1450 2811 1505 hic
2860 1466 3173 1507 sermonem
3227 1453 3504 1518 ﬁniamus,
3566 1451 3671 1522 ipsi

2091 1539 2273 1597 Verbo
2296 1538 2593 1596 verborum
2624 1540 2871 1612 largitori
2904 1542 3110 1613 gratias
3138 1553 3380 1614 agentes.

2161 1631 2347 1688 Gloria
2374 1631 2542 1704 igitur
2566 1631 2687 1698 tibi,
2716 1632 3043 1698 oTrinitas,
3076 1636 3222 1690 Deus
3252 1635 3501 1690 omnium
3528 1636 3674 1691 Cou-

413 1722 562 1777 enim
587 1737 756 1793 super
790 1722 1136 1780 contribules
1168 1738 1229 1778 se
1253 1723 1452 1794 eriget,
1487 1721 1761 1793 despiciet
1792 1722 1989 1777 fratres
2022 1784 2060 1796 __
2092 1721 2256 1777 ditor.
2304 1721 2549 1777 Trinitas
2594 1723 2649 1778 in
2700 1724 3111 1796 hypostasibus,
3161 1727 3217 1782 in
3259 1727 3448 1784 divina
3487 1738 3672 1783 autem

406 1825 463 1871 ct
486 1815 717 1879 amicos,
760 1827 863 1869 nec
886 1813 1168 1869 deridebit
1190 1815 1246 1869 in
1274 1815 1462 1884 aliquo
1494 1814 1808 1885 proximum
1844 1830 1858 1867 :
1887 1813 1984 1868 sed

406 1922 629 1963 servum
670 1921 731 1962 se
764 1905 1184 1962 inutilissimum
1220 1907 1520 1977 reputabit,
1549 1915 1603 1963 et
1640 1917 1755 1961 tum
1790 1906 1856 1961 ad
1904 1905 1983 1961 l'e-

408 1998 568 2052 licem
587 1996 908 2058 terminum,
928 1996 984 2051 in
1008 1996 1294 2066 Scriptura
1312 2012 1637 2067 expressum
1657 1994 1977 2066 perveniet:

416 2108 434 2140 s
463 2088 568 2156 Qui
603 2103 662 2145 se
694 2087 970 2151 humiliat,
1006 2088 1341 2143 exaltabitur
1371 2105 1386 2143 :
1424 2098 1642 2153 contra,
1669 2086 1764 2157 qui
1788 2101 1849 2143 se
1882 2101 1981 2141 ex-
2024 2150 2027 2153 _

407 2182 682 2250 altaverit,
720 2181 1243 2238 humiliabitur‘“.i

1012 2295 1239 2356 CAPUT
1268 2297 1384 2357 XV.

409 2390 688 2469 Epilogus,
737 2409 855 2448 cum
911 2396 1209 2518 gratéarum
1239 2394 1444 2448 actione
1475 2393 1544 2446 ad
1592 2390 1984 2445 sanctissimam

1072 2473 1365 2518 rmttatem.

1072 2473 1365 2519 rinitatem.

480 2561 558 2614 En
597 2557 694 2613 tibi
732 2555 928 2613 salutis
959 2555 1125 2618 viam,
1156 2568 1388 2622 eamque
1414 2552 1730 2607 lacillimam
1755 2550 1982 2608 demon-

407 2653 602 2718 stravi,
656 2651 800 2705 viam
832 2664 955 2720 qua:
987 2646 1318 2717 compendio
1372 2646 1441 2702 ad
1491 2645 1746 2715 princeps
1794 2645 1980 2699 lumen

410 2744 684 2813 perducit.
728 2742 878 2798 Nihil
903 2741 1055 2797 enim
1107 2741 1275 2795 habet
1302 2739 1664 2805 laboriosum,
1699 2753 1880 2809 neque
1908 2737 1978 2791 ad

402 2836 811 2908 dispiciendum
837 2833 1079 2903 dililcilc,
1106 2834 1244 2890 nihil
1263 2834 1495 2900 acclive,
1515 2847 1618 2888 nec
1643 2841 1973 2896 tortuosum,

2091 1820 2287 1866 natura
2333 1811 2517 1869 unitas
2693 1813 2848 1870 Unus
2904 1816 3053 1873 Deus
3100 1819 3313 1873 ratione
3360 1818 3671 1874 inconfusa.

2088 1901 2417 1972 Opinionem
2483 1903 2806 1975 gentilium,
2866 1914 2926 1962 et
2983 1907 3340 1975 Judteorum,
3410 1917 3671 1980 tanquam

2088 1995 2318 2065 hydram
2361 1994 2769 2066 multicipitem,
2809 2004 2906 2053 aut
2947 2009 3323 2056 monstrosum
3364 2000 3671 2071 Typhtenm

2089 2084 2431 2139 declinamus
2463 2102 2479 2140 :
2513 2084 2866 2141 Hebraeorum
2906 2102 3130 2158 quoque
3181 2098 3408 2159 propter
3452 2106 3670 2146 monar-

2087 2178 2291 2237 chiam.
2351 2181 2462 2237 Nos
2528 2181 2676 2238 enim
2734 2184 3109 2241 monarchiam
3161 2187 3406 2257 quidem,
3459 2189 3553 2242 sed
3617 2189 3671 2243 in

2087 2271 2268 2328 tribus
2325 2273 2583 2343 personis
2639 2274 2754 2332 sive
2798 2275 3188 2347 hypostasibus
3238 2278 3521 2335 iuconfuse
3566 2280 3670 2333 ho-

2087 2380 2369 2431 noramus,
2414 2376 2666 2424 naturam
2714 2385 2904 2432 unam,
2949 2376 3007 2425 et
3044 2369 3389 2426 identitatem
3442 2371 3668 2441 glorise;

2085 2474 2117 2513 a
2142 2474 2249 2528 qua
2280 2459 2489 2515 utinam
2531 2476 2562 2515 a
2596 2463 2836 2531 peccatis
2872 2461 2930 2516 in
2978 2462 3085 2518 hac
3131 2459 3243 2518 vita
3272 2465 3569 2520 contractis
3604 2466 3672 2520 li-

2086 2552 2364 2607 beremur.
2398 2551 2573 2616 Quam
2605 2551 2767 2608 decet
2806 2553 2999 2624 gloria,
3041 2554 3242 2620 honor,
3288 2555 3558 2620 adoratio,
3613 2566 3671 2612 et

2086 2642 2399 2714 imperium,
2442 2659 2477 2698 o
2522 2645 2705 2709 Pater,
2751 2651 2808 2700 et
2835 2645 3031 2701 eodem
3065 2647 3264 2702 throno
3312 2648 3389 2702 illi
3422 2649 3673 2704 assiden-

2085 2745 2190 2804 tes,
2220 2737 2322 2793 Fili
2351 2747 2409 2794 et
2454 2737 2694 2810 Spiritus
2720 2747 2930 2810 sancte,
2961 2756 3111 2798 nunc
3141 2751 3197 2798 et
3232 2756 3473 2814 semper,
3518 2753 3575 2800 et
3618 2744 3674 2799 in

2081 2844 2277 2887 omnes
2303 2832 2703 2902 generationes.

480 2974 495 2991 '
528 2970 790 3027 Isidorus.
829 2970 1284 3039 Quemadmodum
1329 2973 1437 3027 veri
1492 2979 1541 3025 et
1606 2971 1790 3041 fervidi
1834 2969 1989 3043 pudi-
2014 2970 2058 3034 C
2092 2970 2385 3043 cumfertur
2414 2988 2445 3024 a
2475 2970 2676 3034 multis,
2698 2986 2818 3024 cum
2846 2971 3041 3043 veritas
3071 2972 3184 3043 ejus
3205 2989 3463 3042 nusquam
3520 2990 3669 3043 repe-

406 3044 545 3097 ritia:
572 3052 834 3098 amatores
879 3059 942 3096 ea:
989 3060 1088 3097 sua
1126 3044 1360 3113 ipsorum
1383 3039 1626 3096 castitate
1657 3044 1817 3096 etiam
1848 3039 1987 3093 alio-

406 3129 527 3166 rum
559 3115 783 3172 animos,
814 3130 1120 3182 quanquam
1150 3112 1304 3166 tales
1344 3129 1448 3166 non
1479 3114 1607 3173 sint,
1646 3127 1784 3181 stupe
1828 3125 1986 3182 puros

408 3197 520 3235 esse
558 3190 789 3246 censent,
828 3181 1190 3252 neminemque
1240 3182 1575 3237 libidinosum
1610 3182 1808 3234 ducunt
1840 3181 1986 3252 :__sic

407 3260 592 3305 contra
641 3260 898 3321 proterva?
928 3248 1159 3307 libidinis
1194 3259 1349 3307 trstro
1394 3253 1601 3315 perciti,
1654 3253 1816 3305 etiam
1862 3248 1985 3303 illos

407 3323 497 3389 qui
530 3322 832 3392 hujusmodi
862 3324 985 3376 vitio
1022 3332 1224 3385 carent,
1259 3322 1354 3376 sibi
1384 3321 1581 3375 similes
1626 3322 1979 3376 arbitrantur.

407 3391 637 3455 Quilibet
661 3392 803 3445 enim
827 3408 890 3445 ex
923 3408 978 3446 se
1006 3392 1140 3447 alios
1167 3393 1343 3446 metiri
1381 3392 1662 3445 consuevit.

479 3465 518 3487 "
542 3461 822 3533 Chrysost.
844 3461 1023 3533 Etiam
1044 3463 1349 3533 hocldivinte
1366 3460 1704 3533 benignitatis
1723 3477 1854 3531 opus
1881 3469 1979 3522 est,

406 3532 550 3603 quod
582 3531 848 3603 praecipue
874 3531 984 3603 Dei
1017 3532 1297 3603 mandata,
1347 3540 1395 3584 et
1429 3532 1615 3603 quibus
1641 3532 1751 3603 vita
1799 3542 1983 3585 nostra

407 3599 838 3722 f‘onti‘netur,'ab
890 3600 1250 3657 imbecillitate
1305 3599 1541 3673 corporis
1614 3599 1748 3655 nihil
1812 3603 1983 3672 impe-

448 3688 538 3722 tun
571 3688 652 3722 nr.

448 3674 652 3724 iuntur.

485 3743 545 3762 "'
578 3740 903 3799 Humilitatis
926 3744 1102 3813 imago
1123 3748 1173 3796 et
1199 3742 1393 3813 species
1415 3741 1658 3812 frequens
1679 3750 1777 3807 est,
1812 3751 1861 3795 et
1889 3743 1986 3796 cir-

2091 3041 2286 3094 riatur.
2316 3040 2434 3095 Non
2470 3042 2561 3110 qui
2590 3043 2821 3108 seipsum
2846 3039 3049 3109 objicit,
3078 3039 3160 3095 Itic
3181 3039 3400 3097 Immitis
3434 3051 3511 3098 est
3539 3060 3557 3097 :
3577 3039 3679 3100 sed

2086 3112 2179 3178 qui
2208 3127 2325 3164 cum
2341 3111 2537 3181 gaudio
2569 3130 2601 3165 a
2624 3112 2881 3179 proximis
2910 3112 3254 3166 contumelias
3295 3116 3675 3181 ignominiam-

2087 3196 2187 3249 que
2217 3180 2458 3235 sustinet.
2490 3180 2781 3236 Humilitas
2826 3197 2985 3250 porro
3027 3192 3076 3237 et
3111 3184 3273 3236 timor
3310 3180 3404 3237 Dei
3435 3183 3673 3243 omnibus

2086 3251 2362 3304 virtutibus
2390 3251 2737 3308 antecellunt.

2164 3321 2250 3393 ff“
2276 3321 2581 3393 Gregorius
2611 3321 2942 3393 Theologus.
2980 3321 3044 3375 In
3071 3332 3257 3376 sancta
3281 3322 3543 3377 Trinitate
3569 3332 3675 3378 tres

2126 3391 2300 3444 itidem
2324 3391 2670 3454 substantias,
2710 3404 2759 3445 et
2794 3391 2900 3447 tres
2928 3409 3202 3463 personas,
3238 3402 3491 3445 naturam
3516 3403 3675 3446 etvo-

2114 3468 2353 3514 untatem
2397 3477 2563 3515 unam
2591 3476 2702 3516 esse
2738 3460 2981 3517 dicimus.
3011 3460 3079 3515 In
3131 3461 3337 3517 Christo
3365 3478 3487 3516 vero
3508 3479 3673 3516 unam

2092 3530 2305 3603 quidem
2332 3531 2662 3603 hypostasin,
2714 3540 2763 3585 et
2795 3549 2954 3586 unam
2987 3548 3307 3603 personam;
3330 3532 3465 3586 duas
3495 3541 3672 3586 autem

2093 3598 2414 3672 voluntates,
2454 3602 2586 3654 duas
2616 3609 2862 3658 naturas.
2908 3598 3041 3657 duas
3084 3605 3416 3672 operationes
3453 3619 3470 3656 :
3502 3604 3576 3658 ita
3615 3610 3671 3655 ut

2093 3671 2271 3724 carnis
2294 3670 2536 3725 voluntas
2566 3671 2757 3726 divina:
2773 3673 3032 3728 voluntati
3050 3670 3283 3743 subjecta
3302 3674 3390 3728 sit.

1165 4093 1735 4186 DIOPTlhE
1812 4092 2165 4182 LIBER
2241 4086 2897 4180 SECUNDUS.

923 4462 1151 4522 CAPUT
1189 4463 1476 4521 PRIMUM.

407 4584 602 4641 Carnis
639 4583 916 4642 vitiositas,
939 4588 986 4635 et
1018 4578 1353 4635 contumacia
1375 4578 1539 4649 ipsius
1574 4577 1639 4631 ab
1673 4578 1988 4649 animaes-

477 4654 784 4732 probratur.
822 4653 1072 4732 Animam
1103 4666 1166 4732 ea:
1196 4653 1275 4704 his
1301 4648 1420 4732 qua:
1456 4663 1549 4717 per
1570 4663 1757 4732 corpus
1787 4648 1899 4719 agit
1937 4656 1988 4702 et

474 4720 749 4793 operatur,
793 4720 965 4793 qualis
989 4729 1294 4791 quantaque
1322 4720 1391 4775 sit
1430 4720 1691 4791 cognosci.

476 4832 674 4889 Aulus.
743 4833 993 4889 Alterum
1060 4832 1159 4888 tibi
1221 4832 1441 4904 ζήτημα
1511 4833 1985 4905 quaestionemque

402 4942 675 4997 propono.
734 4925 868 4994 Qua:
914 4926 1064 4981 enim
1119 4942 1378 4983 sermone
1418 4937 1760 4999 antegresso,
1804 4936 1861 4982 et
1888 4927 1987 4982 he-

402 5026 594 5073 sterno
615 5018 708 5073 die
736 5033 805 5073 ex
837 5027 891 5075 te
923 5018 1068 5074 scire
1099 5018 1274 5084 volui,
1298 5034 1363 5074 ea
1390 5030 1447 5076 tu
1477 5018 1615 5075 mihi
1650 5018 1857 5081 omnia,
1886 5016 2009 5089 pro‘

402 5124 474 5165 eo
503 5124 568 5166 ac
592 5126 681 5166 res
701 5110 1020 5181 pastulavit,
1038 5110 1344 5180 exposuisti
1361 5113 1402 5165 ‘.
1425 5110 1586 5167 Nunc
1612 5125 1774 5167 nosse
1797 5110 1983 5174 velim,

402 5196 671 5256 dissoluta
708 5212 931 5265 natura,
960 5201 1015 5255 in
1047 5216 1187 5271 quas
1215 5215 1342 5256 oras
1386 5200 1616 5271 spiritus
1654 5200 1770 5255 sive
1802 5201 1985 5256 anima

405 5290 538 5347 hinc
588 5291 997 5363 proﬁciscatur.
1040 5291 1098 5348 Si
1149 5291 1323 5360 dicas,
1364 5292 1432 5349 ad
1470 5291 1699 5359 inferos,
1758 5291 1987 5348 ubinam

2021 4463 2065 4520 D
2099 4470 2232 4518 sunt
2288 4459 2496 4516 inferi?
2543 4460 2659 4515 Hoc
2716 4468 2769 4516 te
2798 4476 2904 4531 pro
2934 4460 3081 4517 virili
3129 4472 3218 4519 tua
3272 4465 3551 4535 explicare
3600 4488 3672 4528 ne

2091 4553 2295 4626 pigeat.
3504 4608 3514 4621 ,

2163 4642 2332 4700 Cano.
2387 4641 2635 4700 Laboras
2668 4650 2725 4698 tu
2787 4642 3141 4716 negligentia,
3172 4655 3234 4701 ut
3281 4648 3417 4703 mihi
3446 4650 3672 4720 quidem

2092 4737 2334 4793 videtur.
2377 4735 2436 4792 Si
2479 4737 2630 4793 enim
2683 4736 2931 4792 animum
2980 4753 3200 4809 quoque
3241 4738 3309 4795 ad
3356 4740 3675 4812 Scripturas

2089 4829 2430 4896 attenderes,
2478 4828 2712 4901 perinde
2753 4839 2814 4884 ut
2863 4844 2958 4886 eas
3007 4830 3146 4901 legis
3195 4831 3469 4901 (quotidie
3521 4837 3671 4889 enim

2091 4918 2302 4992 psallis,
2338 4929 2396 4977 et
2429 4921 2666 4991 hymnos
2692 4920 2938 4992 recitas),
2969 4922 3155 4978 omnia
3191 4934 3320 4980 nota
3358 4938 3416 4981 et
3442 4939 3672 4998 experta

2091 5012 2191 5068 tibi
2217 5012 2369 5067 intus
2399 5011 2583 5067 forent
2615 5030 2628 5067 :
2675 5028 3045 5084 sermoneque
3076 5024 3132 5072 et
3159 5016 3411 5074 doctrina
3439 5030 3668 5077 externa

2090 5108 2320 5163 minime
2368 5107 2667 5178 indigeres.
2712 5107 2873 5163 Nunc
2906 5117 2963 5164 et
2990 5108 3297 5179 ignorantia
3320 5116 3476 5183 quasi
3510 5126 3669 5171 tene-

2087 5200 2205 5257 bris
2231 5199 2538 5256 oll‘underis
2581 5218 2593 5253 :
2647 5207 2704 5256 et
2734 5214 2821 5255 me
2861 5201 3117 5258 miseram
3168 5204 3552 5280 abjectatnque
3584 5208 3671 5271 fa-

2092 5292 2299 5350 mulam
2331 5302 2481 5348 tuam
2518 5291 2846 5364 interrogas.

1893 5431 2167 5496 Scholia.

477 5576 492 5595 ‘
517 5572 782 5651 Isidorus.
831 5575 913 5651 Si
939 5579 1108 5651 enim‘
1141 5579 1431 5647 quwsieris,
1473 5582 1702 5651 invenies
1731 5597 1977 5651 :quteres

402 5647 674 5724 qutem,_si
698 5653 746 5699 te
773 5649 1006 5701 nondum
1036 5648 1168 5701 scire
1218 5651 1504 5724 putaveris.
1533 5650 1673 5724 Nam
1702 5647 1892 5721 putare
1923 5669 1979 5706 se

416 5716 531 5785 iam
559 5716 714 5777 scire,
748 5724 912 5771 utnec
939 5716 1234 5785 queratur,
1267 5735 1359 5772 nec
1386 5722 1587 5774 sciatur
1620 5723 1677 5774 in
1696 5716 1856 5777 causa
1877 5734 1978 5776 est.

421 5780 570 5847 Tunc
587 5800 810 5857 namque
822 5780 1066 5856 sciemus,
1080 5789 1291 5860 quando
1304 5806 1397 5844 nos
1423 5790 1741 5847 arbitrantes
1759 5793 1976 5861 nescire,

2086 5582 2368 5653 magistros
2404 5597 2436 5634 a
2472 5582 2660 5651 quibus
2723 5580 3038 5635 erudiuntur
3072 5583 3520 5653 requisinerimus.
3568 5583 3638 5639 Et

2087 5654 2226 5706 enim
2248 5654 2547 5725 opiuarise
2579 5654 2733 5725 scire,
2765 5667 2860 5705 nos
2894 5653 2967 5725 ad
2995 5652 3265 5707 sciendum
3300 5654 3577 5725 pro/icere,
3615 5659 3665 5707 et

2089 5738 2343 5793 quaerere,
2377 5729 2424 5776 et
2463 5724 2695 5778 invenire
2724 5738 2829 5778 non
2857 5724 3007 5778 sinit.
