4122 6212
379 317 486 383 737

1842 312 2207 390 moerus.

3525 316 3645 378 758’

447 432 617 495 (iano.
678 416 1045 501 Quamobrem
1100 448 1231 489 vero
1279 433 1531 490 taceam?
1586 428 2112 501 QuamobremAin
2180 428 2474 498 lucemque
2542 428 2863 499 protuleris,
2920 428 3269 498 obscuraque
3311 435 3368 483 et
3417 431 3634 489 occulta

382 525 668 588 desinam?
691 524 817 589 Scio
839 539 927 582 me
952 524 1055 587 tibi
1079 523 1339 591 famulam
1361 534 1420 581 et
1445 540 1661 587 servam
1693 526 1951 585 traditam

383 626 439 671 et
473 615 785 687 adiunctam
818 628 964 673 esse.
1011 613 1145 671 Ideo
1187 622 1371 670 tamen
1401 614 1640 687 elinguis
1668 616 1811 679 facta
1841 631 1953 675 non

384 722 529 768 sum,
583 720 687 761 nec
732 703 966 774 desipis.
1012 703 1121 781 Qui
1154 712 1443 776 utramque
1475 716 1723 762 nostrum
1774 707 1951 774 tinxit,

384 797 637 867 spiritum
664 795 800 861 mihi
828 796 1052 861 indidit.
1083 806 1139 861 et
1170 806 1226 861 tu
1251 813 1359 863 non
1380 800 1533 869 prior
1559 814 1646 864 me
1669 810 1853 861 creata
1867 815 1951 857 es.

386 887 495 942 Nec
526 900 613 940 me
661 884 861 959 ﬁgulus
891 885 1133 961 quidam,
1188 896 1241 944 te
1269 897 1452 953 autem
1486 887 1632 956 Deus
1669 887 1949 959 praemisit.

386 978 518 1034 Sine
550 993 637 1040 me
672 986 1009 1057 contempta.
1037 988 1093 1047 et
1122 978 1362 1046 deserta,
1393 990 1452 1037 et
1480 980 1622 1049 nihil
1660 996 1742 1045 es.
1793 980 1955 1042 Inoo-

382 1071 539 1144 gnita
580 1086 671 1138 es,
721 1072 957 1141 spectari
1006 1073 1222 1143 nequis,
1268 1074 1470 1140 otiosa,
1522 1084 1577 1133 et
1609 1074 1776 1133 iners.
1822 1073 1959 1142 Quis

383 1159 532 1215 enim
571 1168 625 1215 te
659 1161 833 1226 novit,
862 1160 987 1230 quis
1013 1161 1300 1231 spectavit,
1338 1163 1464 1233 quis
1508 1172 1561 1218 te
1589 1163 1671 1218 vel
1692 1163 1958 1233 aliquan—

386 1259 503 1304 tum
546 1251 852 1322 cognoscit,
891 1268 1023 1317 uuln
1073 1254 1322 1323 pulchra,
1377 1272 1512 1323 quin
1575 1257 1836 1321 deformis
1883 1256 1960 1312 sis

383 1350 604 1405 natura,
656 1356 787 1395 num
848 1341 1111 1411 prudens,
1143 1359 1277 1400 num
1320 1344 1633 1410 laudabilis,
1684 1362 1752 1409 an
1796 1346 1959 1416 plane

382 1445 546 1485 secus
581 1449 594 1486 :
633 1448 765 1495 num
798 1433 1104 1506 ingeniosa,
1156 1452 1289 1495 num
1354 1437 1563 1508 inepta,
1603 1448 1661 1495 et
1703 1439 1958 1510 itnperita

385 1526 649 1594 prorsus?

456 1612 649 1679 Astu,
682 1613 858 1683 Quam
879 1615 951 1675 ob
974 1631 1197 1679 causam
1231 1627 1291 1674 tu
1318 1619 1455 1679 mihi
1489 1620 1593 1687 ista
1632 1624 1957 1694 exprobres,

384 1710 441 1756 et
462 1703 592 1772 quid
619 1705 718 1762 tibi
751 1705 911 1772 velis,
945 1709 1197 1773 ostende.

453 1793 616 1851 Cano.
653 1797 737 1850 En
766 1798 1053 1857 veritatem
1070 1801 1362 1871 perspicue
1382 1802 1480 1859 tibi
1518 1805 1776 1872 pandam.
1819 1807 1957 1871 Tota

380 1887 503 1942 haec
521 1889 869 1956 universitas,
891 1892 1088 1960 partim
1105 1908 1294 1963 sensu,
1312 1896 1507 1965 partim
1526 1897 1811 1959 intellectu
1832 1918 1961 1971 pere

387 1980 590 2050 cipitur
613 1999 626 2035 ε
646 1983 1013 2055 intelligibilia
1045 1985 1503 2058 intelligibilibus.
1526 1992 1804 2054 sensibilia
1837 2010 1965 2053 seno-

387 2071 663 2135 sibilibus.
687 2073 995 2145 Utrumque
1015 2086 1213 2135 natura
1238 2089 1427 2144 nostra
1448 2098 1548 2152 pro
1564 2085 1816 2153 portione
1839 2103 1962 2145 sor.

391 2161 490 2217 tita
516 2174 620 2221 est.
653 2165 785 2231 Quae
828 2168 1072 2238 subjecta
1120 2178 1250 2229 sunt
1275 2165 1550 2240 sensibus,
1577 2192 1676 2246 per
1697 2193 1961 2237 sensuum

389 2256 758 2317 instrumenta
774 2261 1086 2330 cognoscit:
1103 2262 1533 2335 intelligibilinm
1545 2272 1965 2340 comprehensio

389 2363 503 2405 non
517 2364 584 2404 ex
608 2349 695 2409 his
712 2350 866 2421 ipsis,
885 2352 980 2408 sed
998 2370 1065 2409 ex
1084 2355 1199 2410 sola
1213 2371 1477 2419 sensuum
1494 2359 1777 2420 iunctione
1788 2365 1966 2436 gigni-

296 2466 301 2469 Α
392 2448 505 2499 tur.
528 2439 814 2506 lloemodo
834 2454 891 2499 tu
906 2445 1087 2515 qualis
1100 2446 1197 2511 sis,
1220 2452 1584 2520 cognosceris.
1600 2453 1678 2509 Ex
1695 2455 1803 2510 illis
1816 2459 1965 2514 enim

392 2549 515 2601 qua:
548 2534 682 2605 agis,
712 2544 839 2591 nota
861 2537 1069 2593 evadis.
1107 2539 1176 2594 Et
1198 2541 1465 2601 Dominus,
1478 2552 1854 2603 creaturarum
1881 2550 1969 2606 his

392 2622 527 2679 solis
549 2624 1055 2694 comprehenditur.
1077 2626 1211 2695 Quis
1235 2631 1379 2685 enim
1401 2642 1523 2702 post
1538 2635 1790 2694 homines
1808 2647 1969 2697 natos

393 2713 567 2773 Deum
594 2715 769 2771 vidit?
800 2717 1019 2774 Etenim
1067 2730 1269 2777 natura
1313 2734 1399 2779 est
1456 2726 1887 2799 inaspectabilis,
1911 2742 1970 2790 et

394 2820 615 2864 omnem
664 2810 965 2865 essentiam
1006 2810 1182 2877 vincit
1215 2830 1229 2867 :
1269 2814 1366 2870 sed
1397 2831 1467 2874 ex
1514 2817 1649 2887 ipsis
1697 2824 1970 2883 amatoris

396 2902 759 2971 proportione
798 2902 1057 2960 videtur:
1090 2923 1111 2958 ι
1177 2904 1478 2968 Invisibilis
1534 2911 1687 2970 enim
1738 2915 1858 2982 Dei,
1906 2926 1970 2973 ut

2054 520 2318 581 omnibus
2369 519 2719 591 patefeceris.
2748 521 3025 590 Prospicis
3074 530 3259 576 autem
3306 536 3404 590 per
3445 500 3638 577 oculos

2054 626 2230 678 meos,
2258 621 2318 668 et
2351 612 2588 681 intueris
2629 628 2754 684 quae
2787 614 2891 668 vis.
2938 612 3203 682 Loqueris
3236 627 3337 682 per
3392 612 3632 682 linguam

2055 718 2236 765 meam
2268 722 2282 760 :
2324 720 2423 769 per
2444 720 2609 761 aures
2653 704 2850 771 audis;
2887 720 2985 774 per
3017 704 3307 759 odoratum
3337 703 3631 770 odoraris;

2056 810 2157 866 per
2182 813 2378 856 manus
2400 812 2557 854 meas
2578 798 2849 868 operaria.
2879 807 2936 852 et
2954 812 3149 852 manes
3173 806 3322 851 artes
3347 794 3636 851 scientias-

2054 905 2187 959 (με,
2217 906 2251 949 a
2286 890 2598 951 trivialibus
2637 900 2695 946 et
2749 891 2980 947 minutis
3020 906 3203 960 usque
3262 889 3333 944 ad
3368 890 3638 944 maximas

2056 996 2158 1051 per
2184 995 2272 1041 me
2303 997 2556 1041 exerces.
2604 983 2754 1039 Nihil
2782 983 2903 1038 sine
2935 984 3038 1039 hac
3075 982 3294 1046 ancilla,
3324 981 3486 1045 nihil,
3517 981 3635 1036 sive

2058 1072 2114 1133 id
2152 1073 2220 1131 ad
2244 1074 2683 1147 intelligentiam,
2720 1077 2841 1130 sive
2870 1074 2941 1133 ad
2967 1090 3193 1130 sensum
3216 1083 3451 1144 spectet,
3491 1088 3630 1143 prm-

2052 1176 2206 1233 astare
2249 1167 2417 1223 vales.
2460 1167 2579 1239 Ego
2628 1175 2687 1224 to
2738 1167 3052 1229 manifesto,
3102 1182 3206 1237 ego
3248 1166 3349 1221 tibi
3402 1165 3635 1236 gloriam

2054 1259 2255 1317 adeso.
2279 1260 2491 1328 Alienis
2520 1276 2590 1321 ne
2618 1261 2877 1333 gloriare,
2900 1260 3220 1316 adventitiis
3252 1274 3318 1315 ne
3342 1258 3633 1315 insolesce.

2669 1372 2896 1429 CAPUT
2932 1373 2998 1428 ﬂ.

2061 1466 2178 1522 Nisi
2198 1474 2350 1521 artus
2407 1474 2459 1521 et
2504 1465 2737 1521 membra
2791 1465 3024 1536 corporis
3075 1463 3417 1536 accreuerint,
3445 1461 3649 1536 animo?

2135 1538 2429 1608 {unctiones
2459 1552 2565 1591 non
2586 1552 2848 1608 apparere
2866 1530 2894 1599 ς’
2911 1543 2984 1608 et,
3012 1536 3058 1588 si
3088 1530 3631 1608 memor-urnaliquod

2133 1600 2347 1677 perierit
2412 1617 2505 1675 aut
2532 1600 2776 1665 uitiatum
2824 1605 3003 1672 fuerit,
3033 1603 3334 1677 secundum
3358 1600 3490 1677 illud
3515 1602 3640 1657 atti-

2133 1672 2275 1731 inam
2298 1672 2639 1748 nihif'agere.
2698 1677 2814 1742 Qua
2856 1677 2908 1748 in
2940 1684 3091 1748 parte
3127 1672 3359 1748 corporis
3400 1672 3651 1748 ᾳηξιηυητ

1986 1765 2036 1827 Β
2127 1763 2222 1801 seu
2279 1739 2775 1827 mentenihabitare
2821 1739 3228 1799 existimandum
3247 1744 3338 1796 sit.
3389 1739 3643 1795 Animam

2135 1826 2186 1873 et
2216 1832 2405 1887 corpus
2432 1817 2533 1872 sibi
2559 1826 2742 1871 mutuo
2762 1825 2942 1870 creata
2983 1830 3112 1867 esse.

2132 1907 2289 1975 Quod
2312 1909 2357 1964 si
2386 1916 2559 1963 totum
2591 1908 2753 1977 plene
2781 1905 2941 1976 cupis
2978 1905 3219 1965 discere,
3267 1901 3494 1957 attende
3546 1898 3651 1955 hic

2065 2000 2202 2056 mihi
2217 2000 2489 2065 animum,
2509 2008 2566 2056 et
2584 1998 2829 2054 dilucide
2852 1996 3146 2067 percipies.
3164 1994 3304 2049 Nota
3323 2007 3384 2048 es
3404 1990 3618 2047 utmaxi
3635 2019 3652 2028 -

2064 2109 2154 2149 ma
2182 2090 3062 2164 pulebrorumquc'pulcherrima.
3078 2088 3163 2143 Ab
3180 2086 3395 2158 origine
3412 2093 3503 2139 tua
3519 2098 3649 2154 per-

2064 2185 2232 2252 fecta,
2256 2199 2353 2256 per
2386 2194 2438 2239 te
2460 2191 2845 2240 consummata
2884 2191 2942 2237 et
2966 2180 3130 2252 plena
3149 2193 3232 2243 es,
3256 2176 3394 2231 mihi
3422 2173 3550 2230 inde
3576 2173 3647 2229 ab

2068 2286 2229 2334 utero
2272 2287 2521 2333 materno
2559 2275 2810 2331 assidens
2841 2282 2898 2353 et
2930 2269 3273 2328 cohabitans.
3315 2267 3431 2343 Ego
3463 2273 3649 2320 autem

2067 2382 2194 2423 cum
2226 2367 2463 2438 primum
2513 2380 2730 2427 nascor,
2763 2362 2942 2418 infans
2986 2376 3133 2426 sum,
3188 2359 3355 2414 foetus
3378 2370 3554 2412 novus
3584 2368 3649 2409 ac

2068 2472 2265 2514 recens
2299 2458 2548 2522 omnino,
2574 2456 2755 2513 omnis
2789 2453 3027 2511 actionis
3052 2452 3347 2522 impotens,
3381 2457 3438 2503 et
3462 2460 3519 2502 tu
3551 2462 3653 2516 per

2070 2564 2160 2635 me
2205 2559 2341 2606 tunc
2392 2549 2654 2606 universe
2701 2546 2841 2603 nihil
2872 2546 3009 2615 agis.
3044 2542 3321 2599 Neceaim
3363 2540 3651 2596 articulate

2070 2630 2355 2716 quippiam
2415 2642 2680 2713 loqueris,
2706 2655 2812 2695 nec
2838 2636 3088 2693 ambulas
3124 2634 3375 2698 omnino,
3412 2648 3523 2687 nec
3548 2630 3651 2685 ali-

2070 2738 2206 2809 quid
2253 2751 2483 2807 operum
2516 2734 2771 2790 manibus
2805 2731 2945 2787 meis
2993 2727 3222 2786 conficis
3259 2746 3274 2784 :
3331 2725 3428 2782 sed
3474 2724 3657 2779 otiosa

2072 2848 2155 2898 es,
2187 2839 2250 2886 ut
2292 2829 2505 2885 dictum
2539 2836 2645 2895 est,
2674 2835 2732 2883 et
2796 2834 3016 2895 tempus
3051 2821 3328 2878 inutiliter
3359 2816 3647 2886 transigis.

2074 2938 2274 2994 meque
2301 2922 2560 2978 famulam
2586 2929 2643 2976 et
2664 2918 2933 2990 abiectam
2958 2924 3041 2983 tu,
3066 2913 3312 2976 domina,
3345 2918 3656 2978 exspectas,

395 3007 627 3062 magnus
670 2993 761 3048 ille
785 2993 989 3056 Paulus
1013 2996 1228 3061 scribit,
1259 3013 1328 3054 ex
1353 2999 1441 3059 bis
1467 3016 1590 3070 qua:
1640 3002 1785 3061 facta
1817 3015 1968 3074 sunt,
1996 3000 2040 3058 C
2072 2993 2251 3071 donec
2279 3014 2529 3069 membra
2579 3026 2720 3078 mea,
2753 3021 2811 3067 et
2863 3015 3049 3080 partes
3106 3005 3206 3061 tibi
3267 3001 3654 3074 perficiantur,

396 3081 671 3139 intellecta
695 3083 1113 3154 conspiciuntur
1130 3086 1196 3154 ⁸⁸,
1211 3106 1231 3140 ι
1253 3098 1310 3144 ct
1328 3104 1395 3147 ex
1419 3091 1689 3161 sapientia
1710 3096 1972 3166 διηριὶιιι-

396 3173 636 3246 (liaeque
655 3192 763 3245 qua
784 3177 1050 3248 producta
1071 3188 1220 3246 sunt,
1244 3179 1534 3250 Conditor,
1551 3193 1613 3239 ut
1627 3186 1836 3243 dictum
1861 3200 1971 3257 est,

396 3268 767 3339 cognoscitur.
798 3269 1010 3331 Deinde
1036 3280 1308 3341 quotquot
1334 3288 1501 3343 opera
1532 3277 1781 3345 quntidie
1811 3279 1971 3347 fiunt,

400 3359 577 3416 instar
624 3377 946 3433 praeconum
1009 3363 1268 3425 omnibus
1312 3364 1607 3429 Dominum
1649 3368 1975 3435 praedicant.

399 3451 478 3509 Ex
522 3454 897 3524 magnitudine
941 3455 1111 3520 enim,
1163 3462 1220 3509 et
1249 3455 1667 3523 pulchritudine
1695 3468 1980 3515 creatura.

401 3558 549 3609 rum,
596 3543 800 3614 inquit,
844 3558 1036 3601 earum
1073 3558 1278 3612 parens
1301 3551 1358 3601 et
1396 3555 1581 3602 rector
1619 3550 1977 3619 perspicitur.

401 3634 518 3707 Ego
543 3643 756 3690 motum
786 3634 1004 3689 vitalem
1034 3634 1135 3697 abs
1161 3644 1215 3691 te
1254 3635 1490 3707 accipio,
1525 3646 1583 3695 tu
1615 3640 1859 3697 vicissim
1898 3647 1978 3701 tui

408 3725 913 3793 manifestationem
948 3742 979 3783 a
1010 3744 1097 3784 me
1147 3731 1375 3802 accipis,
1417 3747 1517 3803 per
1558 3750 1744 3804 quam,
1788 3745 1849 3792 ut
1879 3754 1981 3810 per

405 3818 836 3881 instrumentum
879 3821 1144 3891 operat-is.
1182 3822 1298 3893 Ego
1345 3824 1492 3880 enim
1524 3834 1679 3881 tuum
1714 3827 1981 3886 indicium

404 3919 463 3970 et
485 3918 638 3974 nota,
676 3924 782 3965 nec
817 3910 1138 3982 imprudens
1162 3929 1364 3984 praeco,
1395 3926 1452 3972 et
1486 3919 1643 3974 testis
1680 3919 1983 3978 incircum-

405 4003 613 4072 scripta
663 4017 786 4059 sum
815 4019 1049 4075 operum
1093 4015 1152 4063 et
1185 4022 1528 4075 sermonum,
1570 4026 1694 4081 quae
1748 4023 1806 4068 et
1844 4030 1985 4086 quos

407 4104 508 4165 per
544 4108 748 4164 organa
783 4109 903 4151 mea
926 4096 1143 4167 prodis,
1162 4107 1219 4154 ot
1254 4115 1353 4168 per
1389 4100 1560 4170 ipsos,
1592 4110 1649 4158 et
1681 4118 1805 4159 cum
1848 4107 1985 4177 ipsis

410 4190 680 4239 terrarum
712 4186 904 4249 orbem
940 4202 1221 4258 peragi-as.
1253 4188 1322 4245 Et
1350 4191 1497 4260 apud
1538 4207 1625 4249 me
1665 4197 1983 4264 occultat-is,

409 4283 468 4336 et
512 4276 619 4331 sub
660 4278 856 4334 umbra
908 4294 1027 4339 mea
1070 4281 1232 4345 lates,
1291 4291 1352 4336 ut
1380 4293 1580 4343 natura
1626 4285 1988 4357 intelligentia

411 4373 693 4429 constans,
722 4374 782 4420 et
812 4377 1100 4438 aspectum
1133 4368 1371 4440 fugiens.
1406 4371 1476 4430 Et
1497 4374 1682 4429 omnis
1718 4382 1810 4435 tua
1838 4377 1988 4445 cogi.
2023 4360 2064 4413 ο

414 4452 570 4518 tatio,
612 4455 928 4524 quaesitum,
963 4456 1227 4526 placitum
1256 4473 1367 4513 non
1401 4461 1538 4524 exit,
1581 4477 1693 4517 non
1737 4465 1990 4535 ell‘ertur,

415 4545 557 4615 apud
585 4554 635 4600 te
662 4555 928 4601 remanet.
954 4546 1074 4602 Non
1102 4559 1311 4615 orator,
1335 4565 1446 4605 non
1472 4552 1861 4625 philosophus,
1881 4575 1991 4613 non

415 4648 720 4709 geometra,
767 4655 879 4699 non
947 4650 1117 4711 vates,
1152 4659 1260 4699 non
1337 4660 1532 4716 magus
1603 4647 1824 4722 aliquis,
1881 4667 1993 4719 non

418 4731 565 4791 ullus
603 4730 746 4789 alius
796 4747 862 4788 ea
894 4735 1201 4807 cognoscit,
1238 4735 1417 4792 donec
1447 4753 1482 4793 a
1529 4754 1618 4793 tne
1656 4753 1742 4804 os,
1783 4741 1839 4796 id
1884 4753 1993 4810 est,

417 4837 513 4887 sex
554 4825 711 4894 quasi
742 4824 1001 4890 chordas,
1036 4826 1404 4883 instrumenta
1434 4830 1646 4885 scilicet
1682 4831 1750 4886 ad
1798 4848 1994 4890 sonum

418 4914 575 4970 vocis
618 4915 897 4972 edendum
945 4917 1091 4973 inter
1141 4935 1205 4973 se
1241 4923 1601 4993 congruentia
1643 4927 1993 4996 sumpseris:

424 5015 639 5078 guttur,
665 5006 872 5073 fauces,
910 5010 1136 5076 collum,
1168 5011 1433 5082 linguam,
1466 5013 1643 5080 labra,
1679 5015 1910 5082 dentes;
1942 5026 1999 5073 et

421 5095 512 5153 his
543 5113 767 5153 sensum
792 5108 947 5154 tuum
983 5100 1301 5164 declararis,
1329 5111 1385 5157 et
1411 5102 1578 5160 dubia
1596 5107 2001 5176 explanaveris,

529 5212 576 5247 "
607 5213 940 5281 Rom.t,20.
1021 5213 1068 5246 ”
1115 5214 1348 5281 Lucan,
1395 5215 1484 5270 54.

2075 3120 2381 3176 eorumque
2414 3103 2750 3159 conveniens
2782 3101 2882 3156 tibi
2919 3099 3322 3153 incrementum
3357 3092 3649 3162 adipiscar,

2076 3196 2616 3268 plenitudinemque,
2668 3201 2725 3247 et
2764 3204 3084 3246 mensuram
3138 3187 3319 3242 relatis
3367 3186 3656 3254 attingam.

2079 3288 2221 3343 Tum
2253 3288 2475 3342 domum
2495 3285 2563 3338 ad
2597 3283 2869 3338 actionem
2897 3287 2954 3333 et
2983 3276 3176 3348 praxis
3206 3274 3470 3345 procedis
3492 3277 3530 3326 ‘.

2150 3379 2307 3443 Quod
2356 3379 2402 3431 si
2448 3374 2582 3431 mihi
2629 3387 2734 3427 nec
2777 3369 2986 3440 opinati
3033 3367 3245 3437 aliquid
3292 3365 3470 3419 morbi
3519 3364 3665 3419 acci-

2086 3469 2253 3532 derit,
2279 3476 2336 3523 et
2364 3467 2505 3522 forte
2541 3464 2792 3520 membro
2822 3461 3073 3516 mutilata
3114 3467 3213 3514 aut
3242 3458 3455 3529 privata
3481 3456 3661 3517 fuero,

2085 3561 2252 3617 etiam
2290 3568 2348 3614 tu
2381 3574 2447 3613 ex
2480 3573 2545 3613 ea
2592 3561 2750 3626 parte
2785 3553 2854 3609 ad
2902 3550 3175 3623 agendum
3209 3546 3663 3619 operandumque

2087 3651 2358 3708 imbecilla
2401 3660 2457 3704 et
2500 3648 2777 3718 impotens
2820 3640 3269 3714 deprehenderis.
3308 3638 3467 3703 Quod
3517 3637 3564 3692 si
3606 3647 3665 3693 et

2086 3737 2301 3796 cerebri
2357 3733 2842 3792 inﬂammationem
2903 3730 3103 3802 patiar,
3149 3737 3247 3785 aut
3287 3728 3395 3783 alia
3448 3728 3664 3783 ratione

2086 3828 2230 3883 male
2252 3843 2341 3883 me
2366 3826 2624 3890 habeam,
2647 3822 2835 3879 subito
2863 3834 3081 3883 mecum
3117 3818 3296 3881 doles,
3317 3825 3377 3870 et
3404 3816 3662 3882 attonita,

2088 3931 2143 3977 et
2191 3921 2347 3992 quasi
2382 3918 2695 3990 epileptica,
2721 3925 2819 3972 aut
2854 3924 3041 3970 mente
3090 3919 3249 3982 capta
3294 3923 3407 3965 non
3441 3908 3667 3978 aspicis,

2088 4030 2201 4070 non
2240 4011 2506 4084 loqueris,
2548 4009 2685 4065 nihil
2724 4008 2946 4079 penitus
2997 4004 3151 4065 facis.
3194 4002 3469 4066 Breviter,
3497 4000 3671 4057 semi—

2095 4117 2333 4169 mortua,
2376 4113 2434 4160 et
2484 4105 2613 4158 vita:
2667 4116 2867 4172 expers
2911 4097 3142 4153 videris.
3169 4094 3327 4150 Sient
3372 4101 3431 4149 ot
3470 4092 3676 4164 ego,si

2093 4198 2239 4253 oeuli
2272 4196 2379 4251 mei
2429 4193 2775 4251 ohtenebrati
2810 4190 3037 4254 fuerint,
3069 4196 3126 4244 et
3179 4186 3249 4243 iis
3301 4186 3505 4257 patiar,
3537 4198 3673 4239 mox

2098 4296 2275 4343 totum
2311 4301 2516 4356 corpus
2565 4298 2748 4340 meum
2785 4282 3142 4344 obscuratur,
3171 4287 3237 4335 ut
3286 4279 3345 4335 in
3374 4276 3675 4346 Evangelio

2095 4380 2362 4449 scriptum
2422 4387 2508 4433 est
2540 4377 2587 4408 δ’
2636 4392 2659 4430 ι
2706 4373 2923 4429 tametsi
2978 4373 3165 4431 omnia
3209 4371 3455 4426 membra
3518 4371 3676 4424 firma

2096 4486 2163 4527 ac
2208 4470 2437 4533 robusta
2493 4483 2733 4524 servem.
2762 4465 2879 4521 Hoc
2918 4465 3086 4521 etiam
3138 4462 3407 4533 contingit
3464 4450 3587 4525 tibi,
3627 4460 3674 4515 si

2098 4578 2256 4623 mens
2312 4562 2498 4625 minus
2554 4561 2695 4615 belle
2748 4557 3026 4615 habuerit.
3051 4555 3354 4612 Cerebrum
3407 4552 3573 4625 igitur
3618 4554 3683 4604 in

2097 4653 2281 4721 medio
2326 4652 2524 4724 capitis
2554 4651 2884 4706 collocatum
2914 4656 3038 4705 est:
3068 4661 3224 4703 mens
3254 4652 3315 4698 ut
3349 4642 3538 4715 regina
3567 4650 3681 4700 est,

2097 4761 2222 4803 cum
2251 4744 2511 4807 facultate
2539 4741 2760 4812 triplici,
2780 4740 3063 4801 memoria,
3085 4734 3493 4807 imaginatione,
3512 4730 3682 4786 ratio-

2099 4840 2396 4896 ciuatione.
2447 4836 2543 4892 Vis
2607 4831 2955 4905 imaginatrix
3007 4827 3258 4905 (διάνοια)
3287 4826 3344 4879 in
3415 4820 3681 4881 anteriori

2103 4931 2224 5001 eius
2256 4939 2435 4999 parte,
2473 4926 2738 4989 memoria
2778 4926 2834 4980 in
2865 4921 3174 4995 posteriore
3208 4917 3315 4974 sita
3364 4922 3451 4971 est
3477 4930 3491 4967 :
3518 4910 3681 4967 tertia

2107 5021 2165 5081 in
2227 5021 2434 5086 medio,
2485 5019 2726 5085 cerebri,
2778 5018 3024 5091 inquam.
3055 5010 3302 5081 intelligo
3370 5007 3511 5068 bene
3557 5018 3685 5074 qua

2108 5111 2235 5167 dico

1845 5293 1851 5301 ’
1926 5310 2205 5387 Scholia.

494 5411 885 5482 f‘Anaslasius.
941 5411 1079 5467 Dum
1131 5429 1319 5482 corpus
1363 5422 1605 5471 nostrum
1656 5413 1904 5482 iafarrtile
1955 5424 2006 5469 et

426 5481 599 5553 adhuc
634 5483 993 5553 imperfectum
1025 5491 1122 5547 est,
1145 5485 1305 5541 etiam
1336 5484 1629 5543 intellectus
1659 5481 1835 5540 noster
1861 5484 2002 5539 velut

426 5552 628 5634 hilares,
659 5552 1170 5634 etimperfectusnot
1195 5555 1449 5634 insipiens
1473 5562 1574 5634 est,
1606 5571 1669 5634 ac
1702 5554 1869 5611 nihilo
1896 5555 2005 5634 [ere

429 5624 624 5693 magis,
645 5623 997 5694 quam'bruta:
1022 5625 1318 5685 animantes
1343 5623 1611 5679 discernit.
1635 5623 2003 5685 crescentibus

432 5702 609 5772 autent
644 5694 886 5755 membris
915 5695 1203 5772 secundum
1247 5709 1427 5772 eorum
1448 5696 1817 5772 acuendam:
1845 5698 2005 5752 etiam

433 5763 727 5819 intellectus
776 5766 962 5837 augeri
1004 5774 1051 5821 et
1101 5763 1363 5821 illustrari
1410 5765 1633 5819 videtur.

2179 5415 2473 5471 “Psellus.
2505 5412 2679 5483 caput
2725 5427 2847 5466 cum
2895 5410 2963 5465 sit
2991 5426 3101 5464 una
3134 5406 3378 5483 quendam
3419 5417 3544 5474 pars
3590 5400 3687 5455 Iut-

2108 5484 2259 5540 mani
2279 5476 2694 5554 corporieJejus
2744 5497 2934 5536 nomen
2980 5489 3086 5534 tres
3132 5476 3284 5554 illius
3321 5484 3692 5554 portassent-

2106 5546 2629 5625 ριειιίιιινίφιαέιιπὶ
2656 5554 2829 5625 media
2856 5560 3056 5625 vertere,
3092 5546 3546 5625 anticasiuciput.
3570 5555 3693 5625 pos-

2108 5621 2214 5679 tica
2242 5621 2445 5695 occipit
2482 5626 2694 5683 dicitur.
2726 5622 2790 5677 In
2822 5625 3015 5695 Iterum
3046 5621 3218 5695 modio
3240 5622 3400 5695 situm
3429 5622 3507 5695 est
3544 5623 3691 5695 ceso,-

2109 5698 2284 5759 brum,
2309 5685 2453 5749 recta
2484 5695 2579 5749 sub
2625 5695 2836 5757 vertice,
2868 5694 2956 5746 ubi
2984 5692 3130 5746 sedes
3178 5698 3267 5759 est
3294 5685 3460 5759 εικῷκὶ
3502 5685 3690 5740 nostri.

2110 5756 2367 5836 tanquam
2395 5768 2549 5836 regis,
2574 5781 2724 5836 quem
2756 5764 2994 5836 proxime
3018 5764 3215 5832 stipant
3243 5756 3523 5828 facultates
3549 5761 3699 5820 prm-
