4122 6212
547 333 609 393 ΊΞ
623 333 666 396 9·

1780 335 2120 396 PHILIPPI
2159 335 2550 395 SOLITARll

3705 350 3809 415 760

615 441 834 512 Triplex
863 455 1040 513 porro
1063 441 1293 498 facultas
1323 441 1531 513 absque
1563 453 1770 510 mente,
1795 455 1882 501 est
1909 446 2122 501 inutilis
2151 449 2199 505 Α
2295 445 2460 500 Cano.
2497 446 2757 502 Percelli's
2802 466 2884 504 me
2919 452 3102 508 verbis
3131 455 3262 519 tuis,
3291 466 3346 513 et
3372 458 3600 528 premis,
3626 471 3681 515 et
3706 465 3804 516 mi‘

542 538 790 602 omnino,
811 534 1164 604 quantumvis
1188 534 1442 601 valuerit,
1461 543 1518 590 et
1540 536 1687 590 salva
1705 537 1801 592 tibi
1821 538 2121 593 manserit:

545 641 741 697 nempe
784 627 957 690 ratio,‘
985 626 1088 691 ira,
1139 626 1434 696 cupiditas,
1488 643 1613 682 cum
1647 629 1850 698 quibus
1884 638 1942 684 et
1993 645 2126 699 pro-

543 726 725 774 creata
759 732 839 780 es,
871 725 927 772 ct
953 731 980 770 a
1007 717 1279 788 principio
1305 735 1334 773 a
1365 719 1574 783 fictore,
1601 727 1658 776 et
1682 720 1972 776 conditore
2005 729 2120 787 tuo,

542 809 901 878 omniumque
947 808 1213 865 eﬂ‘ectore
1261 812 1603 881 processisti.
1636 813 1712 868 De
1755 823 1956 869 caetero
1987 813 2032 868 si
2063 814 2120 868 in

539 901 720 957 medio
775 900 1065 956 cerebrum
1121 901 1294 957 fuerit
1343 903 1611 967 validum,
1666 913 1779 960 tres
1827 905 2119 961 facultates

2231 539 2342 592 rari
2393 539 2562 604 subit,
2594 542 2874 610 quomodo
2905 559 2992 598 me
3025 553 3135 599 tam
3185 546 3438 618 imperite
3471 551 3802 623 interroges,

2203 639 2488 700 "tanquam
2541 632 2868 702 simpliciter
2926 647 3312 705 percunctere.
3367 642 3552 699 Dicam
3622 655 3802 701 tamen

2226 725 2538 780 veritatem.
2565 725 2714 786 Nihil
2757 742 2856 796 per
2903 744 2991 784 me
3023 731 3175 786 novi.
3208 732 3281 796 Ex
3313 749 3426 804 quo
3459 744 3643 792 autem
3677 748 3804 793 nata

2223 829 2367 879 sum,
2399 823 2456 870 et
2508 816 2562 870 in
2597 817 2775 872 lucem
2826 819 2996 887 edita,
3025 830 3261 878 scrutata
3293 838 3438 889 sum,
3470 826 3662 893 didici,
3693 827 3803 883 Deo

2226 906 2540 976 adjuvante,
2591 908 2970 966 mediocriter.
3042 911 3178 967 Cum
3229 912 3543 975 didicissem
3615 930 3802 974 autem

540 1005 646 1046 tuae
703 999 944 1061 quatuor
1001 992 1238 1048 virtutes
1294 993 1620 1062 cardinales,
1654 995 1830 1052 instar
1883 998 2117 1070 alicuius
2218 999 2497 1069 quomodo
2530 1016 2788 1071 quaerens
2821 1003 3110 1073 quaesitum
3164 1003 3427 1074 inveniat,
3459 1017 3516 1064 et
3567 1025 3803 1067 conver-

536 1083 821 1155 quadrigaa
869 1093 1156 1154 generant.
1189 1084 1321 1152 Quae
1355 1087 1570 1142 ratione
1602 1095 1839 1154 constat,
1867 1090 2113 1160 pruden-

529 1171 666 1226 tiam
700 1179 758 1226 et
780 1171 1088 1242 justitiam;
1119 1173 1176 1228 in
1207 1189 1315 1244 qua
1340 1175 1545 1231 irarum
1571 1177 1798 1234 ardores
1817 1179 2109 1244 exsistunt,

535 1263 915 1319 fortitudinem
943 1281 957 1331 ;
984 1265 1070 1319 cui
1119 1265 1380 1324 libidines
1423 1268 1634 1336 insunt,
1665 1269 2106 1341 temperantiam.

532 1355 774 1409 Cerebro
794 1363 976 1410 autem
993 1355 1215 1423 affecto,
1237 1358 1525 1428 perdidisti
1554 1375 1767 1426 omnes,
1795 1378 1905 1418 non
1931 1364 2108 1420 solum

531 1454 768 1516 quatuor
816 1446 916 1502 has
961 1456 1017 1504 et
1052 1451 1336 1520 generales
1370 1451 1627 1518 virtutes,
1678 1453 1778 1509 sed
1835 1462 2108 1526 quotquot

533 1541 727 1595 harum
761 1541 1051 1610 complexu
1081 1550 1431 1609 coercentur,
1464 1546 1788 1600 memoriam
1832 1556 1986 1617 puta,
2015 1563 2106 1601 ra-

533 1630 972 1693 tiocinationem,
993 1632 1360 1703 phantasiam,
1384 1633 1722 1705 opinionem,
1753 1645 1810 1691 et
1843 1635 1953 1689 vim
1980 1651 2106 1692 sen-

533 1721 702 1777 tiendi
738 1733 976 1778 mentem
1026 1724 1358 1794 principem,
1387 1733 1444 1781 et
1477 1725 1748 1783 fenestras
1780 1743 1932 1783 meas
1969 1743 2102 1783 sen-

541 1812 710 1867 tiendi
776 1813 1041 1883 quinque,
1085 1813 1284 1880 visum,
1329 1814 1642 1881 odoratum,
1682 1815 1952 1882 auditum,
2000 1831 2103 1886 gu-

527 1911 753 1969 statum,
807 1913 1010 1960 tactum
1060 1904 1116 1959 in
1163 1905 1452 1972 manibus;
1509 1907 1693 1962 omnia
1753 1907 1917 1962 simul
1977 1922 2104 1977 per-

528 2003 684 2058 eunt,
709 2009 831 2064 quae
857 1994 1053 2048 animae
1077 2003 1133 2050 ct
1161 1996 1428 2064 corporis,
1455 2011 1576 2066 qua:
1607 1996 1822 2052 occulta
1847 2004 1903 2051 et
1931 1997 2107 2052 mani-

525 2085 682 2140 feSIa.
708 2085 864 2150 Quod
897 2086 942 2140 si
979 2085 1121 2140 bene
1147 2086 1326 2141 valeat
1370 2086 1645 2157 tripartita
1668 2087 1773 2153 vis,
1796 2087 2099 2152 rationalis,

525 2173 835 2238 irascibilis,
865 2175 1332 2244 concupiscibilis,
1363 2174 1719 2231 nihilominus
1751 2191 1862 2231 non
1897 2176 2104 2231 habent

524 2263 673 2334 quod
699 2273 860 2334 agant
887 2265 1002 2320 haec
1037 2265 1162 2329 tria,
1191 2268 1434 2336 patiente
1467 2268 1719 2331 cerebro,
1746 2267 1893 2338 quod
1926 2267 2102 2323 omni-

523 2355 625 2410 bus
653 2355 892 2411 excellit.
920 2355 1038 2412 Jam
1073 2358 1119 2411 si
1152 2358 1262 2412 vita
1293 2373 1412 2414 mea
1445 2359 1514 2415 ad
1539 2367 1882 2415 senectutem
1929 2361 2100 2430 majo-

523 2463 638 2503 rem
672 2448 1005 2518 pervenerit,
1033 2457 1088 2504 et
1119 2451 1184 2504 ad
1225 2451 1646 2522 octogesimum,
1671 2458 1765 2505 aut
1791 2466 1858 2506 eo
1891 2449 2100 2506 diutius

523 2540 814 2611 supersim,
844 2540 1213 2611 languidaque
1238 2556 1302 2598 ac
1335 2543 1578 2597 marcida
1633 2542 1879 2596 membra
1909 2556 2098 2596 evase-

522 2632 648 2698 rint,
670 2641 726 2688 et
747 2632 839 2687 alii
865 2647 1082 2711 sensus,
1106 2632 1306 2703 quibus
1335 2633 1509 2688 libere
1536 2633 1731 2700 uteris,
1757 2647 1861 2688 nec
1892 2632 1964 2688 ita
1996 2631 2094 2686 tibi

519 2739 675 2779 mens
725 2724 912 2779 damni
965 2739 1163 2793 expers
1206 2725 1336 2781 erit.
1369 2725 1480 2780 Nec
1537 2724 1757 2795 quando
1791 2723 1846 2778 in
1897 2723 2094 2778 febrim

517 2832 699 2873 acrem
727 2823 784 2873 et
815 2818 1193 2887 quotidianam
1253 2817 1524 2872 incidero.
1551 2817 1663 2873 Nec
1692 2832 1817 2872 cum
1851 2825 2092 2870 mustum

520 2911 710 2965 bibere
758 2911 1081 2981 plurimum,
1107 2910 1252 2966 sicut
1280 2911 1414 2965 Noe.
1441 2911 1717 2978 Quantum
1769 2912 1917 2964 enim
1965 2924 2092 2964 cor-

517 3005 663 3075 poris
693 3004 850 3075 vigor
901 3003 1224 3068 remittitur,
1258 3008 1472 3056 tantum
1520 3002 1684 3056 etiam
1732 3000 2091 3072 intelligentia

2219 1090 2407 1145 tissem
2436 1106 2523 1147 me
2545 1091 2612 1147 ad
2640 1092 2840 1164 ipsum,
2867 1095 3050 1152 inveni
3078 1096 3214 1152 mihi
3241 1096 3453 1166 datum,
3477 1101 3627 1171 quod
3653 1118 3805 1173 qum-

2215 1180 2403 1236 rcbam
2427 1186 2469 1236 '.

2285 1270 2614 1328 Aristoteles
2646 1281 2704 1328 et
2749 1272 3112 1346 Hippocrates
3151 1277 3300 1334 Cous
3343 1278 3419 1352 (5)
3449 1280 3650 1336 mentis
3697 1297 3801 1338 seu

2212 1363 2382 1418 animi
2437 1363 2624 1420 sedem
2683 1379 2806 1421 esse
2854 1367 3050 1423 volunt
3105 1371 3162 1426 in
3203 1369 3368 1426 corde
3414 1372 3800 1443 potissimum;

2210 1455 2453 1512 Galenus
2492 1456 2831 1512 dissentiens
2853 1472 2974 1513 eam
3012 1458 3067 1514 in
3111 1461 3344 1516 cerebro
3388 1462 3563 1532 ponit.
3591 1462 3801 1536 Grego-

2213 1548 2333 1602 rius
2383 1548 2664 1620 Nyssenus
2721 1548 2872 1604 aliud
2923 1549 3155 1621 judicat,
3188 1559 3246 1607 et
3299 1553 3542 1624 physicis
3597 1555 3802 1611 horum

2208 1637 2557 1709 dogmatibus
2604 1638 2956 1703 contradicit,
2990 1639 3119 1695 dum
3178 1642 3252 1697 ita
3292 1643 3486 1699 scribit
3516 1661 3530 1699 :
3563 1644 3802 1700 Animus

2208 1740 2270 1788 ut
2299 1747 2387 1787 res
2416 1731 2740 1801 incorporea
2768 1745 2878 1784 non
2909 1739 3086 1801 potest
3113 1733 3517 1800 circumscribi,
3541 1751 3653 1790 non
3684 1736 3801 1790 ba:-

2211 1831 2294 1878 ret
2321 1822 2376 1876 in
2402 1821 2542 1876 locis
2569 1835 2695 1875 cum
2723 1831 3030 1886 moveatur,
3055 1837 3158 1876 nec
3181 1823 3429 1879 cohiberi
3459 1833 3624 1895 queat
3649 1842 3664 1888 ;
3691 1839 3799 1880 nec

2208 1917 2264 1971 in
2293 1915 2540 1986 partibus
2581 1912 2830 1984 corporis
2867 1920 2924 1968 et
2963 1914 3225 1970 membris
3259 1925 3461 1973 manet.
3488 1917 3661 1972 Totus
3691 1934 3796 1972 au-

2210 2015 2319 2063 tem
2376 2014 2552 2062 totum
2609 2020 2811 2075 corpus
2863 2005 3192 2073 pervadens,
3223 2023 3344 2078 quae
3408 2007 3492 2062 sui
3544 2009 3794 2063 muneris

2205 2107 2356 2162 sunt,
2388 2105 2449 2152 ut
2485 2104 2681 2151 natura
2730 2111 2828 2152 sua
2881 2096 3007 2162 fert,
3040 2107 3234 2168 suopte
3283 2109 3423 2152 nutu
3467 2099 3600 2170 agit,
3641 2098 3795 2154 sanis

2203 2189 2456 2260 partibus
2495 2203 2594 2258 pro
2639 2187 3021 2243 instrumentis
3062 2197 3242 2242 utens.
3271 2188 3428 2255 Quod
3479 2189 3524 2242 si
3557 2187 3786 2258 aliquod

2205 2281 2400 2337 horum
2437 2279 2719 2334 infirmum
2751 2286 2953 2349 printer
2988 2289 3239 2334 naturam
3276 2279 3462 2342 fuerit,
3499 2294 3608 2333 non
3641 2294 3780 2349 0pc-

2205 2380 2359 2428 ratur
2386 2371 2607 2426 animus
2646 2371 2701 2424 in
2741 2370 2935 2424 aliecta
2967 2378 3145 2440 parte,
3174 2379 3233 2424 ut
3267 2370 3554 2439 superiore
3587 2368 3785 2439 dispu-

2203 2464 2409 2520 tatione
2430 2462 2564 2518 satis
2589 2476 2866 2531 superque
2890 2461 3202 2516 docuimus.
3226 2461 3486 2532 Exemplo
3511 2461 3608 2515 tibi
3633 2461 3786 2532 quod

2202 2555 2330 2611 dico
2365 2554 2663 2611 dilucidius
2696 2552 2913 2608 faciam.
2945 2552 3423 2619 Quemadmodum
3460 2551 3506 2606 si
3541 2553 3667 2622 quis
3696 2552 3784 2606 fa-

2199 2647 2300 2703 ber
2329 2646 2596 2702 ferrarius
2623 2661 2746 2717 qua:
2776 2661 2884 2700 non
2911 2655 3040 2700 sunt
3063 2653 3207 2716 agat,
3235 2644 3537 2715 multisque
3567 2645 3740 2702 instru
3759 2674 3780 2684 -

2201 2739 2399 2795 mentis
2430 2738 2497 2792 ad
2527 2753 2668 2808 opus
2697 2753 2728 2792 e
2760 2737 2909 2793 ferro
2941 2736 3346 2792 conficiendum
3381 2751 3512 2792 usus
3542 2735 3634 2798 sit,
3671 2751 3786 2806 prae

2197 2831 2321 2886 aliis
2364 2838 2548 2885 autem
2596 2828 2817 2893 incude,
2850 2828 3067 2895 malleo,
3105 2828 3334 2898 forcipe,
3399 2837 3453 2883 et
3480 2829 3567 2883 his
3619 2827 3789 2882 faciat

2196 2921 2342 2992 quod
2367 2920 2498 2976 facit
2528 2939 2542 2976 :
2571 2919 2712 2976 nihil
2738 2920 2886 2974 enim
2911 2919 3030 2975 sine
3056 2920 3123 2974 iis
3153 2919 3419 2975 fabricare
3459 2927 3675 2992 potest;
3701 2918 3786 2972 sic

2196 3013 2332 3068 mihi
2358 3020 2412 3068 ct
2435 3013 2682 3068 animum
2703 3012 2992 3067 considera
3021 3029 3034 3067 :
3064 3011 3107 3073 si
3133 3027 3242 3067 non
3269 3028 3463 3067 sanum
3488 3027 3603 3076 cor,
3624 3021 3679 3066 et
3695 3025 3785 3065 sa-

512 3107 567 3153 et
596 3097 839 3168 cognitio
863 3094 1132 3152 vanescit.
1179 3095 1545 3152 Inveteratum
1574 3093 1776 3166 quippe
1799 3108 2088 3164 organum,

2198 3119 2328 3161 num
2373 3104 2685 3168 cerebrum,
2719 3111 2780 3159 ut
2819 3103 3196 3168 instrumenta,
3221 3112 3439 3169 tractet,
3465 3118 3574 3157 non
3614 3101 3783 3156 habet

511 3202 570 3252 ct
599 3207 713 3258 vas,
746 3192 864 3248 sive
894 3189 1063 3247 etiam
1092 3205 1316 3263 corpus,
1350 3199 1526 3246 totum
1573 3192 1818 3261 vigorem
1848 3189 2092 3246 efﬁcien-

511 3289 753 3358 tiamque
809 3286 1102 3358 pristinam
1131 3301 1241 3341 non
1283 3291 1488 3350 servat,
1513 3299 1634 3354 quze
1675 3299 1784 3338 una
1812 3297 1937 3339 cum
1969 3297 2095 3339 cor-

513 3395 644 3448 pore
674 3379 878 3436 crescit
902 3387 958 3434 et
988 3377 1348 3442 convalescit,
1379 3384 1436 3432 et
1467 3391 1592 3430 cum
1622 3375 1820 3430 eodem
1868 3389 2091 3429 rursum

511 3471 854 3528 consenescit
874 3480 932 3526 et
953 3469 1226 3526 ﬂaccescit
1251 3488 1264 3524 :
1286 3478 1342 3526 et
1369 3484 1434 3524 ex
1460 3468 1828 3524 instrumento
1854 3465 2089 3534 musico,

512 3577 620 3617 non
644 3562 812 3627 bono,
835 3576 938 3616 nec
968 3576 1167 3618 suaves
1195 3562 1436 3617 eduntur
1455 3562 1598 3616 soni.
1623 3560 1805 3617 Cerno
1828 3576 1930 3631 ego
1953 3576 2087 3615 ocu-

510 3653 600 3718 lis,
627 3661 685 3706 tu
717 3665 850 3705 vero
879 3651 1106 3719 pupillis
1135 3652 1337 3707 mentis
1364 3668 1378 3705 :
1402 3666 1510 3720 qua
1541 3652 1765 3720 quidem
1793 3665 1900 3705 non
1930 3664 2084 3715 sana,

511 3745 694 3800 omnia
743 3740 1055 3811 perdidisti.
1084 3741 1434 3806 httellexisti,
1473 3741 1806 3812 cognovisti,
1836 3740 2082 3805 domina,

510 3834 642 3904 quid
687 3832 980 3898 voluerim,
1009 3841 1066 3888 et
1102 3847 1212 3903 quo
1246 3842 1407 3903 pacto
1441 3831 1562 3888 sine
1607 3847 1693 3888 me
1737 3831 1948 3885 honore
1979 3830 2083 3884 ali-

509 3941 619 3996 quo
651 3924 928 3998 dignanda
959 3940 1067 3980 non
1098 3925 1222 3981 sis?

578 4019 773 4076 Aulus.
803 4017 1076 4085 Intellexi,
1122 4017 1375 4089 perspexi
1433 4017 1674 4089 penitus,
1699 4023 1752 4071 et
1801 4015 2084 4085 obstupui.

514 4110 585 4168 Ut
632 4110 843 4178 dixisti,
894 4119 954 4165 ut
1005 4111 1192 4166 locuta
1239 4125 1320 4177 es,
1361 4120 1425 4165 ut
1462 4109 1803 4174 memorasti,
1861 4110 1936 4163 ita
1977 4116 2084 4163 est.

509 4203 706 4259 Nescio
732 4212 915 4259 autem
948 4202 1095 4258 unde
1132 4201 1232 4258 tibi
1259 4201 1458 4257 borum
1489 4201 1753 4273 cognitio,
1775 4209 1832 4257 et
1861 4198 2008 4256 unde
2031 4207 2088 4260 et

507 4311 536 4348 ο
571 4309 682 4363 quo
711 4294 855 4349 hanc
894 4293 1186 4350 scientiam
1235 4294 1596 4365 compararis.
1637 4293 1812 4349 Narra
1845 4293 1980 4348 mibi
2018 4292 2086 4349 de

507 4393 844 4454 praceptore
881 4395 996 4454 tuo,
1029 4387 1158 4457 quis
1182 4394 1239 4442 et
1267 4384 1413 4442 unde
1445 4387 1537 4442 sit.

2195 3195 2476 3268 quomodo
2499 3193 2889 3250 convenientia
2916 3203 3128 3250 naturai
3157 3210 3270 3250 sua:
3300 3211 3466 3266 opera
3505 3203 3777 3264 capessat.

2194 3287 2352 3354 Quod
2383 3294 2570 3342 autem
2605 3284 2661 3339 in
2696 3285 2785 3340 his
2815 3285 3177 3342 excellentius
3220 3295 3385 3356 atque
3429 3283 3780 3354 praestantius

2193 3394 2256 3435 ac
2289 3379 2466 3450 majus
2516 3386 2620 3444 est,
2645 3376 2825 3432 anima
2877 3375 2998 3432 viva
3043 3385 3098 3432 et
3143 3375 3212 3430 ad
3255 3376 3589 3446 spiraculum
3648 3375 3777 3429 vitae

2196 3468 2420 3526 condita
2439 3477 2543 3524 est.
2568 3466 2902 3523 Admiranda
2925 3483 3016 3522 res
3036 3467 3299 3529 maxime,
3317 3463 3778 3533 immortalis,par

2195 3561 2425 3632 angelis.
2445 3561 2563 3616 Non
2602 3568 2786 3616 tamen
2825 3568 3115 3630 postquam
3153 3558 3421 3631 producta
3449 3573 3510 3613 es
3545 3557 3601 3612 in
3631 3565 3681 3611 te
3713 3563 3776 3610 ut

2196 3653 2534 3725 consisteres
2567 3651 2856 3722 accepisti,
2878 3651 2973 3708 sed
3001 3653 3059 3708 in
3088 3667 3196 3717 me,
3227 3662 3285 3708 et
3311 3650 3457 3722 apud
3490 3665 3600 3712 me,
3624 3647 3773 3720 quod

2194 3758 2454 3814 magnum
2482 3755 2568 3800 est
2587 3744 2937 3799 miraculum.
2955 3744 3068 3816 Ego
3091 3743 3214 3800 ﬁcta
3240 3758 3382 3810 sum,
3400 3752 3456 3798 et
3478 3750 3534 3797 tu
3557 3756 3773 3797 mecum

2190 3834 2435 3890 condita.
2465 3835 2588 3890 Non
2629 3851 2879 3891 seorsum
2931 3845 3012 3902 tu,
3058 3849 3310 3890 seorsum
3368 3849 3490 3906 ego.
3524 3834 3643 3888 Non
3698 3833 3772 3888 ita

2191 3935 2296 3993 est,
2331 3927 2575 3992 domina,
2606 3942 2676 3982 ne
2699 3930 2838 3983 istuc
2876 3927 3082 3999 cogites
3117 3945 3130 3982 :
3159 3927 3332 3983 ambae
3369 3927 3530 3982 simul
3568 3942 3598 3980 a
3629 3925 3771 3981 Con-

2190 4018 2371 4075 ditore
2427 4034 2617 4075 sumus
2682 4020 2938 4075 condita}.
2987 4019 3107 4075 Non
3168 4027 3254 4074 est
3323 4034 3523 4089 corpus
3586 4017 3770 4072 fletum

2192 4122 2320 4168 ante
2347 4113 2608 4179 animam,
2634 4127 2739 4168 nec
2768 4113 2950 4167 anima
2982 4119 3110 4167 ante
3161 4127 3362 4182 corpus
3387 4110 3651 4175 substitit,
3674 4119 3770 4165 aut

2193 4203 2423 4260 exstitit.
2445 4204 2560 4259 Hoc
2589 4203 2940 4259 verissimum
2957 4211 3062 4260 est.
3103 4204 3277 4259 Simul
3319 4204 3466 4258 enim
3501 4203 3768 4266 ambaget

2195 4294 2397 4351 iterum
2431 4309 2704 4352 seorsum.
2742 4295 2864 4378 Nqn
2905 4295 3140 4350 alterum
3179 4295 3337 4350 alteri
3385 4301 3631 4363 tempore
3665 4308 3766 4347 an-

2199 4384 2425 4450 tecedit,
2456 4393 2939 4456 contemporanea,
2968 4400 3171 4452 coaeva,
3207 4394 3480 4441 coaatanca
3533 4382 3764 4440 vocaris.

1758 4505 1980 4568 Jacobi
2011 4504 2295 4567 Gretseri
2331 4509 2518 4566 noue.

571 4621 648 4704 (ὅ)
685 4622 759 4678 De
812 4622 918 4706 hoc
961 4622 1086 4679 vide
1124 4623 1622 4706 Cenimbricences
1671 4625 1724 4678 iu
1773 4641 1823 4706 n_
1849 4625 1963 4706 .lib.
2000 4623 2079 4678 De
2112 4643 2156 4700 ι)
2182 4639 2351 4695 prope
2385 4624 2570 4706 finem,
2600 4624 2674 4706 ita
2702 4623 2946 4706 loquitur
2971 4623 3218 4706 :“Corpus
3243 4625 3422 4706 priore
3446 4623 3557 4678 loco
3573 4625 3767 4706 format

504 4695 688 4764 anima
721 4709 841 4764 cap.
881 4693 934 4757 l,
966 4703 1159 4762 quiest.
1185 4696 1238 4749 9.
1263 4694 1390 4764 Inde
1413 4694 1576 4747 etiam
1608 4695 1911 4764 apparebit,
1936 4709 2078 4764 quo-

505 4761 671 4818 modo
705 4761 1026 4835 explicanda
1055 4765 1128 4835 sit
1153 4763 1424 4835 sententia
1457 4761 1709 4835 Nysseui,
1747 4779 1912 4835 quam
1945 4761 2077 4818 Dio-

503 4841 627 4904 ptra
655 4833 840 4904 statim
872 4833 1029 4888 citat.
1071 4833 1206 4890 Vide
1237 4833 1462 4904 eosdem
1507 4833 1700 4904 quaest.
1737 4834 1790 4898 4,
1816 4834 1919 4887 inl
1957 4849 2080 4904 cap.

505 4901 599 4974 lib.
620 4918 670 4974 Διι
722 4903 811 4974 De
839 4905 1040 4974 anima,
1072 4913 1131 4958 ut
1162 4903 1432 4972 intelligas
1463 4901 1738 4974 quomodo
1769 4918 1961 4959 verum
2013 4901 2084 4974 s'it

505 4971 637 5026 illud
669 4972 815 5042 quod
840 4972 1068 5042 Dioptra
1123 4989 1257 5044 mox,
1285 4971 1515 5044 subditi:
1538 4974 1657 5027 Non
1693 4983 1781 5044 est
1802 4991 1989 5044 corpus
2013 4973 2082 5042 ﬁ—

501 5053 643 5097 ctum
659 5050 782 5097 ante
799 5045 1058 5111 animam,
1078 5053 1186 5099 etc.
1220 5043 1288 5100 Et
1307 5044 1422 5114 ipsa
1445 5042 1670 5114 Diaptra
1685 5043 1810 5099 eod.
1830 5042 1926 5099 lib.
1952 5059 2002 5099 c.
2027 5043 2082 5109 5,

2183 4693 2246 4748 ea:
2294 4703 2522 4764 quatuor
2573 4697 2756 4764 primis
2784 4693 3130 4764 corporibus,
3155 4703 3263 4749 etc.
3299 4693 3490 4749 Postea
3527 4693 3766 4748 animum

2180 4763 2387 4835 quoque
2423 4763 2671 4831 inspirat,
2689 4774 2808 4835 etc.
2876 4763 2986 4818 Nec
3038 4764 3232 4835 anima
3278 4773 3366 4835 est
3396 4779 3474 4835 cx
3519 4764 3763 4835 traduce,

2178 4833 2345 4888 etiam
2371 4849 2439 4889 ex
2461 4834 2732 4888 sententia
2753 4833 3008 4904 Diaptraz.
3040 4833 3174 4888 Vide
3195 4833 3679 4904 Conimbricences
3709 4834 3760 4886 in

2180 4905 2279 4958 lib.
2307 4920 2342 4957 ιι
2383 4905 2460 4974 De
2497 4905 2699 4968 anima,
2723 4918 2842 4972 cap.
2879 4903 2929 4966 l,
2963 4919 3020 4972 q.
3048 4905 3102 4970 5,
3156 4913 3213 4959 et
3236 4903 3578 4974 Alphonsum
3600 4919 3633 4958 a
3657 4903 3764 4959 Ca-

2182 4981 2297 5028 stro
2323 4989 2376 5027 v.
2403 4973 2617 5038 Anima,
2643 4987 2832 5027 errore
2860 4989 2914 5026 ν.

1991 5159 2268 5225 Scholia.

501 5282 681 5357 cipes:
716 5281 919 5349 longius
963 5281 1412 5357 principessimul
1453 5291 1503 5338 et
1529 5284 1842 5357 naturales,
1871 5285 2070 5357 longis.

498 5353 634 5425 sime
678 5360 857 5425 autem
885 5355 1187 5410 sentientes.
1226 5354 1418 5425 Verum
1448 5355 1568 5408 huic
1600 5355 1710 5424 regi
1754 5353 2014 5425 tyrannus
2045 5371 2072 5410 c

499 5422 672 5474 uicino
695 5423 958 5495 imminet,
986 5439 1174 5495 corpus
1203 5423 1459 5495 videlicet,
1515 5434 1564 5477 et
1591 5422 1673 5478 ad'
1698 5422 1816 5495 eum
1848 5425 2071 5495 faculta-

501 5496 575 5566 tes
616 5492 878 5560 quasdam
911 5494 1304 5566 turbationibus
1341 5494 1593 5566 obnoasias
1635 5492 1947 5566 caducisque
1984 5499 2073 5550 in-

500 5558 758 5636 tuerentes
793 5563 1207 5636 appuguandum
1237 5565 1419 5618 mittit.
1447 5564 1554 5636 Nec
1582 5579 1726 5618 secus
1758 5565 1812 5636 in
1836 5558 2072 5636 corpore,

499 5631 738 5719 quamin
764 5633 886 5719 navi
909 5640 1116 5719 vastum
1141 5634 1274 5686 istuc
1294 5635 1411 5719 vita;
1430 5633 1650 5717 pelagus
1678 5634 1888 5718 animus
1905 5631 2072 5719 puras

500 5700 724 5767 trajicit.
748 5701 912 5770 Aqua:
943 5704 1129 5770 quibus
1171 5700 1530 5771 supervehitur
1556 5700 1787 5772 'corpus,
1813 5700 1986 5761 insita:
2017 5708 2072 5761 iu

509 5785 568 5824 eo
592 5773 858 5842 passiones
910 5783 1058 5843 sunt,
1101 5773 1155 5826 in
1203 5773 1386 5842 quibus
1428 5775 1752 5844 frequenter,
1789 5785 2074 5842 antequam

2178 5294 2393 5358 portum
2425 5288 2675 5358 attingat,
2698 5357 2703 5358 γ
2730 5286 3072 5358 naufragium
3100 5287 3260 5354 subit,
3297 5295 3349 5342 et
3369 5287 3602 5358 corporis
3631 5289 3760 5357 alfa-

2177 5357 2432 5411 ctionibus
2458 5361 2548 5426 qui
2566 5357 2706 5429 ’navi
2731 5357 2923 5410 insidet
2941 5357 3172 5425 animus,
3193 5374 3514 5413 summersus
3539 5369 3586 5411 et
3601 5360 3762 5429 suffo-

2179 5435 2348 5493 catus,
2378 5429 2532 5482 undis
2561 5427 2752 5491 fertur.

2247 5497 2550 5582 llsidorus.
2578 5495 2698 5550 Non
2725 5495 3037 5582 mediocrem
3070 5499 3419 5582 cognitionem
3459 5497 3684 5582 secessiq
3703 5498 3762 5551 in

2180 5567 2520 5621 solitudinem
2565 5567 2788 5637 peperit.
2831 5567 2968 5621 Nam
3005 5569 3097 5637 qui
3126 5567 3180 5623 in
3224 5570 3408 5623 mediis
3450 5567 3760 5626 tumultibus

2179 5645 2440 5712 versatur,
2466 5644 2516 5712 et
2564 5635 2803 5712 talestia
2835 5635 3142 5712 cognoscere
3185 5640 3393 5712 nititur,
3437 5645 3647 5712 ignorat
3704 5638 3761 5690 in

2179 5709 2351 5776 spinis.
2385 5707 2710 5780 s_eminatum
2750 5707 2814 5758 ab
2853 5709 2918 5760 iis
2959 5709 3205 5777 suffocari
3236 5727 3254 5775 ;
3286 5719 3334 5763 et
3365 5707 3482 5767 eum
3523 5709 3613 5780 qui
3655 5721 3767 5760 non

2181 5787 2353 5845 vacat,
2387 5775 2552 5832 Deum
2589 5794 2689 5832 non
2721 5793 2868 5846 posse
2901 5775 3222 5848 regnasccre.
