  <div class='ocr_page' id='page_1' title='image "/cluster/home/n/w/nwhite01/storage/ocr_20150623/127/hvd.32044073502411/386.png"; bbox 0 0 4102 6200; ppageno 0'>
   <div class='ocr_carea' id='block_1_1' title="bbox 392 351 495 416">
    <p class='ocr_par' dir='ltr' id='par_1_1' title="bbox 392 351 495 416">
     <span class='ocr_line' id='line_1_1' title="bbox 392 351 495 416; baseline 0.039 -4"><span class='ocrx_word' id='word_1_1' title='bbox 392 351 495 416; x_wconf 77' lang='lat'><strong>76]</strong></span> 
     </span>
    </p>
   </div>
   <div class='ocr_carea' id='block_1_2' title="bbox 1814 364 2176 426">
    <p class='ocr_par' dir='ltr' id='par_1_2' title="bbox 1814 364 2176 426">
     <span class='ocr_line' id='line_1_2' title="bbox 1814 364 2176 426; baseline 0 -2"><span class='ocrx_word' id='word_1_2' title='bbox 1814 364 2150 426; x_wconf 74' lang='lat' dir='ltr'><strong>DIOPTRA</strong></span> <span class='ocrx_word' id='word_1_3' title='bbox 2163 411 2176 425; x_wconf 95' lang='lat'><strong>.</strong></span> 
     </span>
    </p>
   </div>
   <div class='ocr_carea' id='block_1_3' title="bbox 3561 367 3668 428">
    <p class='ocr_par' dir='ltr' id='par_1_3' title="bbox 3561 367 3668 428">
     <span class='ocr_line' id='line_1_3' title="bbox 3561 367 3668 428; baseline 0 -2"><span class='ocrx_word' id='word_1_4' title='bbox 3561 367 3668 428; x_wconf 56' lang='lat'><strong>7172</strong></span> 
     </span>
    </p>
   </div>
   <div class='ocr_carea' id='block_1_4' title="bbox 392 463 3667 547">
    <p class='ocr_par' dir='ltr' id='par_1_4' title="bbox 392 463 3667 547">
     <span class='ocr_line' id='line_1_4' title="bbox 392 463 3667 547; baseline 0.003 -25"><span class='ocrx_word' id='word_1_5' title='bbox 392 467 504 524; x_wconf 83' lang='lat' dir='ltr'><strong>Nec</strong></span> <span class='ocrx_word' id='word_1_6' title='bbox 541 465 692 522; x_wconf 88' lang='lat' dir='ltr'><strong>enim</strong></span> <span class='ocrx_word' id='word_1_7' title='bbox 733 463 915 520; x_wconf 85' lang='lat' dir='ltr'><strong>anima</strong></span> <span class='ocrx_word' id='word_1_8' title='bbox 948 466 1067 522; x_wconf 86' lang='lat' dir='ltr'><strong>sine</strong></span> <span class='ocrx_word' id='word_1_9' title='bbox 1096 482 1283 539; x_wconf 89' lang='lat' dir='ltr'><strong>carne,</strong></span> <span class='ocrx_word' id='word_1_10' title='bbox 1320 486 1421 526; x_wconf 89' lang='lat' dir='ltr'><strong>nec</strong></span> <span class='ocrx_word' id='word_1_11' title='bbox 1454 487 1581 527; x_wconf 86' lang='lat' dir='ltr'><strong>caro</strong></span> <span class='ocrx_word' id='word_1_12' title='bbox 1626 473 1747 528; x_wconf 83' lang='lat' dir='ltr'><strong>sine</strong></span> <span class='ocrx_word' id='word_1_13' title='bbox 1799 475 1979 529; x_wconf 87' lang='lat' dir='ltr'><strong>anima</strong></span> <span class='ocrx_word' id='word_1_14' title='bbox 2012 478 2056 536; x_wconf 75' lang='grc' dir='ltr'><strong>Α</strong></span> <span class='ocrx_word' id='word_1_15' title='bbox 2086 473 2452 546; x_wconf 67' lang='lat' dir='ltr'><strong>praecessique</strong></span> <span class='ocrx_word' id='word_1_16' title='bbox 2493 475 2686 547; x_wconf 88' lang='lat' dir='ltr'><strong>gloria,</strong></span> <span class='ocrx_word' id='word_1_17' title='bbox 2721 485 2774 530; x_wconf 90' lang='lat' dir='ltr'><strong>tu</strong></span> <span class='ocrx_word' id='word_1_18' title='bbox 2827 484 3032 541; x_wconf 81' lang='lat' dir='ltr'><strong>autem,</strong></span> <span class='ocrx_word' id='word_1_19' title='bbox 3061 485 3122 530; x_wconf 85' lang='grc' dir='ltr'><strong>ιιι</strong></span> <span class='ocrx_word' id='word_1_20' title='bbox 3183 475 3430 541; x_wconf 85' lang='lat' dir='ltr'><strong>inferior,</strong></span> <span class='ocrx_word' id='word_1_21' title='bbox 3481 487 3667 545; x_wconf 85' lang='lat' dir='ltr'><strong>poste-</strong></span> 
     </span>
    </p>
   </div>
   <div class='ocr_carea' id='block_1_5' title="bbox 391 559 1980 625">
    <p class='ocr_par' dir='ltr' id='par_1_5' title="bbox 391 559 1980 625">
     <span class='ocr_line' id='line_1_5' title="bbox 391 559 1980 625; baseline 0.003 -9"><span class='ocrx_word' id='word_1_22' title='bbox 391 560 618 616; x_wconf 89' lang='lat' dir='ltr'><strong>omnino</strong></span> <span class='ocrx_word' id='word_1_23' title='bbox 668 559 810 614; x_wconf 89' lang='lat' dir='ltr'><strong>facta</strong></span> <span class='ocrx_word' id='word_1_24' title='bbox 862 567 970 625; x_wconf 73' lang='grc' dir='ltr'>εει,</span> <span class='ocrx_word' id='word_1_25' title='bbox 1014 576 1117 616; x_wconf 90' lang='lat' dir='ltr'><strong>nec</strong></span> <span class='ocrx_word' id='word_1_26' title='bbox 1183 562 1406 618; x_wconf 91' lang='lat' dir='ltr'><strong>condita</strong></span> <span class='ocrx_word' id='word_1_27' title='bbox 1452 574 1670 620; x_wconf 90' lang='lat' dir='ltr'><strong>constat</strong></span> <span class='ocrx_word' id='word_1_28' title='bbox 1723 566 1856 622; x_wconf 69' lang='grc' dir='ltr'><strong>ιερὰ</strong></span> <span class='ocrx_word' id='word_1_29' title='bbox 1911 583 1980 622; x_wconf 82' lang='lat' dir='ltr'><strong>ex</strong></span> 
     </span>
    </p>
   </div>
   <div class='ocr_carea' id='block_1_6' title="bbox 392 652 1980 719">
    <p class='ocr_par' dir='ltr' id='par_1_6' title="bbox 392 652 1980 719">
     <span class='ocr_line' id='line_1_6' title="bbox 392 652 1980 719; baseline 0.003 -11"><span class='ocrx_word' id='word_1_30' title='bbox 392 652 649 708; x_wconf 87' lang='lat' dir='ltr'><strong>animatis</strong></span> <span class='ocrx_word' id='word_1_31' title='bbox 681 653 1010 719; x_wconf 89' lang='lat' dir='ltr'><strong>animatum,</strong></span> <span class='ocrx_word' id='word_1_32' title='bbox 1044 664 1101 709; x_wconf 93' lang='lat' dir='ltr'><strong>et</strong></span> <span class='ocrx_word' id='word_1_33' title='bbox 1141 669 1208 710; x_wconf 91' lang='lat' dir='ltr'><strong>ex</strong></span> <span class='ocrx_word' id='word_1_34' title='bbox 1248 656 1564 713; x_wconf 72' lang='lat' dir='ltr'><strong>viventibus</strong></span> <span class='ocrx_word' id='word_1_35' title='bbox 1615 659 1810 714; x_wconf 86' lang='lat' dir='ltr'><strong>vivens</strong></span> <span class='ocrx_word' id='word_1_36' title='bbox 1872 659 1980 713; x_wconf 90' lang='lat' dir='ltr'><strong>uti-</strong></span> 
     </span>
    </p>
   </div>
   <div class='ocr_carea' id='block_1_7' title="bbox 393 745 1976 817">
    <p class='ocr_par' dir='ltr' id='par_1_7' title="bbox 393 745 1976 817">
     <span class='ocr_line' id='line_1_7' title="bbox 393 745 1976 817; baseline 0.005 -19"><span class='ocrx_word' id='word_1_37' title='bbox 393 759 501 816; x_wconf 90' lang='lat' dir='ltr'><strong>que</strong></span> <span class='ocrx_word' id='word_1_38' title='bbox 527 759 730 814; x_wconf 88' lang='lat' dir='ltr'><strong>corpus</strong></span> <span class='ocrx_word' id='word_1_39' title='bbox 767 745 1032 816; x_wconf 76' lang='lat' dir='ltr'><strong>gignitur,</strong></span> <span class='ocrx_word' id='word_1_40' title='bbox 1072 747 1288 813; x_wconf 87' lang='lat' dir='ltr'><strong>vivens,</strong></span> <span class='ocrx_word' id='word_1_41' title='bbox 1345 749 1672 815; x_wconf 90' lang='lat' dir='ltr'><strong>animatum,</strong></span> <span class='ocrx_word' id='word_1_42' title='bbox 1720 751 1976 817; x_wconf 76' lang='lat' dir='ltr'><strong>mortale,</strong></span> 
     </span>
    </p>
   </div>
   <div class='ocr_carea' id='block_1_8' title="bbox 392 837 1980 908">
    <p class='ocr_par' dir='ltr' id='par_1_8' title="bbox 392 837 1980 908">
     <span class='ocr_line' id='line_1_8' title="bbox 392 837 1980 908; baseline 0.005 -18"><span class='ocrx_word' id='word_1_43' title='bbox 392 847 448 890; x_wconf 91' lang='lat' dir='ltr'><strong>et</strong></span> <span class='ocrx_word' id='word_1_44' title='bbox 506 837 851 908; x_wconf 87' lang='lat' dir='ltr'><strong>corruptioni</strong></span> <span class='ocrx_word' id='word_1_45' title='bbox 912 839 1210 894; x_wconf 85' lang='lat' dir='ltr'><strong>obnoxium</strong></span> <span class='ocrx_word' id='word_1_46' title='bbox 1251 841 1454 896; x_wconf 83' lang='lat' dir='ltr'><strong>animal</strong></span> <span class='ocrx_word' id='word_1_47' title='bbox 1510 842 1677 898; x_wconf 87' lang='lat' dir='ltr'><strong>homo</strong></span> <span class='ocrx_word' id='word_1_48' title='bbox 1713 883 1730 908; x_wconf 90' lang='lat'><strong>,</strong></span> <span class='ocrx_word' id='word_1_49' title='bbox 1768 853 1829 899; x_wconf 94' lang='lat' dir='ltr'><strong>ut</strong></span> <span class='ocrx_word' id='word_1_50' title='bbox 1888 844 1980 900; x_wconf 84' lang='lat' dir='ltr'><strong>di-</strong></span> 
     </span>
    </p>
   </div>
   <div class='ocr_carea' id='block_1_9' title="bbox 392 929 555 985">
    <p class='ocr_par' dir='ltr' id='par_1_9' title="bbox 392 929 555 985">
     <span class='ocr_line' id='line_1_9' title="bbox 392 929 555 985; baseline 0.006 -1"><span class='ocrx_word' id='word_1_51' title='bbox 392 929 555 985; x_wconf 91' lang='lat' dir='ltr'><strong>citur.</strong></span> 
     </span>
    </p>
   </div>
   <div class='ocr_carea' id='block_1_10' title="bbox 996 1045 1352 1105">
    <p class='ocr_par' dir='ltr' id='par_1_10' title="bbox 996 1045 1352 1105">
     <span class='ocr_line' id='line_1_10' title="bbox 996 1045 1352 1105; baseline 0.006 -2"><span class='ocrx_word' id='word_1_52' title='bbox 996 1045 1222 1105; x_wconf 86' lang='lat' dir='ltr'><strong>CAPUT</strong></span> <span class='ocrx_word' id='word_1_53' title='bbox 1261 1048 1352 1105; x_wconf 84' lang='lat' dir='ltr'><strong>Ill.</strong></span> 
     </span>
    </p>
   </div>
   <div class='ocr_carea' id='block_1_11' title="bbox 395 1136 1978 1214">
    <p class='ocr_par' dir='ltr' id='par_1_11' title="bbox 395 1136 1978 1214">
     <span class='ocr_line' id='line_1_11' title="bbox 395 1136 1978 1214; baseline 0.004 -22"><span class='ocrx_word' id='word_1_54' title='bbox 395 1136 627 1208; x_wconf 86' lang='lat' dir='ltr'><strong><em>Corpore</em></strong></span> <span class='ocrx_word' id='word_1_55' title='bbox 654 1155 748 1214; x_wconf 72' lang='lat' dir='ltr'><strong>per</strong></span> <span class='ocrx_word' id='word_1_56' title='bbox 773 1141 958 1214; x_wconf 74' lang='lat' dir='ltr'><strong>mortis</strong></span> <span class='ocrx_word' id='word_1_57' title='bbox 982 1140 1095 1209; x_wconf 82' lang='lat' dir='ltr'><strong>fata</strong></span> <span class='ocrx_word' id='word_1_58' title='bbox 1121 1141 1400 1214; x_wconf 73' lang='lat' dir='ltr'><strong>di_ssoluto_.</strong></span> <span class='ocrx_word' id='word_1_59' title='bbox 1429 1143 1669 1198; x_wconf 89' lang='lat' dir='ltr'><strong>animam</strong></span> <span class='ocrx_word' id='word_1_60' title='bbox 1695 1145 1978 1214; x_wconf 82' lang='lat' dir='ltr'><strong>haudqua-</strong></span> 
     </span>
    </p>
   </div>
   <div class='ocr_carea' id='block_1_12' title="bbox 466 1209 1977 1285">
    <p class='ocr_par' dir='ltr' id='par_1_12' title="bbox 466 1209 1977 1285">
     <span class='ocr_line' id='line_1_12' title="bbox 466 1209 1977 1285; baseline 0.006 -24"><span class='ocrx_word' id='word_1_61' title='bbox 466 1225 631 1285; x_wconf 75' lang='lat' dir='ltr'><strong>quam</strong></span> <span class='ocrx_word' id='word_1_62' title='bbox 657 1209 661 1210; x_wconf 28' lang='grc' dir='ltr'>ί</span> <span class='ocrx_word' id='word_1_63' title='bbox 691 1209 902 1264; x_wconf 85' lang='lat' dir='ltr'><strong>dissolvi</strong></span> <span class='ocrx_word' id='word_1_64' title='bbox 931 1219 982 1265; x_wconf 89' lang='lat' dir='ltr'><strong>et</strong></span> <span class='ocrx_word' id='word_1_65' title='bbox 1048 1212 1333 1282; x_wconf 71' lang='lat' dir='ltr'><strong>exstingui,</strong></span> <span class='ocrx_word' id='word_1_66' title='bbox 1356 1212 1601 1268; x_wconf 76' lang='lat' dir='ltr'><strong>Platonis</strong></span> <span class='ocrx_word' id='word_1_67' title='bbox 1664 1209 1977 1285; x_wconf 78' lang='lat' dir='ltr'><strong>argumento</strong></span> 
     </span>
    </p>
   </div>
   <div class='ocr_carea' id='block_1_13' title="bbox 467 1279 861 1346">
    <p class='ocr_par' dir='ltr' id='par_1_13' title="bbox 467 1279 861 1346">
     <span class='ocr_line' id='line_1_13' title="bbox 467 1279 861 1346; baseline 0.008 -15"><span class='ocrx_word' id='word_1_68' title='bbox 467 1279 861 1346; x_wconf 79' lang='lat' dir='ltr'><strong>conﬁrmatum.</strong></span> 
     </span>
    </p>
   </div>
   <div class='ocr_carea' id='block_1_14' title="bbox 471 1395 1976 1470">
    <p class='ocr_par' dir='ltr' id='par_1_14' title="bbox 471 1395 1976 1470">
     <span class='ocr_line' id='line_1_14' title="bbox 471 1395 1976 1470; baseline 0.005 -21"><span class='ocrx_word' id='word_1_69' title='bbox 471 1396 669 1451; x_wconf 72' lang='lat' dir='ltr'><strong>Arnus.</strong></span> <span class='ocrx_word' id='word_1_70' title='bbox 701 1396 903 1466; x_wconf 85' lang='lat' dir='ltr'><strong>Dogma</strong></span> <span class='ocrx_word' id='word_1_71' title='bbox 935 1395 1084 1467; x_wconf 91' lang='lat' dir='ltr'><strong>quod</strong></span> <span class='ocrx_word' id='word_1_72' title='bbox 1115 1411 1224 1452; x_wconf 91' lang='lat' dir='ltr'><strong>non</strong></span> <span class='ocrx_word' id='word_1_73' title='bbox 1257 1396 1415 1453; x_wconf 81' lang='lat' dir='ltr'><strong>facile</strong></span> <span class='ocrx_word' id='word_1_74' title='bbox 1444 1398 1718 1470; x_wconf 82' lang='lat' dir='ltr'><strong>intelligas</strong></span> <span class='ocrx_word' id='word_1_75' title='bbox 1746 1408 1800 1454; x_wconf 90' lang='lat' dir='ltr'><strong>et</strong></span> <span class='ocrx_word' id='word_1_76' title='bbox 1821 1415 1976 1456; x_wconf 85' lang='lat' dir='ltr'><strong>asse-</strong></span> 
     </span>
    </p>
   </div>
   <div class='ocr_carea' id='block_1_15' title="bbox 395 1486 1974 1558">
    <p class='ocr_par' dir='ltr' id='par_1_15' title="bbox 395 1486 1974 1558">
     <span class='ocr_line' id='line_1_15' title="bbox 395 1486 1974 1558; baseline 0.003 -17"><span class='ocrx_word' id='word_1_77' title='bbox 395 1501 588 1558; x_wconf 85' lang='lat' dir='ltr'><strong>quare.</strong></span> <span class='ocrx_word' id='word_1_78' title='bbox 606 1486 932 1556; x_wconf 87' lang='lat' dir='ltr'><strong>Conjunctio</strong></span> <span class='ocrx_word' id='word_1_79' title='bbox 954 1487 1315 1553; x_wconf 79' lang='lat' dir='ltr'><strong>admirabilis,</strong></span> <span class='ocrx_word' id='word_1_80' title='bbox 1335 1489 1519 1544; x_wconf 90' lang='lat' dir='ltr'><strong>mistio</strong></span> <span class='ocrx_word' id='word_1_81' title='bbox 1545 1505 1686 1544; x_wconf 89' lang='lat' dir='ltr'><strong>nova</strong></span> <span class='ocrx_word' id='word_1_82' title='bbox 1715 1491 1974 1546; x_wconf 82' lang='lat' dir='ltr'><strong>maxime.</strong></span> 
     </span>
    </p>
   </div>
   <div class='ocr_carea' id='block_1_16' title="bbox 395 1578 1978 1649">
    <p class='ocr_par' dir='ltr' id='par_1_16' title="bbox 395 1578 1978 1649">
     <span class='ocr_line' id='line_1_16' title="bbox 395 1578 1978 1649; baseline 0.002 -14"><span class='ocrx_word' id='word_1_83' title='bbox 395 1581 553 1636; x_wconf 86' lang='lat' dir='ltr'><strong>Nunc</strong></span> <span class='ocrx_word' id='word_1_84' title='bbox 584 1579 716 1634; x_wconf 92' lang='lat' dir='ltr'><strong>mihi</strong></span> <span class='ocrx_word' id='word_1_85' title='bbox 767 1578 1058 1649; x_wconf 89' lang='lat' dir='ltr'><strong>responde.</strong></span> <span class='ocrx_word' id='word_1_86' title='bbox 1090 1579 1202 1635; x_wconf 83' lang='lat' dir='ltr'><strong>Nos</strong></span> <span class='ocrx_word' id='word_1_87' title='bbox 1230 1579 1499 1636; x_wconf 74' lang='lat' dir='ltr'><strong>Conditor</strong></span> <span class='ocrx_word' id='word_1_88' title='bbox 1528 1583 1760 1647; x_wconf 82' lang='lat' dir='ltr'><strong>cre’avit,</strong></span> <span class='ocrx_word' id='word_1_89' title='bbox 1787 1592 1847 1638; x_wconf 93' lang='lat' dir='ltr'><strong>ut</strong></span> <span class='ocrx_word' id='word_1_90' title='bbox 1892 1584 1978 1638; x_wconf 81' lang='lat' dir='ltr'><strong>di-</strong></span> 
     </span>
    </p>
   </div>
   <div class='ocr_carea' id='block_1_17' title="bbox 394 1671 1978 1745">
    <p class='ocr_par' dir='ltr' id='par_1_17' title="bbox 394 1671 1978 1745">
     <span class='ocr_line' id='line_1_17' title="bbox 394 1671 1978 1745; baseline 0.003 -19"><span class='ocrx_word' id='word_1_91' title='bbox 394 1673 542 1738; x_wconf 81' lang='lat' dir='ltr'><strong>xisti,</strong></span> <span class='ocrx_word' id='word_1_92' title='bbox 584 1671 773 1727; x_wconf 89' lang='lat' dir='ltr'><strong>ambas</strong></span> <span class='ocrx_word' id='word_1_93' title='bbox 801 1672 1029 1726; x_wconf 90' lang='lat' dir='ltr'><strong>omnino</strong></span> <span class='ocrx_word' id='word_1_94' title='bbox 1065 1679 1122 1727; x_wconf 93' lang='lat' dir='ltr'><strong>et</strong></span> <span class='ocrx_word' id='word_1_95' title='bbox 1163 1672 1467 1742; x_wconf 81' lang='lat' dir='ltr'><strong>colligatus,</strong></span> <span class='ocrx_word' id='word_1_96' title='bbox 1501 1682 1793 1745; x_wconf 88' lang='lat' dir='ltr'><strong>utramque</strong></span> <span class='ocrx_word' id='word_1_97' title='bbox 1827 1691 1978 1731; x_wconf 89' lang='lat' dir='ltr'><strong>com-</strong></span> 
     </span>
    </p>
   </div>
   <div class='ocr_carea' id='block_1_18' title="bbox 391 1764 1977 1836">
    <p class='ocr_par' dir='ltr' id='par_1_18' title="bbox 391 1764 1977 1836">
     <span class='ocr_line' id='line_1_18' title="bbox 391 1764 1977 1836; baseline 0.003 -17"><span class='ocrx_word' id='word_1_98' title='bbox 391 1765 635 1830; x_wconf 90' lang='lat' dir='ltr'><strong>miscuit,</strong></span> <span class='ocrx_word' id='word_1_99' title='bbox 661 1772 720 1819; x_wconf 93' lang='lat' dir='ltr'><strong>ut</strong></span> <span class='ocrx_word' id='word_1_100' title='bbox 745 1764 861 1834; x_wconf 91' lang='lat' dir='ltr'><strong>ipse</strong></span> <span class='ocrx_word' id='word_1_101' title='bbox 893 1765 1066 1820; x_wconf 86' lang='lat' dir='ltr'><strong>novit.</strong></span> <span class='ocrx_word' id='word_1_102' title='bbox 1092 1765 1176 1820; x_wconf 94' lang='lat' dir='ltr'><strong>Tu</strong></span> <span class='ocrx_word' id='word_1_103' title='bbox 1208 1781 1340 1822; x_wconf 87' lang='lat' dir='ltr'><strong>vero</strong></span> <span class='ocrx_word' id='word_1_104' title='bbox 1370 1767 1655 1836; x_wconf 91' lang='lat' dir='ltr'><strong>quomodo</strong></span> <span class='ocrx_word' id='word_1_105' title='bbox 1686 1767 1900 1823; x_wconf 90' lang='lat' dir='ltr'><strong>recedis</strong></span> <span class='ocrx_word' id='word_1_106' title='bbox 1920 1769 1977 1824; x_wconf 82' lang='lat' dir='ltr'><strong>et</strong></span> 
     </span>
    </p>
   </div>
   <div class='ocr_carea' id='block_1_19' title="bbox 392 1836 2047 1928">
    <p class='ocr_par' dir='ltr' id='par_1_19' title="bbox 392 1836 2047 1928">
     <span class='ocr_line' id='line_1_19' title="bbox 392 1836 2047 1928; baseline 0.001 -17"><span class='ocrx_word' id='word_1_107' title='bbox 392 1855 535 1928; x_wconf 83' lang='lat' dir='ltr'><strong>fugis</strong></span> <span class='ocrx_word' id='word_1_108' title='bbox 581 1871 612 1910; x_wconf 91' lang='lat' dir='ltr'><strong>a</strong></span> <span class='ocrx_word' id='word_1_109' title='bbox 667 1870 755 1910; x_wconf 90' lang='lat' dir='ltr'><strong>me</strong></span> <span class='ocrx_word' id='word_1_110' title='bbox 814 1856 1069 1926; x_wconf 89' lang='lat' dir='ltr'><strong>putredo,</strong></span> <span class='ocrx_word' id='word_1_111' title='bbox 1105 1857 1255 1912; x_wconf 88' lang='lat' dir='ltr'><strong>etin</strong></span> <span class='ocrx_word' id='word_1_112' title='bbox 1320 1858 1601 1926; x_wconf 78' lang='lat' dir='ltr'><strong>pulverem</strong></span> <span class='ocrx_word' id='word_1_113' title='bbox 1663 1868 1974 1928; x_wconf 83' lang='lat' dir='ltr'><strong>terramque</strong></span> <span class='ocrx_word' id='word_1_114' title='bbox 2009 1836 2047 1890; x_wconf 72' lang='grc' dir='ltr'>Β</span> 
     </span>
    </p>
   </div>
   <div class='ocr_carea' id='block_1_20' title="bbox 391 1948 1973 2020">
    <p class='ocr_par' dir='ltr' id='par_1_20' title="bbox 391 1948 1973 2020">
     <span class='ocr_line' id='line_1_20' title="bbox 391 1948 1973 2020; baseline 0.001 -18"><span class='ocrx_word' id='word_1_115' title='bbox 391 1948 753 2012; x_wconf 90' lang='lat' dir='ltr'><strong>converteris,</strong></span> <span class='ocrx_word' id='word_1_116' title='bbox 777 1963 842 2003; x_wconf 90' lang='lat' dir='ltr'><strong>ac</strong></span> <span class='ocrx_word' id='word_1_117' title='bbox 871 1949 1069 2003; x_wconf 90' lang='lat' dir='ltr'><strong>interis</strong></span> <span class='ocrx_word' id='word_1_118' title='bbox 1107 1948 1407 2003; x_wconf 86' lang='lat' dir='ltr'><strong>funditus?</strong></span> <span class='ocrx_word' id='word_1_119' title='bbox 1431 1950 1546 2020; x_wconf 89' lang='lat' dir='ltr'><strong>Ego</strong></span> <span class='ocrx_word' id='word_1_120' title='bbox 1581 1959 1764 2004; x_wconf 88' lang='lat' dir='ltr'><strong>autem</strong></span> <span class='ocrx_word' id='word_1_121' title='bbox 1805 1950 1973 2005; x_wconf 90' lang='lat' dir='ltr'><strong>etiam</strong></span> 
     </span>
    </p>
   </div>
   <div class='ocr_carea' id='block_1_21' title="bbox 391 2037 1972 2111">
    <p class='ocr_par' dir='ltr' id='par_1_21' title="bbox 391 2037 1972 2111">
     <span class='ocr_line' id='line_1_21' title="bbox 391 2037 1972 2111; baseline 0.001 -17"><span class='ocrx_word' id='word_1_122' title='bbox 391 2049 515 2108; x_wconf 91' lang='lat' dir='ltr'><strong>post</strong></span> <span class='ocrx_word' id='word_1_123' title='bbox 540 2037 964 2110; x_wconf 81' lang='lat' dir='ltr'><strong>disiunctionem</strong></span> <span class='ocrx_word' id='word_1_124' title='bbox 986 2055 1268 2110; x_wconf 83' lang='lat' dir='ltr'><strong>nunquam</strong></span> <span class='ocrx_word' id='word_1_125' title='bbox 1296 2041 1510 2095; x_wconf 89' lang='lat' dir='ltr'><strong>occido.</strong></span> <span class='ocrx_word' id='word_1_126' title='bbox 1539 2040 1603 2094; x_wconf 85' lang='lat' dir='ltr'><strong>Et</strong></span> <span class='ocrx_word' id='word_1_127' title='bbox 1625 2056 1729 2111; x_wconf 86' lang='lat' dir='ltr'><strong>ego</strong></span> <span class='ocrx_word' id='word_1_128' title='bbox 1751 2041 1972 2111; x_wconf 89' lang='lat' dir='ltr'><strong>quidem</strong></span> 
     </span>
    </p>
   </div>
   <div class='ocr_carea' id='block_1_22' title="bbox 390 2132 1970 2205">
    <p class='ocr_par' dir='ltr' id='par_1_22' title="bbox 390 2132 1970 2205">
     <span class='ocr_line' id='line_1_22' title="bbox 390 2132 1970 2205; baseline 0.001 -19"><span class='ocrx_word' id='word_1_129' title='bbox 390 2134 664 2202; x_wconf 85' lang='lat' dir='ltr'><strong>absquete</strong></span> <span class='ocrx_word' id='word_1_130' title='bbox 691 2132 838 2199; x_wconf 91' lang='lat' dir='ltr'><strong>vivo,</strong></span> <span class='ocrx_word' id='word_1_131' title='bbox 858 2141 915 2187; x_wconf 94' lang='lat' dir='ltr'><strong>tu</strong></span> <span class='ocrx_word' id='word_1_132' title='bbox 941 2133 1061 2188; x_wconf 88' lang='lat' dir='ltr'><strong>sine</strong></span> <span class='ocrx_word' id='word_1_133' title='bbox 1088 2147 1176 2187; x_wconf 89' lang='lat' dir='ltr'><strong>me</strong></span> <span class='ocrx_word' id='word_1_134' title='bbox 1198 2133 1542 2203; x_wconf 87' lang='lat' dir='ltr'><strong>neutiquam.</strong></span> <span class='ocrx_word' id='word_1_135' title='bbox 1564 2134 1699 2204; x_wconf 86' lang='lat' dir='ltr'><strong>Ego,</strong></span> <span class='ocrx_word' id='word_1_136' title='bbox 1723 2133 1970 2205; x_wconf 89' lang='lat' dir='ltr'><strong>inquam,</strong></span> 
     </span>
    </p>
   </div>
   <div class='ocr_carea' id='block_1_23' title="bbox 392 2224 815 2296">
    <p class='ocr_par' dir='ltr' id='par_1_23' title="bbox 392 2224 815 2296">
     <span class='ocr_line' id='line_1_23' title="bbox 392 2224 815 2296; baseline 0.005 -18"><span class='ocrx_word' id='word_1_137' title='bbox 392 2224 518 2279; x_wconf 82' lang='lat' dir='ltr'><strong>vivo</strong></span> <span class='ocrx_word' id='word_1_138' title='bbox 541 2233 596 2280; x_wconf 89' lang='lat' dir='ltr'><strong>et</strong></span> <span class='ocrx_word' id='word_1_139' title='bbox 636 2225 815 2296; x_wconf 87' lang='lat' dir='ltr'><strong>vigeo.</strong></span> 
     </span>
    </p>
   </div>
   <div class='ocr_carea' id='block_1_24' title="bbox 460 2314 1973 2390">
    <p class='ocr_par' dir='ltr' id='par_1_24' title="bbox 460 2314 1973 2390">
     <span class='ocr_line' id='line_1_24' title="bbox 460 2314 1973 2390; baseline 0.001 -18"><span class='ocrx_word' id='word_1_140' title='bbox 460 2314 628 2372; x_wconf 70' lang='lat' dir='ltr'><strong>Csao.</strong></span> <span class='ocrx_word' id='word_1_141' title='bbox 659 2318 898 2374; x_wconf 80' lang='lat' dir='ltr'><strong>Rursum</strong></span> <span class='ocrx_word' id='word_1_142' title='bbox 959 2317 1088 2373; x_wconf 88' lang='lat' dir='ltr'><strong>audi</strong></span> <span class='ocrx_word' id='word_1_143' title='bbox 1142 2317 1289 2374; x_wconf 87' lang='lat' dir='ltr'><strong>dicta</strong></span> <span class='ocrx_word' id='word_1_144' title='bbox 1335 2319 1631 2389; x_wconf 81' lang='lat' dir='ltr'><strong>elegantia,</strong></span> <span class='ocrx_word' id='word_1_145' title='bbox 1662 2334 1784 2390; x_wconf 64' lang='lat' dir='ltr'><strong>quae</strong></span> <span class='ocrx_word' id='word_1_146' title='bbox 1812 2334 1913 2389; x_wconf 89' lang='lat' dir='ltr'><strong>ego</strong></span> <span class='ocrx_word' id='word_1_147' title='bbox 1941 2334 1973 2374; x_wconf 89' lang='lat' dir='ltr'><strong>a</strong></span> 
     </span>
    </p>
   </div>
   <div class='ocr_carea' id='block_1_25' title="bbox 391 2407 1972 2480">
    <p class='ocr_par' dir='ltr' id='par_1_25' title="bbox 391 2407 1972 2480">
     <span class='ocr_line' id='line_1_25' title="bbox 391 2407 1972 2480; baseline 0.003 -19"><span class='ocrx_word' id='word_1_148' title='bbox 391 2407 671 2463; x_wconf 80' lang='lat' dir='ltr'><strong>veteribus</strong></span> <span class='ocrx_word' id='word_1_149' title='bbox 715 2408 1062 2478; x_wconf 86' lang='lat' dir='ltr'><strong>sapientibus</strong></span> <span class='ocrx_word' id='word_1_150' title='bbox 1110 2409 1293 2464; x_wconf 85' lang='lat' dir='ltr'><strong>audivi</strong></span> <span class='ocrx_word' id='word_1_151' title='bbox 1334 2409 1432 2479; x_wconf 93' lang='lat' dir='ltr'><strong>(a).</strong></span> <span class='ocrx_word' id='word_1_152' title='bbox 1487 2409 1642 2476; x_wconf 84' lang='lat' dir='ltr'><strong>Quod</strong></span> <span class='ocrx_word' id='word_1_153' title='bbox 1688 2410 1972 2480; x_wconf 56' lang='lat' dir='ltr'><strong>abIaliquo</strong></span> 
     </span>
    </p>
   </div>
   <div class='ocr_carea' id='block_1_26' title="bbox 390 2501 1970 2572">
    <p class='ocr_par' dir='ltr' id='par_1_26' title="bbox 390 2501 1970 2572">
     <span class='ocr_line' id='line_1_26' title="bbox 390 2501 1970 2572; baseline 0.003 -20"><span class='ocrx_word' id='word_1_154' title='bbox 390 2509 665 2564; x_wconf 87' lang='lat' dir='ltr'><strong>movetur,</strong></span> <span class='ocrx_word' id='word_1_155' title='bbox 696 2501 961 2572; x_wconf 88' lang='lat' dir='ltr'><strong>quidquld</strong></span> <span class='ocrx_word' id='word_1_156' title='bbox 1000 2502 1135 2557; x_wconf 91' lang='lat' dir='ltr'><strong>illud</strong></span> <span class='ocrx_word' id='word_1_157' title='bbox 1191 2501 1376 2567; x_wconf 87' lang='lat' dir='ltr'><strong>fuerit,</strong></span> <span class='ocrx_word' id='word_1_158' title='bbox 1411 2517 1520 2557; x_wconf 89' lang='lat' dir='ltr'><strong>non</strong></span> <span class='ocrx_word' id='word_1_159' title='bbox 1578 2502 1745 2558; x_wconf 86' lang='lat' dir='ltr'><strong>habet</strong></span> <span class='ocrx_word' id='word_1_160' title='bbox 1802 2503 1970 2557; x_wconf 89' lang='lat' dir='ltr'><strong>vitam</strong></span> 
     </span>
    </p>
   </div>
   <div class='ocr_carea' id='block_1_27' title="bbox 388 2592 1970 2663">
    <p class='ocr_par' dir='ltr' id='par_1_27' title="bbox 388 2592 1970 2663">
     <span class='ocr_line' id='line_1_27' title="bbox 388 2592 1970 2663; baseline 0.002 -18"><span class='ocrx_word' id='word_1_161' title='bbox 388 2606 419 2644; x_wconf 91' lang='lat' dir='ltr'><strong>a</strong></span> <span class='ocrx_word' id='word_1_162' title='bbox 450 2606 528 2656; x_wconf 90' lang='lat' dir='ltr'><strong>se,</strong></span> <span class='ocrx_word' id='word_1_163' title='bbox 558 2592 653 2646; x_wconf 90' lang='lat' dir='ltr'><strong>sed</strong></span> <span class='ocrx_word' id='word_1_164' title='bbox 677 2593 746 2647; x_wconf 91' lang='lat' dir='ltr'><strong>ab</strong></span> <span class='ocrx_word' id='word_1_165' title='bbox 774 2592 882 2648; x_wconf 88' lang='lat' dir='ltr'><strong>alio</strong></span> <span class='ocrx_word' id='word_1_166' title='bbox 925 2593 1108 2663; x_wconf 89' lang='lat' dir='ltr'><strong>potius</strong></span> <span class='ocrx_word' id='word_1_167' title='bbox 1143 2609 1173 2648; x_wconf 86' lang='lat' dir='ltr'><strong>a</strong></span> <span class='ocrx_word' id='word_1_168' title='bbox 1204 2608 1315 2663; x_wconf 94' lang='lat' dir='ltr'><strong>quo</strong></span> <span class='ocrx_word' id='word_1_169' title='bbox 1341 2601 1398 2648; x_wconf 90' lang='lat' dir='ltr'><strong>et</strong></span> <span class='ocrx_word' id='word_1_170' title='bbox 1431 2593 1577 2663; x_wconf 89' lang='lat' dir='ltr'><strong>quod</strong></span> <span class='ocrx_word' id='word_1_171' title='bbox 1625 2594 1880 2649; x_wconf 85' lang='lat' dir='ltr'><strong>consistit</strong></span> <span class='ocrx_word' id='word_1_172' title='bbox 1913 2603 1970 2648; x_wconf 90' lang='lat' dir='ltr'><strong>et</strong></span> 
     </span>
    </p>
   </div>
   <div class='ocr_carea' id='block_1_28' title="bbox 390 2671 1969 2753">
    <p class='ocr_par' dir='ltr' id='par_1_28' title="bbox 390 2671 1969 2753">
     <span class='ocr_line' id='line_1_28' title="bbox 390 2671 1969 2753; baseline 0.003 -19"><span class='ocrx_word' id='word_1_173' title='bbox 390 2671 643 2736; x_wconf 84' lang='lat' dir='ltr'><strong>movetur</strong></span> <span class='ocrx_word' id='word_1_174' title='bbox 691 2682 875 2737; x_wconf 89' lang='lat' dir='ltr'><strong>habet.</strong></span> <span class='ocrx_word' id='word_1_175' title='bbox 901 2681 1140 2737; x_wconf 87' lang='lat' dir='ltr'><strong>Tantum</strong></span> <span class='ocrx_word' id='word_1_176' title='bbox 1188 2681 1338 2737; x_wconf 89' lang='lat' dir='ltr'><strong>enim</strong></span> <span class='ocrx_word' id='word_1_177' title='bbox 1389 2692 1496 2748; x_wconf 87' lang='lat' dir='ltr'><strong>est,</strong></span> <span class='ocrx_word' id='word_1_178' title='bbox 1525 2691 1582 2738; x_wconf 91' lang='lat' dir='ltr'><strong>et</strong></span> <span class='ocrx_word' id='word_1_179' title='bbox 1625 2693 1884 2753; x_wconf 90' lang='lat' dir='ltr'><strong>apparet.</strong></span> <span class='ocrx_word' id='word_1_180' title='bbox 1914 2694 1969 2738; x_wconf 84' lang='lat' dir='ltr'><strong>et</strong></span> 
     </span>
    </p>
   </div>
   <div class='ocr_carea' id='block_1_29' title="bbox 390 2774 1970 2846">
    <p class='ocr_par' dir='ltr' id='par_1_29' title="bbox 390 2774 1970 2846">
     <span class='ocr_line' id='line_1_29' title="bbox 390 2774 1970 2846; baseline 0.003 -20"><span class='ocrx_word' id='word_1_181' title='bbox 390 2774 586 2842; x_wconf 87' lang='lat' dir='ltr'><strong>spirat,</strong></span> <span class='ocrx_word' id='word_1_182' title='bbox 618 2783 884 2844; x_wconf 90' lang='lat' dir='ltr'><strong>quantum</strong></span> <span class='ocrx_word' id='word_1_183' title='bbox 921 2774 1078 2829; x_wconf 89' lang='lat' dir='ltr'><strong>adest</strong></span> <span class='ocrx_word' id='word_1_184' title='bbox 1130 2774 1210 2829; x_wconf 87' lang='lat' dir='ltr'><strong>illi</strong></span> <span class='ocrx_word' id='word_1_185' title='bbox 1244 2791 1272 2828; x_wconf 89' lang='lat' dir='ltr'><strong>a</strong></span> <span class='ocrx_word' id='word_1_186' title='bbox 1297 2789 1408 2845; x_wconf 92' lang='lat' dir='ltr'><strong>quo</strong></span> <span class='ocrx_word' id='word_1_187' title='bbox 1457 2775 1716 2845; x_wconf 85' lang='lat' dir='ltr'><strong>agitatur,</strong></span> <span class='ocrx_word' id='word_1_188' title='bbox 1751 2775 1804 2829; x_wconf 88' lang='lat' dir='ltr'><strong>in</strong></span> <span class='ocrx_word' id='word_1_189' title='bbox 1857 2791 1970 2846; x_wconf 90' lang='lat' dir='ltr'><strong>quo</strong></span> 
     </span>
    </p>
   </div>
   <div class='ocr_carea' id='block_1_30' title="bbox 385 2865 1965 2935">
    <p class='ocr_par' dir='ltr' id='par_1_30' title="bbox 385 2865 1965 2935">
     <span class='ocr_line' id='line_1_30' title="bbox 385 2865 1965 2935; baseline 0.004 -19"><span class='ocrx_word' id='word_1_190' title='bbox 385 2871 443 2916; x_wconf 90' lang='lat' dir='ltr'><strong>et</strong></span> <span class='ocrx_word' id='word_1_191' title='bbox 481 2879 589 2918; x_wconf 90' lang='lat' dir='ltr'><strong>una</strong></span> <span class='ocrx_word' id='word_1_192' title='bbox 623 2866 873 2920; x_wconf 88' lang='lat' dir='ltr'><strong>consistit</strong></span> <span class='ocrx_word' id='word_1_193' title='bbox 916 2873 971 2920; x_wconf 92' lang='lat' dir='ltr'><strong>et</strong></span> <span class='ocrx_word' id='word_1_194' title='bbox 1002 2875 1312 2935; x_wconf 89' lang='lat' dir='ltr'><strong>permanet.</strong></span> <span class='ocrx_word' id='word_1_195' title='bbox 1338 2865 1475 2921; x_wconf 90' lang='lat' dir='ltr'><strong>Cum</strong></span> <span class='ocrx_word' id='word_1_196' title='bbox 1509 2876 1692 2921; x_wconf 91' lang='lat' dir='ltr'><strong>autem</strong></span> <span class='ocrx_word' id='word_1_197' title='bbox 1725 2868 1794 2922; x_wconf 92' lang='lat' dir='ltr'><strong>ab</strong></span> <span class='ocrx_word' id='word_1_198' title='bbox 1849 2868 1965 2932; x_wconf 89' lang='lat' dir='ltr'><strong>illo,</strong></span> 
     </span>
    </p>
   </div>
   <div class='ocr_carea' id='block_1_31' title="bbox 388 2957 1966 3026">
    <p class='ocr_par' dir='ltr' id='par_1_31' title="bbox 388 2957 1966 3026">
     <span class='ocr_line' id='line_1_31' title="bbox 388 2957 1966 3026; baseline 0.004 -17"><span class='ocrx_word' id='word_1_199' title='bbox 388 2971 417 3009; x_wconf 90' lang='lat' dir='ltr'><strong>a</strong></span> <span class='ocrx_word' id='word_1_200' title='bbox 449 2971 561 3026; x_wconf 89' lang='lat' dir='ltr'><strong>quo</strong></span> <span class='ocrx_word' id='word_1_201' title='bbox 610 2957 1022 3022; x_wconf 89' lang='lat' dir='ltr'><strong>continebatur,</strong></span> <span class='ocrx_word' id='word_1_202' title='bbox 1086 2958 1328 3014; x_wconf 86' lang='lat' dir='ltr'><strong>solutum</strong></span> <span class='ocrx_word' id='word_1_203' title='bbox 1356 2959 1543 3024; x_wconf 89' lang='lat' dir='ltr'><strong>fuerit,</strong></span> <span class='ocrx_word' id='word_1_204' title='bbox 1570 2959 1776 3015; x_wconf 85' lang='lat' dir='ltr'><strong>desinit</strong></span> <span class='ocrx_word' id='word_1_205' title='bbox 1825 2976 1966 3025; x_wconf 89' lang='lat' dir='ltr'><strong>esse,</strong></span> 
     </span>
    </p>
   </div>
   <div class='ocr_carea' id='block_1_32' title="bbox 387 3049 1969 3123">
    <p class='ocr_par' dir='ltr' id='par_1_32' title="bbox 387 3049 1969 3123">
     <span class='ocr_line' id='line_1_32' title="bbox 387 3049 1969 3123; baseline 0.003 -20"><span class='ocrx_word' id='word_1_206' title='bbox 387 3049 536 3119; x_wconf 91' lang='lat' dir='ltr'><strong>quod</strong></span> <span class='ocrx_word' id='word_1_207' title='bbox 569 3059 720 3105; x_wconf 91' lang='lat' dir='ltr'><strong>motu</strong></span> <span class='ocrx_word' id='word_1_208' title='bbox 761 3050 1036 3117; x_wconf 87' lang='lat' dir='ltr'><strong>ciebatur,</strong></span> <span class='ocrx_word' id='word_1_209' title='bbox 1069 3067 1195 3106; x_wconf 91' lang='lat' dir='ltr'><strong>cum</strong></span> <span class='ocrx_word' id='word_1_210' title='bbox 1228 3051 1375 3107; x_wconf 88' lang='lat' dir='ltr'><strong>desit</strong></span> <span class='ocrx_word' id='word_1_211' title='bbox 1409 3052 1559 3123; x_wconf 91' lang='lat' dir='ltr'><strong>quod</strong></span> <span class='ocrx_word' id='word_1_212' title='bbox 1587 3061 1796 3107; x_wconf 91' lang='lat' dir='ltr'><strong>motum</strong></span> <span class='ocrx_word' id='word_1_213' title='bbox 1831 3052 1969 3107; x_wconf 76' lang='lat' dir='ltr'><strong>alle-</strong></span> 
     </span>
    </p>
   </div>
   <div class='ocr_carea' id='block_1_33' title="bbox 387 3141 1968 3215">
    <p class='ocr_par' dir='ltr' id='par_1_33' title="bbox 387 3141 1968 3215">
     <span class='ocr_line' id='line_1_33' title="bbox 387 3141 1968 3215; baseline 0.001 -18"><span class='ocrx_word' id='word_1_214' title='bbox 387 3141 563 3197; x_wconf 89' lang='lat' dir='ltr'><strong>rebat.</strong></span> <span class='ocrx_word' id='word_1_215' title='bbox 592 3142 673 3197; x_wconf 91' lang='lat' dir='ltr'><strong>Tu</strong></span> <span class='ocrx_word' id='word_1_216' title='bbox 708 3152 894 3198; x_wconf 90' lang='lat' dir='ltr'><strong>autem</strong></span> <span class='ocrx_word' id='word_1_217' title='bbox 928 3152 981 3198; x_wconf 89' lang='lat' dir='ltr'><strong>te</strong></span> <span class='ocrx_word' id='word_1_218' title='bbox 1018 3143 1191 3213; x_wconf 90' lang='lat' dir='ltr'><strong>ipsam</strong></span> <span class='ocrx_word' id='word_1_219' title='bbox 1228 3159 1438 3210; x_wconf 87' lang='lat' dir='ltr'><strong>moves,</strong></span> <span class='ocrx_word' id='word_1_220' title='bbox 1467 3154 1524 3200; x_wconf 84' lang='lat' dir='ltr'><strong>et</strong></span> <span class='ocrx_word' id='word_1_221' title='bbox 1575 3160 1794 3215; x_wconf 86' lang='lat' dir='ltr'><strong>semper</strong></span> <span class='ocrx_word' id='word_1_222' title='bbox 1847 3159 1968 3198; x_wconf 91' lang='lat' dir='ltr'><strong>mo-</strong></span> 
     </span>
    </p>
   </div>
   <div class='ocr_carea' id='block_1_34' title="bbox 389 3232 1964 3307">
    <p class='ocr_par' dir='ltr' id='par_1_34' title="bbox 389 3232 1964 3307">
     <span class='ocr_line' id='line_1_34' title="bbox 389 3232 1964 3307; baseline 0.005 -22"><span class='ocrx_word' id='word_1_223' title='bbox 389 3232 556 3288; x_wconf 87' lang='lat' dir='ltr'><strong>veris.</strong></span> <span class='ocrx_word' id='word_1_224' title='bbox 589 3234 668 3288; x_wconf 88' lang='lat' dir='ltr'><strong>Ex</strong></span> <span class='ocrx_word' id='word_1_225' title='bbox 731 3250 842 3305; x_wconf 93' lang='lat' dir='ltr'><strong>quo</strong></span> <span class='ocrx_word' id='word_1_226' title='bbox 897 3236 1212 3291; x_wconf 89' lang='lat' dir='ltr'><strong>necessario</strong></span> <span class='ocrx_word' id='word_1_227' title='bbox 1266 3239 1541 3307; x_wconf 91' lang='lat' dir='ltr'><strong>sequitur,</strong></span> <span class='ocrx_word' id='word_1_228' title='bbox 1599 3248 1650 3293; x_wconf 89' lang='lat' dir='ltr'><strong>te</strong></span> <span class='ocrx_word' id='word_1_229' title='bbox 1703 3247 1964 3293; x_wconf 69' lang='lat' dir='ltr'><strong>aeternam</strong></span> 
     </span>
    </p>
   </div>
   <div class='ocr_carea' id='block_1_35' title="bbox 388 3326 1965 3400">
    <p class='ocr_par' dir='ltr' id='par_1_35' title="bbox 388 3326 1965 3400">
     <span class='ocr_line' id='line_1_35' title="bbox 388 3326 1965 3400; baseline 0.004 -23"><span class='ocrx_word' id='word_1_230' title='bbox 388 3339 513 3378; x_wconf 85' lang='lat' dir='ltr'><strong>esse</strong></span> <span class='ocrx_word' id='word_1_231' title='bbox 544 3341 558 3377; x_wconf 91' lang='lat'><strong>:</strong></span> <span class='ocrx_word' id='word_1_232' title='bbox 590 3340 717 3379; x_wconf 89' lang='lat' dir='ltr'><strong>nam</strong></span> <span class='ocrx_word' id='word_1_233' title='bbox 771 3327 920 3395; x_wconf 87' lang='lat' dir='ltr'><strong>quod</strong></span> <span class='ocrx_word' id='word_1_234' title='bbox 949 3342 1008 3382; x_wconf 93' lang='lat' dir='ltr'><strong>se</strong></span> <span class='ocrx_word' id='word_1_235' title='bbox 1049 3326 1231 3398; x_wconf 88' lang='lat' dir='ltr'><strong>ipsum</strong></span> <span class='ocrx_word' id='word_1_236' title='bbox 1285 3337 1491 3395; x_wconf 86' lang='lat' dir='ltr'><strong>movet,</strong></span> <span class='ocrx_word' id='word_1_237' title='bbox 1519 3329 1647 3398; x_wconf 88' lang='lat' dir='ltr'><strong>quia</strong></span> <span class='ocrx_word' id='word_1_238' title='bbox 1686 3345 1965 3400; x_wconf 77' lang='lat' dir='ltr'><strong>nunquam</strong></span> 
     </span>
    </p>
   </div>
   <div class='ocr_carea' id='block_1_36' title="bbox 387 3413 1966 3491">
    <p class='ocr_par' dir='ltr' id='par_1_36' title="bbox 387 3413 1966 3491">
     <span class='ocr_line' id='line_1_36' title="bbox 387 3413 1966 3491; baseline 0.004 -24"><span class='ocrx_word' id='word_1_239' title='bbox 387 3413 664 3470; x_wconf 87' lang='lat' dir='ltr'><strong>deseritur</strong></span> <span class='ocrx_word' id='word_1_240' title='bbox 693 3433 723 3471; x_wconf 90' lang='lat' dir='ltr'><strong>a</strong></span> <span class='ocrx_word' id='word_1_241' title='bbox 769 3433 829 3473; x_wconf 88' lang='lat' dir='ltr'><strong>se</strong></span> <span class='ocrx_word' id='word_1_242' title='bbox 864 3419 1008 3489; x_wconf 89' lang='lat' dir='ltr'><strong>ipso,</strong></span> <span class='ocrx_word' id='word_1_243' title='bbox 1047 3436 1332 3491; x_wconf 90' lang='lat' dir='ltr'><strong>nunquam</strong></span> <span class='ocrx_word' id='word_1_244' title='bbox 1366 3436 1436 3475; x_wconf 91' lang='lat' dir='ltr'><strong>ne</strong></span> <span class='ocrx_word' id='word_1_245' title='bbox 1484 3421 1698 3475; x_wconf 90' lang='lat' dir='ltr'><strong>moveri</strong></span> <span class='ocrx_word' id='word_1_246' title='bbox 1741 3421 1966 3490; x_wconf 85' lang='lat' dir='ltr'><strong>quidem</strong></span> 
     </span>
    </p>
   </div>
   <div class='ocr_carea' id='block_1_37' title="bbox 386 3507 1964 3583">
    <p class='ocr_par' dir='ltr' id='par_1_37' title="bbox 386 3507 1964 3583">
     <span class='ocr_line' id='line_1_37' title="bbox 386 3507 1964 3583; baseline 0.003 -20"><span class='ocrx_word' id='word_1_247' title='bbox 386 3507 608 3563; x_wconf 88' lang='lat' dir='ltr'><strong>desinit.</strong></span> <span class='ocrx_word' id='word_1_248' title='bbox 636 3509 790 3576; x_wconf 84' lang='lat' dir='ltr'><strong>Quod</strong></span> <span class='ocrx_word' id='word_1_249' title='bbox 841 3519 1025 3567; x_wconf 89' lang='lat' dir='ltr'><strong>autem</strong></span> <span class='ocrx_word' id='word_1_250' title='bbox 1064 3526 1282 3583; x_wconf 88' lang='lat' dir='ltr'><strong>semper</strong></span> <span class='ocrx_word' id='word_1_251' title='bbox 1329 3520 1604 3578; x_wconf 90' lang='lat' dir='ltr'><strong>movetur,</strong></span> <span class='ocrx_word' id='word_1_252' title='bbox 1635 3512 1820 3568; x_wconf 88' lang='lat' dir='ltr'><strong>vivere</strong></span> <span class='ocrx_word' id='word_1_253' title='bbox 1854 3527 1964 3567; x_wconf 91' lang='lat' dir='ltr'><strong>non</strong></span> 
     </span>
    </p>
   </div>
   <div class='ocr_carea' id='block_1_38' title="bbox 386 3598 1964 3673">
    <p class='ocr_par' dir='ltr' id='par_1_38' title="bbox 386 3598 1964 3673">
     <span class='ocr_line' id='line_1_38' title="bbox 386 3598 1964 3673; baseline 0.004 -18"><span class='ocrx_word' id='word_1_254' title='bbox 386 3610 568 3656; x_wconf 88' lang='lat' dir='ltr'><strong>cessat</strong></span> <span class='ocrx_word' id='word_1_255' title='bbox 598 3621 612 3656; x_wconf 90' lang='lat'><strong>:</strong></span> <span class='ocrx_word' id='word_1_256' title='bbox 644 3603 790 3673; x_wconf 90' lang='lat' dir='ltr'><strong>quod</strong></span> <span class='ocrx_word' id='word_1_257' title='bbox 819 3619 927 3659; x_wconf 90' lang='lat' dir='ltr'><strong>non</strong></span> <span class='ocrx_word' id='word_1_258' title='bbox 962 3613 1164 3669; x_wconf 88' lang='lat' dir='ltr'><strong>cessat,</strong></span> <span class='ocrx_word' id='word_1_259' title='bbox 1195 3621 1299 3662; x_wconf 91' lang='lat' dir='ltr'><strong>nec</strong></span> <span class='ocrx_word' id='word_1_260' title='bbox 1322 3605 1545 3667; x_wconf 85' lang='lat' dir='ltr'><strong>desinit.</strong></span> <span class='ocrx_word' id='word_1_261' title='bbox 1567 3615 1624 3662; x_wconf 90' lang='lat' dir='ltr'><strong>et</strong></span> <span class='ocrx_word' id='word_1_262' title='bbox 1656 3606 1762 3661; x_wconf 88' lang='lat' dir='ltr'><strong>line</strong></span> <span class='ocrx_word' id='word_1_263' title='bbox 1792 3598 1964 3670; x_wconf 83' lang='lat' dir='ltr'><strong>caret,</strong></span> 
     </span>
    </p>
   </div>
   <div class='ocr_carea' id='block_1_39' title="bbox 387 3695 1967 3764">
    <p class='ocr_par' dir='ltr' id='par_1_39' title="bbox 387 3695 1967 3764">
     <span class='ocr_line' id='line_1_39' title="bbox 387 3695 1967 3764; baseline 0.006 -20"><span class='ocrx_word' id='word_1_264' title='bbox 387 3700 586 3760; x_wconf 88' lang='lat' dir='ltr'><strong>estque</strong></span> <span class='ocrx_word' id='word_1_265' title='bbox 641 3709 671 3748; x_wconf 88' lang='lat' dir='ltr'><strong>a</strong></span> <span class='ocrx_word' id='word_1_266' title='bbox 716 3696 1069 3764; x_wconf 91' lang='lat' dir='ltr'><strong>corruptione</strong></span> <span class='ocrx_word' id='word_1_267' title='bbox 1112 3697 1378 3752; x_wconf 90' lang='lat' dir='ltr'><strong>alienum.</strong></span> <span class='ocrx_word' id='word_1_268' title='bbox 1429 3695 1560 3752; x_wconf 86' lang='lat' dir='ltr'><strong>Tale</strong></span> <span class='ocrx_word' id='word_1_269' title='bbox 1611 3705 1793 3752; x_wconf 91' lang='lat' dir='ltr'><strong>autem</strong></span> <span class='ocrx_word' id='word_1_270' title='bbox 1845 3713 1967 3753; x_wconf 89' lang='lat' dir='ltr'><strong>esse</strong></span> 
     </span>
    </p>
   </div>
   <div class='ocr_carea' id='block_1_40' title="bbox 393 3779 1968 3858">
    <p class='ocr_par' dir='ltr' id='par_1_40' title="bbox 393 3779 1968 3858">
     <span class='ocr_line' id='line_1_40' title="bbox 393 3779 1968 3858; baseline 0.005 -25"><span class='ocrx_word' id='word_1_271' title='bbox 393 3779 723 3845; x_wconf 86' lang='lat' dir='ltr'><strong>immortale.</strong></span> <span class='ocrx_word' id='word_1_272' title='bbox 757 3785 968 3842; x_wconf 90' lang='lat' dir='ltr'><strong>ratione</strong></span> <span class='ocrx_word' id='word_1_273' title='bbox 994 3785 1292 3858; x_wconf 87' lang='lat' dir='ltr'><strong>colligitur.</strong></span> <span class='ocrx_word' id='word_1_274' title='bbox 1319 3785 1428 3842; x_wconf 89' lang='lat' dir='ltr'><strong>Sed</strong></span> <span class='ocrx_word' id='word_1_275' title='bbox 1475 3786 1578 3842; x_wconf 91' lang='lat' dir='ltr'><strong>etsi</strong></span> <span class='ocrx_word' id='word_1_276' title='bbox 1617 3802 1720 3858; x_wconf 91' lang='lat' dir='ltr'><strong>ego</strong></span> <span class='ocrx_word' id='word_1_277' title='bbox 1757 3795 1813 3842; x_wconf 91' lang='lat' dir='ltr'><strong>et</strong></span> <span class='ocrx_word' id='word_1_278' title='bbox 1839 3803 1968 3843; x_wconf 89' lang='lat' dir='ltr'><strong>cor-</strong></span> 
     </span>
    </p>
   </div>
   <div class='ocr_carea' id='block_1_41' title="bbox 387 3871 1967 3944">
    <p class='ocr_par' dir='ltr' id='par_1_41' title="bbox 387 3871 1967 3944">
     <span class='ocr_line' id='line_1_41' title="bbox 387 3871 1967 3944; baseline 0.006 -19"><span class='ocrx_word' id='word_1_279' title='bbox 387 3871 629 3943; x_wconf 85' lang='lat' dir='ltr'><strong>ruptioni</strong></span> <span class='ocrx_word' id='word_1_280' title='bbox 675 3874 911 3932; x_wconf 85' lang='lat' dir='ltr'><strong>obnoxia</strong></span> <span class='ocrx_word' id='word_1_281' title='bbox 955 3892 1099 3944; x_wconf 90' lang='lat' dir='ltr'><strong>sum,</strong></span> <span class='ocrx_word' id='word_1_282' title='bbox 1130 3887 1188 3934; x_wconf 92' lang='lat' dir='ltr'><strong>et</strong></span> <span class='ocrx_word' id='word_1_283' title='bbox 1239 3878 1506 3942; x_wconf 89' lang='lat' dir='ltr'><strong>mortalis,</strong></span> <span class='ocrx_word' id='word_1_284' title='bbox 1552 3889 1731 3935; x_wconf 90' lang='lat' dir='ltr'><strong>tamen</strong></span> <span class='ocrx_word' id='word_1_285' title='bbox 1776 3877 1876 3933; x_wconf 92' lang='lat' dir='ltr'><strong>abs</strong></span> <span class='ocrx_word' id='word_1_286' title='bbox 1914 3886 1967 3934; x_wconf 87' lang='lat' dir='ltr'><strong>te</strong></span> 
     </span>
    </p>
   </div>
   <div class='ocr_carea' id='block_1_42' title="bbox 383 3965 1965 4040">
    <p class='ocr_par' dir='ltr' id='par_1_42' title="bbox 383 3965 1965 4040">
     <span class='ocr_line' id='line_1_42' title="bbox 383 3965 1965 4040; baseline 0.002 -19"><span class='ocrx_word' id='word_1_287' title='bbox 383 3965 496 4021; x_wconf 84' lang='lat' dir='ltr'><strong>vim</strong></span> <span class='ocrx_word' id='word_1_288' title='bbox 540 3966 759 4022; x_wconf 81' lang='lat' dir='ltr'><strong>vitalem</strong></span> <span class='ocrx_word' id='word_1_289' title='bbox 805 3969 1038 4039; x_wconf 87' lang='lat' dir='ltr'><strong>accipio,</strong></span> <span class='ocrx_word' id='word_1_290' title='bbox 1071 3979 1128 4025; x_wconf 92' lang='lat' dir='ltr'><strong>et</strong></span> <span class='ocrx_word' id='word_1_291' title='bbox 1161 3969 1310 4040; x_wconf 91' lang='lat' dir='ltr'><strong>spiro</strong></span> <span class='ocrx_word' id='word_1_292' title='bbox 1354 3979 1410 4026; x_wconf 89' lang='lat' dir='ltr'><strong>et</strong></span> <span class='ocrx_word' id='word_1_293' title='bbox 1445 3986 1686 4026; x_wconf 88' lang='lat' dir='ltr'><strong>moveor.</strong></span> <span class='ocrx_word' id='word_1_294' title='bbox 1723 3970 1965 4026; x_wconf 79' lang='lat' dir='ltr'><strong>Rursum</strong></span> 
     </span>
    </p>
   </div>
   <div class='ocr_carea' id='block_1_43' title="bbox 385 4051 1967 4130">
    <p class='ocr_par' dir='ltr' id='par_1_43' title="bbox 385 4051 1967 4130">
     <span class='ocr_line' id='line_1_43' title="bbox 385 4051 1967 4130; baseline 0.004 -20"><span class='ocrx_word' id='word_1_295' title='bbox 385 4055 428 4111; x_wconf 89' lang='lat' dir='ltr'><strong>si</strong></span> <span class='ocrx_word' id='word_1_296' title='bbox 455 4071 486 4110; x_wconf 87' lang='lat' dir='ltr'><strong>a</strong></span> <span class='ocrx_word' id='word_1_297' title='bbox 511 4072 596 4113; x_wconf 90' lang='lat' dir='ltr'><strong>me</strong></span> <span class='ocrx_word' id='word_1_298' title='bbox 616 4068 866 4128; x_wconf 89' lang='lat' dir='ltr'><strong>separata</strong></span> <span class='ocrx_word' id='word_1_299' title='bbox 899 4059 1090 4125; x_wconf 88' lang='lat' dir='ltr'><strong>fueris,</strong></span> <span class='ocrx_word' id='word_1_300' title='bbox 1107 4051 1303 4116; x_wconf 52' lang='lat' dir='ltr'><strong>&#39;vivere</strong></span> <span class='ocrx_word' id='word_1_301' title='bbox 1325 4061 1562 4130; x_wconf 89' lang='lat' dir='ltr'><strong>amplius</strong></span> <span class='ocrx_word' id='word_1_302' title='bbox 1587 4074 1822 4130; x_wconf 86' lang='lat' dir='ltr'><strong>nequeo.</strong></span> <span class='ocrx_word' id='word_1_303' title='bbox 1854 4060 1967 4116; x_wconf 84' lang='lat' dir='ltr'><strong>Nec</strong></span> 
     </span>
    </p>
   </div>
   <div class='ocr_carea' id='block_1_44' title="bbox 384 4149 1966 4218">
    <p class='ocr_par' dir='ltr' id='par_1_44' title="bbox 384 4149 1966 4218">
     <span class='ocr_line' id='line_1_44' title="bbox 384 4149 1966 4218; baseline 0.003 -16"><span class='ocrx_word' id='word_1_304' title='bbox 384 4162 528 4216; x_wconf 91' lang='lat' dir='ltr'><strong>queo</strong></span> <span class='ocrx_word' id='word_1_305' title='bbox 582 4149 792 4218; x_wconf 89' lang='lat' dir='ltr'><strong>spirare</strong></span> <span class='ocrx_word' id='word_1_306' title='bbox 841 4150 886 4205; x_wconf 88' lang='lat' dir='ltr'><strong>si</strong></span> <span class='ocrx_word' id='word_1_307' title='bbox 935 4150 1035 4206; x_wconf 89' lang='lat' dir='ltr'><strong>abs</strong></span> <span class='ocrx_word' id='word_1_308' title='bbox 1087 4162 1141 4207; x_wconf 88' lang='lat' dir='ltr'><strong>te</strong></span> <span class='ocrx_word' id='word_1_309' title='bbox 1199 4151 1448 4207; x_wconf 88' lang='lat' dir='ltr'><strong>divellar.</strong></span> <span class='ocrx_word' id='word_1_310' title='bbox 1482 4151 1726 4206; x_wconf 90' lang='lat' dir='ltr'><strong>Divellor</strong></span> <span class='ocrx_word' id='word_1_311' title='bbox 1782 4159 1966 4206; x_wconf 89' lang='lat' dir='ltr'><strong>autem</strong></span> 
     </span>
    </p>
   </div>
   <div class='ocr_carea' id='block_1_45' title="bbox 386 4243 1967 4314">
    <p class='ocr_par' dir='ltr' id='par_1_45' title="bbox 386 4243 1967 4314">
     <span class='ocr_line' id='line_1_45' title="bbox 386 4243 1967 4314; baseline 0.002 -21"><span class='ocrx_word' id='word_1_312' title='bbox 386 4248 608 4309; x_wconf 88' lang='lat' dir='ltr'><strong>propter</strong></span> <span class='ocrx_word' id='word_1_313' title='bbox 637 4256 701 4296; x_wconf 91' lang='lat' dir='ltr'><strong>ea</strong></span> <span class='ocrx_word' id='word_1_314' title='bbox 746 4258 815 4298; x_wconf 87' lang='lat' dir='ltr'><strong>ex</strong></span> <span class='ocrx_word' id='word_1_315' title='bbox 851 4243 1055 4313; x_wconf 90' lang='lat' dir='ltr'><strong>quibus</strong></span> <span class='ocrx_word' id='word_1_316' title='bbox 1111 4258 1234 4299; x_wconf 90' lang='lat' dir='ltr'><strong>sum</strong></span> <span class='ocrx_word' id='word_1_317' title='bbox 1285 4243 1629 4314; x_wconf 87' lang='lat' dir='ltr'><strong>composita;</strong></span> <span class='ocrx_word' id='word_1_318' title='bbox 1661 4254 1718 4298; x_wconf 83' lang='lat' dir='ltr'><strong>et</strong></span> <span class='ocrx_word' id='word_1_319' title='bbox 1752 4243 1870 4300; x_wconf 91' lang='lat' dir='ltr'><strong>sine</strong></span> <span class='ocrx_word' id='word_1_320' title='bbox 1915 4251 1967 4296; x_wconf 92' lang='lat' dir='ltr'><strong>te</strong></span> 
     </span>
    </p>
   </div>
   <div class='ocr_carea' id='block_1_46' title="bbox 386 4331 1377 4401">
    <p class='ocr_par' dir='ltr' id='par_1_46' title="bbox 386 4331 1377 4401">
     <span class='ocr_line' id='line_1_46' title="bbox 386 4331 1377 4401; baseline 0.007 -15"><span class='ocrx_word' id='word_1_321' title='bbox 386 4331 527 4387; x_wconf 87' lang='lat' dir='ltr'><strong>nihil</strong></span> <span class='ocrx_word' id='word_1_322' title='bbox 557 4349 699 4401; x_wconf 90' lang='lat' dir='ltr'><strong>sum,</strong></span> <span class='ocrx_word' id='word_1_323' title='bbox 731 4333 838 4390; x_wconf 82' lang='lat' dir='ltr'><strong>nisi</strong></span> <span class='ocrx_word' id='word_1_324' title='bbox 873 4335 1010 4392; x_wconf 92' lang='lat' dir='ltr'><strong>odor</strong></span> <span class='ocrx_word' id='word_1_325' title='bbox 1044 4336 1377 4393; x_wconf 90' lang='lat' dir='ltr'><strong>teterrimus.</strong></span> 
     </span>
    </p>
   </div>
   <div class='ocr_carea' id='block_1_47' title="bbox 999 4449 1348 4508">
    <p class='ocr_par' dir='ltr' id='par_1_47' title="bbox 999 4449 1348 4508">
     <span class='ocr_line' id='line_1_47' title="bbox 999 4449 1348 4508; baseline -0.006 -2"><span class='ocrx_word' id='word_1_326' title='bbox 999 4449 1226 4508; x_wconf 83' lang='lat' dir='ltr'><strong>CAPUT</strong></span> <span class='ocrx_word' id='word_1_327' title='bbox 1260 4451 1348 4506; x_wconf 81' lang='lat' dir='ltr'><strong>IV.</strong></span> 
     </span>
    </p>
   </div>
   <div class='ocr_carea' id='block_1_48' title="bbox 2085 567 3670 639">
    <p class='ocr_par' dir='ltr' id='par_1_48' title="bbox 2085 567 3670 639">
     <span class='ocr_line' id='line_1_48' title="bbox 2085 567 3670 639; baseline 0.001 -17"><span class='ocrx_word' id='word_1_328' title='bbox 2085 569 2259 624; x_wconf 89' lang='lat' dir='ltr'><strong>riuse</strong></span> <span class='ocrx_word' id='word_1_329' title='bbox 2301 577 2444 624; x_wconf 90' lang='lat' dir='ltr'><strong>terra</strong></span> <span class='ocrx_word' id='word_1_330' title='bbox 2489 568 2724 624; x_wconf 90' lang='lat' dir='ltr'><strong>formata</strong></span> <span class='ocrx_word' id='word_1_331' title='bbox 2774 567 2965 624; x_wconf 87' lang='lat' dir='ltr'><strong>es?Et</strong></span> <span class='ocrx_word' id='word_1_332' title='bbox 3019 568 3296 639; x_wconf 89' lang='lat' dir='ltr'><strong>quomodo</strong></span> <span class='ocrx_word' id='word_1_333' title='bbox 3345 568 3670 624; x_wconf 84' lang='lat' dir='ltr'><strong>immortalis</strong></span> 
     </span>
    </p>
   </div>
   <div class='ocr_carea' id='block_1_49' title="bbox 2082 660 3352 731">
    <p class='ocr_par' dir='ltr' id='par_1_49' title="bbox 2082 660 3352 731">
     <span class='ocr_line' id='line_1_49' title="bbox 2082 660 3352 731; baseline -0.004 -12"><span class='ocrx_word' id='word_1_334' title='bbox 2082 663 2262 720; x_wconf 87' lang='lat' dir='ltr'><strong>anima</strong></span> <span class='ocrx_word' id='word_1_335' title='bbox 2294 678 2418 719; x_wconf 91' lang='lat' dir='ltr'><strong>cum</strong></span> <span class='ocrx_word' id='word_1_336' title='bbox 2453 661 2674 716; x_wconf 86' lang='lat' dir='ltr'><strong>mortali</strong></span> <span class='ocrx_word' id='word_1_337' title='bbox 2708 676 2874 716; x_wconf 79' lang='lat' dir='ltr'><strong>carne</strong></span> <span class='ocrx_word' id='word_1_338' title='bbox 2906 661 3158 731; x_wconf 87' lang='lat' dir='ltr'><strong>colligata</strong></span> <span class='ocrx_word' id='word_1_339' title='bbox 3191 660 3352 716; x_wconf 65' lang='lat' dir='ltr'><strong>sum?</strong></span> 
     </span>
    </p>
   </div>
   <div class='ocr_carea' id='block_1_50' title="bbox 2149 751 3662 823">
    <p class='ocr_par' dir='ltr' id='par_1_50' title="bbox 2149 751 3662 823">
     <span class='ocr_line' id='line_1_50' title="bbox 2149 751 3662 823; baseline -0.002 -12"><span class='ocrx_word' id='word_1_340' title='bbox 2149 755 2316 812; x_wconf 58' lang='lat' dir='ltr'><strong>Cano.</strong></span> <span class='ocrx_word' id='word_1_341' title='bbox 2343 754 2401 811; x_wconf 92' lang='lat' dir='ltr'><strong>Si</strong></span> <span class='ocrx_word' id='word_1_342' title='bbox 2453 754 2571 810; x_wconf 70' lang='lat' dir='ltr'><strong>haec</strong></span> <span class='ocrx_word' id='word_1_343' title='bbox 2621 753 2706 809; x_wconf 86' lang='lat' dir='ltr'><strong>vis</strong></span> <span class='ocrx_word' id='word_1_344' title='bbox 2761 767 3115 823; x_wconf 90' lang='lat' dir='ltr'><strong>cognoscere,</strong></span> <span class='ocrx_word' id='word_1_345' title='bbox 3164 751 3411 818; x_wconf 89' lang='lat' dir='ltr'><strong>attende,</strong></span> <span class='ocrx_word' id='word_1_346' title='bbox 3463 752 3662 808; x_wconf 85' lang='lat' dir='ltr'><strong>disces.</strong></span> 
     </span>
    </p>
   </div>
   <div class='ocr_carea' id='block_1_51' title="bbox 2081 843 3662 912">
    <p class='ocr_par' dir='ltr' id='par_1_51' title="bbox 2081 843 3662 912">
     <span class='ocr_line' id='line_1_51' title="bbox 2081 843 3662 912; baseline -0.001 -12"><span class='ocrx_word' id='word_1_347' title='bbox 2081 845 2255 900; x_wconf 91' lang='lat' dir='ltr'><strong>Totus</strong></span> <span class='ocrx_word' id='word_1_348' title='bbox 2285 844 2378 899; x_wconf 90' lang='lat' dir='ltr'><strong>hic</strong></span> <span class='ocrx_word' id='word_1_349' title='bbox 2425 843 2667 899; x_wconf 92' lang='lat' dir='ltr'><strong>mundus</strong></span> <span class='ocrx_word' id='word_1_350' title='bbox 2707 843 2902 900; x_wconf 67' lang='lat' dir='ltr'><strong>animae</strong></span> <span class='ocrx_word' id='word_1_351' title='bbox 2949 855 3113 898; x_wconf 88' lang='lat' dir='ltr'><strong>eausa</strong></span> <span class='ocrx_word' id='word_1_352' title='bbox 3149 853 3474 912; x_wconf 88' lang='lat' dir='ltr'><strong>procreatus</strong></span> <span class='ocrx_word' id='word_1_353' title='bbox 3528 852 3612 898; x_wconf 87' lang='lat' dir='ltr'><strong>est</strong></span> <span class='ocrx_word' id='word_1_354' title='bbox 3648 861 3662 898; x_wconf 89' lang='lat'><strong>:</strong></span> 
     </span>
    </p>
   </div>
   <div class='ocr_carea' id='block_1_52' title="bbox 2081 933 3666 1004">
    <p class='ocr_par' dir='ltr' id='par_1_52' title="bbox 2081 933 3666 1004">
     <span class='ocr_line' id='line_1_52' title="bbox 2081 933 3666 1004; baseline -0.003 -12"><span class='ocrx_word' id='word_1_355' title='bbox 2081 935 2340 992; x_wconf 91' lang='lat' dir='ltr'><strong>omnibus</strong></span> <span class='ocrx_word' id='word_1_356' title='bbox 2389 935 2536 991; x_wconf 92' lang='lat' dir='ltr'><strong>enim</strong></span> <span class='ocrx_word' id='word_1_357' title='bbox 2589 934 2938 1004; x_wconf 64' lang='lat' dir='ltr'><strong>prmstantior</strong></span> <span class='ocrx_word' id='word_1_358' title='bbox 2967 941 3072 998; x_wconf 89' lang='lat' dir='ltr'><strong>est,</strong></span> <span class='ocrx_word' id='word_1_359' title='bbox 3103 949 3212 988; x_wconf 92' lang='lat' dir='ltr'><strong>non</strong></span> <span class='ocrx_word' id='word_1_360' title='bbox 3271 933 3389 1004; x_wconf 88' lang='lat' dir='ltr'><strong>ipsa</strong></span> <span class='ocrx_word' id='word_1_361' title='bbox 3439 944 3666 1004; x_wconf 83' lang='lat' dir='ltr'><strong>prepter</strong></span> 
     </span>
    </p>
   </div>
   <div class='ocr_carea' id='block_1_53' title="bbox 2079 1025 3663 1094">
    <p class='ocr_par' dir='ltr' id='par_1_53' title="bbox 2079 1025 3663 1094">
     <span class='ocr_line' id='line_1_53' title="bbox 2079 1025 3663 1094; baseline -0.003 -10"><span class='ocrx_word' id='word_1_362' title='bbox 2079 1029 2343 1085; x_wconf 88' lang='lat' dir='ltr'><strong>mundum</strong></span> <span class='ocrx_word' id='word_1_363' title='bbox 2374 1029 2618 1084; x_wconf 87' lang='lat' dir='ltr'><strong>condita.</strong></span> <span class='ocrx_word' id='word_1_364' title='bbox 2647 1027 2802 1094; x_wconf 87' lang='lat' dir='ltr'><strong>Quod</strong></span> <span class='ocrx_word' id='word_1_365' title='bbox 2840 1036 3026 1081; x_wconf 87' lang='lat' dir='ltr'><strong>autem</strong></span> <span class='ocrx_word' id='word_1_366' title='bbox 3062 1026 3300 1081; x_wconf 89' lang='lat' dir='ltr'><strong>inferius</strong></span> <span class='ocrx_word' id='word_1_367' title='bbox 3333 1035 3436 1090; x_wconf 91' lang='lat' dir='ltr'><strong>est,</strong></span> <span class='ocrx_word' id='word_1_368' title='bbox 3473 1025 3663 1080; x_wconf 81' lang='lat' dir='ltr'><strong>Domi-</strong></span> 
     </span>
    </p>
   </div>
   <div class='ocr_carea' id='block_1_54' title="bbox 2081 1119 3662 1191">
    <p class='ocr_par' dir='ltr' id='par_1_54' title="bbox 2081 1119 3662 1191">
     <span class='ocr_line' id='line_1_54' title="bbox 2081 1119 3662 1191; baseline -0.003 -13"><span class='ocrx_word' id='word_1_369' title='bbox 2081 1139 2186 1178; x_wconf 93' lang='lat' dir='ltr'><strong>nus</strong></span> <span class='ocrx_word' id='word_1_370' title='bbox 2211 1129 2266 1177; x_wconf 88' lang='lat' dir='ltr'><strong>et</strong></span> <span class='ocrx_word' id='word_1_371' title='bbox 2287 1121 2520 1177; x_wconf 88' lang='lat' dir='ltr'><strong>Creator</strong></span> <span class='ocrx_word' id='word_1_372' title='bbox 2547 1122 2783 1191; x_wconf 90' lang='lat' dir='ltr'><strong>primum</strong></span> <span class='ocrx_word' id='word_1_373' title='bbox 2811 1119 3056 1176; x_wconf 89' lang='lat' dir='ltr'><strong>condidit</strong></span> <span class='ocrx_word' id='word_1_374' title='bbox 3088 1137 3104 1174; x_wconf 86' lang='lat'><strong>:</strong></span> <span class='ocrx_word' id='word_1_375' title='bbox 3132 1120 3327 1190; x_wconf 86' lang='lat' dir='ltr'><strong>majus,</strong></span> <span class='ocrx_word' id='word_1_376' title='bbox 3358 1129 3415 1173; x_wconf 92' lang='lat' dir='ltr'><strong>ut</strong></span> <span class='ocrx_word' id='word_1_377' title='bbox 3445 1119 3662 1186; x_wconf 89' lang='lat' dir='ltr'><strong>melius,</strong></span> 
     </span>
    </p>
   </div>
   <div class='ocr_carea' id='block_1_55' title="bbox 2078 1213 3664 1285">
    <p class='ocr_par' dir='ltr' id='par_1_55' title="bbox 2078 1213 3664 1285">
     <span class='ocr_line' id='line_1_55' title="bbox 2078 1213 3664 1285; baseline 0.002 -16"><span class='ocrx_word' id='word_1_378' title='bbox 2078 1213 2355 1285; x_wconf 89' lang='lat' dir='ltr'><strong>posterius</strong></span> <span class='ocrx_word' id='word_1_379' title='bbox 2385 1213 2693 1270; x_wconf 91' lang='lat' dir='ltr'><strong>constituit.</strong></span> <span class='ocrx_word' id='word_1_380' title='bbox 2721 1215 2991 1282; x_wconf 88' lang='lat' dir='ltr'><strong>Quoniam</strong></span> <span class='ocrx_word' id='word_1_381' title='bbox 3027 1225 3210 1272; x_wconf 89' lang='lat' dir='ltr'><strong>autem</strong></span> <span class='ocrx_word' id='word_1_382' title='bbox 3239 1225 3435 1270; x_wconf 89' lang='lat' dir='ltr'><strong>natura</strong></span> <span class='ocrx_word' id='word_1_383' title='bbox 3467 1217 3664 1272; x_wconf 64' lang='lat' dir='ltr'><strong>animae</strong></span> 
     </span>
    </p>
   </div>
   <div class='ocr_carea' id='block_1_56' title="bbox 2079 1306 3665 1376">
    <p class='ocr_par' dir='ltr' id='par_1_56' title="bbox 2079 1306 3665 1376">
     <span class='ocr_line' id='line_1_56' title="bbox 2079 1306 3665 1376; baseline 0 -14"><span class='ocrx_word' id='word_1_384' title='bbox 2079 1307 2198 1362; x_wconf 92' lang='lat' dir='ltr'><strong>sine</strong></span> <span class='ocrx_word' id='word_1_385' title='bbox 2251 1306 2665 1376; x_wconf 88' lang='lat' dir='ltr'><strong>comparatione</strong></span> <span class='ocrx_word' id='word_1_386' title='bbox 2714 1306 2914 1361; x_wconf 88' lang='lat' dir='ltr'><strong>melior</strong></span> <span class='ocrx_word' id='word_1_387' title='bbox 2963 1316 3018 1362; x_wconf 92' lang='lat' dir='ltr'><strong>et</strong></span> <span class='ocrx_word' id='word_1_388' title='bbox 3070 1307 3432 1362; x_wconf 85' lang='lat' dir='ltr'><strong>excellentior</strong></span> <span class='ocrx_word' id='word_1_389' title='bbox 3464 1315 3569 1369; x_wconf 88' lang='lat' dir='ltr'><strong>est,</strong></span> <span class='ocrx_word' id='word_1_390' title='bbox 3601 1315 3665 1362; x_wconf 86' lang='lat' dir='ltr'><strong>ut</strong></span> 
     </span>
    </p>
   </div>
   <div class='ocr_carea' id='block_1_57' title="bbox 2078 1395 3666 1466">
    <p class='ocr_par' dir='ltr' id='par_1_57' title="bbox 2078 1395 3666 1466">
     <span class='ocr_line' id='line_1_57' title="bbox 2078 1395 3666 1466; baseline 0.001 -14"><span class='ocrx_word' id='word_1_391' title='bbox 2078 1397 2218 1452; x_wconf 81' lang='lat' dir='ltr'><strong>dixit</strong></span> <span class='ocrx_word' id='word_1_392' title='bbox 2252 1397 2518 1452; x_wconf 87' lang='lat' dir='ltr'><strong>Dominus</strong></span> <span class='ocrx_word' id='word_1_393' title='bbox 2544 1397 2613 1462; x_wconf 64' lang='lat'><strong>9°,</strong></span> <span class='ocrx_word' id='word_1_394' title='bbox 2662 1395 2864 1457; x_wconf 86' lang='lat' dir='ltr'><strong>minus,</strong></span> <span class='ocrx_word' id='word_1_395' title='bbox 2899 1412 3095 1466; x_wconf 88' lang='lat' dir='ltr'><strong>nempe</strong></span> <span class='ocrx_word' id='word_1_396' title='bbox 3133 1396 3394 1463; x_wconf 88' lang='lat' dir='ltr'><strong>mundus,</strong></span> <span class='ocrx_word' id='word_1_397' title='bbox 3429 1397 3666 1453; x_wconf 86' lang='lat' dir='ltr'><strong>debebat</strong></span> 
     </span>
    </p>
   </div>
   <div class='ocr_carea' id='block_1_58' title="bbox 2078 1487 3662 1560">
    <p class='ocr_par' dir='ltr' id='par_1_58' title="bbox 2078 1487 3662 1560">
     <span class='ocr_line' id='line_1_58' title="bbox 2078 1487 3662 1560; baseline 0.001 -17"><span class='ocrx_word' id='word_1_398' title='bbox 2078 1489 2233 1560; x_wconf 88' lang='lat' dir='ltr'><strong>prius</strong></span> <span class='ocrx_word' id='word_1_399' title='bbox 2258 1488 2512 1559; x_wconf 87' lang='lat' dir='ltr'><strong>produci,</strong></span> <span class='ocrx_word' id='word_1_400' title='bbox 2533 1495 2596 1542; x_wconf 92' lang='lat' dir='ltr'><strong>ut</strong></span> <span class='ocrx_word' id='word_1_401' title='bbox 2618 1487 2895 1557; x_wconf 89' lang='lat' dir='ltr'><strong>quoddam</strong></span> <span class='ocrx_word' id='word_1_402' title='bbox 2919 1487 3208 1557; x_wconf 87' lang='lat' dir='ltr'><strong>palatium,</strong></span> <span class='ocrx_word' id='word_1_403' title='bbox 3229 1488 3430 1543; x_wconf 90' lang='lat' dir='ltr'><strong>deinde</strong></span> <span class='ocrx_word' id='word_1_404' title='bbox 3461 1490 3662 1544; x_wconf 74' lang='lat' dir='ltr'><strong>anima:</strong></span> 
     </span>
    </p>
   </div>
   <div class='ocr_carea' id='block_1_59' title="bbox 2077 1578 3664 1649">
    <p class='ocr_par' dir='ltr' id='par_1_59' title="bbox 2077 1578 3664 1649">
     <span class='ocr_line' id='line_1_59' title="bbox 2077 1578 3664 1649; baseline -0.001 -15"><span class='ocrx_word' id='word_1_405' title='bbox 2077 1579 2162 1635; x_wconf 85' lang='lat' dir='ltr'><strong>vis</strong></span> <span class='ocrx_word' id='word_1_406' title='bbox 2201 1578 2576 1649; x_wconf 89' lang='lat' dir='ltr'><strong>imperatoria.</strong></span> <span class='ocrx_word' id='word_1_407' title='bbox 2603 1578 2884 1648; x_wconf 88' lang='lat' dir='ltr'><strong>Duplieem</strong></span> <span class='ocrx_word' id='word_1_408' title='bbox 2932 1585 3116 1633; x_wconf 90' lang='lat' dir='ltr'><strong>autem</strong></span> <span class='ocrx_word' id='word_1_409' title='bbox 3168 1578 3435 1633; x_wconf 91' lang='lat' dir='ltr'><strong>mundum</strong></span> <span class='ocrx_word' id='word_1_410' title='bbox 3469 1579 3664 1634; x_wconf 84' lang='lat' dir='ltr'><strong>condi-</strong></span> 
     </span>
    </p>
   </div>
   <div class='ocr_carea' id='block_1_60' title="bbox 2078 1669 3667 1742">
    <p class='ocr_par' dir='ltr' id='par_1_60' title="bbox 2078 1669 3667 1742">
     <span class='ocr_line' id='line_1_60' title="bbox 2078 1669 3667 1742; baseline 0.001 -18"><span class='ocrx_word' id='word_1_411' title='bbox 2078 1669 2182 1734; x_wconf 89' lang='lat' dir='ltr'><strong>dit,</strong></span> <span class='ocrx_word' id='word_1_412' title='bbox 2216 1669 2564 1739; x_wconf 88' lang='lat' dir='ltr'><strong>superiorem</strong></span> <span class='ocrx_word' id='word_1_413' title='bbox 2599 1677 2655 1723; x_wconf 90' lang='lat' dir='ltr'><strong>et</strong></span> <span class='ocrx_word' id='word_1_414' title='bbox 2685 1669 3027 1725; x_wconf 90' lang='lat' dir='ltr'><strong>inferiorem.</strong></span> <span class='ocrx_word' id='word_1_415' title='bbox 3063 1669 3240 1740; x_wconf 87' lang='lat' dir='ltr'><strong>Supra</strong></span> <span class='ocrx_word' id='word_1_416' title='bbox 3283 1672 3530 1742; x_wconf 86' lang='lat' dir='ltr'><strong>angelos,</strong></span> <span class='ocrx_word' id='word_1_417' title='bbox 3562 1671 3667 1726; x_wconf 83' lang='lat' dir='ltr'><strong>mi-</strong></span> 
     </span>
    </p>
   </div>
   <div class='ocr_carea' id='block_1_61' title="bbox 2078 1762 3663 1832">
    <p class='ocr_par' dir='ltr' id='par_1_61' title="bbox 2078 1762 3663 1832">
     <span class='ocr_line' id='line_1_61' title="bbox 2078 1762 3663 1832; baseline 0.003 -17"><span class='ocrx_word' id='word_1_418' title='bbox 2078 1762 2305 1828; x_wconf 91' lang='lat' dir='ltr'><strong>nistros,</strong></span> <span class='ocrx_word' id='word_1_419' title='bbox 2353 1762 2554 1817; x_wconf 63' lang='lat' dir='ltr'><strong>divina:</strong></span> <span class='ocrx_word' id='word_1_420' title='bbox 2611 1762 2798 1832; x_wconf 61' lang='lat' dir='ltr'><strong>glorias</strong></span> <span class='ocrx_word' id='word_1_421' title='bbox 2847 1771 3205 1832; x_wconf 88' lang='lat' dir='ltr'><strong>spectatores,</strong></span> <span class='ocrx_word' id='word_1_422' title='bbox 3233 1773 3446 1819; x_wconf 89' lang='lat' dir='ltr'><strong>mentes</strong></span> <span class='ocrx_word' id='word_1_423' title='bbox 3472 1779 3502 1818; x_wconf 90' lang='lat' dir='ltr'><strong>a</strong></span> <span class='ocrx_word' id='word_1_424' title='bbox 3530 1780 3663 1820; x_wconf 91' lang='lat' dir='ltr'><strong>con-</strong></span> 
     </span>
    </p>
   </div>
   <div class='ocr_carea' id='block_1_62' title="bbox 2077 1856 3663 1925">
    <p class='ocr_par' dir='ltr' id='par_1_62' title="bbox 2077 1856 3663 1925">
     <span class='ocr_line' id='line_1_62' title="bbox 2077 1856 3663 1925; baseline 0.001 -16"><span class='ocrx_word' id='word_1_425' title='bbox 2077 1856 2322 1911; x_wconf 84' lang='lat' dir='ltr'><strong>cretione</strong></span> <span class='ocrx_word' id='word_1_426' title='bbox 2347 1857 2588 1910; x_wconf 60' lang='lat' dir='ltr'><strong>materia!</strong></span> <span class='ocrx_word' id='word_1_427' title='bbox 2608 1863 2940 1925; x_wconf 87' lang='lat' dir='ltr'><strong>segregatas,</strong></span> <span class='ocrx_word' id='word_1_428' title='bbox 2977 1856 3206 1925; x_wconf 81' lang='lat' dir='ltr'><strong>Spiritus</strong></span> <span class='ocrx_word' id='word_1_429' title='bbox 3245 1865 3454 1911; x_wconf 77' lang='lat' dir='ltr'><strong>naturae</strong></span> <span class='ocrx_word' id='word_1_430' title='bbox 3481 1857 3663 1911; x_wconf 91' lang='lat' dir='ltr'><strong>tenuis</strong></span> 
     </span>
    </p>
   </div>
   <div class='ocr_carea' id='block_1_63' title="bbox 2076 1950 3664 2022">
    <p class='ocr_par' dir='ltr' id='par_1_63' title="bbox 2076 1950 3664 2022">
     <span class='ocr_line' id='line_1_63' title="bbox 2076 1950 3664 2022; baseline 0 -17"><span class='ocrx_word' id='word_1_431' title='bbox 2076 1963 2131 2006; x_wconf 92' lang='lat' dir='ltr'><strong>et</strong></span> <span class='ocrx_word' id='word_1_432' title='bbox 2163 1951 2363 2022; x_wconf 61' lang='lat' dir='ltr'><strong>igneae;</strong></span> <span class='ocrx_word' id='word_1_433' title='bbox 2401 1958 2653 2004; x_wconf 86' lang='lat' dir='ltr'><strong>naturam</strong></span> <span class='ocrx_word' id='word_1_434' title='bbox 2691 1950 3012 2005; x_wconf 81' lang='lat' dir='ltr'><strong>inferiorem</strong></span> <span class='ocrx_word' id='word_1_435' title='bbox 3047 1951 3355 2013; x_wconf 88' lang='lat' dir='ltr'><strong>mortalem,</strong></span> <span class='ocrx_word' id='word_1_436' title='bbox 3380 1959 3664 2006; x_wconf 85' lang='lat' dir='ltr'><strong>creaturas</strong></span> 
     </span>
    </p>
   </div>
   <div class='ocr_carea' id='block_1_64' title="bbox 2077 2040 3657 2111">
    <p class='ocr_par' dir='ltr' id='par_1_64' title="bbox 2077 2040 3657 2111">
     <span class='ocr_line' id='line_1_64' title="bbox 2077 2040 3657 2111; baseline -0.003 -13"><span class='ocrx_word' id='word_1_437' title='bbox 2077 2042 2344 2107; x_wconf 90' lang='lat' dir='ltr'><strong>diversas,</strong></span> <span class='ocrx_word' id='word_1_438' title='bbox 2377 2041 2631 2096; x_wconf 91' lang='lat' dir='ltr'><strong>animalia</strong></span> <span class='ocrx_word' id='word_1_439' title='bbox 2664 2056 3008 2111; x_wconf 82' lang='lat' dir='ltr'><strong>quaecunque</strong></span> <span class='ocrx_word' id='word_1_440' title='bbox 3051 2041 3356 2102; x_wconf 87' lang='lat' dir='ltr'><strong>terrestria,</strong></span> <span class='ocrx_word' id='word_1_441' title='bbox 3387 2040 3657 2104; x_wconf 90' lang='lat' dir='ltr'><strong>volatilia,</strong></span> 
     </span>
    </p>
   </div>
   <div class='ocr_carea' id='block_1_65' title="bbox 2075 2131 3662 2204">
    <p class='ocr_par' dir='ltr' id='par_1_65' title="bbox 2075 2131 3662 2204">
     <span class='ocr_line' id='line_1_65' title="bbox 2075 2131 3662 2204; baseline -0.001 -16"><span class='ocrx_word' id='word_1_442' title='bbox 2075 2142 2133 2188; x_wconf 91' lang='lat' dir='ltr'><strong>et</strong></span> <span class='ocrx_word' id='word_1_443' title='bbox 2164 2132 2452 2204; x_wconf 88' lang='lat' dir='ltr'><strong>aquatilia.</strong></span> <span class='ocrx_word' id='word_1_444' title='bbox 2486 2131 2733 2186; x_wconf 81' lang='lat' dir='ltr'><strong>Fuerunt</strong></span> <span class='ocrx_word' id='word_1_445' title='bbox 2762 2141 2949 2187; x_wconf 91' lang='lat' dir='ltr'><strong>autem</strong></span> <span class='ocrx_word' id='word_1_446' title='bbox 2987 2131 3172 2193; x_wconf 89' lang='lat' dir='ltr'><strong>omnia</strong></span> <span class='ocrx_word' id='word_1_447' title='bbox 3215 2131 3356 2186; x_wconf 87' lang='lat' dir='ltr'><strong>bona</strong></span> <span class='ocrx_word' id='word_1_448' title='bbox 3394 2131 3578 2198; x_wconf 88' lang='lat' dir='ltr'><strong>valde,</strong></span> <span class='ocrx_word' id='word_1_449' title='bbox 3601 2141 3662 2187; x_wconf 92' lang='lat' dir='ltr'><strong>ut</strong></span> 
     </span>
    </p>
   </div>
   <div class='ocr_carea' id='block_1_66' title="bbox 2075 2223 3662 2294">
    <p class='ocr_par' dir='ltr' id='par_1_66' title="bbox 2075 2223 3662 2294">
     <span class='ocr_line' id='line_1_66' title="bbox 2075 2223 3662 2294; baseline -0.003 -14"><span class='ocrx_word' id='word_1_450' title='bbox 2075 2225 2345 2294; x_wconf 89' lang='lat' dir='ltr'><strong>scriptum</strong></span> <span class='ocrx_word' id='word_1_451' title='bbox 2404 2225 2577 2279; x_wconf 76' lang='lat' dir='ltr'><strong>est”.</strong></span> <span class='ocrx_word' id='word_1_452' title='bbox 2626 2223 3024 2278; x_wconf 85' lang='lat' dir='ltr'><strong>Intellectualia</strong></span> <span class='ocrx_word' id='word_1_453' title='bbox 3059 2234 3284 2294; x_wconf 86' lang='lat' dir='ltr'><strong>propter</strong></span> <span class='ocrx_word' id='word_1_454' title='bbox 3314 2223 3662 2288; x_wconf 74' lang='lat' dir='ltr'><strong>cmlum,mi-</strong></span> 
     </span>
    </p>
   </div>
   <div class='ocr_carea' id='block_1_67' title="bbox 2075 2316 3658 2386">
    <p class='ocr_par' dir='ltr' id='par_1_67' title="bbox 2075 2316 3658 2386">
     <span class='ocr_line' id='line_1_67' title="bbox 2075 2316 3658 2386; baseline -0.003 -12"><span class='ocrx_word' id='word_1_455' title='bbox 2075 2317 2423 2374; x_wconf 87' lang='lat' dir='ltr'><strong>nistratorias</strong></span> <span class='ocrx_word' id='word_1_456' title='bbox 2478 2317 2716 2373; x_wconf 87' lang='lat' dir='ltr'><strong>virtutes</strong></span> <span class='ocrx_word' id='word_1_457' title='bbox 2776 2317 3036 2372; x_wconf 88' lang='lat' dir='ltr'><strong>scilicet:</strong></span> <span class='ocrx_word' id='word_1_458' title='bbox 3091 2316 3379 2372; x_wconf 88' lang='lat' dir='ltr'><strong>sensibilia</strong></span> <span class='ocrx_word' id='word_1_459' title='bbox 3434 2324 3658 2386; x_wconf 78' lang='lat' dir='ltr'><strong>prepter</strong></span> 
     </span>
    </p>
   </div>
   <div class='ocr_carea' id='block_1_68' title="bbox 2073 2407 3656 2480">
    <p class='ocr_par' dir='ltr' id='par_1_68' title="bbox 2073 2407 3656 2480">
     <span class='ocr_line' id='line_1_68' title="bbox 2073 2407 3656 2480; baseline -0.003 -16"><span class='ocrx_word' id='word_1_460' title='bbox 2073 2424 2318 2480; x_wconf 76' lang='lat' dir='ltr'><strong>sensum,</strong></span> <span class='ocrx_word' id='word_1_461' title='bbox 2354 2408 2674 2464; x_wconf 87' lang='lat' dir='ltr'><strong>inferiorem</strong></span> <span class='ocrx_word' id='word_1_462' title='bbox 2709 2408 2919 2480; x_wconf 81' lang='lat' dir='ltr'><strong>scilicet</strong></span> <span class='ocrx_word' id='word_1_463' title='bbox 2958 2408 3107 2462; x_wconf 88' lang='lat' dir='ltr'><strong>hunc</strong></span> <span class='ocrx_word' id='word_1_464' title='bbox 3152 2408 3442 2462; x_wconf 89' lang='lat' dir='ltr'><strong>mundum.</strong></span> <span class='ocrx_word' id='word_1_465' title='bbox 3482 2407 3656 2461; x_wconf 53' lang='lat' dir='ltr'><strong>Natu-</strong></span> 
     </span>
    </p>
   </div>
   <div class='ocr_carea' id='block_1_69' title="bbox 2076 2499 3658 2570">
    <p class='ocr_par' dir='ltr' id='par_1_69' title="bbox 2076 2499 3658 2570">
     <span class='ocr_line' id='line_1_69' title="bbox 2076 2499 3658 2570; baseline -0.001 -14"><span class='ocrx_word' id='word_1_466' title='bbox 2076 2518 2192 2558; x_wconf 90' lang='lat' dir='ltr'><strong>ram</strong></span> <span class='ocrx_word' id='word_1_467' title='bbox 2264 2501 2600 2558; x_wconf 91' lang='lat' dir='ltr'><strong>invisibilem</strong></span> <span class='ocrx_word' id='word_1_468' title='bbox 2651 2509 2708 2556; x_wconf 88' lang='lat' dir='ltr'><strong>et</strong></span> <span class='ocrx_word' id='word_1_469' title='bbox 2761 2501 3061 2566; x_wconf 91' lang='lat' dir='ltr'><strong>visibilem,</strong></span> <span class='ocrx_word' id='word_1_470' title='bbox 3095 2500 3290 2566; x_wconf 88' lang='lat' dir='ltr'><strong>solam,</strong></span> <span class='ocrx_word' id='word_1_471' title='bbox 3327 2499 3658 2570; x_wconf 85' lang='lat' dir='ltr'><strong>simplicem,</strong></span> 
     </span>
    </p>
   </div>
   <div class='ocr_carea' id='block_1_70' title="bbox 2074 2592 3659 2666">
    <p class='ocr_par' dir='ltr' id='par_1_70' title="bbox 2074 2592 3659 2666">
     <span class='ocr_line' id='line_1_70' title="bbox 2074 2592 3659 2666; baseline -0.005 -14"><span class='ocrx_word' id='word_1_472' title='bbox 2074 2595 2369 2666; x_wconf 86' lang='lat' dir='ltr'><strong>separatim</strong></span> <span class='ocrx_word' id='word_1_473' title='bbox 2433 2603 2743 2665; x_wconf 82' lang='lat' dir='ltr'><strong>utramque,</strong></span> <span class='ocrx_word' id='word_1_474' title='bbox 2783 2594 2926 2648; x_wconf 88' lang='lat' dir='ltr'><strong>hanc</strong></span> <span class='ocrx_word' id='word_1_475' title='bbox 2985 2593 3209 2663; x_wconf 91' lang='lat' dir='ltr'><strong>quidem</strong></span> <span class='ocrx_word' id='word_1_476' title='bbox 3295 2592 3659 2663; x_wconf 86' lang='lat' dir='ltr'><strong>corporalem,</strong></span> 
     </span>
    </p>
   </div>
   <div class='ocr_carea' id='block_1_71' title="bbox 2073 2684 3658 2757">
    <p class='ocr_par' dir='ltr' id='par_1_71' title="bbox 2073 2684 3658 2757">
     <span class='ocr_line' id='line_1_71' title="bbox 2073 2684 3658 2757; baseline -0.004 -14"><span class='ocrx_word' id='word_1_477' title='bbox 2073 2689 2222 2743; x_wconf 89' lang='lat' dir='ltr'><strong>illam</strong></span> <span class='ocrx_word' id='word_1_478' title='bbox 2262 2687 2670 2757; x_wconf 84' lang='lat' dir='ltr'><strong>incorpoream.</strong></span> <span class='ocrx_word' id='word_1_479' title='bbox 2701 2687 3092 2756; x_wconf 89' lang='lat' dir='ltr'><strong>lncorpoream</strong></span> <span class='ocrx_word' id='word_1_480' title='bbox 3144 2684 3280 2740; x_wconf 92' lang='lat' dir='ltr'><strong>mihi</strong></span> <span class='ocrx_word' id='word_1_481' title='bbox 3337 2685 3513 2754; x_wconf 74' lang='lat' dir='ltr'><strong>cogita</strong></span> <span class='ocrx_word' id='word_1_482' title='bbox 3561 2699 3658 2738; x_wconf 88' lang='lat' dir='ltr'><strong>su-</strong></span> 
     </span>
    </p>
   </div>
   <div class='ocr_carea' id='block_1_72' title="bbox 2073 2775 3663 2850">
    <p class='ocr_par' dir='ltr' id='par_1_72' title="bbox 2073 2775 3663 2850">
     <span class='ocr_line' id='line_1_72' title="bbox 2073 2775 3663 2850; baseline -0.003 -18"><span class='ocrx_word' id='word_1_483' title='bbox 2073 2778 2604 2850; x_wconf 86' lang='lat' dir='ltr'><strong>pramundanorum,</strong></span> <span class='ocrx_word' id='word_1_484' title='bbox 2633 2787 2908 2847; x_wconf 89' lang='lat' dir='ltr'><strong>quotquot</strong></span> <span class='ocrx_word' id='word_1_485' title='bbox 2943 2777 3329 2832; x_wconf 87' lang='lat' dir='ltr'><strong>immaterialis</strong></span> <span class='ocrx_word' id='word_1_486' title='bbox 3361 2785 3417 2831; x_wconf 90' lang='lat' dir='ltr'><strong>et</strong></span> <span class='ocrx_word' id='word_1_487' title='bbox 3457 2775 3663 2830; x_wconf 90' lang='lat' dir='ltr'><strong>intelli-</strong></span> 
     </span>
    </p>
   </div>
   <div class='ocr_carea' id='block_1_73' title="bbox 2073 2865 3660 2941">
    <p class='ocr_par' dir='ltr' id='par_1_73' title="bbox 2073 2865 3660 2941">
     <span class='ocr_line' id='line_1_73' title="bbox 2073 2865 3660 2941; baseline -0.004 -17"><span class='ocrx_word' id='word_1_488' title='bbox 2073 2869 2257 2941; x_wconf 90' lang='lat' dir='ltr'><strong>gibilis</strong></span> <span class='ocrx_word' id='word_1_489' title='bbox 2305 2867 2625 2923; x_wconf 64' lang='lat' dir='ltr'><strong>substantiae</strong></span> <span class='ocrx_word' id='word_1_490' title='bbox 2646 2875 2805 2933; x_wconf 88' lang='lat' dir='ltr'><strong>sunt;</strong></span> <span class='ocrx_word' id='word_1_491' title='bbox 2839 2882 3165 2936; x_wconf 88' lang='lat' dir='ltr'><strong>corpoream</strong></span> <span class='ocrx_word' id='word_1_492' title='bbox 3209 2876 3393 2921; x_wconf 89' lang='lat' dir='ltr'><strong>autem</strong></span> <span class='ocrx_word' id='word_1_493' title='bbox 3435 2865 3660 2920; x_wconf 83' lang='lat' dir='ltr'><strong>inferio-</strong></span> 
     </span>
    </p>
   </div>
   <div class='ocr_carea' id='block_1_74' title="bbox 2073 2958 3660 3031">
    <p class='ocr_par' dir='ltr' id='par_1_74' title="bbox 2073 2958 3660 3031">
     <span class='ocr_line' id='line_1_74' title="bbox 2073 2958 3660 3031; baseline -0.003 -15"><span class='ocrx_word' id='word_1_494' title='bbox 2073 2978 2213 3028; x_wconf 90' lang='lat' dir='ltr'><strong>rem,</strong></span> <span class='ocrx_word' id='word_1_495' title='bbox 2241 2971 2299 3017; x_wconf 91' lang='lat' dir='ltr'><strong>et</strong></span> <span class='ocrx_word' id='word_1_496' title='bbox 2350 2959 2942 3031; x_wconf 88' lang='lat' dir='ltr'><strong>comprehensibilium</strong></span> <span class='ocrx_word' id='word_1_497' title='bbox 2982 2975 3172 3015; x_wconf 89' lang='lat' dir='ltr'><strong>sensu.</strong></span> <span class='ocrx_word' id='word_1_498' title='bbox 3207 2959 3320 3014; x_wconf 85' lang='lat' dir='ltr'><strong>Nec</strong></span> <span class='ocrx_word' id='word_1_499' title='bbox 3361 2958 3530 3030; x_wconf 87' lang='lat' dir='ltr'><strong>igitur</strong></span> <span class='ocrx_word' id='word_1_500' title='bbox 3567 2972 3660 3012; x_wconf 87' lang='lat' dir='ltr'><strong>su-</strong></span> 
     </span>
    </p>
   </div>
   <div class='ocr_carea' id='block_1_75' title="bbox 2071 3045 3658 3122">
    <p class='ocr_par' dir='ltr' id='par_1_75' title="bbox 2071 3045 3658 3122">
     <span class='ocr_line' id='line_1_75' title="bbox 2071 3045 3658 3122; baseline -0.005 -16"><span class='ocrx_word' id='word_1_501' title='bbox 2071 3066 2169 3122; x_wconf 89' lang='lat' dir='ltr'><strong>pra</strong></span> <span class='ocrx_word' id='word_1_502' title='bbox 2192 3066 2424 3121; x_wconf 90' lang='lat' dir='ltr'><strong>corpora</strong></span> <span class='ocrx_word' id='word_1_503' title='bbox 2447 3059 2600 3116; x_wconf 89' lang='lat' dir='ltr'><strong>sunt,</strong></span> <span class='ocrx_word' id='word_1_504' title='bbox 2617 3064 2718 3104; x_wconf 85' lang='lat' dir='ltr'><strong>nec</strong></span> <span class='ocrx_word' id='word_1_505' title='bbox 2743 3049 2976 3104; x_wconf 87' lang='lat' dir='ltr'><strong>materia</strong></span> <span class='ocrx_word' id='word_1_506' title='bbox 3006 3048 3258 3119; x_wconf 82' lang='lat' dir='ltr'><strong>expertia</strong></span> <span class='ocrx_word' id='word_1_507' title='bbox 3291 3046 3455 3102; x_wconf 89' lang='lat' dir='ltr'><strong>infra.</strong></span> <span class='ocrx_word' id='word_1_508' title='bbox 3481 3045 3658 3100; x_wconf 85' lang='lat' dir='ltr'><strong>llomo</strong></span> 
     </span>
    </p>
   </div>
   <div class='ocr_carea' id='block_1_76' title="bbox 2075 3139 3657 3213">
    <p class='ocr_par' dir='ltr' id='par_1_76' title="bbox 2075 3139 3657 3213">
     <span class='ocr_line' id='line_1_76' title="bbox 2075 3139 3657 3213; baseline -0.004 -15"><span class='ocrx_word' id='word_1_509' title='bbox 2075 3153 2259 3198; x_wconf 87' lang='lat' dir='ltr'><strong>autem</strong></span> <span class='ocrx_word' id='word_1_510' title='bbox 2292 3158 2402 3213; x_wconf 64' lang='lat' dir='ltr'><strong>prae</strong></span> <span class='ocrx_word' id='word_1_511' title='bbox 2433 3141 2694 3197; x_wconf 90' lang='lat' dir='ltr'><strong>omnibus</strong></span> <span class='ocrx_word' id='word_1_512' title='bbox 2748 3141 2901 3196; x_wconf 90' lang='lat' dir='ltr'><strong>solus</strong></span> <span class='ocrx_word' id='word_1_513' title='bbox 2946 3157 3013 3195; x_wconf 85' lang='lat' dir='ltr'><strong>ex</strong></span> <span class='ocrx_word' id='word_1_514' title='bbox 3063 3140 3268 3210; x_wconf 85' lang='lat' dir='ltr'><strong>duplici</strong></span> <span class='ocrx_word' id='word_1_515' title='bbox 3323 3139 3657 3200; x_wconf 85' lang='lat' dir='ltr'><strong>substantia,</strong></span> 
     </span>
    </p>
   </div>
   <div class='ocr_carea' id='block_1_77' title="bbox 2074 3225 3656 3305">
    <p class='ocr_par' dir='ltr' id='par_1_77' title="bbox 2074 3225 3656 3305">
     <span class='ocr_line' id='line_1_77' title="bbox 2074 3225 3656 3305; baseline -0.006 -14"><span class='ocrx_word' id='word_1_516' title='bbox 2074 3251 2143 3292; x_wconf 83' lang='lat' dir='ltr'><strong>ex</strong></span> <span class='ocrx_word' id='word_1_517' title='bbox 2171 3225 2528 3305; x_wconf 86' lang='lat' dir='ltr'><strong>intelligibili,</strong></span> <span class='ocrx_word' id='word_1_518' title='bbox 2562 3241 2618 3288; x_wconf 92' lang='lat' dir='ltr'><strong>et</strong></span> <span class='ocrx_word' id='word_1_519' title='bbox 2649 3233 2925 3298; x_wconf 86' lang='lat' dir='ltr'><strong>sensibili,</strong></span> <span class='ocrx_word' id='word_1_520' title='bbox 2949 3233 3299 3302; x_wconf 90' lang='lat' dir='ltr'><strong>superiorum</strong></span> <span class='ocrx_word' id='word_1_521' title='bbox 3338 3239 3395 3285; x_wconf 90' lang='lat' dir='ltr'><strong>et</strong></span> <span class='ocrx_word' id='word_1_522' title='bbox 3426 3229 3656 3284; x_wconf 88' lang='lat' dir='ltr'><strong>infcrio-</strong></span> 
     </span>
    </p>
   </div>
   <div class='ocr_carea' id='block_1_78' title="bbox 2070 3323 3660 3395">
    <p class='ocr_par' dir='ltr' id='par_1_78' title="bbox 2070 3323 3660 3395">
     <span class='ocr_line' id='line_1_78' title="bbox 2070 3323 3660 3395; baseline -0.005 -11"><span class='ocrx_word' id='word_1_523' title='bbox 2070 3344 2216 3390; x_wconf 88' lang='lat' dir='ltr'><strong>rum,</strong></span> <span class='ocrx_word' id='word_1_524' title='bbox 2249 3327 2471 3383; x_wconf 87' lang='lat' dir='ltr'><strong>fictione</strong></span> <span class='ocrx_word' id='word_1_525' title='bbox 2521 3336 2579 3380; x_wconf 89' lang='lat' dir='ltr'><strong>et</strong></span> <span class='ocrx_word' id='word_1_526' title='bbox 2624 3325 2984 3395; x_wconf 88' lang='lat' dir='ltr'><strong>inspiratione</strong></span> <span class='ocrx_word' id='word_1_527' title='bbox 3032 3325 3126 3378; x_wconf 89' lang='lat' dir='ltr'><strong>Dei</strong></span> <span class='ocrx_word' id='word_1_528' title='bbox 3157 3339 3188 3377; x_wconf 89' lang='lat' dir='ltr'><strong>a</strong></span> <span class='ocrx_word' id='word_1_529' title='bbox 3239 3323 3516 3393; x_wconf 90' lang='lat' dir='ltr'><strong>principio</strong></span> <span class='ocrx_word' id='word_1_530' title='bbox 3573 3335 3660 3376; x_wconf 88' lang='lat' dir='ltr'><strong>est</strong></span> 
     </span>
    </p>
   </div>
   <div class='ocr_carea' id='block_1_79' title="bbox 2069 3414 3659 3492">
    <p class='ocr_par' dir='ltr' id='par_1_79' title="bbox 2069 3414 3659 3492">
     <span class='ocr_line' id='line_1_79' title="bbox 2069 3414 3659 3492; baseline -0.004 -18"><span class='ocrx_word' id='word_1_531' title='bbox 2069 3420 2398 3492; x_wconf 90' lang='lat' dir='ltr'><strong>productus.</strong></span> <span class='ocrx_word' id='word_1_532' title='bbox 2427 3419 2562 3473; x_wconf 87' lang='lat' dir='ltr'><strong>Nam</strong></span> <span class='ocrx_word' id='word_1_533' title='bbox 2597 3431 2804 3487; x_wconf 89' lang='lat' dir='ltr'><strong>corpus</strong></span> <span class='ocrx_word' id='word_1_534' title='bbox 2841 3432 2908 3471; x_wconf 88' lang='lat' dir='ltr'><strong>ex</strong></span> <span class='ocrx_word' id='word_1_535' title='bbox 2948 3414 3332 3478; x_wconf 88' lang='lat' dir='ltr'><strong>inferioribus,</strong></span> <span class='ocrx_word' id='word_1_536' title='bbox 3357 3414 3542 3468; x_wconf 88' lang='lat' dir='ltr'><strong>anima</strong></span> <span class='ocrx_word' id='word_1_537' title='bbox 3589 3428 3659 3468; x_wconf 85' lang='lat' dir='ltr'><strong>cx</strong></span> 
     </span>
    </p>
   </div>
   <div class='ocr_carea' id='block_1_80' title="bbox 2070 3511 2642 3582">
    <p class='ocr_par' dir='ltr' id='par_1_80' title="bbox 2070 3511 2642 3582">
     <span class='ocr_line' id='line_1_80' title="bbox 2070 3511 2642 3582; baseline 0 -14"><span class='ocrx_word' id='word_1_538' title='bbox 2070 3511 2460 3582; x_wconf 87' lang='lat' dir='ltr'><strong>superioribus</strong></span> <span class='ocrx_word' id='word_1_539' title='bbox 2491 3519 2578 3566; x_wconf 89' lang='lat' dir='ltr'><strong>est</strong></span> <span class='ocrx_word' id='word_1_540' title='bbox 2601 3514 2642 3568; x_wconf 83' lang='lat'><strong>‘.</strong></span> 
     </span>
    </p>
   </div>
   <div class='ocr_carea' id='block_1_81' title="bbox 2142 3597 3659 3676">
    <p class='ocr_par' dir='ltr' id='par_1_81' title="bbox 2142 3597 3659 3676">
     <span class='ocr_line' id='line_1_81' title="bbox 2142 3597 3659 3676; baseline -0.006 -16"><span class='ocrx_word' id='word_1_541' title='bbox 2142 3605 2497 3660; x_wconf 64' lang='lat' dir='ltr'><strong>Praestantior</strong></span> <span class='ocrx_word' id='word_1_542' title='bbox 2535 3619 2662 3676; x_wconf 90' lang='lat' dir='ltr'><strong>pars</strong></span> <span class='ocrx_word' id='word_1_543' title='bbox 2694 3604 2762 3661; x_wconf 92' lang='lat' dir='ltr'><strong>de</strong></span> <span class='ocrx_word' id='word_1_544' title='bbox 2801 3615 3157 3673; x_wconf 88' lang='lat' dir='ltr'><strong>superorum,</strong></span> <span class='ocrx_word' id='word_1_545' title='bbox 3185 3598 3431 3655; x_wconf 88' lang='lat' dir='ltr'><strong>deterior</strong></span> <span class='ocrx_word' id='word_1_546' title='bbox 3470 3597 3538 3654; x_wconf 90' lang='lat' dir='ltr'><strong>de</strong></span> <span class='ocrx_word' id='word_1_547' title='bbox 3575 3597 3659 3652; x_wconf 88' lang='lat' dir='ltr'><strong>in-</strong></span> 
     </span>
    </p>
   </div>
   <div class='ocr_carea' id='block_1_82' title="bbox 2071 3689 3660 3764">
    <p class='ocr_par' dir='ltr' id='par_1_82' title="bbox 2071 3689 3660 3764">
     <span class='ocr_line' id='line_1_82' title="bbox 2071 3689 3660 3764; baseline -0.006 -12"><span class='ocrx_word' id='word_1_548' title='bbox 2071 3697 2317 3754; x_wconf 80' lang='lat' dir='ltr'><strong>ferorum</strong></span> <span class='ocrx_word' id='word_1_549' title='bbox 2376 3712 2609 3752; x_wconf 90' lang='lat' dir='ltr'><strong>numero</strong></span> <span class='ocrx_word' id='word_1_550' title='bbox 2637 3705 2742 3753; x_wconf 91' lang='lat' dir='ltr'><strong>est.</strong></span> <span class='ocrx_word' id='word_1_551' title='bbox 2783 3695 2998 3750; x_wconf 84' lang='lat' dir='ltr'><strong>Animal</strong></span> <span class='ocrx_word' id='word_1_552' title='bbox 3031 3691 3520 3764; x_wconf 89' lang='lat' dir='ltr'><strong>sapientissimum,</strong></span> <span class='ocrx_word' id='word_1_553' title='bbox 3557 3689 3660 3744; x_wconf 87' lang='lat' dir='ltr'><strong>mi-</strong></span> 
     </span>
    </p>
   </div>
   <div class='ocr_carea' id='block_1_83' title="bbox 2069 3781 3653 3855">
    <p class='ocr_par' dir='ltr' id='par_1_83' title="bbox 2069 3781 3653 3855">
     <span class='ocr_line' id='line_1_83' title="bbox 2069 3781 3653 3855; baseline -0.006 -9"><span class='ocrx_word' id='word_1_554' title='bbox 2069 3799 2216 3846; x_wconf 83' lang='lat' dir='ltr'><strong>stum</strong></span> <span class='ocrx_word' id='word_1_555' title='bbox 2247 3805 2316 3844; x_wconf 80' lang='lat' dir='ltr'><strong>ex</strong></span> <span class='ocrx_word' id='word_1_556' title='bbox 2363 3788 2451 3844; x_wconf 90' lang='lat' dir='ltr'><strong>his</strong></span> <span class='ocrx_word' id='word_1_557' title='bbox 2507 3789 2797 3854; x_wconf 88' lang='lat' dir='ltr'><strong>ambobus,</strong></span> <span class='ocrx_word' id='word_1_558' title='bbox 2821 3788 3063 3843; x_wconf 86' lang='lat' dir='ltr'><strong>animam</strong></span> <span class='ocrx_word' id='word_1_559' title='bbox 3116 3785 3183 3840; x_wconf 88' lang='lat' dir='ltr'><strong>ad</strong></span> <span class='ocrx_word' id='word_1_560' title='bbox 3225 3783 3516 3855; x_wconf 87' lang='lat' dir='ltr'><strong>imaginem</strong></span> <span class='ocrx_word' id='word_1_561' title='bbox 3558 3781 3653 3837; x_wconf 91' lang='lat' dir='ltr'><strong>Dei</strong></span> 
     </span>
    </p>
   </div>
   <div class='ocr_carea' id='block_1_84' title="bbox 2069 3877 3653 3952">
    <p class='ocr_par' dir='ltr' id='par_1_84' title="bbox 2069 3877 3653 3952">
     <span class='ocr_line' id='line_1_84' title="bbox 2069 3877 3653 3952; baseline -0.006 -14"><span class='ocrx_word' id='word_1_562' title='bbox 2069 3882 2382 3938; x_wconf 91' lang='lat' dir='ltr'><strong>continens.</strong></span> <span class='ocrx_word' id='word_1_563' title='bbox 2427 3880 2493 3936; x_wconf 83' lang='lat' dir='ltr'><strong>Et</strong></span> <span class='ocrx_word' id='word_1_564' title='bbox 2543 3882 2713 3947; x_wconf 89' lang='lat' dir='ltr'><strong>hunc,</strong></span> <span class='ocrx_word' id='word_1_565' title='bbox 2751 3896 3008 3952; x_wconf 87' lang='lat' dir='ltr'><strong>magnum</strong></span> <span class='ocrx_word' id='word_1_566' title='bbox 3045 3877 3312 3933; x_wconf 90' lang='lat' dir='ltr'><strong>mundum</strong></span> <span class='ocrx_word' id='word_1_567' title='bbox 3349 3877 3402 3930; x_wconf 91' lang='lat' dir='ltr'><strong>iu</strong></span> <span class='ocrx_word' id='word_1_568' title='bbox 3461 3889 3653 3944; x_wconf 89' lang='lat' dir='ltr'><strong>parvo,</strong></span> 
     </span>
    </p>
   </div>
   <div class='ocr_carea' id='block_1_85' title="bbox 2068 3967 3658 4046">
    <p class='ocr_par' dir='ltr' id='par_1_85' title="bbox 2068 3967 3658 4046">
     <span class='ocr_line' id='line_1_85' title="bbox 2068 3967 3658 4046; baseline -0.007 -17"><span class='ocrx_word' id='word_1_569' title='bbox 2068 3983 2126 4029; x_wconf 87' lang='lat' dir='ltr'><strong>et</strong></span> <span class='ocrx_word' id='word_1_570' title='bbox 2164 3974 2217 4028; x_wconf 87' lang='lat' dir='ltr'><strong>in</strong></span> <span class='ocrx_word' id='word_1_571' title='bbox 2261 3973 2446 4029; x_wconf 87' lang='lat' dir='ltr'><strong>medio</strong></span> <span class='ocrx_word' id='word_1_572' title='bbox 2487 3973 2950 4046; x_wconf 88' lang='lat' dir='ltr'><strong>iutelligibilium,</strong></span> <span class='ocrx_word' id='word_1_573' title='bbox 2974 3969 3352 4031; x_wconf 84' lang='lat' dir='ltr'><strong>sensibilium,</strong></span> <span class='ocrx_word' id='word_1_574' title='bbox 3383 3967 3658 4019; x_wconf 83' lang='lat' dir='ltr'><strong>animato-</strong></span> 
     </span>
    </p>
   </div>
   <div class='ocr_carea' id='block_1_86' title="bbox 2069 4055 3656 4132">
    <p class='ocr_par' dir='ltr' id='par_1_86' title="bbox 2069 4055 3656 4132">
     <span class='ocr_line' id='line_1_86' title="bbox 2069 4055 3656 4132; baseline -0.006 -12"><span class='ocrx_word' id='word_1_575' title='bbox 2069 4068 2659 4132; x_wconf 87' lang='lat' dir='ltr'><strong>rum,inanimat0rum</strong></span> <span class='ocrx_word' id='word_1_576' title='bbox 2687 4065 2978 4121; x_wconf 84' lang='lat' dir='ltr'><strong>collocavit</strong></span> <span class='ocrx_word' id='word_1_577' title='bbox 3001 4081 3015 4116; x_wconf 91' lang='lat'><strong>:</strong></span> <span class='ocrx_word' id='word_1_578' title='bbox 3037 4072 3100 4116; x_wconf 91' lang='lat' dir='ltr'><strong>ut</strong></span> <span class='ocrx_word' id='word_1_579' title='bbox 3131 4059 3416 4127; x_wconf 89' lang='lat' dir='ltr'><strong>utriusque</strong></span> <span class='ocrx_word' id='word_1_580' title='bbox 3466 4055 3656 4110; x_wconf 89' lang='lat' dir='ltr'><strong>mundi</strong></span> 
     </span>
    </p>
   </div>
   <div class='ocr_carea' id='block_1_87' title="bbox 2068 4156 3657 4222">
    <p class='ocr_par' dir='ltr' id='par_1_87' title="bbox 2068 4156 3657 4222">
     <span class='ocr_line' id='line_1_87' title="bbox 2068 4156 3657 4222; baseline -0.009 -9"><span class='ocrx_word' id='word_1_581' title='bbox 2068 4157 2487 4214; x_wconf 87' lang='lat' dir='ltr'><strong>oblectamentis</strong></span> <span class='ocrx_word' id='word_1_582' title='bbox 2558 4167 2615 4214; x_wconf 89' lang='lat' dir='ltr'><strong>et</strong></span> <span class='ocrx_word' id='word_1_583' title='bbox 2679 4156 2861 4219; x_wconf 88' lang='lat' dir='ltr'><strong>bonis,</strong></span> <span class='ocrx_word' id='word_1_584' title='bbox 2928 4161 3188 4222; x_wconf 89' lang='lat' dir='ltr'><strong>tanquam</strong></span> <span class='ocrx_word' id='word_1_585' title='bbox 3274 4157 3657 4217; x_wconf 89' lang='lat' dir='ltr'><strong>cognatorum,</strong></span> 
     </span>
    </p>
   </div>
   <div class='ocr_carea' id='block_1_88' title="bbox 2069 4238 3659 4310">
    <p class='ocr_par' dir='ltr' id='par_1_88' title="bbox 2069 4238 3659 4310">
     <span class='ocr_line' id='line_1_88' title="bbox 2069 4238 3659 4310; baseline -0.009 -5"><span class='ocrx_word' id='word_1_586' title='bbox 2069 4249 2414 4305; x_wconf 86' lang='lat' dir='ltr'><strong>abundanter</strong></span> <span class='ocrx_word' id='word_1_587' title='bbox 2463 4249 2662 4304; x_wconf 90' lang='lat' dir='ltr'><strong>merito</strong></span> <span class='ocrx_word' id='word_1_588' title='bbox 2697 4248 3014 4310; x_wconf 88' lang='lat' dir='ltr'><strong>frueretur;</strong></span> <span class='ocrx_word' id='word_1_589' title='bbox 3054 4241 3253 4296; x_wconf 89' lang='lat' dir='ltr'><strong>divinis</strong></span> <span class='ocrx_word' id='word_1_590' title='bbox 3292 4238 3517 4310; x_wconf 91' lang='lat' dir='ltr'><strong>quidem</strong></span> <span class='ocrx_word' id='word_1_591' title='bbox 3559 4253 3659 4307; x_wconf 90' lang='lat' dir='ltr'><strong>per</strong></span> 
     </span>
    </p>
   </div>
   <div class='ocr_carea' id='block_1_89' title="bbox 2069 4331 3658 4408">
    <p class='ocr_par' dir='ltr' id='par_1_89' title="bbox 2069 4331 3658 4408">
     <span class='ocr_line' id='line_1_89' title="bbox 2069 4331 3658 4408; baseline -0.008 -15"><span class='ocrx_word' id='word_1_592' title='bbox 2069 4337 2308 4393; x_wconf 86' lang='lat' dir='ltr'><strong>animam</strong></span> <span class='ocrx_word' id='word_1_593' title='bbox 2343 4355 2372 4394; x_wconf 89' lang='lat' dir='ltr'><strong>a</strong></span> <span class='ocrx_word' id='word_1_594' title='bbox 2412 4339 2525 4394; x_wconf 93' lang='lat' dir='ltr'><strong>Deo</strong></span> <span class='ocrx_word' id='word_1_595' title='bbox 2565 4336 2955 4408; x_wconf 86' lang='lat' dir='ltr'><strong>suppeditatis,</strong></span> <span class='ocrx_word' id='word_1_596' title='bbox 3008 4331 3244 4388; x_wconf 87' lang='lat' dir='ltr'><strong>terrenis</strong></span> <span class='ocrx_word' id='word_1_597' title='bbox 3285 4347 3382 4401; x_wconf 87' lang='lat' dir='ltr'><strong>per</strong></span> <span class='ocrx_word' id='word_1_598' title='bbox 3434 4343 3658 4397; x_wconf 90' lang='lat' dir='ltr'><strong>corpus,</strong></span> 
     </span>
    </p>
   </div>
   <div class='ocr_carea' id='block_1_90' title="bbox 2070 4418 3662 4500">
    <p class='ocr_par' dir='ltr' id='par_1_90' title="bbox 2070 4418 3662 4500">
     <span class='ocr_line' id='line_1_90' title="bbox 2070 4418 3662 4500; baseline -0.008 -17"><span class='ocrx_word' id='word_1_599' title='bbox 2070 4439 2132 4484; x_wconf 93' lang='lat' dir='ltr'><strong>ut</strong></span> <span class='ocrx_word' id='word_1_600' title='bbox 2163 4428 2232 4483; x_wconf 88' lang='lat' dir='ltr'><strong>ab</strong></span> <span class='ocrx_word' id='word_1_601' title='bbox 2262 4429 2398 4500; x_wconf 88' lang='lat' dir='ltr'><strong>ipsis</strong></span> <span class='ocrx_word' id='word_1_602' title='bbox 2426 4445 2490 4485; x_wconf 75' lang='lat' dir='ltr'><strong>ex</strong></span> <span class='ocrx_word' id='word_1_603' title='bbox 2528 4429 2634 4484; x_wconf 88' lang='lat' dir='ltr'><strong>fide</strong></span> <span class='ocrx_word' id='word_1_604' title='bbox 2663 4428 2950 4485; x_wconf 88' lang='lat' dir='ltr'><strong>Conditori</strong></span> <span class='ocrx_word' id='word_1_605' title='bbox 2989 4426 3227 4480; x_wconf 89' lang='lat' dir='ltr'><strong>fructum</strong></span> <span class='ocrx_word' id='word_1_606' title='bbox 3265 4423 3510 4478; x_wconf 79' lang='lat' dir='ltr'><strong>atl‘erret.</strong></span> <span class='ocrx_word' id='word_1_607' title='bbox 3539 4418 3662 4474; x_wconf 83' lang='lat' dir='ltr'><strong>Vir-</strong></span> 
     </span>
    </p>
   </div>
   <div class='ocr_carea' id='block_1_91' title="bbox 385 4506 1969 4610">
    <p class='ocr_par' dir='ltr' id='par_1_91' title="bbox 385 4536 1964 4610">
     <span class='ocr_line' id='line_1_91' title="bbox 385 4536 1964 4610; baseline 0.001 -19"><span class='ocrx_word' id='word_1_608' title='bbox 385 4536 560 4602; x_wconf 80' lang='lat' dir='ltr'><strong>Quam</strong></span> <span class='ocrx_word' id='word_1_609' title='bbox 589 4539 651 4593; x_wconf 87' lang='lat' dir='ltr'><strong>ab</strong></span> <span class='ocrx_word' id='word_1_610' title='bbox 679 4556 786 4594; x_wconf 88' lang='lat' dir='ltr'><strong>rem</strong></span> <span class='ocrx_word' id='word_1_611' title='bbox 817 4542 1044 4595; x_wconf 85' lang='lat' dir='ltr'><strong>mundus</strong></span> <span class='ocrx_word' id='word_1_612' title='bbox 1076 4550 1200 4595; x_wconf 84' lang='lat' dir='ltr'><strong>ante</strong></span> <span class='ocrx_word' id='word_1_613' title='bbox 1224 4543 1505 4605; x_wconf 81' lang='lat' dir='ltr'><strong>hominem,</strong></span> <span class='ocrx_word' id='word_1_614' title='bbox 1539 4549 1590 4594; x_wconf 85' lang='lat' dir='ltr'><strong>et</strong></span> <span class='ocrx_word' id='word_1_615' title='bbox 1619 4556 1806 4610; x_wconf 87' lang='lat' dir='ltr'><strong>corpus</strong></span> <span class='ocrx_word' id='word_1_616' title='bbox 1839 4549 1964 4610; x_wconf 82' lang='lat' dir='ltr'><strong>ante</strong></span> 
     </span>
    </p>
   </div>
   <div class='ocr_carea' id='block_1_92' title="bbox 2072 4506 3654 4610">
    <p class='ocr_par' dir='ltr' id='par_1_92' title="bbox 2072 4506 3654 4590">
     <span class='ocr_line' id='line_1_92' title="bbox 2072 4506 3654 4590; baseline -0.01 -14"><span class='ocrx_word' id='word_1_617' title='bbox 2072 4529 2216 4576; x_wconf 87' lang='lat' dir='ltr'><strong>tutes</strong></span> <span class='ocrx_word' id='word_1_618' title='bbox 2247 4535 2417 4590; x_wconf 90' lang='lat' dir='ltr'><strong>porro</strong></span> <span class='ocrx_word' id='word_1_619' title='bbox 2457 4519 2966 4580; x_wconf 73' lang='lat' dir='ltr'><strong>administratoriae,</strong></span> <span class='ocrx_word' id='word_1_620' title='bbox 2999 4517 3292 4576; x_wconf 79' lang='lat' dir='ltr'><strong>ordinum,</strong></span> <span class='ocrx_word' id='word_1_621' title='bbox 3313 4511 3407 4582; x_wconf 89' lang='lat' dir='ltr'><strong>qui</strong></span> <span class='ocrx_word' id='word_1_622' title='bbox 3441 4506 3654 4564; x_wconf 81' lang='lat' dir='ltr'><strong>intelli-</strong></span> 
     </span>
    </p>
   </div>
   <div class='ocr_carea' id='block_1_93' title="bbox 447 4609 1965 4732">
    <p class='ocr_par' dir='ltr' id='par_1_93' title="bbox 447 4609 1965 4732">
     <span class='ocr_line' id='line_1_93' title="bbox 447 4609 1965 4732; baseline 0.003 -72"><span class='ocrx_word' id='word_1_623' title='bbox 447 4610 686 4732; x_wconf 42' lang='lat' dir='ltr'><strong>anxiam</strong></span> <span class='ocrx_word' id='word_1_624' title='bbox 747 4619 1082 4681; x_wconf 85' lang='lat' dir='ltr'><strong>procreatum</strong></span> <span class='ocrx_word' id='word_1_625' title='bbox 1154 4612 1246 4665; x_wconf 85' lang='lat' dir='ltr'><strong>sit.</strong></span> <span class='ocrx_word' id='word_1_626' title='bbox 1292 4610 1463 4681; x_wconf 81' lang='lat' dir='ltr'><strong>Hujus</strong></span> <span class='ocrx_word' id='word_1_627' title='bbox 1522 4609 1789 4678; x_wconf 83' lang='lat' dir='ltr'><strong>nobilitas,</strong></span> <span class='ocrx_word' id='word_1_628' title='bbox 1820 4609 1965 4664; x_wconf 87' lang='lat' dir='ltr'><strong>illius</strong></span> 
     </span>
     <span class='ocr_line' id='line_1_94' title="bbox 451 4694 650 4732; baseline 0.015 -2"><span class='ocrx_word' id='word_1_629' title='bbox 451 4694 499 4730; x_wconf 79' lang='lat' dir='ltr'><strong>vi</strong></span> <span class='ocrx_word' id='word_1_630' title='bbox 529 4697 542 4730; x_wconf 85' lang='lat' dir='ltr'><strong>l</strong></span> <span class='ocrx_word' id='word_1_631' title='bbox 570 4696 650 4732; x_wconf 89' lang='lat' dir='ltr'><strong>as.</strong></span> 
     </span>
    </p>
   </div>
   <div class='ocr_carea' id='block_1_94' title="bbox 451 4694 650 4734">
    <p class='ocr_par' dir='ltr' id='par_1_94' title="bbox 451 4694 650 4734">
     <span class='ocr_line' id='line_1_95' title="bbox 451 4694 650 4734; baseline 0.02 -4"><span class='ocrx_word' id='word_1_632' title='bbox 451 4694 650 4734; x_wconf 82' lang='lat' dir='ltr'><strong>mutas.</strong></span> 
     </span>
    </p>
   </div>
   <div class='ocr_carea' id='block_1_95' title="bbox 456 4789 1963 4862">
    <p class='ocr_par' dir='ltr' id='par_1_95' title="bbox 456 4789 1963 4862">
     <span class='ocr_line' id='line_1_96' title="bbox 456 4789 1963 4862; baseline 0.003 -20"><span class='ocrx_word' id='word_1_633' title='bbox 456 4791 650 4844; x_wconf 68' lang='lat' dir='ltr'><strong>Asius.</strong></span> <span class='ocrx_word' id='word_1_634' title='bbox 679 4789 745 4846; x_wconf 83' lang='lat' dir='ltr'><strong>Et</strong></span> <span class='ocrx_word' id='word_1_635' title='bbox 769 4791 1046 4862; x_wconf 91' lang='lat' dir='ltr'><strong>quomodo</strong></span> <span class='ocrx_word' id='word_1_636' title='bbox 1075 4807 1202 4848; x_wconf 90' lang='lat' dir='ltr'><strong>cum</strong></span> <span class='ocrx_word' id='word_1_637' title='bbox 1230 4793 1366 4849; x_wconf 90' lang='lat' dir='ltr'><strong>adeo</strong></span> <span class='ocrx_word' id='word_1_638' title='bbox 1405 4791 1497 4846; x_wconf 90' lang='lat' dir='ltr'><strong>vili</strong></span> <span class='ocrx_word' id='word_1_639' title='bbox 1524 4801 1580 4847; x_wconf 88' lang='lat' dir='ltr'><strong>et</strong></span> <span class='ocrx_word' id='word_1_640' title='bbox 1607 4791 1837 4862; x_wconf 86' lang='lat' dir='ltr'><strong>ingloria</strong></span> <span class='ocrx_word' id='word_1_641' title='bbox 1869 4805 1963 4846; x_wconf 84' lang='lat' dir='ltr'><strong>ca-</strong></span> 
     </span>
    </p>
   </div>
   <div class='ocr_carea' id='block_1_96' title="bbox 386 4881 1957 4954">
    <p class='ocr_par' dir='ltr' id='par_1_96' title="bbox 386 4881 1957 4954">
     <span class='ocr_line' id='line_1_97' title="bbox 386 4881 1957 4954; baseline 0.004 -22"><span class='ocrx_word' id='word_1_642' title='bbox 386 4881 613 4935; x_wconf 89' lang='lat' dir='ltr'><strong>runcula</strong></span> <span class='ocrx_word' id='word_1_643' title='bbox 642 4884 932 4954; x_wconf 84' lang='lat' dir='ltr'><strong>conjuncta</strong></span> <span class='ocrx_word' id='word_1_644' title='bbox 961 4900 1082 4940; x_wconf 88' lang='lat' dir='ltr'><strong>sum</strong></span> <span class='ocrx_word' id='word_1_645' title='bbox 1107 4902 1120 4950; x_wconf 88' lang='lat'>;</span> <span class='ocrx_word' id='word_1_646' title='bbox 1143 4896 1201 4940; x_wconf 89' lang='lat' dir='ltr'><strong>et</strong></span> <span class='ocrx_word' id='word_1_647' title='bbox 1229 4884 1507 4954; x_wconf 90' lang='lat' dir='ltr'><strong>quomodo</strong></span> <span class='ocrx_word' id='word_1_648' title='bbox 1533 4901 1642 4938; x_wconf 95' lang='lat' dir='ltr'><strong>non</strong></span> <span class='ocrx_word' id='word_1_649' title='bbox 1675 4884 1827 4954; x_wconf 91' lang='lat' dir='ltr'><strong>prior</strong></span> <span class='ocrx_word' id='word_1_650' title='bbox 1855 4883 1957 4949; x_wconf 89' lang='lat' dir='ltr'><strong>fui,</strong></span> 
     </span>
    </p>
   </div>
   <div class='ocr_carea' id='block_1_97' title="bbox 456 5042 1462 5113">
    <p class='ocr_par' dir='ltr' id='par_1_97' title="bbox 456 5042 1462 5113">
     <span class='ocr_line' id='line_1_98' title="bbox 456 5042 1462 5113; baseline 0.003 -15"><span class='ocrx_word' id='word_1_651' title='bbox 456 5042 502 5074; x_wconf 83' lang='lat'><strong>&#39;°</strong></span> <span class='ocrx_word' id='word_1_652' title='bbox 531 5044 722 5102; x_wconf 84' lang='lat' dir='ltr'><strong>Matth.</strong></span> <span class='ocrx_word' id='word_1_653' title='bbox 756 5063 869 5113; x_wconf 78' lang='lat' dir='ltr'><strong>xw,</strong></span> <span class='ocrx_word' id='word_1_654' title='bbox 898 5048 989 5103; x_wconf 75' lang='lat'><strong>26.</strong></span> <span class='ocrx_word' id='word_1_655' title='bbox 1065 5051 1106 5081; x_wconf 83' lang='lat'>“</span> <span class='ocrx_word' id='word_1_656' title='bbox 1140 5049 1277 5104; x_wconf 86' lang='lat' dir='ltr'><strong>Gen.</strong></span> <span class='ocrx_word' id='word_1_657' title='bbox 1307 5064 1344 5113; x_wconf 76' lang='grc' dir='ltr'>ι,</span> <span class='ocrx_word' id='word_1_658' title='bbox 1372 5048 1462 5101; x_wconf 76' lang='grc'><strong>51.</strong></span> 
     </span>
    </p>
   </div>
   <div class='ocr_carea' id='block_1_98' title="bbox 456 5187 1083 5256">
    <p class='ocr_par' dir='ltr' id='par_1_98' title="bbox 456 5187 1083 5256">
     <span class='ocr_line' id='line_1_99' title="bbox 456 5187 1083 5256; baseline 0.006 -16"><span class='ocrx_word' id='word_1_659' title='bbox 456 5187 535 5256; x_wconf 80' lang='lat' dir='ltr'><strong>(a)</strong></span> <span class='ocrx_word' id='word_1_660' title='bbox 570 5187 725 5244; x_wconf 89' lang='lat' dir='ltr'><strong>Plato</strong></span> <span class='ocrx_word' id='word_1_661' title='bbox 750 5189 806 5244; x_wconf 89' lang='lat' dir='ltr'><strong>in</strong></span> <span class='ocrx_word' id='word_1_662' title='bbox 838 5187 1083 5244; x_wconf 69' lang='lat' dir='ltr'><strong>Plia&#39;dro.</strong></span> 
     </span>
    </p>
   </div>
   <div class='ocr_carea' id='block_1_99' title="bbox 1539 5046 1968 5110">
    <p class='ocr_par' dir='ltr' id='par_1_99' title="bbox 1539 5046 1968 5110">
     <span class='ocr_line' id='line_1_100' title="bbox 1539 5046 1968 5110; baseline 0 -9"><span class='ocrx_word' id='word_1_663' title='bbox 1539 5047 1585 5079; x_wconf 67' lang='grc' dir='ltr'>θ’</span> <span class='ocrx_word' id='word_1_664' title='bbox 1621 5046 1790 5102; x_wconf 82' lang='lat' dir='ltr'><strong>Hebr.</strong></span> <span class='ocrx_word' id='word_1_665' title='bbox 1817 5063 1856 5110; x_wconf 87' lang='lat' dir='ltr'><strong>l,</strong></span> <span class='ocrx_word' id='word_1_666' title='bbox 1883 5046 1968 5101; x_wconf 77' lang='lat' dir='ltr'><strong>M.</strong></span> 
     </span>
    </p>
   </div>
   <div class='ocr_carea' id='block_1_100' title="bbox 2073 4604 3657 4686">
    <p class='ocr_par' dir='ltr' id='par_1_100' title="bbox 2073 4604 3657 4686">
     <span class='ocr_line' id='line_1_101' title="bbox 2073 4604 3657 4686; baseline -0.01 -17"><span class='ocrx_word' id='word_1_667' title='bbox 2073 4613 2258 4686; x_wconf 85' lang='lat' dir='ltr'><strong>gentia</strong></span> <span class='ocrx_word' id='word_1_668' title='bbox 2287 4621 2615 4678; x_wconf 91' lang='lat' dir='ltr'><strong>cernuntur,</strong></span> <span class='ocrx_word' id='word_1_669' title='bbox 2647 4611 2845 4667; x_wconf 73' lang='lat' dir='ltr'><strong>anima:</strong></span> <span class='ocrx_word' id='word_1_670' title='bbox 2889 4619 2945 4667; x_wconf 92' lang='lat' dir='ltr'><strong>et</strong></span> <span class='ocrx_word' id='word_1_671' title='bbox 2986 4604 3339 4665; x_wconf 72' lang='lat' dir='ltr'><strong>tabernaculo</strong></span> <span class='ocrx_word' id='word_1_672' title='bbox 3368 4605 3485 4672; x_wconf 82' lang='lat' dir='ltr'><strong>ejus</strong></span> <span class='ocrx_word' id='word_1_673' title='bbox 3516 4614 3657 4669; x_wconf 74' lang='lat' dir='ltr'><strong>prte-</strong></span> 
     </span>
    </p>
   </div>
   <div class='ocr_carea' id='block_1_101' title="bbox 2075 4694 3660 4774">
    <p class='ocr_par' dir='ltr' id='par_1_101' title="bbox 2075 4694 3660 4774">
     <span class='ocr_line' id='line_1_102' title="bbox 2075 4694 3660 4774; baseline -0.009 -15"><span class='ocrx_word' id='word_1_674' title='bbox 2075 4713 2245 4759; x_wconf 90' lang='lat' dir='ltr'><strong>sunt:</strong></span> <span class='ocrx_word' id='word_1_675' title='bbox 2281 4703 2746 4774; x_wconf 86' lang='lat' dir='ltr'><strong>quemadmodum</strong></span> <span class='ocrx_word' id='word_1_676' title='bbox 2806 4717 3038 4772; x_wconf 87' lang='lat' dir='ltr'><strong>magnus</strong></span> <span class='ocrx_word' id='word_1_677' title='bbox 3091 4708 3147 4754; x_wconf 91' lang='lat' dir='ltr'><strong>et</strong></span> <span class='ocrx_word' id='word_1_678' title='bbox 3203 4694 3424 4752; x_wconf 89' lang='lat' dir='ltr'><strong>divinus</strong></span> <span class='ocrx_word' id='word_1_679' title='bbox 3480 4704 3660 4760; x_wconf 66' lang='lat' dir='ltr'><strong>prasco</strong></span> 
     </span>
    </p>
   </div>
   <div class='ocr_carea' id='block_1_102' title="bbox 2073 4787 3657 4859">
    <p class='ocr_par' dir='ltr' id='par_1_102' title="bbox 2073 4787 3657 4859">
     <span class='ocr_line' id='line_1_103' title="bbox 2073 4787 3657 4859; baseline -0.01 -9"><span class='ocrx_word' id='word_1_680' title='bbox 2073 4794 2273 4851; x_wconf 90' lang='lat' dir='ltr'><strong>Paulus</strong></span> <span class='ocrx_word' id='word_1_681' title='bbox 2309 4794 2597 4849; x_wconf 86' lang='lat' dir='ltr'><strong>confirmat</strong></span> <span class='ocrx_word' id='word_1_682' title='bbox 2620 4796 2666 4827; x_wconf 69' lang='grc'><strong><em>’³</em></strong></span> <span class='ocrx_word' id='word_1_683' title='bbox 2699 4813 2712 4846; x_wconf 89' lang='grc'>;</span> <span class='ocrx_word' id='word_1_684' title='bbox 2745 4811 2763 4843; x_wconf 79' lang='grc' dir='ltr'>ι</span> <span class='ocrx_word' id='word_1_685' title='bbox 2803 4793 3016 4853; x_wconf 84' lang='lat' dir='ltr'><strong>Nonne,</strong></span> <span class='ocrx_word' id='word_1_686' title='bbox 3052 4788 3254 4859; x_wconf 88' lang='lat' dir='ltr'><strong>inquit,</strong></span> <span class='ocrx_word' id='word_1_687' title='bbox 3288 4795 3480 4839; x_wconf 87' lang='lat' dir='ltr'><strong>omnes</strong></span> <span class='ocrx_word' id='word_1_688' title='bbox 3524 4787 3657 4834; x_wconf 89' lang='lat' dir='ltr'><strong>sunt</strong></span> 
     </span>
    </p>
   </div>
   <div class='ocr_carea' id='block_1_103' title="bbox 2072 4870 3658 4955">
    <p class='ocr_par' dir='ltr' id='par_1_103' title="bbox 2072 4870 3658 4955">
     <span class='ocr_line' id='line_1_104' title="bbox 2072 4870 3658 4955; baseline -0.009 -15"><span class='ocrx_word' id='word_1_689' title='bbox 2072 4885 2528 4942; x_wconf 87' lang='lat' dir='ltr'><strong>administraterii</strong></span> <span class='ocrx_word' id='word_1_690' title='bbox 2597 4883 2847 4955; x_wconf 91' lang='lat' dir='ltr'><strong>spiritus,</strong></span> <span class='ocrx_word' id='word_1_691' title='bbox 2910 4883 2966 4936; x_wconf 90' lang='lat' dir='ltr'><strong>in</strong></span> <span class='ocrx_word' id='word_1_692' title='bbox 3051 4881 3425 4936; x_wconf 83' lang='lat' dir='ltr'><strong>ministerium</strong></span> <span class='ocrx_word' id='word_1_693' title='bbox 3503 4870 3658 4929; x_wconf 88' lang='lat' dir='ltr'><strong>missi</strong></span> 
     </span>
    </p>
   </div>
   <div class='ocr_carea' id='block_1_104' title="bbox 1880 5300 2164 5366">
    <p class='ocr_par' dir='ltr' id='par_1_104' title="bbox 1880 5300 2164 5366">
     <span class='ocr_line' id='line_1_105' title="bbox 1880 5300 2164 5366; baseline -0.007 0"><span class='ocrx_word' id='word_1_694' title='bbox 1880 5300 2164 5366; x_wconf 85' lang='lat' dir='ltr'><strong>Scholia.</strong></span> 
     </span>
    </p>
   </div>
   <div class='ocr_carea' id='block_1_105' title="bbox 459 5451 1955 5525">
    <p class='ocr_par' dir='ltr' id='par_1_105' title="bbox 459 5451 1955 5525">
     <span class='ocr_line' id='line_1_106' title="bbox 459 5451 1955 5525; baseline 0 -19"><span class='ocrx_word' id='word_1_695' title='bbox 459 5455 481 5474; x_wconf 75' lang='grc'><strong>⁶</strong></span> <span class='ocrx_word' id='word_1_696' title='bbox 500 5451 782 5525; x_wconf 83' lang='lat' dir='ltr'><strong>Chrysost.</strong></span> <span class='ocrx_word' id='word_1_697' title='bbox 803 5454 960 5511; x_wconf 87' lang='lat' dir='ltr'><strong>Solus</strong></span> <span class='ocrx_word' id='word_1_698' title='bbox 992 5459 1145 5512; x_wconf 79' lang='lat' dir='ltr'><strong>homo</strong></span> <span class='ocrx_word' id='word_1_699' title='bbox 1173 5471 1236 5510; x_wconf 78' lang='lat' dir='ltr'><strong>ea:</strong></span> <span class='ocrx_word' id='word_1_700' title='bbox 1264 5456 1461 5525; x_wconf 82' lang='lat' dir='ltr'><strong>duplici</strong></span> <span class='ocrx_word' id='word_1_701' title='bbox 1497 5454 1795 5508; x_wconf 79' lang='lat' dir='ltr'><strong>substantia</strong></span> <span class='ocrx_word' id='word_1_702' title='bbox 1828 5469 1955 5507; x_wconf 85' lang='lat' dir='ltr'><strong>con-</strong></span> 
     </span>
    </p>
   </div>
   <div class='ocr_carea' id='block_1_106' title="bbox 385 5525 1954 5596">
    <p class='ocr_par' dir='ltr' id='par_1_106' title="bbox 385 5525 1954 5596">
     <span class='ocr_line' id='line_1_107' title="bbox 385 5525 1954 5596; baseline 0.001 -22"><span class='ocrx_word' id='word_1_703' title='bbox 385 5531 556 5596; x_wconf 61' lang='lat' dir='ltr'><strong>cretus</strong></span> <span class='ocrx_word' id='word_1_704' title='bbox 586 5534 700 5580; x_wconf 80' lang='lat' dir='ltr'><strong>est:</strong></span> <span class='ocrx_word' id='word_1_705' title='bbox 728 5535 921 5582; x_wconf 62' lang='lat' dir='ltr'><strong>cetera</strong></span> <span class='ocrx_word' id='word_1_706' title='bbox 948 5528 1126 5581; x_wconf 80' lang='lat' dir='ltr'><strong>omnia</strong></span> <span class='ocrx_word' id='word_1_707' title='bbox 1159 5536 1270 5580; x_wconf 89' lang='lat' dir='ltr'><strong>tum</strong></span> <span class='ocrx_word' id='word_1_708' title='bbox 1298 5525 1584 5596; x_wconf 86' lang='lat' dir='ltr'><strong>superioris</strong></span> <span class='ocrx_word' id='word_1_709' title='bbox 1607 5525 1812 5588; x_wconf 87' lang='lat' dir='ltr'><strong>mundi,</strong></span> <span class='ocrx_word' id='word_1_710' title='bbox 1842 5533 1954 5576; x_wconf 84' lang='lat' dir='ltr'><strong>tum</strong></span> 
     </span>
    </p>
   </div>
   <div class='ocr_carea' id='block_1_107' title="bbox 384 5593 1952 5664">
    <p class='ocr_par' dir='ltr' id='par_1_107' title="bbox 384 5593 1952 5664">
     <span class='ocr_line' id='line_1_108' title="bbox 384 5593 1952 5664; baseline 0.002 -20"><span class='ocrx_word' id='word_1_711' title='bbox 384 5593 650 5661; x_wconf 78' lang='lat' dir='ltr'><strong>inferioris</strong></span> <span class='ocrx_word' id='word_1_712' title='bbox 699 5597 951 5651; x_wconf 83' lang='lat' dir='ltr'><strong>similiter</strong></span> <span class='ocrx_word' id='word_1_713' title='bbox 984 5611 1048 5650; x_wconf 83' lang='lat' dir='ltr'><strong>ea:</strong></span> <span class='ocrx_word' id='word_1_714' title='bbox 1096 5614 1203 5651; x_wconf 87' lang='lat' dir='ltr'><strong>una</strong></span> <span class='ocrx_word' id='word_1_715' title='bbox 1241 5593 1446 5650; x_wconf 81' lang='lat' dir='ltr'><strong>tantum</strong></span> <span class='ocrx_word' id='word_1_716' title='bbox 1489 5595 1746 5664; x_wconf 83' lang='lat' dir='ltr'><strong>producta</strong></span> <span class='ocrx_word' id='word_1_717' title='bbox 1787 5603 1952 5648; x_wconf 83' lang='lat' dir='ltr'><strong>sunt:</strong></span> 
     </span>
    </p>
   </div>
   <div class='ocr_carea' id='block_1_108' title="bbox 384 5665 1950 5750">
    <p class='ocr_par' dir='ltr' id='par_1_108' title="bbox 384 5665 1950 5750">
     <span class='ocr_line' id='line_1_109' title="bbox 384 5665 1950 5750; baseline 0.001 -36"><span class='ocrx_word' id='word_1_718' title='bbox 384 5666 670 5750; x_wconf 52' lang='lat' dir='ltr'><strong>superioris</strong></span> <span class='ocrx_word' id='word_1_719' title='bbox 709 5667 919 5748; x_wconf 73' lang='lat' dir='ltr'><strong>quidem</strong></span> <span class='ocrx_word' id='word_1_720' title='bbox 969 5668 1297 5750; x_wconf 63' lang='lat' dir='ltr'><strong>incorporea,</strong></span> <span class='ocrx_word' id='word_1_721' title='bbox 1321 5665 1624 5750; x_wconf 49' lang='lat' dir='ltr'><strong>&quot;inferioris.</strong></span> <span class='ocrx_word' id='word_1_722' title='bbox 1649 5681 1950 5750; x_wconf 67' lang='lat' dir='ltr'><strong>_corporea,</strong></span> 
     </span>
    </p>
   </div>
   <div class='ocr_carea' id='block_1_109' title="bbox 385 5733 1952 5805">
    <p class='ocr_par' dir='ltr' id='par_1_109' title="bbox 385 5733 1952 5805">
     <span class='ocr_line' id='line_1_110' title="bbox 385 5733 1952 5805; baseline 0.001 -23"><span class='ocrx_word' id='word_1_723' title='bbox 385 5733 676 5797; x_wconf 79' lang='lat' dir='ltr'><strong>sensibilia,</strong></span> <span class='ocrx_word' id='word_1_724' title='bbox 722 5733 962 5804; x_wconf 84' lang='lat' dir='ltr'><strong>inquam,</strong></span> <span class='ocrx_word' id='word_1_725' title='bbox 1013 5747 1060 5789; x_wconf 84' lang='lat' dir='ltr'><strong>et</strong></span> <span class='ocrx_word' id='word_1_726' title='bbox 1107 5733 1482 5805; x_wconf 80' lang='lat' dir='ltr'><strong>intelligibilia.</strong></span> <span class='ocrx_word' id='word_1_727' title='bbox 1517 5761 1576 5776; x_wconf 87' lang='lat'><strong>--</strong></span> <span class='ocrx_word' id='word_1_728' title='bbox 1608 5733 1952 5805; x_wconf 24' lang='lat' dir='ltr'><strong>ldemalior-</strong></span> 
     </span>
    </p>
   </div>
   <div class='ocr_carea' id='block_1_110' title="bbox 387 5803 1954 5876">
    <p class='ocr_par' dir='ltr' id='par_1_110' title="bbox 387 5803 1954 5876">
     <span class='ocr_line' id='line_1_111' title="bbox 387 5803 1954 5876; baseline -0.001 -19"><span class='ocrx_word' id='word_1_729' title='bbox 387 5817 506 5870; x_wconf 79' lang='lat' dir='ltr'><strong>pus,</strong></span> <span class='ocrx_word' id='word_1_730' title='bbox 547 5805 748 5875; x_wconf 85' lang='lat' dir='ltr'><strong>anima,</strong></span> <span class='ocrx_word' id='word_1_731' title='bbox 794 5803 847 5861; x_wconf 80' lang='lat' dir='ltr'><strong>et</strong></span> <span class='ocrx_word' id='word_1_732' title='bbox 892 5809 1128 5876; x_wconf 77' lang='lat' dir='ltr'><strong>spiritus.</strong></span> <span class='ocrx_word' id='word_1_733' title='bbox 1162 5803 1396 5863; x_wconf 70' lang='lat' dir='ltr'><strong>Meminit</strong></span> <span class='ocrx_word' id='word_1_734' title='bbox 1434 5813 1611 5859; x_wconf 79' lang='lat' dir='ltr'><strong>autem</strong></span> <span class='ocrx_word' id='word_1_735' title='bbox 1663 5814 1711 5857; x_wconf 83' lang='lat' dir='ltr'><strong>et</strong></span> <span class='ocrx_word' id='word_1_736' title='bbox 1759 5803 1954 5871; x_wconf 75' lang='lat' dir='ltr'><strong>Moses,</strong></span> 
     </span>
    </p>
   </div>
   <div class='ocr_carea' id='block_1_111' title="bbox 2057 5443 3653 5522">
    <p class='ocr_par' dir='ltr' id='par_1_111' title="bbox 2057 5443 3653 5522">
     <span class='ocr_line' id='line_1_112' title="bbox 2057 5443 3653 5522; baseline -0.004 -16"><span class='ocrx_word' id='word_1_737' title='bbox 2057 5454 2288 5522; x_wconf 82' lang='lat' dir='ltr'><strong>corporis</strong></span> <span class='ocrx_word' id='word_1_738' title='bbox 2324 5449 2704 5522; x_wconf 12' lang='lat' dir='ltr'><strong>quidemidmn</strong></span> <span class='ocrx_word' id='word_1_739' title='bbox 2729 5449 2826 5510; x_wconf 73' lang='lat' dir='ltr'><strong>ait,</strong></span> <span class='ocrx_word' id='word_1_740' title='bbox 2857 5467 2874 5500; x_wconf 70' lang='grc' dir='ltr'><strong><em>ι</em></strong></span> <span class='ocrx_word' id='word_1_741' title='bbox 2901 5446 3167 5522; x_wconf 72' lang='lat' dir='ltr'><strong>Formavit</strong></span> <span class='ocrx_word' id='word_1_742' title='bbox 3191 5455 3370 5522; x_wconf 59' lang='lat' dir='ltr'><strong>autem</strong></span> <span class='ocrx_word' id='word_1_743' title='bbox 3395 5443 3653 5522; x_wconf 76' lang='lat' dir='ltr'><strong>Dominus</strong></span> 
     </span>
    </p>
   </div>
   <div class='ocr_carea' id='block_1_112' title="bbox 2057 5514 3646 5588">
    <p class='ocr_par' dir='ltr' id='par_1_112' title="bbox 2057 5514 3646 5588">
     <span class='ocr_line' id='line_1_113' title="bbox 2057 5514 3646 5588; baseline -0.004 -13"><span class='ocrx_word' id='word_1_744' title='bbox 2057 5514 2196 5576; x_wconf 83' lang='lat' dir='ltr'><strong>Deus</strong></span> <span class='ocrx_word' id='word_1_745' title='bbox 2224 5514 2486 5575; x_wconf 68' lang='lat' dir='ltr'><strong>hominem</strong></span> <span class='ocrx_word' id='word_1_746' title='bbox 2536 5521 2600 5574; x_wconf 84' lang='lat' dir='ltr'><strong>de</strong></span> <span class='ocrx_word' id='word_1_747' title='bbox 2658 5519 2784 5573; x_wconf 89' lang='lat' dir='ltr'><strong>limo</strong></span> <span class='ocrx_word' id='word_1_748' title='bbox 2809 5527 2965 5574; x_wconf 77' lang='lat' dir='ltr'><strong>terra:</strong></span> <span class='ocrx_word' id='word_1_749' title='bbox 2993 5519 3144 5588; x_wconf 84' lang='lat' dir='ltr'><strong>(Gen.</strong></span> <span class='ocrx_word' id='word_1_750' title='bbox 3169 5533 3227 5579; x_wconf 82' lang='lat' dir='ltr'><strong>ll,</strong></span> <span class='ocrx_word' id='word_1_751' title='bbox 3258 5517 3346 5584; x_wconf 87' lang='lat'><strong>7);</strong></span> <span class='ocrx_word' id='word_1_752' title='bbox 3380 5534 3399 5588; x_wconf 61' lang='grc' dir='ltr'><strong>ρ</strong></span> <span class='ocrx_word' id='word_1_753' title='bbox 3429 5514 3646 5588; x_wconf 58' lang='lat' dir='ltr'><strong>animm,</strong></span> 
     </span>
    </p>
   </div>
   <div class='ocr_carea' id='block_1_113' title="bbox 2054 5584 3650 5659">
    <p class='ocr_par' dir='ltr' id='par_1_113' title="bbox 2054 5584 3650 5659">
     <span class='ocr_line' id='line_1_114' title="bbox 2054 5584 3650 5659; baseline -0.006 -14"><span class='ocrx_word' id='word_1_754' title='bbox 2054 5593 2146 5657; x_wconf 86' lang='lat' dir='ltr'><strong>ibi,</strong></span> <span class='ocrx_word' id='word_1_755' title='bbox 2179 5610 2199 5644; x_wconf 69' lang='grc' dir='ltr'>ς</span> <span class='ocrx_word' id='word_1_756' title='bbox 2233 5589 2518 5646; x_wconf 82' lang='lat' dir='ltr'><strong>Faciamus</strong></span> <span class='ocrx_word' id='word_1_757' title='bbox 2546 5591 2809 5643; x_wconf 87' lang='lat' dir='ltr'><strong>hominem</strong></span> <span class='ocrx_word' id='word_1_758' title='bbox 2846 5589 2915 5642; x_wconf 82' lang='lat' dir='ltr'><strong>ad</strong></span> <span class='ocrx_word' id='word_1_759' title='bbox 2941 5584 3237 5659; x_wconf 2' lang='lat' dir='ltr'><strong>imaginem,</strong></span> <span class='ocrx_word' id='word_1_760' title='bbox 3262 5597 3310 5640; x_wconf 88' lang='lat' dir='ltr'><strong>et</strong></span> <span class='ocrx_word' id='word_1_761' title='bbox 3342 5584 3650 5659; x_wconf 54' lang='lat' dir='ltr'><strong>similitudi-</strong></span> 
     </span>
    </p>
   </div>
   <div class='ocr_carea' id='block_1_114' title="bbox 2054 5655 3647 5728">
    <p class='ocr_par' dir='ltr' id='par_1_114' title="bbox 2054 5655 3647 5728">
     <span class='ocr_line' id='line_1_115' title="bbox 2054 5655 3647 5728; baseline -0.006 -13"><span class='ocrx_word' id='word_1_762' title='bbox 2054 5655 2174 5716; x_wconf 82' lang='lat' dir='ltr'><strong>nem</strong></span> <span class='ocrx_word' id='word_1_763' title='bbox 2214 5670 2475 5716; x_wconf 87' lang='lat' dir='ltr'><strong>nostram.</strong></span> <span class='ocrx_word' id='word_1_764' title='bbox 2511 5681 2528 5712; x_wconf 76' lang='grc' dir='ltr'><strong><em>ι</em></strong></span> <span class='ocrx_word' id='word_1_765' title='bbox 2567 5661 2723 5727; x_wconf 82' lang='lat' dir='ltr'><strong>(Gen.</strong></span> <span class='ocrx_word' id='word_1_766' title='bbox 2752 5659 2900 5726; x_wconf 74' lang='lat' dir='ltr'><strong>I,‘26)</strong></span> <span class='ocrx_word' id='word_1_767' title='bbox 2927 5655 3156 5728; x_wconf 76' lang='lat' dir='ltr'><strong>Spiritus</strong></span> <span class='ocrx_word' id='word_1_768' title='bbox 3204 5657 3292 5717; x_wconf 82' lang='lat' dir='ltr'><strong>ibi,</strong></span> <span class='ocrx_word' id='word_1_769' title='bbox 3324 5676 3342 5728; x_wconf 59' lang='grc' dir='ltr'><em>ᾳ</em></span> <span class='ocrx_word' id='word_1_770' title='bbox 3377 5657 3442 5710; x_wconf 87' lang='lat' dir='ltr'><strong>Et</strong></span> <span class='ocrx_word' id='word_1_771' title='bbox 3478 5655 3647 5728; x_wconf 67' lang='lat' dir='ltr'><strong>inspi-</strong></span> 
     </span>
    </p>
   </div>
   <div class='ocr_carea' id='block_1_115' title="bbox 2055 5724 3644 5805">
    <p class='ocr_par' dir='ltr' id='par_1_115' title="bbox 2055 5724 3644 5805">
     <span class='ocr_line' id='line_1_116' title="bbox 2055 5724 3644 5805; baseline -0.008 -17"><span class='ocrx_word' id='word_1_772' title='bbox 2055 5735 2187 5788; x_wconf 82' lang='lat' dir='ltr'><strong>ravit</strong></span> <span class='ocrx_word' id='word_1_773' title='bbox 2213 5734 2266 5788; x_wconf 85' lang='lat' dir='ltr'><strong>in</strong></span> <span class='ocrx_word' id='word_1_774' title='bbox 2298 5733 2485 5805; x_wconf 85' lang='lat' dir='ltr'><strong>[aciem</strong></span> <span class='ocrx_word' id='word_1_775' title='bbox 2517 5724 2628 5803; x_wconf 75' lang='lat' dir='ltr'><strong>ejus</strong></span> <span class='ocrx_word' id='word_1_776' title='bbox 2676 5724 3002 5802; x_wconf 78' lang='lat' dir='ltr'><strong>spiraculum</strong></span> <span class='ocrx_word' id='word_1_777' title='bbox 3048 5732 3182 5784; x_wconf 67' lang='lat' dir='ltr'><strong>vim.</strong></span> <span class='ocrx_word' id='word_1_778' title='bbox 3229 5746 3244 5776; x_wconf 77' lang='grc' dir='ltr'><strong>ι</strong></span> <span class='ocrx_word' id='word_1_779' title='bbox 3281 5727 3434 5794; x_wconf 79' lang='lat' dir='ltr'><strong>(Gen.</strong></span> <span class='ocrx_word' id='word_1_780' title='bbox 3461 5741 3520 5786; x_wconf 86' lang='lat' dir='ltr'><strong>ll,</strong></span> <span class='ocrx_word' id='word_1_781' title='bbox 3553 5724 3644 5790; x_wconf 63' lang='grc' dir='ltr'><strong>Ἰ..)</strong></span> 
     </span>
    </p>
   </div>
  </div>
