4102 6200
438 302 545 367 763

1676 286 2021 353 PHILIPPI
2062 284 2456 347 SOLITARII

3589 275 3697 341 τδι

441 421 669 488 propter
716 424 813 467 eos
855 407 950 479 qui
1011 405 1388 461 baereditatem
1448 406 1669 477 capient
1727 401 1967 463 salutis?
1992 420 2010 452 ι
2052 404 2089 459 Α
2119 411 2187 488 cx
2221 394 2403 449 anima
2459 390 2722 447 nimirum
2755 397 2812 488 et
2846 403 3335 488 corpore,__corpus
3360 387 3543 488 priore
3575 389 3694 447 loco

444 508 514 562 Et
566 503 905 560 Salvatorem
946 499 1235 555 docentem
1275 499 1405 554 andi
1440 517 1454 553 :
1496 518 1513 550 ‹
1543 498 1760 562 Videte,
1814 495 2015 567 inquit,

444 614 517 653 ne
546 592 915 650 contemnatis
945 605 1114 645 unum
1146 591 1214 647 de
1248 591 1463 662 pusillis
1491 591 1633 646 istis.
1659 590 1794 650 Nam
1824 605 2017 649 eorum

450 685 630 757 angeli
660 697 878 751 semper
907 680 1099 737 vident
1126 680 1320 737 faciem
1338 682 1520 741 Patris
1547 682 1656 743 mei
1683 681 1751 746 ",
1777 681 1865 735 cui
1895 694 2018 738 cum

445 786 681 830 tremore
713 772 977 827 assistunt
1003 775 1047 829 ‘.

520 868 751 935 Propter
784 866 902 923 haec
942 865 1209 920 mundum
1250 866 1401 919 hunc
1453 864 1609 937 prius
1656 862 1936 936 produxit,
1969 869 2024 917 et

444 957 619 1012 veluti
653 957 921 1026 palatium
962 955 1185 1027 aliquod
1222 957 1320 1012 tibi
1372 955 1629 1025 subjecit.
1660 954 1896 1010 Mundus
1921 969 2018 1008 au-

445 1060 555 1107 tem
594 1066 625 1105 e
660 1061 902 1120 quatuor
936 1050 1228 1113 elementis
1262 1049 1603 1120 compositus
1639 1057 1695 1104 et
1733 1064 2026 1118 coagmen-

447 1150 592 1196 tatus
623 1150 878 1211 est,quai
929 1141 1045 1211 ipse
1098 1140 1247 1196 Deus
1282 1141 1431 1194 nulla
1491 1140 1732 1211 subjecta
1798 1140 2025 1199 materia

445 1232 655 1286 creavit
685 1249 697 1285 :
724 1247 790 1286 ex
822 1231 929 1295 his,
957 1230 1204 1300 inquam,
1236 1229 1499 1285 mundum
1528 1230 1697 1284 verbo
1730 1228 2027 1293 fabricatus

447 1327 553 1374 est.
582 1321 826 1375 Primum
872 1328 929 1374 et
976 1335 1251 1374 summum
1303 1320 1638 1376 elementum
1693 1327 1776 1374 est
1832 1320 2024 1387 mther,

449 1412 563 1465 sive
598 1412 761 1482 ignis,
793 1412 880 1466 cui
912 1411 1102 1466 subest
1137 1427 1251 1474 aer,
1284 1419 1341 1466 et
1381 1411 1512 1466 huic
1543 1426 1687 1482 aqua
1728 1428 1743 1466 :
1776 1410 2025 1475 infimum

448 1502 630 1557 locum
684 1513 828 1557 terra
879 1504 1114 1559 obtinet.
1148 1504 1377 1574 Reliqua
1422 1503 1657 1575 singula,
1684 1513 1741 1560 et
1786 1504 2029 1576 particu-

449 1593 610 1657 laria,
643 1604 999 1664 quotcunque
1055 1607 1111 1651 et
1160 1596 1561 1667 qualiacunque
1611 1605 1758 1661 sunt,
1814 1595 2028 1651 minora

450 1689 510 1735 et
544 1683 768 1753 majora,
798 1683 1300 1756 hestiae,jumenta,
1334 1685 1556 1755 stirpes,
1589 1686 1868 1755 reptilium
1931 1700 2026 1758 ge-

2122 486 2319 551 fortnat
2352 500 2419 540 ex
2448 492 2687 555 quatuor
2707 480 3340 553 primiscorporibus,ex
3370 480 3517 556 igne,
3545 496 3691 546 aere,

2122 590 2267 635 terra
2326 588 2383 633 ct
2424 593 2565 648 aqua
2602 591 2616 631 :
2652 592 2720 633 ex
2750 575 2927 631 calido
2958 575 3088 629 item
3126 582 3181 629 et
3221 573 3441 644 frigido,
3472 573 3696 631 humido

2121 666 2175 725 et
2204 670 2373 731 sicco,
2397 680 2463 721 ex
2490 666 2777 737 sanguine,
2801 665 3135 736 phlegmate,
3162 663 3298 719 (lava
3324 671 3380 718 et
3406 673 3524 717 atra
3562 663 3693 727 bile,

2122 775 2330 830 perque
2363 759 2583 820 horum,
2615 766 2669 811 et
2694 771 2761 812 ex
2806 756 3004 810 horum
3065 764 3302 825 quatuor
3332 753 3694 824 quaternione

2122 864 2343 904 carnem
2380 847 2536 903 lictor
2575 847 2665 902 ille
2723 845 2898 917 lingit.
2955 845 3151 901 Postea
3177 845 3418 900 animam
3470 861 3690 915 quoque

2125 940 2376 1010 inspirat.
2444 938 2681 1008 lnspirat
2732 946 2916 992 autem
2964 936 3108 992 unde
3157 936 3296 1001 vult,
3328 944 3468 991 etut
3495 936 3693 992 melius

2124 1032 2296 1091 novit,
2332 1045 2441 1085 non
2470 1046 2536 1085 ex
2592 1018 2881 1085 elementis
2934 1036 2996 1083 ut
3040 1038 3242 1084 caetera
3283 1032 3691 1084 cohaerentem:

2126 1122 2242 1184 sed,
2273 1131 2331 1176 ut
2350 1137 2516 1192 supra
2539 1121 2674 1186 dixi,
2696 1122 2765 1176 de
2791 1135 3161 1191 supernorum
3188 1135 3252 1176 ac
3275 1120 3579 1176 cmlestium
3606 1135 3698 1175 or-

2127 1216 2279 1279 dine,
2314 1215 2769 1284 conditioneque,
2821 1215 3209 1279 immortalem,
3251 1215 3693 1285 incompositam,

2127 1307 2454 1377 simplicem,
2487 1316 2543 1361 et
2569 1306 2835 1369 divinam,
2870 1320 3121 1376 supernae
3163 1304 3467 1359 nobilitatis
3482 1304 3701 1373 angelo-

2129 1415 2249 1453 rum
2284 1399 2629 1469 participem,
2657 1406 2713 1454 et
2748 1397 2817 1453 ad
2848 1397 2971 1453 illos
3013 1397 3220 1452 amoris
3260 1395 3535 1452 desiderio
3563 1410 3698 1450 con-

2134 1490 2470 1554 tendentem,
2522 1504 2837 1560 quanquam
2888 1489 3043 1545 carni
3098 1488 3257 1552 mihi,
3320 1487 3578 1542 deorsum
3643 1496 3695 1542 te

2132 1581 2369 1637 trahenti
2408 1580 2624 1651 alligata
2649 1595 2730 1637 es.
2764 1579 2838 1637 Ut
2900 1595 3025 1636 cum
3058 1581 3262 1636 luctata
3283 1591 3472 1635 contra
3495 1578 3701 1648 princi-

2131 1689 2228 1744 pes
2257 1673 2631 1735 tenebrarum,
2663 1688 2918 1742 superna:
2960 1673 3145 1743 gloriae
3174 1670 3549 1726 haereditatem
3578 1684 3701 1724 sor-

450 1786 607 1840 nera,
656 1775 1009 1830 arbustorum
1064 1777 1337 1847 germina,
1367 1786 1423 1832 et
1455 1777 1752 1831 herbarum
1791 1776 2023 1842 semina,

2135 1767 2231 1822 tita
2291 1765 2463 1820 fueris
2497 1764 2567 1832 ⁸⁸,
2606 1764 2846 1835 indeque
2901 1762 3264 1819 certaminum
3297 1760 3584 1832 prtemium
3615 1775 3703 1814 ac-

452 1864 732 1935 dcinceps,
785 1875 849 1921 ut
905 1882 1135 1937 magnus
1174 1877 1230 1923 et
1280 1867 1718 1939 sapientissimus
1765 1883 2026 1939 superum

452 1964 508 2009 et
548 1955 786 2011 inferum
822 1958 1007 2028 Opifex
1047 1960 1349 2023 mandavit,
1380 1976 1447 2015 ex
1476 1960 1768 2015 elementis
1802 1968 2027 2015 exstan-

454 2046 603 2103 tibus
654 2050 1002 2119 prodierunt.
1047 2049 1342 2121 Postquam
1390 2065 1523 2107 vero
1562 2050 1829 2105 mundum
1882 2051 2032 2104 hunc

452 2139 768 2197 inferiorem
800 2144 1221 2207 consummavit,
1250 2153 1529 2214 postremo
1563 2145 1686 2199 loco
1724 2143 2028 2209 hominem,

457 2238 518 2285 ut
548 2230 698 2286 illius
758 2231 1066 2303 principem
1118 2232 1390 2298 futurum,
1424 2233 1689 2288 condidit.
1731 2230 1842 2286 Nec
1882 2232 2029 2286 enim

456 2322 612 2391 prius
646 2337 834 2394 regem
871 2325 1063 2379 venire
1118 2325 1432 2396 oportebat,
1458 2341 1617 2394 quam
1678 2324 1731 2379 ei
1775 2323 2031 2379 taberna-

453 2415 639 2468 culum
689 2422 747 2470 ct
801 2414 1165 2482 domicilium,
1212 2428 1269 2473 et
1331 2418 1533 2488 quibus
1592 2428 1794 2490 egeret,
1848 2424 2033 2474 essent

455 2506 754 2560 constituta
787 2523 802 2560 :
835 2507 931 2561 sed
982 2508 1243 2577 palatium
1296 2508 1705 2577 paratissimum
1742 2525 1866 2565 esse
1900 2524 2034 2565 con-

456 2594 738 2657 veniebat,
768 2604 823 2649 et
861 2597 1046 2651 omnia
1083 2596 1327 2660 demum,
1357 2612 1481 2667 qum
1513 2612 1646 2653 usus
1695 2607 1753 2653 et
1784 2613 2030 2655 commo-

457 2685 603 2740 ditas
637 2687 1004 2756 postularent,
1037 2698 1093 2743 et
1128 2689 1201 2742 ita
1238 2704 1365 2744 eum
1408 2689 1638 2745 intrare.
1670 2690 1953 2760 Siquidem
1976 2698 2034 2746 et

458 2775 686 2830 herbam
728 2786 855 2832 ante
886 2794 1050 2848 quam
1084 2780 1325 2849 pecudes
1378 2782 1709 2849 procreavit.
1737 2780 1806 2836 Ut
1834 2781 1879 2836 si
1909 2781 2037 2852 quis

460 2866 691 2936 insignis
728 2869 1122 2937 paterfamilias
1171 2871 1347 2925 amico
1385 2880 1441 2926 et
1470 2872 1654 2926 vicino
1684 2887 1786 2927 suo
1826 2873 2036 2942 magni-

462 2958 628 3013 ﬁcum
685 2960 909 3029 epulum
961 2970 1301 3031 appararet:
1337 2977 1401 3017 ac
1433 2962 1707 3031 principio
1757 2962 1930 3018 vitulo
1978 2971 2036 3017 et

464 3049 637 3102 tauris
698 3049 949 3105 mactatis
1003 3051 1283 3105 esculenta
1324 3066 1388 3105 ac
1451 3053 1741 3121 poculenta
1792 3061 2009 3123 pararet

461 3155 815 3211 mensamque
853 3142 1194 3198 instrueret:
1230 3143 1430 3199 deinde
1467 3144 1704 3198 amicum
1741 3145 2034 3199 convivam

462 3232 862 3296 introduceret,
887 3235 981 3305 qui
1030 3235 1355 3291 lautissimis
1378 3236 1488 3290 illis
1505 3236 1687 3307 epulis
1709 3237 2035 3307 deliciisque

461 3336 523 3378 se
578 3324 845 3393 expleret.
874 3324 1084 3395 Itaque,
1147 3325 1291 3379 sicut
1321 3325 1454 3391 dixi,
1481 3324 1557 3379 ita
1612 3324 1812 3379 factum
1851 3337 1956 3389 est,
1984 3334 2042 3380 et

462 3415 824 3471 universitate
885 3417 1132 3484 condita,
1161 3419 1400 3489 primum
1458 3416 1644 3471 fictum
1690 3426 1775 3471 est
1815 3431 2037 3485 corpus,

461 3509 810 3579 postmodum
847 3510 1050 3575 anima,
1083 3524 1209 3580 pars
1230 3508 1473 3563 hominis
1503 3507 1850 3578 praestantior
1884 3522 2039 3561 crea—

464 3612 518 3658 ta
544 3611 647 3657 est.
678 3603 837 3657 Prius
884 3603 1096 3657 exstitit
1136 3602 1283 3672 quod
1316 3600 1513 3665 servit,
1568 3600 1849 3669 posterius
1891 3599 2039 3669 quod

465 3693 700 3764 imperat
721 3697 782 3748 ".

534 3783 877 3853 Sapientium
935 3790 990 3837 et
1045 3784 1395 3852 antiquorum
1456 3785 1840 3855 magistrorum
1893 3781 2041 3835 ratio

463 3874 713 3946 quaedam
748 3890 843 3930 seu
903 3874 1155 3930 doctrina
1189 3886 1293 3941 est,
1329 3877 1475 3947 quod
1504 3886 1728 3947 propter
1760 3874 1909 3928 aliud
1957 3874 2038 3941 ﬁt,

463 3967 735 4039 quidquid
766 3967 901 4022 illud
933 3968 1084 4022 aliud
1131 3967 1352 4023 tandem
1383 3969 1475 4035 sit,
1511 3967 1742 4022 inferius
1773 3981 1893 4021 esse
1922 3965 2037 4032 illo,

464 4066 692 4129 propter
719 4058 868 4129 quod
904 4058 1157 4114 subsistit
1186 4077 1199 4110 :
1238 4060 1403 4129 idque
1450 4067 1578 4113 ante
1617 4059 1756 4113 alios
1781 4058 2038 4113 Salvator

464 4151 627 4206 docet
657 4168 671 4205 :
709 4168 729 4203 ι
757 4151 951 4207 Nonne
979 4152 1184 4220 anima,
1205 4153 1405 4223 inquit,
1433 4154 1557 4223 plus
1584 4162 1855 4223 estquam
1889 4167 2037 4219 esca,

464 4251 520 4297 et
549 4256 752 4312 corpus
780 4242 1086 4312 plusquam
1113 4244 1521 4299 vestimentum.
1540 4243 1632 4297 9‘?
1662 4263 1680 4295 ι
1706 4243 1865 4299 Nullo
1887 4244 2037 4299 enim

464 4332 632 4387 modo
688 4333 867 4389 anima
919 4343 1142 4405 propter
1200 4351 1402 4398 escam,
1445 4352 1549 4392 nec
1581 4351 1784 4406 corpus
1809 4345 2038 4407 propter

463 4424 854 4482 vestimentum
914 4426 1210 4481 formatum
1266 4437 1394 4483 est:
1433 4428 1564 4497 quin
1607 4439 1799 4483 contra
1830 4426 2033 4498 potius,

2017 3094 2031 3119 ’
2062 3096 2106 3155 C

2129 1858 2341 1928 ceperis
2370 1859 2452 1929 (ut
2477 1872 2599 1928 quae
2624 1856 2830 1912 bonum
2857 1855 2975 1929 ipsa
3007 1855 3261 1927 elegeris,
3294 1863 3355 1909 et
3382 1868 3492 1907 non
3527 1868 3560 1907 a
3588 1853 3698 1908 Deo

2129 1949 2390 2017 tantum),
2441 1947 2763 2019 opitulatrix
2793 1956 2850 2005 et
2903 1946 3141 2019 adiutrix
3178 1945 3394 2001 ancillae
3437 1956 3543 2000 tua:
3600 1960 3698 2014 ap-

2127 2057 2344 2112 pareas,
2372 2052 2428 2097 et
2456 2042 2544 2098 hic
2596 2041 2737 2097 infra
2781 2048 3111 2105 morantem,
3146 2038 3213 2095 ad
3263 2053 3491 2110 superos
3525 2048 3701 2093 tecum

2131 2136 2356 2199 evehas,
2389 2144 2445 2190 et
2492 2135 2598 2191 hoc
2644 2124 2812 2191 onere
2860 2135 3126 2202 levatam,
3155 2148 3244 2188 me
3278 2147 3575 2204 pauperem
3605 2131 3702 2185 de-

2131 2227 2565 2297 spicabilemque
2613 2241 2936 2282 conservam
2991 2237 3048 2281 et
3096 2224 3401 2296 σύντροφον
3452 2232 3600 2279 tuam
3635 2223 3702 2279 ad

2130 2320 2302 2375 Deum
2363 2335 2471 2375 una
2522 2320 2863 2384 introducas,
2899 2318 3491 2387 contubernalemque.
3524 2328 3579 2371 et
3620 2317 3703 2370 in-

2133 2413 2414 2470 dividuam
2458 2414 2718 2469 comitem
2773 2428 2881 2477 me,
2909 2422 2967 2469 et
3005 2413 3181 2468 civem
3221 2425 3412 2466 eorum
3452 2408 3545 2480 qui
3595 2408 3705 2464 illic

2133 2520 2308 2560 aevum
2338 2502 2565 2575 agitant,
2603 2503 2854 2574 quamvis
2877 2503 3154 2574 indignam
3182 2501 3407 2557 habeas.
3441 2501 3700 2572 Reginam

2137 2604 2190 2651 te
2241 2595 2393 2662 fecit,
2425 2610 2512 2651 me
2565 2605 2747 2651 autem
2811 2603 2870 2650 ut
2912 2594 3214 2661 subditam,
3243 2594 3575 2658 ministram,
3626 2593 3706 2649 fa-

2134 2687 2338 2741 mulam
2369 2729 2383 2753 ,
2423 2686 2604 2742 alieno
2662 2686 2892 2741 arbitrio
2941 2686 3266 2758 subiectam,
3293 2685 3566 2740 ancillam.
3598 2684 3696 2749 En,

2135 2778 2282 2849 quod
2305 2777 2591 2848 quaerebas
2618 2778 2843 2833 dissolvi
2876 2795 2889 2831 :
2925 2777 3200 2849 quomodo
3232 2792 3452 2847 nempe.
3485 2777 3698 2833 tametsi

2136 2876 2347 2924 natura;
2420 2868 2709 2924 nobilitate
2758 2869 2911 2939 prior
2966 2883 3057 2923 me
3130 2867 3240 2934 sis,
3300 2867 3549 2939 mihique
3604 2868 3700 2924 ho-

2138 2974 2275 3015 nore
2304 2969 2360 3014 et
2392 2960 2722 3016 excellentia
2750 2969 3009 3027 antestes,
3043 2975 3153 3016 non
3190 2967 3371 3016 tamen
3400 2960 3551 3030 prior
3587 2975 3707 3033 pro-

2138 3060 2321 3108 creata
2354 3051 2453 3108 sis.

2764 3166 2992 3223 CAPUT
3023 3167 3091 3225 γ.

2149 3253 2275 3311 Uter
2298 3256 2770 3331 protoplastorum,
2796 3267 2845 3310 et
2866 3269 2988 3312 utra
3019 3275 3145 3331 pars
3181 3258 3374 3314 anima:
3396 3261 3566 3331 potius
3589 3277 3708 3330 pec-

2213 3325 2372 3402 carit.
2411 3325 2680 3399 Superbia:
2725 3325 3029 3396 detestatio,
3051 3330 3199 3396 cujus
3251 3325 3433 3384 auctor
3472 3339 3522 3385 et
3568 3325 3709 3402 origo

2216 3395 2443 3468 Lucifer.

2211 3512 2407 3566 Amata.
2464 3511 2647 3566 Etiam
2709 3511 2815 3567 hoc
2880 3511 3169 3583 quaesitum
3252 3513 3386 3567 satis
3441 3526 3711 3582 superque

2143 3602 2380 3659 solvisti.
2429 3603 2699 3670 Quoniam
2754 3620 2885 3659 vero
2935 3603 3069 3658 mihi
3120 3604 3414 3674 imperium
3475 3603 3714 3659 auctori-

2142 3701 2443 3764 tatemque,
2478 3695 2577 3750 tibi
2626 3695 3023 3765 subiectionem
3057 3706 3109 3750 et
3146 3696 3327 3749 looum
3383 3696 3591 3751 ancilla:
3617 3696 3714 3750 tri-

2142 3784 2291 3850 bnis,
2332 3784 2464 3840 hinc
2506 3788 2616 3858 jam
2676 3787 2783 3842 hoc
2827 3800 3049 3856 quoque
3103 3795 3302 3855 prmter
3346 3787 3451 3840 alia
3505 3787 3714 3841 dissere

2141 3889 2206 3929 ac
2231 3873 2388 3929 doce.
2415 3875 2609 3931 Utrius
2659 3876 3123 3947 protoplastorum
3158 3876 3212 3930 in
3246 3876 3503 3931 mandato
3535 3887 3711 3933 trans-

2140 3967 2439 4028 grediendo
2507 3968 2768 4023 delictum
2830 3969 3000 4038 magis
3038 3966 3164 4022 fuit.
3215 3967 3285 4021 Et
3354 3976 3477 4022 uter
3535 3967 3717 4038 potius

2142 4060 2410 4129 peccavit,
2449 4060 2678 4131 spiritus
2727 4059 3107 4130 intelligentiae
3164 4074 3410 4129 compos,
3470 4076 3538 4114 an
3589 4073 3716 4130 pars

2144 4151 2200 4205 in
2252 4167 2360 4222 qua
2406 4168 2519 4207 non
2577 4151 2723 4208 inest
2769 4150 2928 4206 ratio.
2969 4149 3333 4206 Vehementer
3391 4150 3534 4205 scire
3580 4150 3719 4205 istuc

2143 4242 2327 4312 cupio.

2215 4333 2381 4390 Cano.
2411 4333 2655 4391 DilIicilis
2696 4342 2781 4390 est
2816 4344 2906 4389 tua
2957 4333 3209 4404 qumstio,
3245 4332 3489 4398 domina,
3513 4345 3714 4387 meam-

2143 4442 2251 4496 que
2309 4427 2709 4496 propemodum
2773 4427 3061 4482 scientiam
3110 4435 3167 4479 et
3214 4434 3431 4493 captum
3478 4422 3715 4478 excedit.

463 4514 576 4569 duo
622 4514 714 4570 illa
771 4516 967 4571 horum
1022 4518 1195 4587 gratia
1225 4526 1566 4587 quaeruntur.
1600 4518 1815 4588 Corpus
1850 4528 2036 4574 autem
2069 4511 2115 4567 ι
2141 4516 2555 4581 Verumtamen,
2588 4524 2650 4571 ut
2678 4516 2977 4587 Scriptum
3008 4515 3363 4571 mediocriter
3379 4515 3719 4585 peruium

464 4614 525 4660 ut
551 4607 865 4662 vehiculum
897 4608 1094 4663 animae
1130 4608 1464 4663 honorandae
1494 4617 1552 4663 et
1601 4610 1856 4679 gloriosae
1882 4610 2038 4678 prius

466 4701 667 4755 factum
691 4710 794 4758 est.
830 4701 936 4757 Sed
973 4716 1093 4771 age,
1124 4703 1484 4757 attentionem
1506 4718 1727 4757 renova.
1764 4701 2037 4768 Quoniam

465 4794 744 4850 hominem
777 4796 1057 4865 geminum
1096 4811 1194 4851 seu
1221 4795 1495 4866 duplicem
1522 4797 1701 4850 facere
1724 4794 2035 4862 constituit,

2143 4608 2271 4663 inde
2303 4608 2499 4674 habeo,
2532 4617 2587 4663 et
2616 4609 2807 4671 didici,
2839 4608 3071 4664 fidenter
3106 4609 3206 4663 tibi
3244 4607 3312 4663 de
3339 4624 3397 4663 re
3435 4605 3717 4677 proposita

2141 4701 2461 4757 enuntiabo.
2494 4701 2745 4756 Animam
2802 4701 3017 4755 ratione
3058 4701 3341 4772 praeditam
3370 4709 3519 4754 certo
3551 4699 3718 4761 nosti,

2146 4810 2178 4850 a
2204 4794 2503 4851 Conditore
2534 4795 2604 4849 ab
2630 4793 2788 4849 initio
2808 4792 2977 4847 armis
3004 4793 3173 4862 probe
3210 4791 3474 4845 munitam
3528 4788 3717 4853 fuisse,

533 4912 580 4945 ”
608 4912 773 4967 Matth
819 4929 974 4978 xvtu,
995 4914 1050 4970 9.
1124 4913 1169 4946 “
1199 4912 1389 4969 Matth.
1414 4930 1489 4976 vt,
1511 4911 1601 4969 95.
1678 4914 1722 4947 "
1740 4912 1940 4983 Ephes.
1961 4927 2034 4976 vt,
2062 4909 2149 4965 12.

1957 5023 2236 5087 Scholia.

536 5152 553 5170 ‘
579 5151 862 5223 Chrysost.
906 5150 1152 5223 leestes
1184 5151 1348 5223 igitur
1373 5150 1550 5221 angeli
1578 5150 1871 5223 hominibus
1894 5149 2042 5203 bonis

469 5221 775 5277 ministrant
806 5221 973 5275 :mali
999 5228 1176 5274 autem
1203 5221 1464 5277 dwmones
1502 5222 1773 5292 suppliciis
1803 5227 2043 5292 peccato-

470 5292 611 5346 ribus
655 5293 953 5361 inﬂigendis
1005 5292 1316 5345 inserviunt.
1350 5309 1367 5341 ι
1403 5291 1625 5346 Immisit
1679 5291 1818 5345 enim
1858 5291 1913 5344 in
1961 5305 2047 5343 eos

467 5363 611 5414 iram
674 5361 1054 5431 indignationis
1088 5377 1244 5431 aute.
1286 5361 1731 5431 Indignationent,
1777 5361 1939 5431 iram,
1998 5367 2047 5412 et

469 5428 801 5553 agictioneni
834 5428 1158 5512 perangelos
1193 5431 1361 5485 malos
1395 5428 1630 5485 immittit
1651 5428 1825 5497 (Paul.
1847 5445 2048 5494 Lxxvu,

470 5502 505 5553 4
543 5499 580 5553 l.
616 5519 635 5551 ι
671 5501 945 5553 Damone:
982 5510 1162 5553 ttaaue
1209 5502 1325 5553 licet
1354 5501 1622 5553 uoluntate
1664 5498 1938 5553 rebellent.
1963 5508 2048 5553 ta-

470 5498 580 5563 49).
616 5519 646 5575 ιΔ
671 5498 945 5575 Damone:
982 5498 1162 5575 itaque
1209 5502 1325 5556 licet
1354 5501 1622 5575 saturitate
1638 5498 1938 5575 fabellent,
1963 5508 2050 5553 ta-

471 5585 592 5641 men
618 5569 749 5640 iugo
777 5571 994 5641 subjecti
1031 5569 1172 5637 sunt,
1202 5583 1249 5627 et
1291 5573 1443 5638 quasi
1471 5570 1747 5639 carniﬁces
1768 5640 1779 5641 ί
1800 5572 2039 5640 quidam,

473 5655 507 5691 α
536 5637 640 5692 Deo
660 5637 708 5693 et
735 5637 927 5713 sanctis
948 5644 1209 5713 imperata
1235 5637 1442 5711 exsequi
1461 5637 1873 5713 iubentur-4'?“
1903 5642 2040 5694 enim

475 5726 573 5763 sua
619 5712 956 5780 auctoritate,
978 5709 1069 5769 sed
1098 5715 1249 5770 inviti
1292 5709 1514 5784 facium,
1556 5727 1674 5781 qua:
1730 5709 1834 5765 illis
1884 5726 2036 5765 man-

2144 5146 2364 5201 dantur.

2219 5222 2257 5240 “
2298 5217 2583 5289 Chrysost.
2631 5217 2815 5289 cogita
2866 5216 2991 5289 mihi
3018 5212 3363 5289 [aquationis
3390 5212 3645 5289 ordinem,
3673 5218 3723 5289 rt

2144 5281 2444 5351 considera,
2475 5281 2734 5357 quomodo
2778 5281 3309 5357 insuﬁlatioDamini
3333 5283 3476 5357 [acta
3506 5281 3575 5333 sit
3624 5282 3724 5355 ipsi

2144 5361 2199 5414 in
2277 5352 2605 5428 spiraculum
2692 5359 2851 5431 vitm;
2880 5352 2984 5407 (et
3057 5355 3228 5431 facta:
3297 5355 3387 5431 sit“
3436 5352 3590 5431 homo
3621 5352 3722 5431 hin

2149 5420 2386 5501 animum
2462 5431 2737 5501 uiuentem
2787 5425 2938 5501 (Gen.
2999 5420 3066 5487 tt,
3111 5425 3209 5501 _7).
3244 5440 3284 5501 ὀ
3346 5420 3483 5501 Quid
3560 5420 3722 5501 igitur

2150 5499 2411 5568 formatus
2443 5500 2468 5552 .9
2497 5498 2821 5565 Simpliciter
2872 5498 3053 5563 imago
3105 5494 3346 5568 inanima
3380 5509 3392 5544 :
3427 5499 3477 5548 rt
3530 5494 3718 5549 otiosa,

2145 5564 2195 5623 et
2266 5568 2470 5623 inutilia
2547 5564 2684 5629 erat.
2754 5567 2936 5631 Quare
2998 5575 3047 5622 et
3118 5564 3264 5632 prius
3333 5577 3523 5629 corpus
3596 5575 3721 5629 pro-

2146 5638 2375 5761 du‘c’iiur,
2452 5648 2501 5693 et
2584 5644 2698 5709 post
2786 5637 3007 5701 anima,
3052 5676 3055 5679 -
3102 5645 3157 5689 ιιι
3263 5633 3572 5691 honoratior
3673 5636 3723 5680 et

2147 5724 2211 5761 no
2247 5725 2262 5761 ι
2290 5724 2388 5761 tor.

2147 5708 2388 5763 nobilior.
