4102 6200
345 536 413 593 ad
426 550 613 592 versus
641 532 1011 589 seductorem.
1052 532 1215 588 Arma
1244 534 1488 607 intellige
1519 537 1628 591 vim
1657 539 1929 596 irascendi

344 642 404 688 et
443 627 901 698 concupiscendi.
936 626 1329 684 Verumtamen
1359 646 1484 701 qrne
1525 632 1593 686 ad
1630 649 1790 688 suum
1827 651 1927 706 ap-

346 732 599 796 paratum
653 731 709 776 et
754 720 1120 776 munitionem
1187 722 1400 788 habuit,
1436 725 1523 781 his
1567 725 1701 797 ipsis
1735 737 1926 784 contra

347 826 521 874 semet
551 817 719 873 stulte
753 834 848 872 uszn
883 826 969 873 est
993 821 1032 874 '.

417 910 679 965 Inimicus
695 912 921 981 quippe,
949 912 1184 986 improbi
1204 915 1671 986 serpenttsspecie
1693 916 1927 987 velatus,

342 1001 639 1072 verbisque
672 1002 1044 1058 dolosissimis
1069 1004 1237 1060 Evam
1255 1006 1550 1074 allocutus,
1577 1007 1925 1065 divinitatem

343 1105 440 1146 eos
469 1101 889 1160 consecraturos,
913 1095 957 1148 si
994 1094 1061 1150 de
1093 1095 1247 1166 ligno
1277 1097 1450 1153 vetito
1479 1107 1788 1169 gustarem,
1821 1117 1926 1157 no-

345 1182 616 1238 bilitatem
664 1185 887 1254 spiritus
945 1186 997 1240 in
1035 1186 1285 1243 fraudem
1319 1192 1565 1261 pellexit,
1626 1201 1681 1248 et
1706 1192 1929 1265 injudi-

346 1275 494 1328 cium
529 1276 728 1329 rationi
765 1276 991 1332 minime
1043 1291 1473 1338 consentaneum
1518 1286 1658 1341 ratio
1704 1286 1925 1358 delapsa

346 1371 453 1427 est,
506 1363 636 1417 dum
686 1365 891 1435 lignum
941 1377 1187 1439 gustare,
1213 1380 1271 1426 et
1302 1373 1473 1428 Deum
1502 1375 1620 1430 fieri
1646 1377 1752 1432 sibi
1787 1379 1924 1434 utile

347 1455 597 1512 futurum
620 1458 855 1514 censuit.
885 1459 1140 1516 Peccavit
1164 1463 1294 1519 item
1316 1481 1444 1535 pars
1466 1467 1789 1537 cupiditatis
1812 1487 1926 1528 ma-

343 1550 514 1618 xima,
539 1552 667 1607 dum
698 1569 881 1609 escam
924 1554 1093 1623 illam,
1130 1568 1186 1614 et
1227 1559 1538 1619 divinitatis
1573 1566 1923 1636 adeptionem

345 1657 502 1712 atque
558 1643 765 1698 amavit
782 1645 846 1700 ⁴⁶.

415 1734 662 1789 Primum
695 1739 925 1793 tentavit
951 1741 1226 1810 voluptas,
1270 1758 1396 1799 mox
1431 1761 1569 1802 vana
1605 1747 1801 1819 gloria.
1828 1748 1921 1805 illa

343 1822 552 1895 lignum
585 1825 851 1892 ostendit,
878 1800 1098 1884 fallacia.
1148 1800 1306 1903 quasi
1359 1800 1784 1908 ﬂatuqu‘hdam
1835 1839 1922 1895 in-
1953 1800 2000 1859 Β

345 1931 531 1981 censa,
557 1918 706 1986 quod
739 1930 969 1991 aspectu
1016 1923 1364 1991 delectabile,
1397 1940 1453 1985 et
1486 1929 1692 1985 bonum
1728 1931 1795 1987 ad
1825 1948 1920 1988 ve~

345 2012 638 2067 scendum.
672 2012 821 2076 Haec,
870 2014 1160 2073 divinitate
1187 2021 1374 2089 potiri,
1414 2024 1590 2095 majus
1613 2040 1733 2081 esse
1761 2029 1925 2084 rebus

344 2104 638 2161 universis.
673 2105 783 2162 ista
824 2106 958 2174 duo,
996 2108 1241 2179 domina,
1275 2113 1443 2169 Evam
1471 2115 1665 2171 falsum
1695 2133 1927 2188 persua—

346 2196 533 2252 dendo
581 2198 1092 2271 circumvenerunt,
1151 2220 1361 2276 perque
1427 2206 1574 2263 illam
1623 2218 1679 2265 et
1717 2210 1787 2266 ab
1833 2211 1924 2268 illa

343 2288 511 2345 etiam
538 2291 830 2346 Adamum.

423 2399 443 2433 ι
481 2383 526 2438 Δ
556 2384 786 2440 muliere
824 2386 1100 2455 quondam
1154 2388 1372 2445 initium
1419 2393 1666 2462 peccati,
1722 2403 1779 2451 et
1824 2412 1925 2467 per

348 2473 497 2528 illam
519 2490 711 2531 omnes
767 2478 1036 2534 morimur
1063 2479 1132 2535 “.
1160 2500 1178 2534 ι
1212 2482 1385 2537 Parva
1443 2492 1529 2540 est
1579 2486 1762 2542 omnis
1804 2504 1926 2544 ma-

349 2565 466 2620 litia
499 2566 567 2620 ad
611 2568 860 2623 mulieris
898 2570 1186 2627 malitiam.
1231 2590 1252 2625 t
1307 2574 1499 2630 Melior
1524 2585 1610 2632 est
1662 2578 1925 2648 iniquitas

345 2658 474 2723 viri,
522 2675 685 2728 quam
740 2661 939 2718 mulier
993 2663 1345 2722 benefaciens
1394 2668 1461 2721 θ’.
1505 2686 1524 2721 ι
1581 2671 1629 2723 Α
1670 2669 1925 2728 mulieri-

346 2751 449 2806 bus
493 2752 643 2807 enim
697 2754 951 2824 procedit
1004 2755 1291 2829 iniquitas,
1328 2761 1473 2816 sicut
1514 2776 1546 2817 a
1592 2763 1925 2822 vestimento

348 2842 495 2899 tinea
524 2842 592 2897 ".

415 2932 530 2990 Nec
578 2950 708 2991 vero
737 2936 1006 3007 impostor
1050 2939 1228 2995 solum
1273 2942 1488 3001 ratione
1536 2952 1593 3001 et
1623 2947 1925 3017 cupiditate

346 3025 583 3091 aﬂectis,
637 3027 1044 3085 fraudulentam
1094 3032 1235 3088 hanc
1268 3033 1749 3094 lusitcomuedia'm
1784 3040 1923 3095 :sed

2033 544 2286 600 rentibus
2345 547 2573 603 exitium
2622 549 2740 605 sine
2792 556 3173 611 controversia
3220 560 3383 627 parit,
3414 573 3611 633 estque

2031 638 2309 694 universis
2337 640 2505 695 animi
2536 642 2748 697 morbis
2803 644 3052 700 deterior
3092 662 3158 702 ac
3214 650 3607 718 perniciosior.

2032 732 2172 786 lIuic
2199 733 2298 803 qui
2354 734 2547 795 servit,
2584 734 2756 789 Deum
2804 737 2971 793 habet
3023 740 3399 796 adversarium
3428 760 3494 804 :e
3525 745 3615 798 di-

2028 838 2213 890 verso,
2257 824 2542 879 inimicum
2580 826 2806 882 humani
2859 830 3080 900 generis
3138 833 3349 887 socium
3384 845 3440 888 et
3470 836 3607 888 ami-

2029 929 2178 970 cum.
2216 933 2235 965 ι
2266 914 2536 986 Superbis
2585 919 2755 983 enim,
2786 921 2864 975 ait
2921 921 3230 993 Scriptura,
3269 925 3413 981 l‘eus
3467 928 3609 983 resi-

2029 1006 2215 1072 Slil",
2258 1026 2281 1059 ι
2333 1008 2801 1078 quemadmodum
2868 1014 3128 1071 celeriter
3193 1018 3487 1074 seductori‘
3518 1036 3617 1074 re-r

2029 1101 2189 1156 stitit.

2544 1243 2772 1301 CAPUT
2803 1243 2895 1301 VI.

2027 1356 2277 1412 Animam
2302 1359 2473 1428 potius
2503 1375 2663 1433 quam
2692 1376 2890 1433 corpus
2928 1362 2991 1415 ob
3038 1364 3207 1417 scelus
3235 1365 3607 1433 primwvorum

2099 1438 2380 1503 parentum
2414 1446 2594 1503 poenas
2625 1429 2805 1485 luisse.
2844 1429 2961 1496 Quo
2991 1444 3145 1502 pacto
3169 1429 3440 1503 utriusque
3486 1450 3605 1488 cor-

2103 1497 2201 1570 pus
2229 1497 2602 1570 miserabiliter
2644 1497 3026 1555 commutatum
3068 1505 3155 1557 sit.
3184 1497 3407 1558 Mortem
3442 1504 3609 1557 videri

2096 1567 2305 1637 poenam
2371 1567 2533 1623 levem
2596 1580 2644 1624 et
2722 1571 3120 1626 conducibilem.
3183 1575 3431 1628 Animam
3490 1574 3610 1626 hinc

2098 1648 2392 1704 exeuntem,
2423 1639 2552 1693 bene
2578 1652 2671 1693 aut
2704 1639 2845 1695 male
2863 1642 3193 1697 habituram.

2099 1757 2294 1810 Amm.
2327 1753 2483 1822 Quod
2533 1771 2601 1810 ex
2642 1757 2751 1812 tuis
2778 1757 2964 1813 verbis
3010 1766 3095 1813 est
3136 1757 3416 1827 colligere,
3447 1756 3608 1812 vide-

2030 1858 2119 1905 tur
2147 1863 2277 1903 caro
2299 1862 2455 1917 passa
2485 1849 2766 1920 injuriam.
2799 1848 2855 1904 Si
2908 1850 3055 1904 enim
3112 1850 3295 1904 anima
3349 1848 3610 1919 deliquit,

2026 1956 2127 1996 cur
2149 1954 2310 2011 poena
2346 1939 2411 1994 ad
2440 1955 2661 1996 carnem
2678 1939 2929 2011 pervenit
2950 1940 3065 1994 ‘lEa
3104 1941 3400 2009 siquidem,
3424 1948 3484 1993 ut
3500 1954 3601 2008 pa-

2026 2034 2154 2098 tuit,
2171 2043 2352 2089 morte
2368 2033 2623 2089 damnata
2639 2043 2744 2099 est,
2768 2043 2933 2102 atque
2952 2032 3008 2087 in
3035 2032 3341 2095 interitum,
3364 2040 3419 2086 et
3436 2030 3607 2084 vitam

2024 2126 2288 2183 aerumnis
2318 2126 2536 2196 plenam
2590 2126 2722 2179 ruit.
2752 2124 2950 2180 Anima
2977 2139 3130 2187 vero,
3178 2132 3340 2179 antea
3375 2123 3608 2175 immor-

2029 2214 2172 2279 talis,
2203 2214 2368 2269 etiam
2396 2221 2521 2284 post
2550 2214 2766 2284 lapsum
2812 2212 3286 2269 immortalitatem
3335 2212 3605 2266 retinuit:

2026 2313 2083 2361 et
2120 2321 2246 2360 cum
2308 2320 2501 2377 pennas
2537 2305 2673 2362 dare
2730 2304 2933 2361 merito
2978 2303 3230 2371 deberet,
3280 2303 3461 2358 nullas
3503 2301 3603 2357 de-

2027 2397 2110 2453 dit
2131 2399 2219 2455 '“.

2097 2490 2261 2546 Cano.
2295 2489 2412 2546 lmo
2460 2506 2615 2557 vero,
2663 2498 2775 2546 tota
2815 2488 3222 2546 animadversio
3252 2503 3363 2542 non
3389 2484 3455 2540 ad
3480 2501 3607 2541 cor-

2026 2598 2151 2654 pus,
2181 2582 2278 2639 sed
2311 2583 2378 2637 ad
2426 2583 2666 2638 animam
2710 2583 2956 2654 pertinet
3012 2582 3216 2652 potius,
3274 2578 3491 2634 tametsi
3523 2577 3608 2632 vi-

2026 2675 2225 2731 deatur
2280 2676 2415 2731 nihil
2466 2691 2778 2746 poenarum,
2819 2683 2880 2729 ut
2914 2674 3016 2739 ais,
3053 2673 3403 2745 persolvisse.
3435 2670 3641 2741 Cujus“

2027 2768 2106 2823 rei
2134 2768 2511 2839 paradigmate
2553 2768 2791 2838 quodam
2845 2766 2946 2822 tibi
2988 2765 3149 2821 [idem
3178 2765 3395 2820 faciam.
3418 2762 3478 2817 Si
3509 2775 3605 2814 rex

2027 2861 2303 2933 quispiam
2325 2868 2523 2915 natura
2557 2860 2833 2915 humanus
2859 2875 2889 2914 a
2922 2857 3133 2919 crudeli
3177 2865 3409 2929 tyranno
3452 2868 3608 2908 man-

2028 2955 2234 3026 cipium
2270 2962 2415 3009 emat
2447 2954 2608 3025 longe
2655 2952 3221 3016 calamitosissimum,
3249 2945 3605 3004 aerumnosis-

2026 3049 2249 3112 simum,
2276 3045 2512 3100 maxime
2551 3044 2884 3109 miserabile,
2909 3042 3038 3098 exili
3069 3055 3326 3111 corpore,
3366 3037 3602 3095 nudum.

347 3120 574 3192 insuper
617 3122 775 3176 tertia
805 3123 1057 3187 facultas,
1088 3124 1357 3183 irascendi
1395 3128 1675 3194 videlicet,
1707 3131 1919 3201 plagam

2028 3140 2200 3196 macie
2217 3138 2553 3199 confectum,
2574 3146 2769 3189 natura
2795 3132 3129 3194 morbidum,
3145 3131 3504 3184 vehementer
3526 3125 3613 3180 δὶ-

346 3216 541 3272 sensit.
596 3215 712 3283 Qua
775 3232 901 3271 cum
954 3219 1220 3275 adversus
1280 3221 1434 3276 illum
1495 3223 1578 3278 uti
1638 3233 1923 3294 oporteret

343 3308 479 3377 (quo
528 3307 761 3362 consilio
806 3307 1073 3364 Dominus
1119 3311 1292 3379 ipsam
1351 3311 1606 3384 dederat)
1654 3313 1764 3370 Eva
1820 3331 1921 3385 po-

349 3403 461 3456 tius
485 3418 609 3458 cum
643 3416 712 3456 eo
761 3401 943 3459 fredus
974 3402 1156 3470 inivit,
1192 3404 1259 3459 ad
1297 3404 1571 3461 deteriora
1618 3407 1821 3474 illecta,
1866 3418 1923 3463 et

346 3503 613 3561 mentem,
667 3494 763 3565 qui
819 3504 905 3550 est
955 3495 1151 3551 oculus
1199 3496 1453 3561 interior,
1504 3500 1919 3557 convulnerata.

351 3585 418 3640 Et
447 3585 601 3651 hinc,
632 3585 778 3642 sicut
804 3586 1067 3651 diximus,
1110 3602 1208 3658 spe
1247 3588 1555 3646 divinitatis
1586 3592 1922 3658 obtinendae,

351 3679 424 3733 de
457 3679 607 3749 ligno
640 3678 881 3735 scientiae
917 3680 1049 3736 boni
1077 3691 1134 3737 et
1157 3682 1283 3737 mali
1303 3683 1564 3754 gustavit.
1594 3685 1787 3741 Anima
1822 3684 1926 3757 igi-

352 3779 447 3826 tur
498 3772 682 3827 carnis
711 3787 909 3838 expers
954 3782 1185 3843 peccato
1215 3789 1274 3829 se
1323 3774 1607 3846 obligavit.
1640 3774 1930 3837 Verumta-

348 3878 478 3918 men
512 3877 632 3933 age,
670 3860 914 3928 domina,
937 3863 1183 3928 attende,
1208 3873 1267 3920 et
1290 3864 1417 3920 vide
1442 3867 1785 3937 superbiam,
1807 3884 1929 3924 mo~

347 3968 551 4024 resque
578 3953 759 4010 inanis
789 3955 996 4026 gloriae,
1036 3955 1132 4026 qui
1166 3972 1268 4012 nos
1297 3972 1490 4014 omnes
1516 3959 1924 4028 perdiderunt.

348 4046 483 4114 Quae
543 4047 674 4102 olim
721 4048 984 4119 primum,
1010 4058 1067 4103 et
1110 4049 1473 4120 praecipuum,
1503 4052 1928 4121 coelestiumque

349 4140 700 4195 exercituum
756 4141 1064 4212 principem
1110 4142 1365 4213 angelum
1418 4143 1561 4199 coelo
1591 4144 1929 4211 deturbavit,

350 4245 410 4288 et
439 4242 637 4289 natura
677 4234 947 4301 lucidum,
1002 4237 1358 4292 tenebrosum
1404 4237 1649 4293 reddidit
1684 4257 1698 4294 :
1734 4255 1844 4311 qua
1874 4248 1933 4295 et

352 4322 447 4379 ille
477 4323 698 4393 cecidit,
758 4335 817 4381 et
867 4342 1059 4383 omnes
1106 4328 1307 4385 cadere
1367 4331 1729 4402 concupiscit,
1758 4348 1787 4387 a
1820 4349 1930 4405 quo

2022 3234 2244 3297 liosum,
2265 3231 2537 3302 petulans,
2556 3227 3052 3301 improbissimum,
3068 3221 3453 3291 vituperabile,
3474 3234 3610 3290 pro—

2023 3324 2275 3385 brosum,
2307 3319 2593 3390 indignum
2625 3325 2872 3385 aspectu,
2913 3313 3063 3381 lepra
3092 3320 3147 3365 et
3174 3310 3356 3366 scabie
3379 3324 3615 3378 cooper-

2024 3426 2162 3481 tum,
2178 3414 2399 3483 plenum
2418 3409 2719 3485 dedecore;
2740 3407 2808 3470 si,
2825 3405 3073 3473 inquam,
3094 3399 3471 3472 hujuscemodi
3491 3415 3619 3455 scr-

2021 3519 2150 3560 vum
2174 3509 2341 3569 emat,
2369 3513 2607 3569 eumque
2651 3494 2881 3568 placidis
2920 3492 3095 3548 oculis
3143 3490 3424 3564 reSpiciat,
3458 3505 3609 3545 cura:

2027 3614 2092 3654 ac
2138 3594 2437 3667 diligentia:
2509 3606 2671 3662 quam
2740 3589 3039 3660 plurimum
3105 3586 3183 3640 illi
3236 3583 3520 3650 adhibeat,
3550 3589 3607 3637 ct

2027 3689 2299 3762 quidquid
2343 3687 2512 3743 habet
2554 3683 2752 3749 morbi,
2802 3681 3049 3740 sordium
3086 3696 3150 3735 ac
3209 3678 3495 3742 fmditatis,
3535 3674 3605 3731 ab

2028 3785 2123 3839 illo
2150 3782 2413 3853 depellat,
2467 3787 2525 3835 et
2561 3777 2889 3847 destringat,
2922 3784 3076 3829 veste
3107 3771 3481 3843 pulcherrima
3517 3768 3603 3823 in-

2028 3875 2182 3942 duat,
2216 3874 2564 3943 stationeque
2586 3880 2642 3926 et
2672 3869 2795 3925 loco
2827 3866 3007 3940 primo
3029 3865 3286 3920 eumdem
3322 3863 3602 3934 dignetur,

2030 3969 2447 4037 aulicorumque
2502 3962 2843 4034 praecipuum
2904 3957 3109 4013 faciat:
3144 3957 3235 4011 ille
3268 3962 3449 4009 autem
3500 3953 3604 4008 ista

2026 4056 2396 4131 vilipendens,
2421 4062 2633 4111 tantum
2662 4048 2992 4106 beneﬁcium
3021 4047 3175 4107 nullo
3211 4042 3372 4097 modo
3405 4055 3604 4111 capere

2029 4166 2095 4206 ac
2131 4148 2402 4204 sustinere
2443 4151 2631 4214 queat,
2668 4148 2968 4208 contraque
2994 4150 3176 4207 regem
3196 4131 3608 4188 benefactorem

2030 4240 2327 4297 maximum
2359 4246 2416 4292 et
2443 4234 2730 4291 dominum
2761 4230 3029 4285 malevolo
3069 4225 3327 4282 manibus
3352 4234 3407 4279 et
3434 4223 3602 4279 calci-

2030 4333 2134 4389 bus
2162 4332 2429 4403 insurgat,
2460 4335 2516 4384 et
2540 4328 2595 4380 in
2636 4324 2792 4383 illum
2834 4319 3044 4391 aliquid
3073 4318 3202 4379 novi
3231 4317 3457 4377 sceleris
3488 4330 3605 4371 me-

425 4456 472 4488 ”
491 4457 663 4517 Eceli.
690 4463 924 4528 xxv,53.
1000 4462 1046 4498 ⁹⁷
1078 4461 1247 4525 Eccli.
1295 4481 1425 4531 xw,
1456 4468 1546 4527 14.
1624 4468 1669 4501 ’⁸
1702 4466 1842 4526 ibid.
1886 4470 1974 4527 l5.
2053 4468 2099 4507 θ’
2125 4466 2244 4525 Jac.
2273 4480 2349 4532 tv,
2381 4463 2438 4519 6.

1868 4582 2145 4646 Scholia.

422 4704 440 4723 ‘
471 4697 789 4778 Gregorius.
826 4699 1021 4778 Anima
1049 4698 1347 4778 intelligens
1372 4716 1473 4754 non
1493 4700 1650 4755 habet
1675 4702 1922 4778 substan-
1952 4706 2004 4765 D
2030 4703 2183 4778 illam
2214 4700 2385 4778 gloria
2407 4699 2628 4768 fruetur.
2666 4695 2733 4752 Id
2752 4696 2893 4778 quod
2919 4701 2967 4749 et
2987 4692 3115 4778 alibi
3137 4692 3332 4778 factum
3354 4690 3603 4778 invenies.

360 4776 447 4827 tite
489 4758 614 4825 sua?
654 4772 823 4824 socias
863 4771 999 4823 iram
1046 4778 1094 4822 et
1143 4758 1505 4841 cupiditatem,
1560 4787 1681 4841 qua:
1734 4773 1928 4826 animle
1952 4758 1994 4765 ⁷
2030 4758 2175 4827 Nam
2198 4758 2313 4826 c'um
2340 4758 2497 4824 homo
2528 4758 2966 4841 peccasse'merra
2996 4758 3275 4841 maledicta
3296 4769 3379 4841 est
3394 4758 3606 4841 :_t'Maf

360 4843 564 4896 ratione
615 4840 1104 4912 carentisprapria
1150 4840 1507 4912 sunttPartes
1551 4840 1764 4912 quidem
1785 4841 1930 4896 illius

359 4919 508 4976 sunt,
542 4920 802 4980 quatenus
823 4910 869 4963 ei
888 4918 1099 4977 agnata:
1114 4918 1261 4965 sunt.
1297 4910 1661 4966 Verumtamen
1685 4912 1932 4966 substan-

360 4984 437 5034 tia
468 4992 513 5033 et
557 4986 777 5039 natura,
806 4980 941 5032 sicut
965 4995 1109 5033 mens
1131 4990 1182 5033 et
1211 4981 1373 5043 ratio,
1398 4997 1514 5034 cum
1552 4997 1614 5035 ea
1652 4997 1757 5037 non
1791 4997 1934 5036 com-

360 5052 632 5119 municant
662 5065 681 5103 :
712 5049 802 5102 sed
832 5057 889 5102 ut
910 5050 1163 5119 adjuncta
1190 5058 1240 5103 et
1273 5050 1582 5104 adventitia.

430 5122 471 5143 "
502 5117 803 5187 Sepissime
836 5136 959 5189 pars
973 5117 1201 5185 enim,
1226 5121 1283 5173 in
1315 5137 1422 5189 qua
1454 5128 1575 5175 sunt
1590 5121 1928 5189 cupiditates,

362 5198 614 5260 wgrotat,
662 5198 712 5243 et
747 5198 871 5244 tune
921 5198 1148 5245 mentem
1184 5205 1291 5244 una
1342 5206 1517 5245 secum
1556 5192 1743 5255 trahit,
1770 5200 1929 5262 atque

362 5263 433 5316 ad
466 5275 777 5314 consensum
804 5261 858 5312 in
882 5270 1154 5316 peccatum
1183 5261 1407 5315 inescat.

434 5332 495 5352 ‘“
531 5329 819 5401 Chrysost.
858 5329 997 5396 Quid
1048 5331 1258 5399 igitur?
1287 5330 1490 5401 injuria
1535 5330 1761 5401 afﬁcitur
1781 5347 1927 5396 δαῖον

362 5406 575 5472 propter
601 5402 841 5455 animam
884 5402 1210 5472 corruptioni
1246 5401 1471 5456 obnoxia
1501 5401 1526 5456 ?
1553 5401 1931 5472 Nequaquam.

362 5469 574 5523 Etenim
616 5480 846 5543 propter,
870 5469 1108 5524 animam
1161 5488 1308 5536 caro,
1340 5472 1583 5525 dicimus.
1616 5469 1743 5536 Quae
1758 5469 1933 5543 igitur

362 5548 575 5611 μωρίαν
610 5542 783 5611 ipsam
822 5540 965 5610 facta
994 5549 1091 5606 est,
1126 5547 1383 5610 quomodo
1421 5543 1678 5609 iniuriam
1708 5540 1930 5611 accepit,

362 5610 410 5663 si
433 5610 530 5683 hac
558 5610 651 5683 ad
662 5612 829 5683 ipsius
866 5613 1280 5683 emendationem
1311 5629 1470 5683 passa
1492 5620 1589 5683 est,
1618 5620 1666 5667 et
1695 5629 1790 5683 pro
1816 5613 1931 5683 ipsa

364 5679 605 5751 paiitur?
626 5679 764 5733 Nam
787 5683 913 5749 quia
934 5679 1031 5734 illa
1053 5679 1322 5751 peccaret,
1341 5681 1580 5735 mortalis
1598 5679 1708 5751 ipsa
1728 5681 1890 5736 evasit
1913 5698 1930 5735 :

363 5762 483 5815 auls
513 5749 559 5803 ri
597 5765 810 5803 rursum
827 5749 1060 5821 justit‘at
1096 5752 1354 5817 servierit,
1408 5749 1802 5821 magna‘dcnuo
1846 5768 1936 5822 per

2030 4842 2222 4898 ledicta
2246 4841 2410 4905 enim,
2444 4830 2634 4910 inquit,
2657 4846 2802 4910 terra
2831 4839 2886 4910 in
2901 4835 3144 4910 operibus
3185 4834 3308 4891 tuis.
3331 4830 3533 4910 _Spinas
3554 4836 3607 4883 et

2028 4912 2248 4968 tribulos
2303 4902 2619 4981 germinabit
2689 4907 2905 4981 τίω-.-1η
2935 4902 3137 4981 dolore
3162 4902 3503 4981 comedesnea:
3541 4915 3607 4980 ea

2026 4983 2264 5039 omnibus
2291 4971 2470 5053 diebus
2493 4981 2614 5033 vita:
2642 4989 2748 5032 tua'
2769 4976 2919 5053 (Gen.
2947 4990 3026 5053 tu,
3059 4977 3150 5037 l7,
3187 4974 3306 5053 18).
3333 4990 3376 5053 tu
3396 4971 3607 5053 Etenim

2027 5054 2325 5108 maledictio
2346 5052 2401 5104 in
2434 5052 2627 5118 ipsam,
2667 5039 2893 5118 hominis
2916 5039 3242 5118 uoluptatem
3258 5050 3307 5095 et
3333 5039 3608 5118 licentiam

2028 5122 2383 5195 labefactavit.
2416 5108 2528 5195 [loc
2552 5108 2678 5173 item
2696 5119 2751 5172 in
2771 5115 2970 5195 diluuia
2992 5108 3292 5195 perspicies.
3322 5108 3465 5195 am
3479 5124 3604 5195 pum

2028 5179 2260 5251 homines
2310 5193 2367 5246 in
2409 5188 2612 5245 scelera
2672 5203 2728 5242 se
2767 5179 3411 5256 ejfudisséntfanirpalia
3474 5179 3603 5233 bru-

2029 5271 2086 5319 te
2136 5277 2342 5333 quoque
2406 5276 2526 5314 cum
2579 5257 2736 5333 nihil
2772 5254 3073 5333 peccassent
3122 5254 3362 5333 eamdem
3425 5260 3606 5304 tamen

2030 5322 2163 5388 cum'
2194 5322 2296 5399 ipii
2358 5346 2565 5401 poenam
2621 5322 2892 5382 subierunt
2943 5326 3095 5401 (Gen.
3151 5340 3251 5387 vu,
3311 5322 3337 5376 l
3380 5334 3605 5401 seqq..)_.

2032 5398 2254 5474 Semper
2280 5398 2474 5474 quippe
2509 5398 3390 5474 lleus,peccante_anima,‘corpus
3430 5398 3605 5460 punit.

2034 5463 2198 5548 Sic_ét
2227 5463 2305 5548 in:
2332 5463 2469 5526 Cain
2519 5468 2639 5548 fecit
2666 5463 2817 5548 (Gen.
2844 5483 2917 5531 tv,
2945 5466 2972 5521 1
3016 5466 3232 5548 seqq._l.
3256 5463 3607 5548 Animarpec:

2032 5543 2166 5599 cavit
2188 5542 2329 5597 crede
2351 5531 2684 5611 perpetrata,
2705 5545 2755 5591 et
2789 5553 2976 5607 corpus
3015 5531 3608 5611 giusdissolutttmnest,

2035 5628 2245 5682 gemens
2277 5620 2327 5666 et
2344 5599 2569 5667 fremens
2598 5599 2755 5679 super
2776 5599 2994 5665 terram.
3014 5599 3272 5663 Similiter
3290 5604 3429 5686 etin
3455 5599 3608 5656 Ozia.

2039 5681 2317 5739 Elevatum
2374 5690 2451 5735 est
2500 5695 2590 5733 cor
2639 5678 2843 5747 ejus,et
2880 5694 3001 5734 mox
3027 5679 3082 5734 in
3120 5677 3249 5748 facie
3266 5674 3433 5729 .tlltus
3460 5670 3610 5741 lepra

2042 5753 2289 5825 apparuit
2315 5750 2401 5826 (ll
2434 5749 2623 5807 Paral.
2653 5764 2801 5817 XXVI,
2832 5751 2941 5821 l9).
