4102 6200
468 327 575 387 767

1694 313 2037 376 PIIILIPPI
2081 315 2474 377 SOLlTARII

3619 310 3725 375 768

467 439 701 501 ditetur,
747 429 1303 505 deprehendaturque
1358 436 1414 481 et
1467 437 1834 497 cognoscatur
1876 428 2115 488 hominA
2145 427 2388 484 lominus
2414 429 2620 484 clarum
2673 428 2972 500 fulgebant,
3001 438 3056 486 et
3079 428 3266 501 gratize
3293 423 3719 496 splendoresja—

467 530 766 599 pessimus,
793 535 851 581 et
869 525 1189 579 auferantur
1218 519 1287 574 ab
1321 534 1388 573 eo
1431 518 1694 589 pecunias,
1729 519 2038 588 facultates,

476 606 674 694 gloria,
692 621 945 683 felicitas,
968 617 1273 689 pannisque
1289 616 1704 680 vetustissimis,
1729 617 2038 685 inutilibus.

466 714 690 773 laceris.
719 710 786 765 ad
819 710 990 764 risum
1035 717 1091 762 et
1124 707 1424 762 ludibrium
1478 707 1694 762 tandem
1757 707 2040 774 induatur,

468 815 528 855 ut
560 803 653 871 qui
689 816 884 855 manus
916 800 1183 854 adversus
1223 798 1520 868 benignum
1546 798 1830 854 dominum
1881 809 2045 870 petu-

464 894 644 947 lanter
700 891 1028 957 sustulerit;
1059 891 1460 961 damnatusque
1513 892 1568 946 in
1611 907 1917 959 carcerem,
1947 903 2044 950 aut

475 986 527 1038 in
579 985 786 1048 locum,
841 981 1146 1037 insulamve
1197 982 1473 1037 desertam
1524 989 1581 1037 et
1629 983 2044 1039 inhabitabilem

465 1075 789 1143 projiciatur
836 1093 849 1128 :
905 1082 964 1127 ut
1007 1072 1206 1128 detrita
1251 1088 1315 1127 ac
1365 1073 1544 1127 lacera
1599 1074 1789 1139 vestis,
1825 1090 1946 1144 quae
1977 1075 2045 1130 ad

466 1181 672 1219 annum
741 1165 1034 1235 septimum
1091 1172 1186 1218 aut
1221 1174 1474 1219 octavum
1511 1165 1824 1232 suffecerat,
1854 1177 2046 1235 putre-

468 1256 609 1313 facta
676 1257 944 1324 solvatur,
1006 1257 1245 1327 indeque
1309 1258 1401 1312 ille
1473 1257 1815 1312 miserrimus
1864 1260 2048 1316 nudus

469 1347 808 1413 obambulet,
841 1348 1019 1403 donec
1045 1349 1213 1402 vitam
1241 1362 1610 1402 aerumnosam
1647 1356 1727 1402 tot
1753 1351 1913 1405 malis
1945 1365 2046 1420 op-

468 1455 689 1508 pressus
708 1438 968 1493 decurrat
991 1455 1006 1504 ;
1030 1438 1186 1503 cedo,
1207 1438 1449 1506 domina,
1468 1440 1623 1510 cujus
1639 1449 1723 1495 est
1745 1442 2047 1510 damnatio,

467 1541 522 1585 ιιι
548 1532 671 1599 quis
719 1530 919 1585 delicta
971 1529 1111 1584 luit?
1146 1530 1286 1584 Num
1311 1531 1546 1586 stolidus
1586 1542 1643 1588 et
1680 1534 1938 1602 petulans
1969 1534 2049 1590 fa-

469 1622 674 1684 mulus,
712 1629 770 1675 ut
801 1621 897 1691 qui
945 1636 1140 1676 manus
1175 1622 1291 1693 regi
1335 1623 1634 1678 intulerit?
1665 1623 1758 1680 Ille
1788 1627 2047 1695 proscri-

468 1721 615 1780 plus,
647 1712 701 1767 in
755 1728 1033 1769 carcerem
1080 1714 1392 1778 conclusus,
1436 1724 1494 1771 et
1537 1717 1684 1788 juste
1737 1718 1877 1772 mala
1918 1734 2047 1787 per—

468 1820 684 1872 pessus,
711 1805 804 1875 qui
847 1815 1042 1859 natura
1073 1806 1402 1876 intelligenti
1445 1813 1502 1862 et
1553 1811 1835 1865 voluntate
1872 1810 2046 1867 libera

468 1893 731 1960 praeditus
779 1905 863 1950 est
909 1913 924 1950 :
971 1912 1040 1950 an
1103 1898 1388 1966 pecunire,
1439 1897 1768 1966 facultates,
1805 1902 2045 1969 divitiae,

467 1993 522 2036 ιιι
551 1984 745 2053 gloria,
778 2002 900 2054 quae
924 1987 1111 2040 animo
1143 1996 1369 2042 externa
1395 2000 1544 2053 sunt,
1575 1992 1774 2061 quibus
1804 2001 1888 2048 est
1923 2008 2052 2064 spo-

468 2076 634 2135 liatus
659 2079 682 2132 ?

538 2170 616 2223 An
644 2186 732 2225 ua.
769 2171 957 2226 Potius
990 2177 1160 2228 homo
1186 2176 1322 2244 ipse,
1359 2183 1418 2229 ut
1442 2174 1857 2238 demonstrasti.
1889 2175 2046 2232 dam-

469 2270 652 2326 natur,
684 2271 740 2316 et
795 2278 983 2331 pmnas
1043 2265 1300 2331 sustinet,
1348 2268 1598 2335 quamvis
1659 2281 1861 2338 corpus
1913 2285 2048 2323 non-

469 2349 600 2403 dum
632 2351 917 2420 suppliciis
945 2353 1256 2423 subjectum
1300 2365 1404 2422 est,
1440 2371 1541 2411 nec
1566 2355 1865 2426 quidquam
1897 2358 2047 2413 aliud

471 2439 769 2496 exitiosum
806 2444 1056 2512 pertulit.

541 2533 709 2589 Cano.
740 2536 835 2590 Dic
859 2536 1014 2601 mihi,
1032 2547 1085 2590 et
1105 2537 1313 2607 judica,
1332 2539 1793 2608 quemadmodum
1809 2540 2046 2612 judicas,

470 2640 601 2676 num
644 2635 805 2694 putas
851 2627 1000 2697 juste
1065 2628 1231 2682 latam
1272 2645 1393 2685 esse
1443 2631 1793 2696 sententiam,
1819 2647 1924 2703 qua
1958 2634 2048 2688 ille

472 2717 815 2786 proscriptus
847 2716 902 2771 et
929 2719 1102 2788 gloria
1123 2736 1222 2775 sua
1252 2722 1460 2792 ejectus
1483 2724 1602 2778 est?

542 2806 734 2858 Annua.
772 2807 1104 2875 Justissime,
1155 2811 1503 2879 probissime.
1541 2813 1656 2868 Nisi
1712 2814 1859 2867 enim
1902 2823 2048 2870 esset

479 2896 754 2952 humanus
792 2898 882 2954 ille
922 2915 1036 2965 rex,
1066 2899 1120 2953 in
1156 2901 1403 2955 membra
1457 2905 1707 2972 corporis
1747 2903 2046 2961 vindictam

470 2985 830 3049 vxercuisset,
885 3002 995 3040 non
1053 2997 1262 3043 tantum
1312 2991 1554 3046 externis
1614 2991 1790 3060 ipsum
1823 2995 2050 3050 multas-

2145 517 2499 572 culabantur.
2533 519 2600 574 Et
2626 520 2765 574 hanc
2796 518 3020 588 quidem
3060 533 3281 573 carnem
3315 515 3625 570 induuntur
3654 531 3721 568 ex

2147 622 2315 663 causa
2346 625 2510 678 quam
2552 611 2686 665 dixi.
2710 610 2878 664 Fluxa
2931 617 3114 665 autem
3152 617 3209 664 et
3242 605 3592 676 corruptibili
3622 621 3720 659 nae

2147 705 2294 763 tura,
2331 699 2503 754 instar
2531 700 2809 766 foliorum,
2833 700 2902 755 ab
2933 699 3310 755 universitatis
3339 698 3534 767 Opifice
3569 706 3720 766 post-

2148 790 2370 846 modum
2428 793 2761 848 vestiuntur.
2792 794 2913 848 Non
2963 795 3058 863 qui
3113 800 3377 847 mutasset
3413 792 3717 860 pulverem,

2148 893 2245 940 aut
2293 892 2547 940 naturam
2602 887 2742 957 ejus,
2799 885 2895 940 sed
2925 885 3018 956 qui
3083 885 3320 955 priorem
3355 883 3718 938 subtilitatem

2148 973 2489 1029 abstulisset.
2527 974 2595 1029 Et
2616 976 2684 1029 ab
2715 974 2867 1030 Eden
2897 983 2954 1029 et
2997 975 3213 1030 deliciis
3255 973 3364 1028 illis
3395 973 3718 1044 ejiciuntur,

2149 1073 2211 1118 ut
2239 1065 2387 1136 ligno
2446 1066 2573 1122 vitae
2629 1066 2933 1132 orbentur;
2962 1065 3112 1136 quod
3149 1067 3294 1120 Deus
3336 1072 3579 1128 curaret,
3610 1079 3719 1117 non

2150 1166 2330 1214 autem
2359 1159 2527 1229 (quod
2553 1159 2718 1228 absit)
2739 1159 3032 1224 invideret,
3061 1158 3437 1227 impetumque
3463 1155 3720 1224 peccandi

2149 1259 2208 1304 et
2259 1250 2482 1304 errandi
2531 1249 2843 1305 cohiberet.
2876 1249 3023 1304 Mors
3078 1255 3261 1302 autem
3290 1262 3398 1300 non
3431 1253 3516 1299 est
3557 1259 3722 1309 mors,

2152 1341 2371 1395 tametsi
2393 1341 2641 1410 quaedam
2669 1357 2829 1411 poena
2856 1348 2943 1395 est
2968 1337 3094 1394 :sed
3117 1337 3422 1392 remedium
3448 1336 3722 1406 quoddam

2149 1432 2475 1504 benignum,
2509 1449 2621 1503 quo
2679 1433 2745 1488 ad
2782 1431 3132 1488 conducibile
3186 1429 3347 1484 nobis
3381 1428 3678 1482 transimus
3707 1444 3726 1491 ;

2149 1534 2205 1581 et
2263 1541 2424 1596 paena
2457 1535 2540 1581 est
2573 1525 2733 1596 plena
2770 1523 3148 1585 humanitatis,
3199 1531 3260 1575 ut
3301 1520 3468 1576 etiam
3520 1519 3725 1572 malum

2151 1633 2260 1672 non
2319 1619 2390 1672 sit
2420 1618 2638 1672 tandem
2680 1616 3028 1671 immortale:
3066 1613 3162 1669 sed
3201 1621 3259 1668 ut
3309 1611 3512 1667 mortui
3537 1627 3566 1665 a
3595 1626 3726 1680 pec-

2153 1717 2277 1764 cato
2303 1709 2691 1780 justilicemur.
2717 1707 2900 1762 Servit
2922 1706 3088 1778 igitur
3114 1705 3312 1760 anima:
3339 1720 3467 1759 caro
3490 1703 3722 1774 pessima

2155 1800 2210 1855 in
2244 1815 2418 1855 annos
2450 1799 2667 1870 viginti,
2699 1805 2794 1852 aut
2845 1796 3100 1866 amplius,
3137 1795 3220 1850 vel
3263 1804 3482 1849 centum
3507 1794 3672 1849 etiam
3709 1811 3723 1846 :

2153 1908 2470 1963 quanquam
2521 1892 2646 1962 quis
2695 1906 2763 1946 eo
2808 1905 2984 1960 usque
3009 1888 3178 1942 vitam
3211 1886 3469 1958 producit
3497 1887 3520 1940 ?
3553 1886 3723 1952 Quam

2152 1988 2299 2044 enim
2329 2003 2564 2058 cumque
2622 1987 2715 2041 diu
2763 1984 2980 2040 vincula
3011 1985 3103 2038 illa
3127 1982 3471 2045 duraverint,
3506 1981 3720 2036 tandem

2153 2090 2517 2152 rumpuntur,
2560 2089 2616 2135 et
2646 2095 2847 2150 corpus
2883 2079 2935 2132 in
2959 2093 3022 2132 ea
3053 2077 3377 2140 resolvitur,
3407 2092 3437 2130 e
3464 2075 3666 2144 quibus
3694 2092 3722 2128 τι

2151 2172 2427 2246 principio
2500 2181 2586 2226 est
2624 2171 2964 2225 formatum:
3015 2180 3270 2224 terrenus
3338 2177 3621 2238 postremo
3672 2168 3724 2221 in

2153 2272 2355 2317 terram
2415 2263 2575 2317 redit.
2608 2260 2852 2330 Corpore
2885 2269 3069 2315 autem
3132 2261 3469 2323 intereunte,
3507 2261 3726 2328 penitus

2149 2356 2381 2410 nudaris
2432 2364 2490 2409 et
2545 2354 2810 2410 desolaris
2853 2353 3142 2408 manifeste
3175 2367 3270 2422 per
3301 2351 3445 2421 quod
3476 2367 3723 2422 appares,

2151 2448 2413 2518 quodque
2436 2447 2552 2518 ipsa
2579 2447 2852 2514 contines,
2884 2461 2987 2502 nec
3022 2445 3132 2500 ullo
3175 2444 3337 2500 modo
3356 2444 3422 2499 ab
3453 2447 3572 2515 ipso
3598 2459 3725 2498 con-

2153 2540 2348 2596 tineris
2374 2543 2412 2594 '.

2225 2632 2414 2687 Soluta
2436 2632 2622 2702 igitur,
2642 2647 2860 2687 sursum
2882 2631 2948 2686 ad
2967 2629 3319 2687 Conditorem
3336 2629 3719 2700 proﬁcisceris.

2150 2724 2539 2781 Verumtamen
2598 2725 2643 2779 si
2672 2723 3002 2779 custodieris
3038 2723 3203 2779 etiam
3255 2731 3493 2776 mentem
3527 2723 3608 2788 (ut
3647 2719 3724 2774 fas

2150 2823 2237 2871 est
2293 2815 2348 2869 id
2401 2813 2547 2884 quod
2600 2814 2669 2868 ad
2722 2814 3139 2870 similitudinem
3183 2813 3278 2868 Dei
3307 2821 3392 2867 est
3421 2809 3723 2879 conditum)

2151 2921 2261 2962 non
2292 2907 2668 2976 depravalam,
2700 2923 2730 2962 a
2760 2907 2909 2962 vitiis
2930 2908 3183 2962 liberam.
3217 2907 3611 2971 Proficisceris,
3647 2906 3727 2958 inc

2151 3014 2338 3068 quam,
2404 2998 2716 3069 intelligens
2767 2999 2834 3054 ad
2922 2999 3289 3070 intelligentes
3353 2998 3725 3069 (ducibusan-

472 3083 574 3126 set.
607 3075 794 3146 Itaque
845 3079 1248 3135 contumelioso
1283 3080 1360 3134 illi
1403 3096 1606 3152 corpus
1660 3084 1889 3140 illmsum
1919 3088 2047 3142 rcli-
2075 3104 2120 3165 ς
2151 3090 2308 3162 gelis)
2380 3092 2708 3161 quibuscum
2771 3091 2869 3146 tibi
2932 3092 3279 3164 cognationis
3319 3102 3375 3147 et
3421 3101 3631 3146 natura:
3673 3101 3728 3145 ct

473 3177 614 3235 quit.

543 3258 708 3314 Cano.
744 3259 889 3315 Bene
949 3264 1269 3333 respondes,
1302 3275 1358 3321 et
1409 3276 1469 3324 ut
1507 3283 1565 3323 se
1601 3283 1692 3325 res
1714 3267 1902 3331 habet.
1936 3270 2052 3327 fers

472 3351 827 3406 sententiam.
901 3354 1296 3417 Verumtamen
1339 3372 1507 3429 super
1555 3360 1736 3415 anima
1799 3371 1855 3416 et
1885 3377 2052 3418 carne

474 3441 590 3498 hmc
620 3443 843 3498 scienda
879 3454 1026 3499 sunt.
1055 3445 1324 3512 Quoniam
1362 3450 1544 3504 anima
1581 3451 1636 3505 in
1687 3451 1792 3518 his,
1828 3463 2053 3523 propter

471 3551 592 3603 qua:
623 3547 906 3604 procreata
940 3537 1141 3603 fuerat,
1171 3555 1496 3610 permanere
1533 3545 1732 3607 noluit.
1766 3561 1869 3602 nec
1917 3563 2048 3604 con-

473 3636 622 3680 tenta
657 3643 778 3682 esse
816 3629 1014 3683 illustri
1072 3631 1340 3700 dignitate
1371 3649 1535 3702 quam
1587 3636 1782 3691 sortita
1829 3645 1968 3705 erat,
1995 3648 2052 3694 et

477 3718 892 3787 pulchritudine
925 3721 1112 3775 mundi
1148 3716 1392 3793 legitime
1434 3725 1566 3791 frui,
1599 3737 1658 3781 ut
1685 3736 1913 3797 paterna
1935 3730 2053 3786 hae-

477 3810 735 3876 reditate,
793 3820 986 3866 natura
1042 3824 1098 3870 et
1131 3817 1306 3886 gratia
1333 3817 1438 3872 sibi
1470 3818 1692 3883 tradita,
1725 3829 1782 3876 et
1809 3837 2053 3890 prmsens

475 3909 733 3971 tanquam
761 3919 869 3958 non
891 3921 1132 3974 praesens
1146 3922 1343 3976 rapere
1361 3909 1556 3974 voluit,
1579 3913 2049 3982 paremqueillum

473 4008 602 4046 cum
647 3995 881 4052 Domino
920 3997 1188 4055 honorem
1232 4001 1300 4055 ad
1343 4016 1401 4057 se
1432 4002 1681 4060 derivare
1727 4006 2051 4076 insipienter

474 4085 712 4148 studuit,
742 4087 885 4142 elata
905 4088 1100 4159 gloria,
1131 4106 1239 4160 qua
1263 4090 1504 4163 desuper
1536 4093 1690 4151 dives
1717 4105 1855 4164 erat,
1886 4115 2051 4156 carne

475 4191 505 4229 a
547 4177 658 4232 Deo
688 4177 811 4234 ficta
870 4192 1036 4251 atque
1084 4198 1114 4237 a
1159 4182 1435 4253 principio
1474 4187 1860 4255 condecorata,
1895 4191 2051 4261 cujus

475 4265 754 4321 subtilitas
811 4269 1175 4336 incredibilis,
1207 4273 1366 4344 cujus
1411 4275 1768 4345 pulchritudo
1815 4280 2053 4336 admira-

476 4356 628 4420 bilis,
668 4357 885 4427 lapsum
928 4361 1183 4431 privavit,
1220 4380 1288 4419 ne
1333 4365 1533 4421 iterum
1571 4367 1874 4426 laberetur.
1916 4372 2048 4428 Luci

2153 3181 2344 3253 patria:
2389 3185 2626 3239 societas
2671 3184 3000 3250 intercedit;
3049 3184 3118 3238 ad
3167 3183 3400 3246 lucidos,
3447 3198 3725 3246 coruscos,

2149 3285 2208 3331 et
2247 3273 2456 3330 lumina
2505 3277 2674 3330 altera
2823 3277 2965 3330 Pura
2995 3275 3062 3330 ad
3119 3291 3304 3344 puros,
3353 3277 3407 3330 in
3449 3275 3649 3329 virtute
3697 3291 3724 3327 a

2151 3365 2264 3420 Deo
2309 3365 2457 3430 data,
2506 3374 2563 3421 et
2607 3365 2808 3436 gaudio
2853 3366 3096 3436 impleris
3125 3382 3314 3421 eorum
3342 3384 3463 3436 quae
3517 3369 3569 3421 in
3615 3381 3725 3421 cce—

2151 3455 2220 3513 lis
2272 3457 2506 3513 invenis.
2565 3456 2720 3524 Quod
2781 3458 2826 3513 si
2877 3468 3069 3513 contra
3119 3459 3298 3529 aliqua
3359 3469 3415 3513 et
3468 3459 3729 3528 operibus

2151 3547 2308 3620 nigra
2361 3557 2418 3603 et
2475 3549 2771 3619 caliginosa
2833 3549 3020 3616 fuerit,
3073 3565 3104 3604 a
3169 3550 3476 3606 tenebrosis
3529 3557 3584 3604 et
3641 3565 3728 3604 ca-

2151 3637 2402 3709 liginosis
2442 3641 2650 3710 angelis
2697 3640 3011 3696 abducitur.
3048 3641 3113 3695 Et
3151 3641 3277 3710 quia
3333 3641 3570 3694 tenebrae
3622 3651 3725 3704 est,

2153 3747 2278 3788 cum
2333 3731 2420 3786 his
2475 3732 2733 3787 tenebras
2789 3734 3018 3788 sortitur
3081 3733 3163 3803 (ut
3203 3731 3479 3786 illaudatis
3529 3733 3727 3787 motio.

2151 3823 2317 3879 nibus
2363 3824 2646 3895 implicita)
2690 3840 2815 3880 cum
2864 3840 3052 3880 earum
3090 3826 3366 3896 praefectis
3403 3837 3461 3882 et
3503 3837 3724 3880 curato-

2153 3915 2330 3972 ribus.
2385 3917 2522 3972 Nam
2574 3925 2785 3972 naturas
2826 3917 3137 3971 animarum
3183 3918 3517 3988 respondent
3552 3918 3722 3974 actio-

2151 4009 2318 4066 nibus
2370 4009 2505 4073 suis,
2558 4019 2615 4065 et
2669 4009 3002 4064 omnimodis
3050 4024 3393 4081 unaquaque
3433 4012 3558 4066 talis
3620 4022 3725 4076 est,

2154 4106 2347 4178 quales
2375 4106 2625 4161 actiones
2680 4105 2800 4176 ejus
2829 4113 3117 4175 apparent.
3147 4104 3204 4159 Si
3238 4119 3406 4175 opera
3439 4104 3577 4159 lucis
3607 4105 3726 4158 fue-

2155 4198 2288 4261 rint,
2326 4195 2711 4252 illuminantur
2756 4205 2986 4260 natura;
3037 4195 3124 4250 sin
3178 4197 3557 4262 tenebrarum,
3604 4211 3728 4266 par-

2156 4289 2350 4359 ticipes
2394 4287 2538 4344 ﬁunt
2581 4286 2954 4342 tenebrarum.
3009 4287 3207 4342 Anima
3232 4289 3438 4358 quippe
3460 4288 3531 4343 ab
3572 4287 3728 4342 initio

2156 4379 2374 4450 corpori
2409 4378 2673 4444 immissa,
2697 4379 2851 4434 velut
2896 4377 3049 4433 visco
3077 4379 3340 4447 adhaeret,
3367 4388 3424 4434 et
3453 4387 3563 4433 tota
3588 4391 3726 4449 quo-

473 4448 624 4543 ⁰¹¹Ῑ¹¹¹
655 4452 956 4520 Stellarum,
982 4464 1038 4510 εί
1070 4458 1212 4512 luna?
1234 4458 1548 4528 Primmam
1577 4465 2046 4534 protoplastorum
2083 4459 2126 4513 Ῑ)
2155 4448 2448 4527 dummodo
2478 4471 2556 4527 illi
2577 4470 2799 4538 coaluit,
2822 4479 2992 4543 etper
3013 4471 3295 4543 speculum
3326 4471 3572 4541 corporis
3597 4448 3730 4524 insi-

475 4542 946 4609 pulchritudinem
968 4551 1314 4615 assimilavit,
1340 4557 1714 4623 spectaculum
1749 4558 2050 4626 ineffabile,

473 4636 769 4706 singulare,
808 4639 1258 4712 incomparabile,
1296 4644 1416 4701 sine
1436 4657 1608 4712 veste,
1645 4651 1765 4706 sine
1794 4652 2051 4716 artificio.

475 4742 582 4780 non
614 4744 779 4799 egens
800 4735 1150 4802 tegumentis,
1177 4736 1350 4804 gloria
1374 4747 1430 4792 et
1449 4739 1859 4808 pulchritudine
1880 4745 2052 4801 sulem

473 4829 702 4881 onmlno
721 4843 967 4898 :equans.
1004 4828 1096 4884 Sic
1125 4831 1271 4885 enim
1310 4831 1386 4886 illi
1421 4833 1673 4902 quamvis
1718 4838 1852 4893 nudi
1901 4839 2048 4895 nihi-

2153 4573 2359 4618 nuatur
2376 4571 2432 4619 et
2465 4563 2711 4634 respicit,
2756 4561 3088 4617 obscurante
3116 4571 3174 4617 et
3223 4561 3518 4631 obtegente
3563 4575 3729 4614 carne

2153 4667 2404 4712 naturam
2437 4657 2904 4726 incorporeamza
2943 4671 3052 4726 qua
3113 4654 3204 4710 ubi
3263 4664 3512 4725 separata
3536 4653 3725 4717 fuerit,

2155 4749 2358 4805 clarius
2389 4749 2688 4818 perspiciet
2713 4749 2797 4801 “'.

2223 4840 2322 4895 Hic
2345 4841 2658 4911 paradigma
2683 4839 2798 4896 sive
2822 4839 3134 4910 exemplum
3167 4840 3312 4910 quod
3344 4840 3526 4903 attuli,
3561 4838 3723 4893 tinem

1985 4979 2259 5044 Scholia.

544 5118 563 5136 ⁹
595 5115 911 5195 Gregorius.
939 5118 1056 5173 Non
1084 5121 1222 5195 enim
1257 5130 1332 5176 est
1364 5124 1547 5195 anima
1577 5126 1633 5179 in
1655 5143 1872 5195 corpore
1905 5135 1962 5180 ut
1988 5130 2044 5182 in

470 5202 614 5265 uase,
651 5195 742 5265 qut
787 5189 844 5240 in
878 5197 995 5242 utre
1047 5190 1271 5265 aliqua;
1291 5192 1384 5246 sed
1437 5205 1622 5248 contra
1660 5189 1832 5265 potius
1859 5213 2043 5263 corpus

471 5257 525 5308 in
574 5257 951 5339 _anima,_.qua:
989 5276 1090 5313 non
1128 5257 1192 5313 ob
1242 5264 1354 5332 ipso
1395 5257 1714 5333 continetur,
1745 5267 1836 5323 sed
1871 5257 2046 5339 ipsum

475 5339 650 5392 ponus
680 5337 927 5380 continet.

548 5396 586 5415 "
608 5393 771 5473 μακά
804 5398 943 5448 enim
976 5412 1071 5464 per
1103 5414 1160 5473 se
1185 5401 1366 5456 anima
1393 5403 1462 5456 ad
1485 5406 1646 5459 vitam
1673 5405 1823 5460 illam
1852 5407 2045 5473 evolat,

475 5463 618 5543 quod
647 5479 750 5516 non
782 5474 948 5543 potest
975 5463 993 5518 ὲ
1023 5467 1114 5519 sed
1137 5487 1168 5520 a
1194 5473 1390 5543 sanctis
1417 5474 1617 5543 angelis
1657 5477 1904 5531 deducta.

550 5532 834 5602 Chrysost.
861 5533 1100 5610 Ifrwsens
1124 5540 1262 5593 enim
1293 5543 1402 5595 vita
1438 5532 1521 5597 υἰῖι
1550 5546 1791 5607 ηιιωάαιη
1825 5556 1918 5610 est,
1951 5565 2048 5602 su-

482 5617 644 5684 perna
693 5605 1098 5684 inaiiuductioiie
1123 5625 1252 5684 opus
1285 5611 1501 5684 habens.
1542 5605 1598 5668 Si
1629 5632 1857 5684 namque
1880 5605 1932 5670 in
1953 5635 2046 5670 ur—

482 5673 595 5725 lmn
652 5673 896 5755 aliquant
938 5675 1132 5731 abituri
1157 5673 1493 5755 necessarius
1523 5693 1595 5736 est
1625 5673 1882 5755 nobisqui
1909 5689 2047 5742 viam

490 5750 762 5809 monstret,
805 5756 1003 5812 quanto
1042 5749 1207 5818 magis
1238 5750 1289 5803 in
1311 5751 1496 5805 cwlum
1551 5755 1766 5823 abituri,
1804 5749 2046 5826 superna

2152 5133 2449 5202 indigemus
2480 5148 2597 5202 ape,
2631 5146 2749 5200 qua:
2781 5139 2831 5202 et
2868 5137 3128 5202 monstret
3163 5132 3282 5195 iter,
3308 5138 3362 5202 et
3412 5146 3505 5183 nos
3535 5127 3728 5202 ron/ir-

2154 5198 2288 5266 met,
2299 5213 2346 5256 et
2381 5198 2725 5257 manuducot.
2759 5200 2945 5256 Multa:
2963 5201 3101 5253 enim
3128 5210 3250 5254 sunt
3267 5201 3362 5254 via:
3390 5202 3536 5254 arias.
3563 5198 3729 5252 Certe-

2154 5289 2271 5326 rum
2324 5274 2441 5326 duci
2491 5290 2584 5326 nos
2649 5289 2728 5335 eo,
2766 5271 2861 5323 Dei
2906 5286 3098 5322 munus
3148 5277 3225 5323 est
3253 5289 3266 5322 :
3292 5279 3348 5322 ut
3382 5279 3557 5322 autem
3584 5269 3729 5337 digni

2151 5344 2314 5395 simus
2348 5342 2452 5395 Deo
2495 5353 2542 5395 et
2573 5343 2686 5410 ejus
2714 5357 2876 5395 manu
2897 5349 3188 5402 teneamur,
3215 5339 3375 5410 studii
3397 5340 3562 5392 nostri
3597 5347 3722 5389 esto.

2156 5411 2216 5466 Si
2241 5414 2378 5534 eztim
2436 5409 2736 5465 immundus
2782 5411 2968 5480 fueris,
2997 5426 3101 5463 non
3132 5419 3181 5464 te
3210 5409 3356 5463 illius
3390 5425 3578 5463 manus
3603 5423 3727 5459 con-

2156 5482 2262 5534 tine
2296 5485 2355 5534 it.

2155 5482 2355 5534 tinebit.

2231 5551 2292 5574 ⁶⁴·
2333 5570 2350 5601 ι
2394 5549 2545 5604 Facie
2601 5551 2671 5603 ad
2711 5550 2901 5620 facient
2967 5549 3015 5617 (1
3046 5549 3172 5604 Cor.
3199 5565 3338 5620 Axm,
3378 5547 3516 5620 η»
3557 5567 3574 5598 ν
3610 5544 3726 5600 Νοιι

2154 5621 2293 5690 quod
2335 5621 2470 5673 Deus
2534 5618 2722 5692 [aciem
2773 5621 2963 5676 habent
2991 5622 3119 5686 ;sed
3157 5618 3355 5674 clarius
3381 5618 3638 5683 videlicet,
3677 5623 3729 5669 ct

2157 5692 2508 5763 manifestius.
