4102 6200
317 289 422 352 769

1764 281 2122 342 DIOPTRA.

3473 291 3580 356 770

311 401 498 454 habet.
530 398 586 452 ld
620 397 664 451 si
718 412 826 450 non
879 394 1084 466 optime
1135 398 1454 458 convenire.
1508 413 1608 452 nec
1643 397 1889 468 undique
1923 395 2143 466 Aquod
2196 395 2598 465 corrumpitur,
2643 393 2923 451 hominem
2975 397 3308 469 nuncupari,
3359 399 3578 454 tametsi

311 492 417 562 ipsi
445 493 522 546 rei
553 492 851 561 propositae
904 489 1240 560 respondere
1269 491 1576 555 existimas,
1609 491 1899 561 quodcun—

311 600 421 654 que
475 584 791 655 paradigma
837 582 1150 647 considera,
1178 595 1236 638 et
1278 583 1452 648 disce,
1509 599 1730 652 semper
1763 584 1896 638 illud

311 677 510 734 leviter
561 691 676 730 rem
735 675 1029 745 attingere,
1089 690 1187 730 seu
1233 675 1528 746 stringere.
1592 691 1702 730 non
1736 677 1897 746 plane

316 780 562 842 tangere,
622 784 726 824 nec
782 783 905 822 esse
960 768 1186 823 omnino
1232 784 1377 839 par:
1413 769 1516 823 hoc
1550 769 1697 824 enim
1734 769 1898 824 modo

310 871 459 918 esset
483 861 651 916 idem.
682 860 840 926 Quod
881 871 1065 918 autem
1099 860 1243 915 idem
1271 869 1377 926 est,
1406 877 1688 931 nunquam
1719 861 1898 931 παρά-

311 955 513 1025 δειγμα
540 955 724 1010 vocari
756 964 943 1024 queat.

923 1067 1150 1126 CAPUT
1187 1067 1296 1122 ΥΠ.

314 1163 455 1230 Quid
494 1163 772 1232 signiﬁcet,
810 1179 828 1212 ι
869 1161 940 1214 ad
983 1162 1270 1231 imaginem
1314 1166 1362 1212 et
1400 1159 1844 1232 similitudinem;
1875 1179 1891 1211 ο

388 1243 438 1288 et
477 1231 646 1287 verius
671 1233 960 1287 secundum
994 1233 1231 1284 animam
1262 1245 1354 1284 nos
1383 1245 1491 1283 esse
1525 1231 1784 1286 homines.
1823 1231 1899 1284 De

389 1303 657 1359 celeritate
690 1303 988 1356 animorum
1013 1300 1331 1354 incredibili.

393 1417 587 1473 ANIIM.
629 1417 696 1470 Et
726 1391 944 1486 qualem
985 1413 1208 1470 tandem
1239 1413 1524 1470 arbitraris
1552 1429 1673 1469 esse
1713 1413 1897 1469 homi-

315 1511 483 1565 nem?
512 1507 911 1578 Explicandum
954 1507 1112 1562 mibi.
1157 1505 1240 1561 An
1279 1507 1455 1561 solum
1489 1521 1711 1576 corpus,
1749 1505 1897 1576 quod

318 1601 692 1669 corrumpitur
727 1617 740 1652 :
769 1614 838 1652 an
876 1605 1069 1668 (penes
1099 1612 1265 1668 quam
1306 1596 1600 1667 imperium
1637 1595 1742 1666 est)
1775 1596 1895 1650 ani-

319 1708 406 1746 ma
435 1691 588 1755 illud,
621 1709 638 1741 ι
663 1689 967 1744 secundum
999 1688 1291 1758 imaginem
1323 1697 1378 1742 et
1401 1687 1842 1753 similitudinem,
1871 1705 1890 1740 ι

2003 487 2349 558 Scripturam
2371 487 2646 542 dicentem
2671 487 2862 542 audias
2887 506 2900 542 :
2935 507 2953 540 ι
2982 487 3271 544 Faciamus
3300 489 3580 545 hominem

2001 581 2068 634 ad
2126 581 2417 652 imaginem
2453 589 2510 636 et
2539 579 2958 636 similitudinem
3003 590 3277 645 nostram;
3311 599 3330 633 ι
3367 581 3462 638 sed
3493 583 3582 636 in-

2005 673 2188 745 tellige
2221 675 2465 728 animam
2500 673 2687 744 potius
2720 673 2795 728 ibi
2832 673 3113 728 hominem
3161 674 3294 739 dici,
3330 691 3462 740 non,
3500 675 3584 729 in-

1999 781 2186 836 quam,
2219 765 2370 820 hunc
2398 780 2564 834 quem
2595 763 2873 831 videmus,
2943 763 3037 820 sed
3076 765 3172 835 qui
3213 765 3362 820 intus
3393 765 3526 818 latet
3563 780 3584 824 :

2000 867 2253 910 naturam
2309 855 2521 910 scilicet
2577 865 2863 925 aspectum
2922 855 3249 927 fugientem,
3317 856 3584 913 interitus

1999 956 2306 1016 expertem,
2333 955 2389 1000 et
2415 946 2878 1016 praestantiorem.
2908 946 3082 1000 Porro
3107 946 3212 1001 hoc
3237 946 3418 1016 ipsum
3450 947 3583 1001 hinc

2000 1039 2184 1108 aptius
2212 1038 2504 1108 percipies.
2545 1039 2663 1108 lpsa
2687 1054 2788 1110 ego
2818 1038 3122 1092 secundum
3147 1039 3388 1092 animam
3417 1039 3583 1093 homo

2001 1147 2144 1186 sum.
2179 1131 2358 1186 Meum
2392 1131 2540 1185 enim
2583 1146 2786 1201 corpus
2816 1131 3020 1186 dicitur
3055 1150 3066 1184 :
3109 1147 3235 1185 nam
3265 1147 3470 1200 corpus
3495 1139 3581 1186 est

2000 1223 2196 1278 animae
2223 1238 2446 1292 corpus.
2469 1223 2588 1278 Non
2615 1223 2763 1278 enim
2794 1233 2890 1278 aut
2920 1239 3135 1289 manus,
3159 1239 3274 1293 ego,
3296 1222 3455 1286 dicit,
3486 1234 3582 1275 aut

2001 1330 2119 1385 pes,
2147 1321 2243 1368 aut
2272 1314 2581 1368 membrum
2613 1312 2764 1367 aliud
2798 1333 2812 1368 :
2844 1313 2940 1368 sed
2977 1328 3079 1368 vox
3111 1312 3234 1377 ista,
3271 1329 3384 1382 ego,
3420 1312 3580 1380 plane

1999 1415 2086 1462 est
2110 1405 2326 1460 animat.
2349 1403 2554 1460 Czetera
2584 1405 2766 1458 omnia
2785 1419 2908 1474 quae
2933 1404 3183 1474 corporis
3204 1413 3358 1467 sunt,
3385 1403 3575 1472 pedes,

2001 1515 2220 1565 manus,
2248 1499 2520 1563 membra,
2549 1506 2605 1552 et
2626 1506 2812 1568 partes
2837 1498 2958 1568 ejus
2979 1503 3246 1551 vocantur
3271 1495 3339 1550 ab
3369 1495 3457 1548 his
3483 1493 3576 1564 qui

2003 1591 2187 1645 sciunt
2237 1587 2371 1643 illud
2419 1603 2450 1640 a
2495 1586 2770 1656 principio
2830 1594 3093 1654 tanquam
3145 1585 3578 1638 instrumentum

2001 1678 2223 1748 aliquod
2259 1692 2355 1732 seu
2396 1676 2714 1732 vehiculum
2743 1689 2862 1730 esse
2883 1675 3110 1738 factum,
3137 1671 3580 1726 utostendimus.

214 1849 230 1862 ο
320 1789 380 1835 ut
408 1780 676 1850 scriptum
701 1789 809 1842 est,
840 1781 975 1832 citra
997 1778 1162 1832 ullam
1186 1777 1548 1832 mutationem
1572 1788 1753 1832 servat
1779 1777 1897 1848 (6)?
1932 1749 1968 1801 Β
2001 1771 2196 1840 Itaque
2225 1777 2282 1824 et
2322 1768 2453 1822 hinc
2487 1766 2728 1821 animam
2758 1765 2943 1836 potius
2971 1779 3093 1819 esse
3130 1762 3410 1817 hominem
3462 1761 3580 1813 exi-

316 1873 495 1928 Moses
510 1872 657 1926 enim
688 1871 890 1926 litteris
918 1869 1166 1935 tradidit,
1194 1868 1476 1924 hominem
1503 1869 1571 1923 ad
1599 1869 1893 1940 imaginem

316 1965 414 2020 Dei
443 1975 793 2034 procreatum
822 1978 965 2029 esse,
997 1978 1124 2017 eum
1161 1977 1326 2032 quem
1361 1961 1600 2032 primum
1627 1962 1697 2016 ab
1733 1961 1895 2016 initio

316 2057 464 2112 Deus
495 2056 761 2111 condidit.
797 2054 1045 2122 Quonam
1085 2063 1247 2127 pacto
1272 2063 1458 2110 autem
1491 2054 1627 2110 citra
1655 2055 1894 2110 animam

316 2163 520 2218 corpus
572 2149 742 2202 homo
787 2147 1046 2201 vocatur?
1093 2162 1449 2217 rursumque,
1493 2147 1720 2217 quinam
1777 2147 1894 2202 sola

315 2241 500 2295 anima
534 2241 697 2296 homo
737 2241 1070 2310 appellatur,
1100 2241 1310 2310 absque
1341 2255 1595 2310 corpore,
1629 2255 1753 2295 cum
1783 2253 1895 2308 quo

315 2332 611 2388 subsistit?
660 2333 876 2387 Etenim
927 2332 1019 2387 ille
1074 2340 1352 2403 spectator
1406 2333 1502 2388 Dei
1566 2331 1790 2402 scripsit
1837 2331 1895 2386 in

315 2423 540 2488 Genesi,
579 2425 749 2479 Deum
785 2424 852 2478 de
887 2423 1113 2494 pulvere
1145 2432 1309 2479 terra:
1352 2423 1631 2478 hominem
1664 2423 1897 2478 formas-

317 2531 380 2570 se
419 2517 458 2569 ¹.
490 2515 704 2586 Corpus
747 2515 914 2585 igitur
951 2514 1230 2584 quomodo
1259 2523 1366 2569 tam
1394 2526 1582 2586 aperte
1613 2515 1894 2570 hominem

316 2607 660 2660 nominavit?
686 2606 824 2662 Nam
850 2607 1185 2676 spiraculum
1222 2605 1348 2660 vitae
1371 2614 1584 2675 postea,
1625 2613 1746 2675 post
1777 2605 1893 2674 pri-

318 2711 467 2750 mam
496 2695 708 2750 scilicet
734 2695 1142 2758 lormationem,
1178 2694 1232 2748 in
1265 2693 1462 2748 faciem
1498 2691 1805 2762 inspiravit,
1831 2705 1897 2745 ac

318 2787 672 2858 postmodum
729 2788 782 2842 in
830 2787 1068 2842 animam
1114 2786 1391 2841 viventem
1443 2788 1620 2839 l’actus
1664 2792 1769 2837 cst.
1813 2781 1895 2836 Ad

318 2888 509 2934 utrum
543 2879 708 2949 igitur
755 2878 914 2943 illud,
957 2897 976 2930 ι
1028 2878 1097 2932 ad
1132 2877 1424 2946 imaginem
1481 2884 1536 2930 et
1579 2873 1897 2952 similitudi-

315 2988 449 3027 nem
487 2992 505 3024 ι
540 2970 834 3042 pertineat,
869 2971 1031 3026 velim
1069 2986 1154 3025 me
1198 2970 1418 3034 doceas,
1449 2967 1518 3022 ad
1559 2966 1898 3032 animamne,‘

313 3082 390 3122 an
427 3065 495 3119 ad
530 3079 754 3120 servum
781 3073 838 3119 et
866 3078 1192 3118 conservum
1219 3078 1441 3132 corpus.

395 3158 560 3214 Cano.
592 3157 829 3219 Docebo,
861 3166 917 3211 et
949 3171 1015 3210 ex
1045 3155 1199 3210 Pauli
1242 3155 1466 3224 scriptis
1518 3154 1896 3209 testimonium

325 3251 546 3306 firmum
577 3251 882 3315 desumam,
915 3248 1058 3304 unde
1091 3263 1205 3303 rem
1234 3263 1551 3319 cognoscas.
1591 3267 1610 3301 ι
1647 3247 1800 3302 Licet
1833 3247 1897 3310 is,

318 3341 419 3413 qui
456 3340 590 3396 foris
625 3349 734 3406 est,
773 3341 936 3394 homo
987 3349 1173 3395 noster
1224 3349 1644 3409 corrumpatur,
1698 3339 1896 3408 inquit,

320 3443 508 3490 tamen
529 3431 575 3486 is
597 3432 690 3502 qui
713 3432 861 3486 intus
888 3440 993 3497 est,
1023 3437 1319 3484 renovatur
1336 3429 1403 3484 de
1432 3429 1521 3484 die
1543 3431 1610 3504 in
1629 3429 1773 3483 diem
1803 3431 1844 3483 ².
1875 3447 1893 3478 ι

325 3526 594 3581 llomines
642 3524 807 3596 igitur
859 3523 975 3578 hate
1028 3522 1192 3577 ambo
1241 3521 1566 3584 nominavit,
1621 3521 1900 3574 internum

326 3627 690 3672 etexternum
720 3632 733 3670 :
761 3623 1053 3684 utrumque
1074 3613 1388 3682 separatim,
1414 3611 1673 3683 quoniam
1691 3620 1906 3666 utrum-

327 3723 440 3778 que
469 3707 703 3760 animam
728 3705 893 3760 habet
915 3714 970 3759 et
990 3719 1209 3775 corpus.
1257 3703 1648 3758 Verumtamen
1679 3703 1900 3773 proprie

322 3797 637 3857 secundum
667 3797 903 3852 animant
930 3797 1095 3852 homo
1126 3795 1312 3851 vocari
1338 3804 1539 3865 potest.
1569 3795 1649 3849 Ne
1677 3803 1732 3848 tu
1767 3794 1901 3848 mihi

321 3899 582 3952 externa,
631 3896 836 3958 etquae
875 3887 931 3940 in
979 3886 1171 3942 oculos
1219 3886 1536 3950 incurrunt,
1587 3885 1901 3949 considera,

325 3994 510 4048 neque
551 3977 698 4032 illam
749 3976 1000 4046 corporis
1033 3975 1419 4030 formationem
1465 3984 1646 4029 tecum
1690 3983 1901 4044 reputa.

325 4073 474 4130 Caro
535 4071 682 4126 enim
745 4070 896 4123 velut
954 4068 1340 4123 indumentum
1405 4077 1463 4122 et
1525 4076 1901 4138 tegumentum

327 4165 609 4237 quoddam
639 4160 1000 4233 concipienda
1035 4170 1137 4215 est.
1178 4159 1339 4226 lllud,
1373 4178 1392 4212 ι
1429 4161 1731 4216 secundum
1767 4163 1905 4216 ima-

326 4260 538 4330 ginem,
582 4276 599 4308 ι
657 4266 716 4312 ut
757 4254 947 4326 paucis
1003 4253 1206 4319 dicam,
1255 4251 1434 4305 anima
1479 4260 1586 4307 est.
1632 4253 1704 4307 At
1755 4253 1906 4308 enim

328 4347 639 4405 secundum
682 4348 912 4417 gratiam
953 4343 1118 4410 istuc,
1161 4358 1271 4398 non
1300 4343 1604 4400 secundum
1649 4352 1906 4399 naturant

2003 1859 2337 1917 stimandum
2358 1868 2461 1914 est.
2485 1858 2645 1913 Ratio
2666 1870 2833 1927 porro
2852 1856 3040 1924 regina
3068 1853 3123 1907 in
3139 1849 3582 1922 perturbationes

2004 1951 2298 2022 imperium
2331 1948 2544 2012 habuit,
2582 1956 2639 2002 et
2675 1947 2844 2002 homo
2878 1944 3174 2014 imperium
3207 1943 3261 1997 in
3297 1951 3583 1995 creaturas

2005 2045 2175 2099 totius
2195 2041 2366 2097 orbis.
2396 2039 2682 2108 Quatenus
2711 2045 2910 2110 pmest
2933 2046 2992 2091 ut
3013 2035 3270 2106 princeps
3297 2042 3352 2088 et
3407 2031 3582 2086 domi-

2004 2150 2128 2202 nus,
2166 2134 2330 2188 homo
2370 2132 2548 2202 imago
2581 2130 2675 2185 D.—i
2705 2138 2811 2195 est,
2849 2138 2906 2184 et
2940 2129 3225 2182 vocatur'.

2073 2247 2601 2304 Praestantissimum
2642 2244 2992 2312 maximeque
3025 2243 3265 2312 primum
3308 2240 3365 2294 in
3396 2238 3580 2294 anima

2001 2351 2218 2397 certum
2247 2348 2334 2396 est
2366 2345 2607 2393 mentem
2634 2351 2780 2401 esse,
2814 2335 2903 2390 cui
2939 2334 3172 2388 facultas
3201 2331 3494 2388 celerrima
3527 2341 3584 2384 et

2004 2429 2454 2500 incomparabilis
2475 2427 2603 2483 data
2633 2435 2737 2482 est.
2771 2425 2995 2480 Habitat
3019 2424 3246 2495 quidem
3277 2423 3335 2478 in
3366 2423 3579 2486 anima,

2002 2525 2059 2572 et
2083 2526 2292 2587 puncto
2327 2514 2592 2586 temporis
2621 2514 2946 2568 universum’
2989 2513 3254 2568 mundum
3303 2522 3579 2583 peragrat,

2003 2624 2069 2664 ac
2099 2609 2238 2664 citra
2266 2607 2737 2680 defatigationem,
2769 2607 2958 2662 Boreae
2985 2615 3042 2662 et
3089 2606 3303 2672 Austri,
3339 2604 3582 2661 Orientis

2003 2699 2431 2770 Occidentisque
2466 2701 2688 2756 climata
2733 2698 3050 2769 percurrit:
3084 2713 3254 2764 mare,
3287 2698 3578 2753 continen-

2007 2801 2140 2856 tem,
2182 2791 2389 2845 insulas
2432 2790 2703 2860 pervadit,
2751 2789 3002 2844 cmlestia
3058 2798 3116 2843 et
3167 2788 3582 2858 supercmlestia

2005 2882 2250 2953 attingit.
2280 2882 2530 2936 Essentia
2559 2881 2780 2951 quidem
2805 2880 3060 2945 minime,
3089 2896 3158 2936 ne
3183 2880 3327 2936 istuc
3351 2881 3581 2950 cogites.

2003 2990 2144 3030 neve
2164 2974 2318 3029 dicas
2341 2990 2356 3030 :
2376 2975 2470 3029 sed
2491 2975 2543 3029 vi
2568 2974 2992 3046 cogitationum,
3014 2982 3072 3030 et
3093 2974 3584 3045 imaginationibus

2005 3070 2158 3124 solis.
2211 3069 2338 3126 Sola
2384 3068 2650 3125 divinitas
2695 3069 2955 3125 omnibus
2998 3076 3055 3124 et
3096 3068 3301 3139 ubique
3341 3083 3585 3140 praesens

2006 3161 2629 3226 adest,substantialiter
2651 3171 2708 3216 et
2735 3162 3082 3226 naturaliter,
3102 3171 3162 3215 ut
3191 3170 3389 3216 natura
3419 3175 3583 3230 supra

2001 3263 2279 3318 naturam,
2317 3265 2376 3308 ut
2416 3253 2533 3309 sola
2564 3250 3140 3322 supersubstantialis,
3184 3261 3245 3304 ut
3273 3251 3388 3305 sola
3426 3251 3579 3304 inex-

2003 3345 2298 3413 plicabilis.
2338 3346 2525 3414 Itaque
2568 3344 2856 3398 secundum
2898 3343 3183 3412 imaginem
3213 3341 3580 3410 principatum

2003 3436 2247 3492 dilucide
2303 3435 2595 3506 significat.
2639 3435 2841 3490 Verum
2887 3432 3354 3503 quemadmodum
3419 3446 3581 3485 nemo

2004 3536 2090 3583 est
2130 3526 2408 3596 superior,
2458 3541 2563 3582 nec
2612 3526 2842 3596 arqualis
2873 3524 3108 3580 Domino
3138 3523 3343 3596 (omnia
3378 3523 3583 3592 quippe

2005 3618 2250 3674 omnium
2293 3617 2580 3673 Conditori
2617 3617 2866 3688 cedunt),
2916 3616 2990 3671 ita
3019 3615 3074 3670 in
3119 3615 3282 3671 terris
3323 3613 3461 3668 nihil
3498 3623 3585 3668 est

2005 3709 2231 3764 homine
2263 3710 2522 3779 superius
2560 3725 2624 3764 ac
2666 3710 2865 3778 majus.
2903 3706 3000 3762 llle
3042 3706 3189 3762 enim
3223 3705 3490 3760 Dominus
3529 3713 3586 3759 et
3679 3697 3682 3700 ’

2005 3800 2236 3855 Creator
2270 3807 2356 3854 est
2385 3800 2634 3854 omnium
2667 3798 2832 3854 simul
2870 3814 2886 3853 :
2918 3806 2970 3853 te
3007 3807 3190 3853 autem
3222 3811 3322 3866 per
3352 3798 3583 3865 gratiam

2007 3907 2162 3946 suam
2193 3891 2499 3962 principem
2536 3891 2784 3947 omnium
2811 3906 2933 3960 qua:
2964 3890 3018 3944 in
3053 3889 3212 3944 terris
3245 3896 3396 3953 sunt,
3429 3887 3581 3943 facit.

2007 3982 2277 4039 Omnibus
2303 3984 2570 4055 jumentis
2598 3999 2928 4054 praesumus,
2951 3982 3212 4037 omnibus
3233 3979 3581 4042 natantibus,

2008 4088 2065 4133 et
2092 4078 2352 4144 terrenis,
2390 4077 2680 4143 universis,
2722 4085 2782 4130 ut
2817 4075 3058 4130 breviter
3101 4073 3302 4138 dicam,
3345 4071 3588 4140 impera-

2011 4185 2155 4234 mus,
2203 4169 2518 4240 reptilibus,
2560 4167 2894 4232 volatilibus,
2945 4164 3214 4235 piscibus,
3262 4163 3480 4226 bestiis,
3530 4176 3587 4219 et

1967 4275 1986 4287 ο
2010 4265 2284 4328 quotquot
2321 4257 2540 4311 tandem
2582 4255 2883 4310 animantia
2929 4254 3143 4309 ratione
3175 4253 3418 4309 carentia
3443 4253 3590 4309 Deus

2011 4348 2241 4405 creavit.
2269 4348 2388 4403 Jam
2420 4348 2587 4419 igitur
2616 4348 2776 4418 cujus
2799 4356 2856 4401 et
2898 4347 3059 4416 quale
3083 4348 3158 4401 sit
3177 4345 3311 4402 illud
3345 4364 3362 4398 ι
3391 4362 3591 4402 secun-

331 4441 602 4511 intellige.
633 4439 916 4494 Nolienim
937 4437 1276 4500 existimare,
1300 4435 1544 4503 domina,
1573 4450 1774 4506 corpus
1804 4437 1910 4495 hoc
1944 4455 1988 4511 ι)
2017 4441 2147 4496 dum
2167 4441 2482 4512 imaginem,
2509 4459 2526 4492 ι
2557 4440 2880 4512 cognovisti.
2903 4439 3140 4494 Rursum
3164 4438 3320 4502 illud,
3351 4457 3368 4490 ι
3394 4453 3592 4494 secun-

416 4552 433 4583 ⁸
457 4551 596 4608 Gen.
627 4567 686 4616 tt,
733 4550 787 4603 7.
884 4550 905 4580 ³
931 4547 977 4604 ll
1000 4546 1129 4603 Cor.
1153 4563 1231 4613 tv,
1279 4547 1364 4602 16.

1598 4643 1817 4705 Jacobi
1843 4644 2127 4708 Gretseri
2156 4655 2340 4710 notae.

410 4748 488 4818 (6)
499 4748 628 4814 Quae
645 4748 711 4803 de
725 4749 905 4802 anima
921 4756 976 4803 et
989 4761 1218 4816 corpore
1229 4744 1451 4800 disserit
1467 4753 1683 4818 auctor,
1707 4745 1906 4818 ᾁριστῃ

337 4815 536 4890 γνώμῃ
563 4818 975 4890 interpretanda
1009 4815 1171 4890 sunt;
1205 4831 1384 4884 neque
1413 4815 1562 4890 enim
1593 4815 1708 4868 vult
1735 4815 1911 4890 humi?

338 4886 471 4946 item
502 4886 719 4957 proprie
741 4904 861 4942 esse
883 4889 1052 4943 solam
1078 4888 1342 4948 animam,
1366 4896 1424 4939 ut
1446 4887 1598 4957 Plato
1628 4886 1909 4957 censuisse

339 4955 563 5022 fertur,
607 4955 730 5012 Vaut
783 4973 1005 5012 carnem
1054 4957 1277 5026 proprie
1344 4971 1463 5026 non
1527 4955 1687 5026 aliter
1759 4956 1908 5009 uniri

337 5030 536 5086 animae
552 5045 716 5098 quam
738 5025 1120 5082 indumentum
1139 5025 1378 5098 corpori,
1398 5025 1684 5098 autnavim
1706 5036 1908 5098 nautae,

340 5110 438 5153 aut
464 5095 776 5152 vehiculum
813 5099 1036 5152 sessuri.
1070 5097 1384 5150 Meminerit
1417 5096 1592 5149 lector
1630 5103 1686 5147 et
1725 5095 1815 5149 hic
1854 5105 1911 5150 et

341 5169 475 5223 alibi
502 5170 636 5239 legis
666 5170 811 5222 illius
838 5169 980 5237 apud
1004 5166 1416 5239 jureconsultos
1437 5165 1733 5218 admodum
1766 5165 1910 5239 cele-

344 5241 517 5293 brata:
532 5257 545 5292 :
559 5235 854 5306 Benignius
872 5235 1018 5307 leges
1041 5236 1452 5306 interpretanda:
1472 5245 1592 5287 sunt
1605 5250 1708 5303 quo
1732 5235 1915 5289 volun-

342 5321 428 5366 tas
471 5325 653 5362 earum
689 5317 1056 5373 conservetur;
1096 5320 1401 5374 sensusque
1447 5307 1811 5374 metaphorici
1860 5317 1916 5361 et

2011 4749 2318 4821 improprii,
2346 4766 2487 4820 quos
2539 4751 2839 4833 aliquando
2857 4753 3156 4833 scriptores
3177 4759 3588 4833 consectantur,

2009 4836 2357 4899 nequaquam
2385 4825 2634 4899 proprias
2667 4838 2850 4899 rerum
2889 4830 3132 4899 rationes
3157 4831 3452 4886 evertunt;
3482 4825 3592 4875 nisi

2010 4892 2123 4962 sint
2145 4893 2419 4961 ejusmodi
2442 4892 2535 4960 qui
2558 4907 2684 4946 cum
2716 4895 2948 4948 veritate
2971 4893 3275 4949 consistere
3294 4901 3593 4962 nequeant.

2013 4960 2215 5034 _Verun_t
2247 4962 2317 5016 de
2355 4964 2560 5034 anima,
2595 4972 2747 5034 utsic
2782 4963 2978 5018 habeat
3017 4974 3274 5034 respectu
3315 4960 3592 5034 corporis,

2012 5029 2132 5104 lege
2173 5031 2496 5102 Gregorium
2529 5033 2597 5104 de
2631 5033 2874 5088 Valentia
2905 5051 2940 5088 I.
2979 5050 3061 5104 p.,
3094 5029 3151 5090 S.
3195 5033 3392 5088 ’l‘hom.
3417 5029 3498 5104 'd.
3535 5033 3592 5095 6,

2015 5114 2067 5168 q.
2104 5101 2160 5162 2,
2197 5112 2340 5171 part.
2385 5117 2424 5167 t,
2466 5103 2561 5174 qui
2603 5104 2767 5176 etiam
2810 5101 3070 5176 disp.'7,
3105 5104 3247 5176 q._3_,
3288 5120 3427 5176 p.‘|,
3470 5103 3592 5156 fuse

2019 5176 2204 5248 docet,
2238 5188 2305 5248 an
2333 5181 2391 5226 et
2422 5173 2699 5248 quomodo
2730 5173 2894 5228 homo
2919 5175 3086 5230 fuerit
3113 5173 3181 5229 ad
3215 5173 3507 5246 imaginem
3537 5183 3595 5228 et

2021 5243 2439 5297 simditudinem
2470 5243 2568 5299 Dei
2592 5253 2828 5299 creatus.

1849 5403 2124 5468 Scholia.

419 5513 436 5531 ‘
480 5509 881 5564 Theodoretus.
930 5505 1099 5561 Homo
1145 5521 1310 5576 neque
1361 5503 1645 5559 secundum
1697 5520 1908 5574 corpus,

346 5595 512 5648 neque
539 5583 822 5633 secundant
852 5582 1111 5639 animant,
1133 5575 1758 5648 sea'secundumimpcrii
1795 5591 1908 5648 nta-

335 5645 593 5718 fes'tatem
620 5653 882 5702 duntaxat
911 5648 1003 5701 Dei
1039 5649 1213 5715 imago
1237 5657 1331 5700 est.
1370 5648 1433 5700 Ut
1463 5646 1650 5718 igitur:
1677 5645 1910 5718 omnium

345 5713 470 5789 qua:
503 5721 555 5773 in
595 5724 747 5773 terris
790 5729 910 5773 sunt
941 5713 1242 5788 principatu
1277 5717 1578 5785 insignitus,
1617 5713 1706 5767 Dei
1737 5715 1912 5782 imago

2021 5506 2349 5575 appellatur.
2391 5507 2584 5564 Mulier
2609 5519 2787 5564 autem
2823 5517 2878 5561 ut
2911 5507 3005 5561 sub
3045 5509 3145 5564 uiri
3174 5517 3434 5579 potestate
3465 5526 3594 5563 con-

2018 5585 2230 5654 stituta,
2267 5580 2441 5654 gloria
2473 5590 2548 5654 est
2573 5583 2692 5648 viri,
2725 5591 2774 5634 et
2813 5579 2953 5633 velut
2992 5579 3238 5651 imaginis
3274 5582 3468 5654 imago.
3500 5581 3596 5634 Est

2020 5649 2310 5721 quidemet
2334 5652 2448 5719 ipsa
2482 5651 2711 5706 aliarum
2741 5665 2915 5706 rerum
2947 5649 3209 5721 princeps,
3235 5649 3593 5708 verumtamen

2023 5720 2133 5770 viro
2169 5718 2374 5772 subesse
2393 5724 2551 5790 jussu
2597 5732 2692 5776 est.
2949 5718 2953 5720 ν
3021 5737 3026 5741 ·
