4088 6214
336 312 446 378 ’Π3

1788 304 2147 373 DIOPTRA.

3489 310 3595 374 7'54

331 431 399 484 ad
429 428 539 485 alia
583 431 926 498 transeundi,
972 438 1095 502 qua:
1121 433 1189 488 ab
1237 433 1396 488 initio
1439 402 1728 504 preposui,
1757 440 1825 484 ne
1857 428 1913 481 in
1941 426 1990 486 Α
2019 430 2146 479 nem
2179 423 2364 479 saeculi
2419 434 2476 479 et
2504 422 2777 494 judicium
2810 431 3090 494 exspecta.
3134 420 3318 479 Testis
3355 434 3411 479 et
3459 426 3596 481 citra

331 518 669 575 oblivionem
695 522 941 579 veniant.
978 524 1038 578 ln
1072 524 1334 580 erunibus
1363 531 1549 579 autem
1590 519 1911 593 quaestioni-

332 609 458 675 bus,
492 620 620 681 peto
658 620 718 667 ut
746 614 880 669 mihi
924 614 1198 686 ignoscas.

403 701 568 760 Cano.
591 704 864 776 Eloquere
886 708 1019 778 quid
1038 718 1253 778 quzeras
1271 722 1285 761 :
1306 705 1455 763 haud
1478 706 1627 763 enim
1655 705 1906 761 memini.

399 797 595 852 Annus.
624 797 760 853 lllud
789 802 908 855 erat
937 799 1087 871 quod
1120 800 1543 871 percunctabar,
1578 800 1909 877 quibusnam

330 887 389 942 in
428 885 586 957 locis,
643 896 701 944 et
745 890 952 961 quibus
986 891 1305 963 regionibus
1330 893 1608 964 justorut’n
1644 899 1906 962 peccato-

331 986 566 1049 rumque
586 980 819 1051 spiritus
854 993 979 1053 post
1007 984 1313 1041 discessum
1347 1000 1415 1041 ex
1435 984 1540 1040 bac
1561 984 1707 1050 luce,
1734 999 1911 1055 usque

326 1071 396 1127 a‘d
424 1071 633 1129 Christi
665 1073 963 1131 adventum
998 1076 1188 1133 vivere
1217 1075 1572 1133 statuendum
1595 1084 1766 1132 esset.

394 1161 569 1218 Cano.
601 1162 659 1219 Si
692 1171 922 1221 noscere
958 1166 1064 1234 vis,
1106 1167 1387 1238 quomodo
1418 1182 1478 1223 se
1507 1167 1731 1231 habeat,
1762 1166 1911 1238 quod

322 1255 663 1325 interrogas,
689 1256 916 1313 adverte
937 1258 1187 1315 animum
1214 1259 1301 1316 his
1326 1275 1449 1330 quae
1469 1260 1672 1323 dicam,
1691 1267 1747 1314 et
1768 1258 1912 1313 veri-

325 1346 499 1398 tatem
542 1345 841 1415 percipies.
872 1342 1180 1418 Scriptura
1213 1347 1438 1414 docent,
1470 1347 1909 1405 excelsissimum

327 1444 450 1490 esse
494 1434 706 1500 locum,
750 1436 806 1491 in
854 1453 965 1508 quo
995 1439 1494 1508 animaejustorum
1539 1440 1909 1509 requiescant.

334 1522 436 1583 Hic
487 1536 672 1584 autem
720 1528 879 1585 locus
930 1530 1168 1587 diversis
1212 1532 1533 1588 nominibus
1583 1531 1908 1602 appellatur.

329 1617 537 1690 Nempe
567 1620 718 1693 regio
749 1621 1079 1689 viventium,
1115 1631 1264 1679 terra
1300 1623 1543 1687 mitium,
1579 1601 1907 1679 tabernacu-

326 1714 442 1767 lum
475 1730 504 1768 a
530 1713 644 1770 Deo
666 1713 892 1780 factum,
923 1716 1119 1772 civitas
1144 1716 1437 1781 altissima,
1471 1726 1688 1772 torrens
1708 1714 1909 1771 odora-

2013 516 2395 586 exceptionem
2428 516 2655 581 Paulus,
2690 515 2785 587 qui
2819 516 3065 570 omnium
3092 526 3260 587 caput
3300 524 3355 573 et
3392 519 3598 587 princi-

2012 618 2137 679 p‘em
2157 605 2459 673 Christum,
2483 616 2777 678 postquam
2808 607 3137 673 resurrexit,
3159 607 3591 680 primogenitum

2012 708 2361 756 mortuorum
2404 700 2449 766 ⁷,
2489 706 2545 754 et
2590 700 3017 771 primogenitum
3064 699 3121 755 in
3171 702 3362 758 multis
3412 702 3601 760 fratri-

2011 789 2116 846 bus
2150 789 2195 855 ⁸,
2252 796 2309 844 et
2357 789 2624 844 Adatnum
2676 789 2981 844 sedundum
3031 791 3321 847 nominat“
3362 791 3450 849 ’“.
3490 794 3597 861 Qui

2010 883 2069 937 e't
2109 882 2290 952 primo
2334 881 2508 951 prior,
2569 888 2627 937 et
2684 881 3013 952 prodromus
3051 885 3213 941 nobis
3249 886 3319 941 ad
3377 882 3596 944 Patrem

2013 973 2249 1043 pracivil,
2305 972 2453 1029 etin
2497 972 2616 1045 ejus
2659 973 2862 1029 throno
2908 975 3149 1045 glorioso
3198 978 3267 1034 ad
3312 981 3595 1039 dexteram

2010 1065 2285 1132 consedit,
2320 1066 2483 1121 simul
2508 1067 2757 1122 omnium
2783 1072 2971 1139 caput,
3002 1079 3061 1125 ut
3086 1076 3143 1126 et
3163 1074 3364 1143 capitis
3389 1084 3597 1145 corpus

2012 1157 2276 1229 paulatim
2313 1171 2380 1213 eo
2416 1166 2805 1230 congregetur,
2844 1166 2902 1215 et
2955 1168 3330 1232 congruenter
3374 1176 3601 1236 aptetur

2011 1257 2068 1306 et
2093 1256 2532 1321 coagmentetur.
2604 1250 2717 1305 Nec
2761 1249 2911 1305 enim
2967 1267 3170 1323 corpus
3203 1256 3296 1321 sit,
3368 1256 3596 1313 absente

2012 1342 2214 1410 Capite,
2240 1356 2344 1396 nec
2368 1350 2585 1395 rut-sum
2608 1349 2795 1410 caput,
2824 1342 2869 1396 si
2910 1341 3055 1397 absit
3077 1360 3279 1415 corpus
3310 1346 3417 1404 ﬂ...

2082 1429 2356 1487 Caeterum
2388 1431 2587 1485 anima:
2615 1430 2889 1485 bonorum
2917 1432 3046 1486 solm
3086 1442 3233 1487 nunc
3260 1434 3594 1501 evehuntur,

2013 1540 2113 1597 per
2133 1539 2214 1589 se,
2250 1529 2311 1578 ut
2350 1530 2600 1590 possunt,
2636 1522 2785 1575 omni
2820 1530 2966 1577 nexu
2996 1524 3211 1589 solutze,
3245 1526 3312 1579 ad
3348 1527 3595 1582 omnium

2011 1622 2177 1687 caput
2207 1624 2262 1669 et
2295 1615 2586 1670 Dominum
2621 1614 2887 1669 vadentes
2927 1633 2940 1669 :
2970 1623 3095 1684 post
3129 1619 3595 1674 resurrectionem

2011 1728 2165 1776 vero,
2188 1706 2515 1765 etiam'eum
2548 1708 2682 1779 ipsis
2706 1709 3034 1779 corporibus
3063 1711 3367 1765 evehentur
3389 1712 3519 1768 “’⁶⁴’,

328 1803 597 1869 tissimus,
620 1805 835 1861 sonitus
866 1806 1069 1861 festum
1095 1807 1518 1862 celebrantium.
1549 1806 1619 1861 Et
1645 1805 1761 1862 haec
1787 1807 1910 1877 qui-
1940 1784 1986 1844 Β
2083 1800 2272 1872 Papae!
2333 1806 2538 1871 quanta
2599 1799 2799 1871 gloria,
2856 1810 3100 1872 quantus
3156 1801 3363 1857 honorl
3398 1803 3590 1873 Papzel

325 1896 451 1951 dem
477 1912 545 1951 ex
574 1895 836 1967 Epistolis
866 1897 1019 1953 Pauli
1067 1897 1134 1953 ad
1164 1897 1488 1955 Corinthios
1509 1908 1564 1954 et
1590 1898 1909 1968 Philippen-

329 2000 416 2039 ses
440 1994 714 2039 constant.
746 1985 983 2041 Inferior
1005 1995 1191 2042 autem
1226 1986 1520 2053 incolatus,
1545 1997 1601 2043 et
1629 1996 1908 2058 tempora—

325 2088 488 2136 neus,
555 2080 613 2129 et
689 2074 910 2131 servilis
962 2082 1068 2142 est,
1144 2074 1488 2133 tabernaculi
1547 2077 1735 2149 hujus,
1797 2094 1907 2148 quo

327 2164 617 2231 dissoluto,
643 2165 868 2220 domum
901 2166 1066 2221 aliam
1098 2167 1154 2222 in
1180 2171 1399 2240 superis
1426 2171 1714 2235 habemus.
1749 2172 1909 2243 cujus

326 2253 627 2310 aedificator
650 2256 940 2324 Deminus,
971 2259 1131 2330 cujus
1158 2256 1345 2331 Opil‘ex
1378 2261 1525 2316 Deus
1558 2260 1598 2315 ‘.

400 2346 577 2402 Soluti
622 2347 789 2420 igitur
839 2351 1193 2421 Corporibus,
1250 2361 1573 2409 constanter
1627 2352 1908 2407 credimus

328 2437 629 2493 abductum
661 2448 762 2496 nos
801 2439 868 2495 iri
900 2441 968 2497 ad
998 2440 1314 2509 Dominum,
1348 2443 1570 2515 quicum
1597 2460 1717 2499 esse
1768 2460 1906 2513 pra:-

328 2536 456 2584 stat.
481 2526 664 2596 Quare
688 2538 744 2585 et
766 2531 1058 2587 amabilem
1086 2531 1230 2588 illam
1253 2549 1444 2589 vocem
1468 2534 1694 2599 emittit,
1731 2533 1908 2603 Cupio

330 2619 581 2687 dissolvi,
620 2628 675 2676 et
714 2622 846 2677 hinc
884 2622 1117 2689 absolvi,
1176 2632 1237 2679 ut
1278 2638 1404 2680 cum
1444 2623 1664 2682 Christo
1701 2626 1902 2689 vivam,

328 2713 550 2782 quicum
574 2729 694 2770 esse
723 2714 982 2771 desidero
1021 2719 1062 2739 “
1085 2715 1128 2770 ⁸.

402 2803 469 2858 Et
493 2805 753 2861 Salomon
796 2823 916 2872 rex,
962 2817 1025 2864 ut
1052 2807 1248 2865 videns
1291 2806 1483 2879 (futuri
1528 2806 1813 2880 providus,
1848 2821 1909 2867 ut

327 2895 635 2967 prophetae,
682 2895 779 2968 qui
828 2897 1084 2955 videntes
1131 2899 1483 2974 dicebantur)
1534 2903 1609 2957 ita
1656 2902 1851 2959 scribit
1889 2919 1906 2960 :

336 3006 357 3040 ι
391 2987 677 3043 Justorum
708 2988 991 3055 anim-tein
1013 3006 1179 3047 manu
1204 2994 1601 3064 omnipotentis
1626 2986 1724 3051 Dei
1753 3004 1904 3062 sunt,

325 3087 382 3135 et
407 3095 517 3135 non
555 3090 741 3152 tanget
785 3081 908 3137 illos
934 3092 1270 3140 tormentum
1306 3086 1499 3141 mortis
1524 3087 1567 3141 ⁸.
1604 3105 1623 3139 ι
1665 3087 1906 3144 Joannes
1933 3122 1965 3152 ,-

327 3182 510 3229 autem
560 3168 955 3242 Damascenus,
995 3174 1081 3231 vir
1110 3175 1576 3247 sapientissimus,
1620 3194 1749 3235 vere
1787 3178 1906 3251 ipsa

325 3264 523 3336 gratia,
546 3262 695 3338 quod
719 3267 841 3337 ejus
882 3276 1084 3322 nomen
1118 3275 1281 3323 sonat
1323 3285 1338 3322 :
1371 3286 1388 3319 ι
1426 3269 1651 3325 Animas
1680 3270 1905 3341 quidem

326 3356 544 3415 habetis
568 3359 772 3430 (inquit
789 3360 843 3414 in
860 3358 1081 3431 hymnis
1101 3362 1426 3432 martyrum)
1460 3361 1515 3415 in
1547 3360 1768 3416 civitate
1792 3376 1908 3417 cce-

325 3449 473 3517 lesti,
505 3451 561 3506 in
590 3468 698 3521 qua
727 3450 1065 3514 habitantes,
1106 3465 1232 3504 cum
1265 3449 1501 3504 Domino
1550 3450 1758 3514 vivitis,
1805 3465 1907 3521 pro

326 3558 439 3613 quo
484 3551 540 3597 et
573 3540 938 3597 occubuiStis.
979 3558 998 3591 ι
1030 3538 1097 3593 Et
1123 3538 1395 3609 plurimos
1444 3535 1585 3594 alios
1623 3547 1812 3606 testes,
1850 3548 1908 3597 et

329 3635 569 3704 majores
593 3632 738 3685 inter
770 3628 1182 3685 sanetosdictis
1203 3630 1341 3686 meis
1363 3630 1729 3701 astipulantes
1761 3647 1907 3703 pro-

328 3724 528 3779 ducam
580 3721 704 3787 tibi,
739 3720 1087 3793 Gregorium,
1124 3720 1420 3789 Basiliam,
1454 3737 1701 3779 summos
1731 3729 1903 3797 magl-

327 3822 507 3879 stros;
538 3810 862 3882 Gregorium
892 3806 1222 3884 Nyssenum,
1256 3809 1531 3868 Andream
1559 3812 1902 3882 Cretensem,

326 3912 391 3958 et
432 3900 567 3957 illud
613 3916 844 3957 aureum
898 3900 1259 3971 divinumque
1312 3900 1431 3958 Os:
1490 3916 1684 3959 omnes
1738 3906 1903 3962 simul

328 3990 681 4049 concorditer
704 4000 758 4047 et
789 3989 1035 4046 unanimi
1067 4007 1368 4054 consensu.
1396 3994 1645 4049 omnium
1686 4006 1902 4052 sancto-

329 4100 452 4141 rum
498 4082 713 4139 animas
752 4081 809 4138 in
859 4082 1000 4138 uelo
1045 4098 1171 4140 esse
1211 4082 1626 4140 conﬁrmantes.
1676 4072 1905 4155 Oportet

328 4175 473 4231 enim
517 4172 785 4229 mundum
824 4176 1130 4243 supernum
1173 4173 1393 4244 impleri
1433 4175 1769 4231 omnimodis
1821 4175 1905 4249 (ut

330 4279 526 4335 magna
556 4263 653 4318 illa
690 4270 750 4318 et
786 4261 915 4332 vigil
955 4270 1113 4316 mens
1149 4262 1444 4333 Gregorius
1476 4264 1690 4337 scribit)
1732 4281 1763 4322 e
1794 4282 1905 4337 quo

328 4357 589 4426 delapsus
628 4353 881 4417 Satanas,
933 4360 994 4407 ut
1033 4351 1219 4423 fulgur
1242 4353 1313 4409 de
1356 4354 1499 4411 crelo
1533 4370 1657 4411 cum
1694 4356 1905 4429 angelis

2013 1901 2281 1964 quantum
2324 1891 2684 1964 mysteriuml
2748 1890 2924 1958 Quam
2976 1894 3150 1947 multa
3212 1893 3377 1960 dona,
3427 1904 3591 1964 quam

2012 1986 2181 2040 multa
2212 1982 2503 2049 beneﬁcia,
2532 1984 2586 2039 in
2616 1983 2818 2053 quibus
2850 1999 2882 2037 a
2918 1984 3194 2053 principio
3222 2000 3347 2040 cum
3382 1982 3601 2049 Condis

2014 2086 2131 2132 tore
2175 2074 2732 2139 communicavimus,
2773 2083 2830 2128 et
2852 2079 2975 2143 quae
3016 2088 3047 2127 a
3078 2072 3375 2129 Couditore
3419 2090 3595 2146 usque

2012 2169 2067 2223 in
2098 2169 2259 2224 linem
2302 2177 2356 2223 et
2401 2168 2455 2221 in
2485 2167 2885 2237 sempiternum
2912 2164 3264 2221 obtinemus!
3291 2165 3372 2222 Tu
3405 2168 3592 2235 crede,

2008 2264 2065 2315 et
2088 2256 2253 2314 iidem
2283 2258 2424 2314 habe
2456 2259 2572 2314 hmc
2603 2255 2941 2324 dicentibus,
2973 2265 3035 2311 ut
3061 2274 3188 2312 vera
3218 2259 3287 2313 de
3313 2259 3589 2314 bonorum

2009 2350 2301 2406 animabus
2346 2349 2716 2405 sentientibus
2782 2364 2848 2404 ac
2911 2348 3266 2404 docentibus.
3325 2347 3484 2416 Quod
3544 2351 3591 2406 si

2008 2443 2174 2498 etiam
2219 2441 2557 2513 cognoscere
2607 2438 2784 2505 lubet,
2848 2437 2944 2494 ubi
2991 2447 3351 2510 peccatorum
3393 2440 3590 2496 animae

2009 2534 2385 2598 inveniantur,
2426 2541 2484 2588 et
2512 2548 2623 2602 quo
2658 2531 2974 2598 deveniant,
3007 2532 3076 2587 de
3120 2531 3225 2587 hoc
3255 2548 3476 2603 quoque
3502 2533 3590 2589 di-

2007 2642 2149 2682 cam.
2202 2626 2262 2681 ln
2308 2636 2494 2697 partes
2523 2635 2686 2681 terrae
2723 2624 2943 2680 inﬁmas
2982 2633 3039 2679 et
3070 2624 3253 2679 locum
3282 2624 3507 2693 abeunt,
3533 2626 3590 2681 in

2007 2728 2245 2774 mortem
2280 2714 2696 2788 lcaliginosam.
2759 2716 3020 2782 Attende,
3076 2724 3133 2771 et
3205 2716 3583 2773 conditionem

2007 2808 2156 2865 illam
2210 2807 2372 2864 deﬂe.
2416 2808 2584 2863 David
2619 2807 2905 2879 psallendo
2955 2807 3161 2879 gratias
3209 2809 3324 2879 agit
3376 2809 3441 2875 ¹⁰,
3493 2809 3589 2880 qui

2005 2899 2264 2958 eduxerit
2295 2899 2365 2955 ab
2387 2899 2607 2955 inferno
2628 2899 2867 2954 animam
2898 2898 3097 2969 ipsius,
3128 2907 3189 2953 ut
3212 2900 3588 2970 omnipotens,

2006 3007 2110 3048 nec
2136 2988 2346 3056 siverit,
2375 2998 2436 3044 at
2469 2990 2809 3056 misericors,
2834 2988 3050 3044 diutius
3071 2989 3419 3060 tyrannidem
3452 2991 3584 3061 pati.

2006 3076 2151 3151 Quin
2197 3090 2255 3139 et
2295 3082 2399 3138 Joh
2428 3081 2629 3137 inferni
2682 3080 2804 3135 loca
2861 3078 3198 3136 lamentatur
3261 3082 3327 3147 “,
3388 3080 3592 3137 vocans

2010 3183 2212 3230 terram
2237 3172 2593 3229 tenebrarum
2630 3179 2684 3227 ct
2713 3170 2983 3242 caliginis,
3025 3171 3118 3226 ubi
3148 3174 3348 3227 horror
3381 3174 3584 3242 sempi-

2007 3275 2201 3322 ternus
2226 3264 2503 3320 inhabitet
2531 3283 2544 3318 :
2578 3263 2674 3318 ubi
2716 3278 2819 3316 nec
2847 3262 3000 3316 videt
3023 3262 3337 3331 quisquam,
3374 3278 3474 3316 nec
3506 3263 3591 3315 vi-

2005 3357 2123 3411 deri
2161 3364 2361 3426 potest.
2403 3356 2499 3409 Est
2543 3355 2692 3409 enim
2732 3354 2887 3407 locus
2935 3352 3285 3417 tenebrosus,
3337 3360 3393 3405 et
3434 3351 3590 3408 vallis

2006 3446 2328 3517 caliginosa,
2358 3444 2523 3515 plena
2566 3443 2959 3513 lacrymarum,
2991 3448 3048 3496 et
3090 3441 3365 3506 dolorum,
3401 3441 3592 3511 longe-

2006 3551 2113 3608 que
2142 3535 2594 3607 proluudissima.
2620 3532 2741 3601 Quo
2765 3549 2891 3589 cum
2919 3532 3295 3588 descendisset
3318 3532 3420 3588 Dei
3453 3533 3590 3588 Ver-

2006 3629 2159 3696 bum,
2196 3626 2431 3690 animas,
2459 3634 2735 3697 quotquot
2776 3623 2912 3679 illud
2952 3623 3119 3679 etiam
3156 3622 3231 3678 ibi
3261 3624 3585 3691 adorabunt,

2004 3731 2062 3778 et
2091 3719 2353 3777 violentia
2400 3718 2623 3790 tyranni
2677 3718 3090 3784 detinebantur,
3126 3715 3338 3784 eduxit,
3384 3728 3440 3774 et
3471 3730 3588 3775 tro-

2004 3825 2183 3880 patum
2208 3807 2454 3864 victoria:
2481 3806 2679 3863 erexit.

2651 3921 2879 3982 CAPUT
2914 3924 2984 3981 Χ.

2005 4017 2082 4073 De
2108 4018 2489 4087 resurrectione
2527 4016 2799 4071 hominum
2839 4033 3087 4087 supremo
3125 4015 3223 4069 illo
3251 4015 3334 4068 dis
3364 4031 3384 4069 :
3414 4023 3464 4067 et
3489 4031 3584 4068 cu-

2064 4087 2303 4158 jusmodi
2330 4096 2441 4141 tum
2473 4085 2772 4149 beatorum,
2806 4085 2919 4140 tum
2953 4086 3331 4141 damnatorum
3361 4101 3586 4155 corpora

2076 4158 2258 4227 futura
2280 4160 2412 4212 sint.

2076 4267 2183 4324 Sed
2225 4268 2375 4339 quod
2414 4267 2663 4336 futurum
2695 4277 2781 4324 est
2818 4268 2971 4335 audi,
3016 4276 3075 4325 et
3113 4267 3502 4332 contremisce,
3532 4276 3590 4323 et

2006 4360 2269 4418 horresce
2288 4358 2354 4417 ad
2375 4362 2610 4418 alterum
2636 4362 2793 4418 illum
2825 4370 3246 4434 extremumque
3268 4362 3586 4423 adventum.

326 4450 466 4514 suis,
506 4447 743 4503 Domino
785 4452 925 4501 teste
957 4446 1000 4510 ‘,
1031 4446 1313 4517 projectus
1338 4455 1447 4502 est.
1481 4447 1779 4519 Postquam
1803 4465 1902 4504 au-
1935 4466 1988 4531 ι)
2008 4459 2066 4509 et
2109 4454 2497 4510 universorum
2544 4452 2899 4512 communem
2937 4456 3418 4512 resurrectionem.
3458 4455 3589 4509 Inde

328 4554 438 4598 tem
458 4543 614 4598 locus
631 4539 722 4594 ille
756 4552 964 4594 vacuus
986 4537 1245 4609 impletus
1263 4535 1452 4604 fuerit,
1470 4542 1899 4598 consummatio-

400 4658 424 4690 ⁸
457 4658 694 4729 Philipp.
720 4653 923 4729 1,23.“
965 4653 1000 4729 '_
1042 4651 1172 4729 βαι).
1201 4650 1395 4729 ξιιμ)-
1438 4652 1460 4684 ⁶
1498 4651 1635 4710 Luc.
1664 4670 1721 4720 x,
1768 4654 1856 4712 18.

2008 4656 2204 4713 Ξοιοεε.
2235 4671 2277 4724 ι,
2316 4657 2405 4713 l8.

329 4730 375 4761 '°
406 4720 715 4792 P‘saIJii’x,
748 4720 807 4781 ίι.
883 4726 926 4758 ⁸⁸
973 4720 1292 4785 Mdu“,
1324 4720 1420 4775 ξε.

2007 4544 2311 4617 prodibunt
2349 4545 2579 4618 singulm
2606 4547 2806 4604 animae
2846 4562 2971 4603 cum
3007 4562 3263 4618 corpore,
3309 4562 3433 4602 cum
3475 4562 3589 4616 quo

2513 4660 2535 4692 ⁸
2570 4660 2729 4715 Rom.
2760 4675 2881 4727 Vlll,
2906 4658 2996 4715 29.
3109 4657 3131 4690 ⁹
3165 4654 3183 4709 l
3216 4655 3326 4713 Cor
3370 4672 3463 4723 xv,
3492 4657 3585 4713 45.

1805 4792 2085 4856 Scholia.

399 4898 415 4918 ‘
445 4896 735 4951 Terrenam
760 4903 935 4948 autem
968 4891 1181 4963 domum
1213 4891 1485 4963 praesentis
1537 4890 1657 4963 vita:
1690 4896 1906 4963 cursum

330 4976 376 5021 et
411 4967 738 5027 institutum,
779 4962 1184 5033 tabernaculum
1212 4956 1403 5033 corpus
1433 4958 1692 5030 appellat.
1718 4956 1776 5013 Si
1803 4961 1905 5033 igi-

328 5047 436 5099 tur.
456 5037 647 5107 inquit.
675 5050 908 5107 prensans
921 5035 1021 5107 vita
1044 5031 1291 5107 ﬁniatur,
1309 5031 1341 5083 ⁷(
1372 5031 1584 5107 (tantum
1609 5032 1712 5107 non
1743 5031 1905 5107 manu

328 5100 537 5177 factam'
558 5100 805 5159 habemus
832 5102 908 5173 (II
936 5101 1068 5177 Cor.
1096 5117 1151 5163 v,
1190 5101 1262 5170 l),
1295 5120 1311 5151 ι
1345 5100 1598 5155 caelestem
1631 5101 1906 5168 nimirum,

331 5173 517 5244 nempe
550 5185 606 5230 ut
636 5191 754 5229 cum
785 5177 990 5229 Christo
1023 5173 1206 5226 simus.

404 5238 713 5319 “'Propter
755 5244 1142 5319 perfectionem
1181 5239 1575 5319 dissolutionem
1618 5238 1904 5319 desiderat.

328 5316 445 5371 Non
490 5311 629 5370 enim
672 5311 982 5386 simpliciter
1026 5327 1089 5367 ex
1123 5313 1220 5366 hac
1251 5316 1357 5365 vita
1402 5311 1680 5386 discedere.
1706 5311 1898 5365 bonum

330 5389 550 5440 dicimus
575 5402 591 5438 :
611 5387 700 5439 sed
723 5380 911 5439 bonam
939 5386 1489 5455 famam-consecutum
1508 5380 1788 5455 disdedere.

402 5457 770 5528 “:Chrysost.
799 5448 972 5528 Adam
990 5453 1255 5509 Christum
1281 5451 1653 5528 adumbrabat.
1673 5448 1900 5528 Nam_si—

331 5535 418 5581 cut
440 5522 529 5580 ille
545 5521 908 5597 posterissuis,
940 5536 1244 5597 quanquam
1272 5521 1336 5597 de
1358 5522 1628 5597 ligno‘non
1649 5521 1902 5597 comedis—

331 5608 465 5672 sent.
485 5589 649 5672 causa
668 5598 825 5672 exitii
846 5611 938 5672 per
951 5589 1476 5672 esumillumindu'cti
1505 5590 1674 5672 {actus
1696 5600 1769 5645 est
1787 5606 1805 5644 :
1824 5593 1900 5646 itu

331 5676 379 5718 et
400 5667 635 5744 Christus
737 5682 791 5719 se
807 5663 1159 5744 credentibus,
1170 5678 1483 5744 quanquam
1492 5663 1715 5744 justitia:
1739 5677 1902 5732 opera

330 5750 435 5794 non
463 5735 792 5804 habentibus,
835 5752 995 5789 causa
1024 5730 1250 5804 justitia:
1288 5730 1455 5801 factus
1481 5730 1579 5800 est,
1612 5730 1780 5801 quam
1806 5748 1901 5803 per

2002 4906 2210 4947 crucem
2239 4893 2483 4948 omnibus
2519 4892 2663 4947 nobis
2685 4893 2920 4948 donavit.

2190 4962 2477 5036 Chrysost.
2504 4961 2620 5036 Non
2647 4967 2786 5034 quod
2827 4981 2888 5036 ea
2912 4962 3027 5019 sola
3058 4963 3283 5036 (anima)
3307 4963 3543 5018 salvetur
3565 4982 3584 5021 :

2003 5031 2095 5085 sed
2128 5032 2206 5106 (ut
2236 5031 2322 5106 est
2339 5035 2395 5087 in
2432 5031 2687 5106 confesso,
2717 5045 2766 5087 et
2803 5035 2891 5088 cui
2931 5031 3194 5106 refragari
3220 5031 3373 5089 nemo
3388 5040 3589 5105 potest)

2003 5103 2161 5174 quod
2188 5100 2399 5158 saluata
2438 5100 2642 5169 anima,
2681 5105 2845 5157 etiam
2878 5100 3160 5174 corpus'in
3203 5100 3588 5159 resurrectione

2001 5170 2481 5257 salutis‘particeps
2501 5174 2744 5257 futurum.
2770 5176 2859 5257 sit.

2077 5242 2841 5318 "_“_'Cli_macus._Quisapiunt
2857 5263 2975 5318 qua:
2992 5242 3088 5301 Dei
3102 5255 3247 5312 sunt,
3269 5245 3589 5318 emigrantps

2006 5311 2071 5365 ab
2109 5311 2189 5365 his
2215 5313 2365 5387 rebus
2413 5311 2644 5387 caducis,
2681 5311 2833 5387 parte
2857 5311 2941 5372 sui
2983 5332 3217 5387 superna
3271 5311 3535 5387 scandunt
3572 5333 3586 5369 :

2005 5383 2331 5459 cpntranui
2360 5399 2439 5437 res
2463 5384 2641 5459 ﬂuxas
2659 5383 2708 5438 et
2728 5385 2932 5456 inferne
2954 5383 3176 5459 positas,
3201 5384 3347 5459 infra
3372 5386 3591 5459 descen-

2007 5452 2162 5506 dunt.
2189 5452 2331 5527 Nam
2357 5454 2495 5527 quod
2520 5452 2821 5525 sejunctum
2860 5452 2966 5523 est,
2998 5458 3204 5521 anima,
3238 5452 3481 5527 inquam,
3525 5457 3590 5509 de

2005 5532 2191 5598 caetero
2237 5525 2488 5598 in‘medio
2524 5542 2627 5579 non
2662 5535 2881 5598 manet;
2924 5529 3012 5598 qui
3047 5525 3318 5590 caelestia,'
3343 5526 3588 5596 inquam,

2004 5594 2243 5665 sapiunt,
2284 5594 2361 5649 ita
2386 5594 2451 5665 in
2489 5612 2719 5665 superna
2763 5594 2995 5663 evolant,
3028 5605 3085 5650 ut
3112 5599 3164 5652 in
3207 5606 3353 5653 terra
3398 5594 3588 5665 corpus

2004 5660 2327 5734 relinquant.
2375 5660 2478 5739 Qui
2504 5660 2698 5739 autem
2739 5675 2951 5739 terrena
2982 5660 3042 5721 ἐι
3070 5667 3316 5725 carnalia
3343 5660 3590 5739 sapiunt,

2002 5742 2118 5800 post
2152 5744 2369 5790 mortem
2398 5738 2468 5791 ad
2495 5734 2690 5809 inferos
2712 5737 3073 5793 devolvuntur.
