4102 6200
477 262 588 326 ⁷175

1707 249 1807 309 ΡΗ
1817 250 1916 310 lLl
1928 251 2047 312 PP]
2093 251 2493 312 SOLITARII

3626 252 3732 317 776

483 377 751 437 vixerant,
785 379 841 425 et
882 366 1031 421 illinc
1060 373 1300 420 rursum,
1341 358 1449 412 heu
1477 357 1488 410 !
1533 357 1600 412 ad
1652 358 1926 416 infernum
1969 377 2058 416 re-
2087 369 2132 425 Α
2163 363 2373 418 Adamo
2401 363 2582 434 primo
2609 371 2841 433 parente
2868 376 3042 432 usque
3083 363 3151 418 ad
3186 363 3373 426 linem,
3410 372 3464 418 et
3497 365 3728 435 inSpicc,

479 467 680 523 dibunt
713 467 751 516 '.

559 558 673 612 lloc
706 553 884 621 magni
914 545 1134 600 Davidis
1158 544 1323 600 verba
1353 543 1550 600 ducent
1583 544 1709 614 quia
1737 553 2056 614 peccatores

481 649 549 704 ad
585 646 788 700 inferos
815 652 1137 694 reversuros
1163 637 1392 690 allirmat
1420 653 1434 702 ;
1462 635 1538 690 ait
1566 637 1714 691 enim
1753 653 1766 688 :
1797 652 1815 684 ι
1854 634 2058 690 Rever-

485 747 673 794 tentur
702 734 847 790 unde
877 731 1186 786 exiverunt.
1233 747 1252 779 ι
1304 728 1383 782 lbi
1423 729 1626 782 atrocia
1664 736 1719 782 et
1747 728 1869 797 plus
1891 741 2053 797 quam

487 828 695 885 atrocia
756 825 1054 895 patientur,
1098 820 1384 883 dolebant,
1447 827 1689 890 gement,
1758 817 2057 888 plorabunt

477 933 684 982 amare,
714 926 769 970 et
798 915 1075 984 plangant,
1121 920 1176 965 et
1212 910 1455 976 flebunt;
1506 917 1886 963 verumtamen
1941 906 2056 962 fru-

477 1021 591 1067 stra
617 1020 671 1064 et
704 1007 964 1062 inaniter.
1016 1003 1163 1058 Nihil
1213 1002 1360 1056 enim
1411 1001 1720 1070 proficient,
1777 1001 2055 1056 incassum

476 1103 754 1172 lugentes.
778 1099 946 1152 Parce
971 1094 1105 1148 mihi
1135 1105 1287 1156 tunc,
1314 1092 1544 1148 Domine
1570 1111 1583 1146 :
1609 1093 1682 1147 ita
1709 1107 1869 1162 parce
1897 1091 2051 1158 mihi,

478 1195 712 1250 obsecro
741 1200 812 1244 te.
860 1187 1016 1254 Quod
1051 1186 1274 1255 paulum
1303 1185 1566 1256 effugisti,
1599 1185 1798 1239 iterum
1833 1199 2052 1250 cernes,

477 1298 535 1340 et
571 1282 800 1339 accedes
830 1291 987 1334 vetus
1021 1289 1173 1332 tuum
1206 1275 1642 1340 tabernaculum,
1696 1275 1864 1344 proh!
1891 1288 2052 1344 quam

487 1374 758 1429 horribile
791 1371 1054 1442 quiddam
1075 1371 1087 1422 !
1108 1380 1164 1424 et
1193 1368 1346 1423 voles
1377 1366 1442 1420 ad
1474 1365 1698 1436 angelos
1725 1365 2047 1435 confugere,

480 1465 576 1522 sed
614 1465 683 1518 ab
713 1463 781 1516 iis
803 1461 1090 1530 repellere.
1116 1458 1366 1529 Aspicies
1410 1467 1594 1511 autem
1626 1455 2054 1510 abominandum

479 1567 536 1615 et
564 1558 810 1614 deforme
840 1553 1206 1617 domicilium,
1240 1560 1296 1606 et
1329 1551 1672 1620 impuritate,
1715 1558 1773 1604 et
1799 1548 2050 1613 maculis,

481 1659 538 1704 et
569 1647 835 1717 stigmatis
867 1646 1111 1715 plenum,
1152 1652 1210 1697 et
1233 1641 1582 1696 formidabile
1614 1641 1856 1705 intuens,
1891 1654 2052 1694 aver-

483 1749 601 1794 sata
639 1739 832 1808 fugies.
889 1737 994 1791 Sed
1033 1733 1414 1789 minitantibus
1443 1732 1652 1804 angelis
1686 1745 1751 1786 ac
1799 1730 2053 1786 terrenti-

480 1829 607 1892 bus,
639 1840 693 1882 et
724 1827 791 1882 ad
823 1827 1000 1896 ipsum
1028 1825 1213 1894 ﬂagris
1244 1833 1295 1879 te
1317 1823 1590 1879 violenter
1618 1821 2049 1892 impellentibus,

481 1935 794 1990 quanquam
834 1919 1050 1982 nolens,
1085 1925 1240 1970 tuum
1279 1929 1481 1984 corpus
1534 1914 1732 1968 iterum
1776 1911 2052 1982 ingredie-

481 2012 580 2067 ris.
613 2013 680 2066 Et
726 2011 843 2064 haec
895 2008 1118 2079 quidem
1174 2005 1512 2077 hujusmodi.
1548 2004 1831 2060 Justorum
1866 2012 2050 2058 autem

480 2119 710 2174 corpora
739 2110 798 2156 ut
830 2101 1136 2171 margarita:
1161 2099 1424 2162 nitentes,
1469 2107 1529 2152 ut
1564 2097 1958 2160 carbunculus,
1990 2103 2051 2149 ut

479 2199 780 2268 lampades,
845 2207 904 2250 ut
959 2196 1038 2250 sol
1085 2191 1574 2263 splendidissimus
1635 2189 2054 2260 pulchritudine

480 2288 688 2358 gloriae.
721 2285 878 2352 Quod
911 2284 955 2338 si
985 2283 1100 2338 haec
1127 2283 1379 2337 doctrina
1409 2281 1508 2334 tibi
1530 2280 1786 2351 ambigua
1809 2279 2050 2347 videtur,

476 2393 637 2448 agam
666 2375 1006 2448 argumentis
1055 2373 1352 2428 admodum
1381 2370 1783 2442 probabilibus.

551 2466 747 2520 ANIIA.
783 2464 1082 2534 Cujusnam
1132 2461 1508 2532 argumentis?
1551 2469 1607 2516 et
1667 2459 1814 2515 unde
1846 2459 2054 2515 habes?

549 2557 718 2611 Cano.
747 2555 941 2612 Unde?
967 2571 1031 2608 ex
1063 2553 1448 2616 sanctissimis,
1508 2560 1564 2606 et
1598 2551 1873 2621 plurimis,
1908 2565 2051 2621 quo-

482 2663 603 2703 rum
628 2648 838 2718 primus
863 2655 945 2700 est
974 2645 1249 2707 Ezechiel,
1281 2644 1420 2698 alter
1448 2643 1634 2709 lsaias,
1664 2643 1856 2697 tertius
1882 2641 2052 2696 David

481 2741 743 2810 inclytus,
773 2747 828 2794 et
877 2755 999 2792 cum
1033 2755 1100 2793 eo
1136 2752 1329 2791 omnes
1379 2737 1472 2807 qui
1513 2746 1638 2791 ante
1683 2735 1963 2792 Christum
1999 2744 2055 2791 et

481 2841 610 2902 post
635 2847 761 2885 eum
795 2830 1038 2900 insignes
1069 2828 1420 2884 exstiterunt.
1453 2828 1706 2881 Christus
1731 2836 1912 2882 autem
1937 2842 2056 2881 am-

479 2923 627 2992 plius
650 2921 748 2974 tibi
801 2921 964 2990 hujus
996 2919 1211 2989 quaesiti
1274 2919 1433 2972 fidem
1489 2917 1638 2983 facit,
1671 2917 1765 2988 qui
1791 2926 2052 2988 tropzeum

486 3012 786 3068 maximum
820 3011 1086 3065 adversus
1115 3019 1348 3064 mortem
1380 3009 1669 3064 constituit
1701 3027 1713 3062 :
1741 3025 1938 3080 nempe
1968 3009 2056 3064 his
2083 3048 2126 3107 Ο

479 3120 605 3174 quae
646 3105 700 3157 in
735 3103 1034 3174 Evangelio
1067 3101 1226 3155 dixit.
1263 3101 1489 3171 Magnus
1536 3109 1722 3154 autem
1758 3099 1961 3154 Paulus
1987 3100 2056 3155 de

485 3196 894 3251 resurrectione
921 3194 986 3248 ad
1017 3193 1337 3248 Corinthios
1357 3192 1627 3257 scribens,
1653 3206 1875 3246 carnem
1905 3191 2056 3245 velut

484 3288 769 3359 ingloriam
798 3287 852 3341 in
886 3297 1086 3340 terram
1120 3285 1328 3355 lapsam
1369 3285 1640 3351 consumi,
1676 3293 1738 3338 ut
1760 3284 2054 3347 infirmam,

483 3387 546 3433 ut
571 3379 884 3442 animalem,
923 3386 1170 3433 testatur.
1212 3377 1444 3430 Condita
1479 3376 1626 3430 enim
1657 3376 1910 3445 sepulcro
1947 3389 2055 3441 pu-

485 3472 693 3537 trescit,
761 3480 816 3526 et
849 3470 1201 3531 dissolvitur,
1247 3477 1302 3523 et
1343 3468 1766 3538 corrumpitur:
1819 3466 2058 3536 resurgit

482 3575 667 3618 autem
706 3563 1022 3629 incorrupta
1052 3561 1106 3614 in
1132 3561 1352 3630 spiritu,
1377 3567 1433 3614 et
1469 3560 1662 3629 gloria,
1706 3559 2053 3624 immortalis,

485 3668 703 3722 semper
727 3653 939 3714 vivens,
991 3651 1150 3720 plena
1176 3651 1502 3720 gratiarum.
1559 3650 1834 3705 Continuo
1865 3651 2057 3721 hujus-

486 3743 635 3797 modi
681 3741 991 3808 exemplum
1038 3741 1285 3809 apponit.
1323 3739 1793 3805 Quemadmodum
1827 3757 2056 3812 granum

482 3831 726 3902 primum
754 3829 978 3898 quidem
1028 3829 1240 3882 nudum
1274 3828 1328 3882 in
1387 3841 1588 3884 terram
1623 3830 1772 3885 cadit
1805 3849 1818 3884 :
1866 3839 2058 3900 postea

486 3923 973 3994 computrefactum
1015 3937 1126 3976 non
1184 3921 1393 3976 nudum
1425 3921 1558 3991 quid
1605 3923 1903 3992 germinat,
1959 3923 2054 3978 sed

487 4029 612 4069 cum
655 4013 922 4078 tunicula,
958 4023 1012 4068 et
1045 4013 1148 4067 alia
1177 4011 1340 4067 simul
1388 4012 1681 4079 calamum,
1712 4013 1932 4079 aristas,
1960 4029 2058 4085 ge-

489 4105 697 4168 nicula,
729 4104 881 4167 folia,
917 4113 975 4158 et
1001 4103 1414 4158 multitudinem
1449 4104 1808 4174 compositam
1853 4120 2056 4176 grano-

489 4211 611 4250 rum
647 4195 714 4249 ad
745 4196 919 4249 visum
954 4198 1331 4266 speciosorum
1367 4197 1576 4267 profert
1607 4196 1645 4218 "
1677 4198 1746 4252 “.

557 4287 822 4342 Similiter
855 4287 988 4342 mihi
1040 4289 1218 4359 cogita
1262 4289 1330 4344 de
1373 4292 1782 4346 resurrectione
1813 4290 1882 4348 ab
1932 4292 2053 4362 ipso

559 4423 604 4454 "
629 4421 652 4478 l
674 4421 802 4478 Cor.
828 4439 915 4487 xv,
942 4423 1011 4476 53
1039 4437 1192 4492 seqq.
1279 4424 1322 4456 ⁸³
1347 4422 1541 4480 Matth.
1591 4442 1722 4491 χχιι,
1763 4426 1853 4481 50.

2158 465 2214 511 et
2243 456 2517 510 admirare
2539 455 2860 513 altissimam
2887 455 3308 524 providentiam.
3335 456 3578 525 Repente
3605 468 3733 513 tunc

2157 547 2339 601 omnis
2368 555 2624 601 creatura
2659 545 2984 600 mutabitur.
3017 544 3134 599 Non
3159 545 3308 599 enim
3345 553 3477 599 tunc
3507 561 3729 614 parvus,

2157 653 2260 694 nec
2291 653 2541 710 magnus,
2589 651 2691 692 nec
2723 637 2900 707 niger,
2953 651 3054 691 nec
3111 635 3292 698 albus,
3329 650 3432 690 nec
3481 637 3723 706 gracilis,

2159 746 2260 784 nec
2287 744 2475 785 crasso
2503 743 2757 799 corpore,
2797 743 2900 783 nec
2958 727 3134 794 rufus,
3168 743 3270 782 nec
3294 727 3488 795 ﬂavus,
3521 744 3624 784 nec
3648 729 3730 782 ni-

2157 837 2255 892 gro
2286 821 2516 891 capillo;
2545 837 2656 876 non
2690 837 2916 886 curvus,
2945 836 3055 876 non
3086 820 3337 885 claudus,
3362 835 3472 874 non
3508 830 3724 890 turpem

2156 914 2411 968 affectum
2450 913 2677 979 habens,
2713 928 2822 968 non
2857 912 3142 976 deformis,
3191 927 3306 966 non
3330 927 3528 968 carens
3565 928 3729 967 manu

2157 1015 2252 1060 aut
2281 1006 2442 1076 pede,
2467 1015 2561 1060 aut
2586 1005 2923 1070 claudicans,
2947 1022 3057 1060 non
3076 1005 3362 1072 gibbosus,
3393 1021 3504 1060 non
3526 1021 3724 1071 caecus,

2157 1114 2266 1153 non
2295 1098 2513 1164 balbus,
2549 1115 2660 1153 non
2713 1099 2956 1170 sapiens,
2990 1113 3101 1153 non
3131 1099 3354 1162 stultus,
3390 1113 3501 1152 non
3536 1114 3724 1163 senex,

2156 1207 2267 1246 non
2299 1190 2586 1260 puerulus,
2636 1205 2746 1244 non
2785 1205 3000 1255 servus,
3037 1205 3148 1245 non
3185 1189 3347 1255 liber,
3385 1206 3495 1244 non
3527 1190 3728 1245 barba-

2157 1298 2274 1343 rus,
2319 1296 2432 1336 non
2486 1280 2708 1352 Scytha.
2756 1280 2869 1336 Nec
2898 1282 3047 1337 enim
3090 1289 3150 1335 ut
3185 1282 3429 1336 moritur
3471 1281 3619 1351 quis,
3653 1281 3726 1336 ita

2155 1367 2321 1422 etiam
2356 1378 2610 1438 resurget
2645 1383 2661 1421 :
2704 1368 2799 1423 sed
2852 1369 3032 1439 qualis
3070 1370 3250 1440 primo
3280 1370 3538 1425 conditus
3563 1371 3727 1425 homo

2156 1457 2282 1523 fuit,
2314 1466 2369 1514 et
2389 1459 2569 1527 qualis
2596 1467 2714 1514 erat
2735 1467 3034 1530 antequam
3067 1461 3136 1516 de
3164 1461 3314 1532 ligno
3345 1463 3517 1518 vetito
3547 1477 3729 1518 come-

2157 1548 2315 1616 dens,
2362 1549 2680 1605 mandatum
2725 1551 3228 1622 transgrederetur.
3277 1553 3396 1607 Non
3443 1554 3593 1608 enim
3623 1554 3727 1608 hoc

2158 1654 2358 1710 corpus
2387 1650 2521 1698 tunc
2569 1642 2877 1698 crassitiem
2931 1643 3182 1712 habebit,
3205 1643 3300 1700 sed
3334 1645 3478 1700 idem
3504 1644 3725 1714 quidem

2158 1733 2266 1788 erit
2293 1752 2304 1787 :
2335 1733 2626 1788 character
2673 1741 2729 1789 et
2769 1733 2996 1789 habitus
3039 1743 3224 1790 autem
3278 1735 3550 1789 diversus.
3607 1735 3723 1789 Non

2159 1823 2440 1894 generatio
2467 1824 2592 1893 (nec
2639 1825 2788 1878 enim
2832 1823 3078 1878 virorum
3132 1824 3534 1894 mulierumque
3560 1832 3724 1878 natu~

2160 1916 2296 1970 ralia
2341 1915 2409 1969 ad
2439 1915 2777 1980 mistionem,
2839 1915 2907 1970 ad
2939 1915 3368 1986 capulationem,
3400 1915 3718 1971 libidinem-

2159 2019 2267 2075 que
2319 2018 2615 2075 corporum
2667 2003 2975 2072 servient),
3035 2004 3130 2060 sed
3168 2006 3277 2060 erit
3340 2004 3486 2060 alius
3527 2013 3722 2070 status,

2159 2106 2324 2161 quem
2358 2090 2628 2146 Conditor
2665 2091 2818 2146 solus
2857 2093 3031 2158 novit,
3069 2108 3177 2148 non
3228 2094 3406 2149 solum
3446 2104 3507 2149 ut
3536 2104 3724 2150 osten-

2160 2200 2284 2241 sum
2317 2195 2422 2252 est,
2458 2187 2527 2242 ad
2575 2187 2848 2243 rationem
2887 2188 3321 2258 incorruptionis
3367 2207 3379 2243 :
3437 2189 3533 2244 sed
3562 2190 3722 2244 etiam

2159 2286 2314 2333 extra
2337 2293 2554 2333 omnem
2585 2294 2798 2346 curam,
2837 2289 2894 2335 et
2937 2279 3393 2348 sollicitudinem,
3429 2291 3486 2337 et
3543 2282 3722 2337 studia

2159 2367 2441 2422 mundana
2475 2379 2836 2440 conatusque.
2879 2369 3188 2425 Cessabunt
3220 2381 3342 2440 post
3370 2373 3726 2429 resurrectio-

2160 2475 2284 2515 nem
2313 2461 2549 2530 nuptite;
2581 2461 2796 2516 desinet
2818 2477 2971 2516 amor
2996 2462 3266 2528 carnalis;
3300 2463 3449 2518 nulla
3478 2465 3582 2519 erit
3605 2477 3723 2519 eor-

2160 2567 2356 2622 porum
2392 2566 2628 2607 venerea
2668 2552 3002 2623 conjunctio.
3043 2551 3161 2606 Non
3199 2552 3348 2608 enim
3393 2555 3626 2620 nubent,
3667 2566 3724 2610 ut

2159 2644 2413 2700 Christus
2445 2643 2522 2698 ait
2583 2643 2650 2708 ",
2707 2658 2808 2699 nec
2860 2643 3227 2710 adulterandi,
3277 2655 3371 2700 aut
3417 2646 3721 2702 fornicandi

2161 2732 2470 2789 sentientur
2500 2732 2773 2802 impetus;
2818 2747 2928 2785 non
2962 2730 3193 2796 bellum,
3236 2747 3346 2786 non
3397 2732 3725 2803 irruptiones

2160 2831 2216 2879 et
2243 2823 2423 2887 lucta,
2452 2822 2548 2877 sed
2587 2830 2782 2877 natura
2831 2822 3116 2878 hominum
3160 2823 3356 2880 similis
3394 2834 3604 2881 naturae
3631 2839 3725 2879 an-

2161 2916 2410 2986 gelorum
2443 2913 2626 2969 futura
2654 2919 2772 2982 est;
2816 2913 2964 2983 quod
3019 2923 3076 2970 et
3126 2915 3392 2970 Dominus
3435 2915 3721 2986 perspicue

2162 3006 2440 3075 docet,‘“.

2228 3099 2298 3156 Et
2327 3098 2531 3156 Paulus
2555 3099 2773 3168 scribit,
2795 3115 2893 3156 eos
2923 3099 3018 3171 qui
3058 3099 3460 3170 relinquentur,
3489 3097 3722 3154 necdum

2158 3203 2334 3249 morte
2367 3193 2537 3258 obita,
2562 3193 2909 3248 immutatum
2955 3192 3044 3257 iri,
3087 3207 3212 3248 cum
3246 3192 3300 3246 in
3335 3203 3632 3256 momento,
3671 3191 3721 3245 in

2158 3287 2268 3341 ictu
2300 3286 2445 3342 oculi
2476 3286 2655 3341 Judex
2682 3285 2880 3342 aderit.
2906 3284 3112 3340 Deinde
3155 3284 3444 3338 universos
3469 3298 3722 3338 resume-

2158 3386 2346 3432 cturos
2371 3377 2434 3442 ιδ,
2454 3378 2620 3434 etiam
2653 3377 3002 3433 immutatos:
3033 3375 3511 3445 omncssiquidcm
3534 3373 3723 3429 eadem

2158 3479 2320 3524 erunt
2339 3479 2518 3526 (etate.
2564 3469 2755 3524 Nudos
2803 3478 3010 3534 autent,
3064 3466 3595 3538 τετραχηλισμένους
3637 3480 3722 3519 re-

2158 3571 2530 3618 surrecturos.
2562 3561 2798 3624 Nudum,
2823 3573 2879 3616 et
2903 3560 3403 3632 τετραχηλισμένον
3429 3557 3498 3613 ab
3525 3557 3721 3612 ovibus

2161 3653 2388 3707 rationis
2427 3653 2770 3721 expertibus.
2798 3661 2854 3707 et
2876 3652 3164 3706 sacrificiis
3187 3651 3396 3705 dictum
3431 3657 3536 3714 est,
3569 3647 3719 3718 quasi

2157 3743 2329 3809 dicas,
2359 3745 2674 3813 resupinata
2713 3743 2852 3799 facie
2885 3743 3132 3798 omnium
3174 3743 3351 3797 oculis
3389 3741 3718 3812 expositum.

2155 3833 2292 3888 Nam
2326 3835 2608 3904 antiquius
2639 3835 2722 3889 lex
2771 3850 2802 3889 a
2847 3835 2992 3890 Mose
3031 3835 3140 3890 lata
3189 3833 3310 3896 fuit,
3363 3840 3424 3887 ut
3471 3831 3725 3903 hujusce-

2157 3925 2303 3980 modi
2337 3925 2533 3980 hostiis
2564 3925 2938 3980 saeriticandis
2971 3925 3142 3996 pelles
3179 3924 3628 3986 detraherentur,
3664 3931 3723 3976 ut

2158 4017 2405 4072 membra
2439 4017 2683 4088 undique
2720 4017 2905 4071 rimari
2957 4017 3169 4083 liceret,
3201 4032 3270 4071 ne
3300 4015 3502 4070 alicubi
3535 4015 3719 4069 laesum

2159 4110 2463 4180 quippiam,
2496 4118 2590 4163 aut
2625 4123 2878 4164 mancum
2909 4109 3157 4164 subesset
3206 4125 3219 4162 :
3270 4106 3742 4178 quandoquidem.

2161 4209 2291 4254 tunc
2311 4201 2473 4255 etiam
2499 4207 2610 4254 tota
2634 4215 2720 4255 res
2746 4199 3045 4254 nudabitur

2229 4290 2366 4345 lllud
2411 4298 2614 4357 autem,
2665 4309 2682 4340 ι
2739 4291 2944 4346 mortui
3000 4299 3286 4362 resurgent
3337 4288 3658 4360 incorrupti,
3693 4304 3712 4338 ι

1934 4427 1977 4460 ¹⁵
2017 4428 2037 4482 l
2065 4425 2192 4482 Cor.
2223 4443 2308 4490 xv,
2330 4427 2419 4482 59..

1950 4563 2225 4627 Scholia.

559 4695 585 4761 ’γ
627 4687 892 4761 Isidorus.
939 4687 1073 4742 Cum
1098 4686 1204 4740 vita
1240 4702 1488 4761 prasens,
1511 4687 1618 4761 sive
1642 4687 1894 4761 sarculum
1917 4705 2052 4761 pau-
2084 4693 2130 4750 D
2159 4691 2234 4744 vis
2260 4705 2451 4761 omnes
2479 4699 2775 4760 peccatores
2808 4692 2863 4745 in
2905 4694 3143 4761 gehenna
3176 4696 3352 4761 erant,
3393 4703 3496 4761 non
3544 4696 3718 4761 tamen

486 4760 642 4812 satim
666 4757 894 4824 deﬁciat,
920 4767 1120 4826 tempus
1157 4757 1548 4809 resurrectionis
1589 4758 1803 4826 propius
1833 4757 2049 4813 accedit.

486 4827 640 4893 Quod
674 4829 719 4879 si
745 4826 883 4898 Deus
911 4843 973 4879 ex
1000 4843 1102 4879 non
1142 4835 1378 4880 exstante
1401 4827 1683 4898 producere
1719 4837 1885 4897 potest
1909 4844 2055 4898 qua:-

485 4911 689 4965 cunque
715 4896 845 4961 vult,
875 4905 1072 4964 quanto
1115 4898 1279 4968 magis
1317 4911 1379 4968 ea:
1415 4911 1473 4948 eo
1497 4896 1632 4962 quod
1672 4896 1860 4964 επιστ,
1887 4896 2056 4968 potest

491 4981 744 5019 renovare
772 4982 1014 5035 corpora,
1043 4983 1157 5035 quia
1179 4967 1296 5035 jam
1327 4965 1559 5034 fuerunt,
1588 4973 1638 5018 et
1664 4968 1718 5018 in
1746 4965 1943 5020 terram
1970 4985 2055 5020 re-

486 5036 739 5089 dierunt?
776 5034 909 5088 Fore
937 5034 1114 5088 autem
1141 5034 1596 5098 resurrectionem,
1625 5045 1674 5088 et
1705 5035 1878 5102 qualis
1915 5041 2057 5105 [utu-

491 5123 554 5158 ra
587 5107 745 5175 sit._et
786 5108 1088 5175 mysterium
1110 5105 1266 5168 illud,
1287 5121 1403 5174 qua:
1424 5107 1775 5168 seminantur,
1798 5108 2058 5160 omnium.

489 5191 591 5246 que
636 5173 946 5244 plantarum
995 5187 1162 5230 motus
1201 5187 1250 5228 te
1282 5173 1476 5228 docebit
1522 5189 1540 5228 :
1579 5191 1698 5243 qua:
1739 5191 1855 5229 cum
1892 5177 2058 5230 hieme

490 5246 808 5308 moriantur,
837 5261 995 5314 verno
1024 5254 1253 5314 tempore
1274 5246 1608 5298 reviviscunt.

563 5313 604 5335 “
641 5313 836 5383 Chrys.
877 5313 956 5383 Ne
984 5321 1037 5364 tu
1069 5313 1285 5383 perinde
1313 5315 1366 5367 in
1401 5314 1781 5368 resurrectione
1805 5313 1925 5382 ﬁeri
1947 5315 2054 5368 exi-

489 5383 670 5446 stima,
702 5381 768 5434 ut‘
785 5399 902 5435 cum
933 5381 1250 5450 frumentum
1283 5385 1496 5447 seritur,
1527 5389 1576 5434 et
1619 5385 1776 5452 spica:
1806 5381 1984 5438 omnes
2025 5400 2052 5436 e

492 5452 673 5520 granis
705 5461 1008 5520 assurgunt,
1059 5457 1349 5520 prwsertim
1397 5468 1516 5505 cum
1551 5467 1642 5520 nec
1682 5454 1735 5506 in
1771 5455 2055 5508 seminibus

491 5519 558 5573 sit
588 5519 888 5589 wqualitas,
910 5521 1000 5572 sed
1037 5519 1144 5574 alia
1179 5523 1298 5576 aliis
1329 5523 1558 5592 potiora.
1600 5519 1750 5576 Unde
1785 5525 2053 5588 discir'uus,

492 5604 799 5658 quanquam
833 5606 1010 5643 omnes
1042 5591 1161 5644 boui
1184 5593 1235 5644 in
1270 5589 1430 5662 regno
1457 5589 1708 5662 caelorum
1730 5592 1896 5662 futuri
1925 5596 2053 5657 sint,

491 5673 600 5714 tum
629 5668 806 5715 tamen
833 5677 1014 5717 omnes
1037 5663 1215 5717 iisdem
1239 5659 1740 5731 gaucll’ieruituros.
1769 5661 1833 5714 Et
1872 5678 2056 5715 attam-

2157 4776 2334 4813 omnes
2354 4758 2535 4814 eadem
2555 4768 2815 4813 tormenta
2834 4758 3160 4815 sustinebunt
3181 4775 3199 4812 :
3223 4758 3313 4812 sed
3329 4759 3536 4824 utrique
3557 4758 3719 4810 multo

2157 4830 2480 4893 discrimine,
2509 4839 2556 4883 et
2588 4829 2670 4882 illi
2704 4829 3046 4896 ltetabuntur,
3063 4838 3111 4882 et
3137 4831 3188 4882 Ιιὶ
3211 4827 3608 4882 cruciabuntur.

2229 4901 2293 4920 ‘"
2319 4898 2638 4968 Gregorius.
2666 4899 2809 4953 Tunc
2839 4899 3112 4968 pelliceam
3135 4899 3366 4951 tunicam
3381 4897 3716 4965 deponemus.

2158 4985 2262 5036 qua
2301 4978 2414 5038 post
2439 4967 2930 5038 transgressionem
2978 4986 3006 5023 e
3052 4967 3274 5038 pellibus
3297 4969 3572 5038 brutam»:
3604 4969 3721 5019 ani-

2162 5036 2420 5091 mantium
2468 5036 2698 5107 coaperti
2727 5055 2929 5102 sumus,
2963 5049 3010 5092 et
3038 5036 3198 5092 simul
3225 5037 3402 5090 omnia
3449 5051 3566 5105 qua
3599 5045 3719 5088 sunt

2161 5108 2328 5162 brutte
2361 5107 2509 5176 pellis
2530 5110 2581 5161 in
2610 5108 2777 5172 nobis,
2797 5123 3064 5163 exuemus.

2233 5178 2484 5231 Basilius.
2519 5177 2738 5247 Lingua:
2774 5179 2954 5232 διεσωιὶ
2977 5176 3318 5247 hujus_eti_am
3345 5183 3459 5244 post
3483 5189 3718 5247 resurre-

2153 5247 2373 5300 ctionem
2411 5243 2772 5315 exspectanda!
2793 5249 2936 5300 haud
2957 5243 3100 5301 sunt.
3129 5243 3230 5299 Sed
3244 5243 3532 5308 sciendum,
3555 5245 3724 5315 pilam

2155 5315 2473 5388 angelicam,
2503 5313 2639 5370 citra
2678 5315 2847 5371 ullam
2893 5324 3178 5388 egestatem
3220 5317 3274 5368 in
3295 5315 3489 5368 sa'culo
3540 5313 3721 5382 future

2153 5395 2326 5438 actum
2357 5387 2444 5439 iri.

2224 5455 2626 5526 Theodoretus.
2665 5454 2795 5510 Vide
2826 5457 2951 5526 quid
2981 5457 3049 5510 sit
3070 5452 3586 5526 τετραχηλισμένρν.
3613 5451 3719 5505 Lat:

2143 5524 2386 5599 jubebat,
2417 5541 2534 5593 gate
2562 5527 2615 5599 in
2653 5523 2975 5593 sacriﬁcium
3013 5523 3346 5599 oﬂ'err'entur,
3400 5523 3717 5599 perfeptaﬁ

2150 5595 2356 5662 integra
2375 5591 2483 5646 esse
2502 5591 2861 5664 undequaque,
2887 5612 2988 5648 non
3006 5591 3133 5649 aure
3150 5594 3356 5653 mutila.
3380 5591 3481 5646 non
3499 5591 3713 5664 clauda,

2153 5661 2463 5719 nonfuitium
2496 5661 2711 5735 aliquod
2730 5666 2994 5720 habentia.
3025 5665 3274 5720 Abstrahi
3307 5666 3464 5718 ctiam
3490 5661 3708 5734 pellem,
