4102 6200
338 278 449 345 τΠ

1769 276 2121 338 DIOPTllA.

3485 285 3592 347 778

344 396 494 452 hunc
521 406 745 449 sensum
769 389 932 444 habet
967 408 979 442 2
1039 404 1150 443 non
1197 388 1305 444 erit
1349 388 1529 458 aliqua
1595 389 1916 445 substantiae
1947 406 1988 453 Λ
2026 392 2264 449 Verbum
2317 393 2384 449 ad
2440 394 2666 460 inferos,
2720 396 2789 450 ab
2828 395 2920 450 illo
2981 396 3266 452 dominatu
3299 412 3493 452 omnes
3537 396 3594 453 in

340 486 580 545 carnalis
599 498 768 539 consu
778 482 967 552 mptio.
991 481 1114 536 Sola
1136 481 1338 551 quippe
1365 496 1516 535 mors
1532 481 1917 537 mortalitatem

342 579 525 642 solvit,
555 589 613 632 et
641 585 855 631 naturzc
886 573 1157 645 pereundi
1222 574 1385 626 ﬁnem
1446 570 1629 636 aﬂert,
1666 584 1722 628 et
1780 574 1918 627 mori

344 685 507 742 posse
539 668 704 735 tollit,
742 676 997 720 naturam
1049 680 1157 719 non
1208 664 1370 717 tollit.
1417 662 1741 732 Quanquam
1767 664 1917 718 enim

344 776 544 831 corpus
576 758 877 820 evanescit,
911 766 1097 812 manet
1151 754 1532 819 nihilominus,
1592 763 1649 810 et
1689 755 1785 811 illo
1823 756 1918 811 die

344 852 535 921 gloriae
560 851 783 920 plenum
812 847 1058 920 resurgit
1085 849 1123 901 '.

417 941 808 995 Verumtamen
835 939 940 992 hoc
966 953 1077 992 non
1106 937 1175 993 de
1203 939 1466 995 omnibus
1497 940 1810 996 hominibus
1836 942 1919 995 in-

347 1031 701 1101 telligendum
736 1038 840 1084 est.
873 1028 1226 1084 Resurrectio
1247 1029 1450 1099 quippe
1481 1032 1790 1086 communis
1833 1043 1919 1088 est

340 1123 611 1176 omnium.
643 1123 740 1175 Ast
769 1120 923 1190 quod
959 1119 1027 1174 ad
1078 1119 1309 1190 gloriam
1366 1131 1424 1176 et
1465 1124 1915 1179 communicatiw

341 1227 470 1266 nem
500 1211 688 1282 gloriae
720 1212 939 1275 attinet,
974 1211 1164 1280 procul
1196 1210 1368 1265 dubio
1416 1213 1525 1267 nisi
1554 1228 1747 1268 eorum
1772 1215 1915 1279 erit,

342 1303 440 1372 qui
474 1303 527 1357 in
556 1303 773 1359 Christo
804 1302 982 1376 _vitam
1025 1311 1348 1372 exegerunt.
1377 1303 1513 1358 Nam
1570 1323 1588 1355 ι
1647 1305 1741 1373 qui
1772 1305 1914 1360 bona

344 1395 615 1457 fecerunt,
658 1395 710 1448 iu
744 1393 909 1449 vitam
956 1405 1249 1464 resurgent
1280 1411 1294 1457 ;
1360 1395 1454 1464 qui
1496 1410 1629 1450 vero
1663 1392 1826 1463 mala,
1858 1397 1915 1451 in

341 1482 629 1553 judicium,
650 1484 682 1534 ἰ
718 1491 777 1537 ιιι
801 1483 1070 1551 scriptum
1098 1493 1181 1537 est
1214 1481 1278 1536 ⁸⁸.

934 1616 1159 1673 CAPUT
1216 1616 1307 1674 Xl.

342 1726 547 1798 Ecquid
565 1727 803 1782 Christus
831 1727 1084 1799 descensu
1114 1727 1187 1780 ad
1214 1727 1421 1799 inferos
1461 1728 1560 1799 (8),
1584 1745 1762 1785 omnes
1792 1732 1911 1786 ani-

832 1813 946 1850 mas
989 1797 1112 1850 inde
1144 1797 1418 1868 eripuerit.

413 1934 604 1985 Artius.
634 1930 822 1987 Oratio
850 1940 945 1985 tua
968 1930 1104 1985 nihil
1136 1932 1503 1988 dubitationis
1530 1934 1719 1998 habet,
1745 1936 1911 1989 mihi-

336 2037 446 2091 que
469 2038 566 2091 per
587 2021 771 2075 omnia
808 2036 1158 2091 summopere
1186 2023 1383 2092 placet.
1432 2024 1700 2094 Equidem
1742 2026 1909 2081 credo

336 2112 463 2174 ista.
489 2122 544 2167 et
575 2112 733 2166 ﬁdem
768 2113 968 2172 habeo,
1000 2124 1153 2167 extra
1189 2114 1292 2170 hoc
1320 2115 1520 2170 solum.
1546 2116 1727 2171 Audio
1751 2119 1901 2172 enim

335 2203 677 2275 Scriptorum
728 2214 917 2275 aperte
964 2204 1264 2271 dicentem,
1325 2221 1455 2261 cum
1528 2207 1907 2265 descendisset

412 2346 456 2377 "
485 2345 644 2402 Joan.
697 2362 752 2409 v,
797 2345 889 2401 29.

2022 485 2334 539 libertatem
2362 487 2686 541 asseruisse.
2725 486 2805 541 Tu
2838 503 2973 541 vero
3000 488 3167 559 paulo
3195 498 3324 542 ante
3352 489 3592 544 docuisti

2023 583 2373 645 peccatorum
2405 576 2620 631 animas
2652 577 2706 630 in
2750 577 2984 632 Tartaro
3014 577 3283 642 detineri,
3336 593 3594 634 manere-

2020 683 2127 738 que
2162 667 2547 731 nihilominus,
2609 677 2670 723 ut
2723 678 2903 724 antea.
2962 668 3019 723 Si
3069 670 3216 723 enim
3266 669 3592 740 simpliciter

2020 767 2213 806 onmes
2240 768 2269 806 a
2296 764 2529 822 tyranno
2559 752 2901 818 vindicavit,
2947 768 3056 822 quo
3096 763 3258 823 pacto
3310 761 3367 808 tu
3396 763 3590 809 contra

2019 842 2282 902 allirmas.
2322 843 2534 899 animas
2601 844 2713 899 illic
2758 845 3012 911 retineri,
3059 858 3115 902 et
3158 847 3272 916 pati
3316 863 3439 917 quae
3493 863 3591 917 pa-

2022 932 2234 988 tiuntur
2295 934 2389 1003 qui
2435 949 2625 1004 plenas
2670 937 3036 1006 persolvunt?
3070 936 3198 991 Mihi
3232 937 3456 1006 quidem
3500 952 3591 992 sa-

2019 1024 2131 1077 cris
2158 1024 2383 1080 Litteris
2414 1040 2604 1095 parum
2651 1037 3047 1095 consentanea,
3077 1027 3448 1099 falsitatisque
3473 1043 3593 1084 sus-

2020 1124 2175 1185 pecta
2197 1116 2402 1173 videris
2426 1118 2718 1175 disserere.

2095 1207 2259 1263 Cano.
2293 1209 2532 1264 Adverte
2561 1211 2827 1274 animum,
2875 1212 3122 1276 domina,
3152 1212 3255 1266 hoc
3298 1212 3586 1282 quaesitum

2022 1297 2118 1350 tibi
2148 1296 2464 1369 dissolvam.
2522 1300 2740 1354 Etenim
2785 1308 2843 1354 et
2875 1316 3001 1355 vera
3030 1301 3129 1355 tibi
3166 1302 3313 1367 dico,
3347 1309 3403 1356 et
3436 1302 3587 1356 Scri-

2019 1396 2193 1456 ptura:
2245 1389 2628 1459 congruentia.
2674 1391 2996 1460 Paradigma
3041 1406 3157 1445 rem
3213 1391 3585 1446 conﬁrmabit.

2017 1478 2292 1533 Ponamus
2321 1480 2563 1549 aliquem
2605 1496 2729 1536 esse
2774 1483 3144 1536 facinorosum
3168 1490 3224 1536 et
3262 1481 3578 1553 fugitivum,

2018 1571 2312 1641 ingratum,
2369 1589 2591 1628 servum
2647 1575 3009 1629 vernaculum
3059 1575 3275 1647 Domini
3323 1590 3390 1629 ac
3427 1575 3590 1645 Regis

2019 1664 2128 1725 sui,
2160 1666 2254 1731 qui
2286 1680 2345 1720 se
2385 1666 2506 1721 loco
2557 1668 2953 1733 munitissimo,
2985 1676 3413 1741 expugnatuque
3444 1668 3589 1722 dilIi-

1943 1743 1988 1802 Β
2020 1756 2225 1810 cillimo
2260 1766 2475 1823 teneat;
2509 1774 2620 1827 quo
2650 1761 2707 1815 in
2732 1759 2854 1813 loco
2894 1759 3086 1814 urbem
3141 1759 3394 1823 aediﬁcet,
3422 1776 3588 1830 quam

2018 1845 2229 1900 crebris
2260 1855 2316 1901 et
2342 1848 2573 1903 excelsis
2622 1848 2869 1903 turribus
2922 1848 3282 1903 communiat.
3332 1848 3389 1901 In
3418 1847 3589 1918 hujus

2021 1936 2175 1991 urbis
2212 1938 2395 1992 medio
2445 1937 2673 1994 eﬁ‘odiat
2725 1939 2904 1993 lacum
2942 1938 3459 2009 profundissimum,
3492 1938 3589 2009 qui

2018 2027 2167 2097 ipsos
2206 2037 2366 2084 terra:
2400 2028 2539 2084 ﬁnes
2574 2044 2641 2084 ac
2670 2030 2933 2084 terminos
2981 2028 3124 2084 infra
3177 2030 3430 2099 attingat.
3492 2046 3589 2084 cu-

2014 2120 2104 2189 jus
2132 2120 2367 2178 latitudo
2397 2121 2678 2177 altitudini
2737 2120 3089 2191 respondeat,
3118 2122 3296 2175 lacum
3330 2120 3589 2176 tenebro-

2015 2226 2137 2265 sum
2174 2221 2229 2266 et
2259 2213 2585 2278 obscurum,
2621 2214 2802 2267 lacum
2837 2212 3047 2267 umbra:
3107 2213 3299 2267 mortis
3342 2232 3353 2265 :
3387 2223 3443 2267 et
3468 2229 3589 2268 car-

1605 2462 1821 2522 Jacobi
1854 2462 2137 2535 Gretseri
2167 2471 2355 2523 no'm.

415 2593 494 2663 (8)
524 2591 655 2663 Quae
690 2589 1161 2663 disputat_anctor
1193 2588 1285 2663 hic
1310 2598 1367 2644 et
1390 2603 1663 2663 cap._seq.
1720 2588 1797 2663 de
1820 2589 1919 2645 de-

326 2658 534 2723 scensu
558 2661 762 2718 Christi
782 2658 850 2715 ad
876 2658 1175 2720 infernum,
1202 2659 1307 2713 hoc
1335 2668 1439 2723 est,
1462 2658 1534 2712 ad
1564 2659 1742 2713 locum
1766 2660 1918 2715 dam-

333 2743 620 2796 natorum,
679 2731 855 2798 deque
910 2727 1200 2783 animabus
1263 2728 1393 2784 inde
1448 2729 1685 2792 eductis,
1752 2740 1916 2785 caute

329 2801 569 2873 legenda
599 2810 748 2855 sunt.
786 2798 898 2873 Nec
948 2798 1136 2873 refert,
1167 2798 1313 2873 quod
1349 2799 1717 2873 assertionem
1757 2814 1914 2873 suam

328 2866 627 2929 co'nﬁrmat
647 2868 973 2923 auctoritate
996 2866 1351 2933 Damasceni;
1377 2884 1502 2922 nam
1527 2868 1735 2922 librum
1760 2867 1913 2922 illum

330 2958 438 2999 seu
476 2941 780 2994 orationem
816 2938 885 2992 de
913 2936 1210 2999 defunctis,
1257 2952 1366 2991 non
1402 2953 1524 2993 esse
1574 2938 1914 3003 Damasceni,

332 3012 499 3068 facile
527 3009 750 3076 probari
788 3014 987 3076 potest,
1020 3006 1201 3074 inquit
1226 3007 1523 3062 cardinalis
1552 3007 1917 3063 Bellarminus

330 3083 440 3139 lib.
465 3095 501 3134 II
528 3076 605 3133 De
655 3077 983 3149 purgagirio.
1010 3090 1132 3144 cap.
1161 3076 1369 3149 8,_qu_ia
1398 3077 1537 3149 ineo
1557 3076 1709 3149 libro
1725 3086 1917 3149 auctor

331 3167 450 3206 non
470 3145 806 3204 solum'dic'it
826 3146 1121 3216 Traianum
1147 3154 1203 3198 et
1224 3145 1575 3216 Falconillam
1596 3146 1675 3216 ab
1698 3145 1914 3216 inferno

332 3224 725 3277 damnatorum
756 3217 823 3271 ad
864 3214 1095 3283 regnum
1128 3214 1401 3268 ccelorum
1433 3214 1782 3277 transivisse,
1816 3214 1913 3270 sed

328 3293 504 3345 etiam
543 3288 747 3341 multos
779 3284 916 3339 alios
949 3284 1042 3351 qui
1079 3284 1134 3338 in
1175 3283 1452 3338 infernum
1487 3283 1912 3343 descenderant.

331 3359 473 3430 quia
506 3357 612 3409 ﬁde
651 3355 836 3430 divina
870 3364 1192 3430 caruerunt,
1224 3368 1254 3430 ξι
1287 3353 1509 3430 Christo
1534 3367 1831 3430 conversos
1856 3362 1913 3407 et

330 3421 597 3490 salvatus,
628 3422 850 3494 quando
880 3422 947 3475 ad
977 3421 1185 3477 inferos
1210 3421 1534 3494 descendit;
1567 3421 1716 3494 q_uod
1740 3428 1796 3474 et
1820 3436 1918 3494 per

330 3514 399 3553 se
438 3490 732 3551 erroneum
768 3501 853 3548 est
883 3499 942 3545 et
987 3490 1332 3546 contrarium
1370 3490 1558 3545 verbis
1595 3490 1919 3545 Damasceni

329 3568 436 3622 lib.
468 3581 508 3619 ιι
549 3563 624 3617 De
646 3562 770 3631 ﬁde,
805 3576 927 3631 cap.
961 3560 1016 3619 4.
1055 3559 1148 3631 ubi
1184 3559 1320 3614 dicit
1348 3559 1679 3631 hominibus
1712 3558 1919 3631 idqesse

332 3644 581 3692 mortem
610 3627 755 3701 quod
792 3627 897 3685 fuit
929 3629 1143 3701 angelis
1168 3644 1349 3701 casus.
1376 3627 1915 3701 HaaeBellarminus.

328 3708 398 3762 S.
424 3698 765 3768 Augustinus
788 3700 884 3757 lib.
912 3700 988 3753 De
1014 3698 1293 3763 Haeresin
1318 3713 1439 3768 cap.
1469 3699 1556 3768 79,
1579 3699 1724 3768 inter
1746 3699 1921 3754 haere-

326 3791 431 3831 ses
472 3766 637 3828 refert
683 3771 851 3840 quod,
892 3769 1265 3840 descendente
1303 3766 1629 3840 iad'inferos
1661 3767 1910 3832 Christo,

326 3843 680 3901 crediderint
700 3837 987 3895 increduli
1007 3846 1065 3893 et
1081 3837 1286 3893 fuerint
1301 3837 1542 3893 liberati.
1563 3838 1632 3892 Et
1649 3849 1919 3907 repugnat

330 3914 392 3968 id
437 3912 731 3968 ordinariae
763 3910 859 3964 Dei
894 3910 1000 3980 legi
1030 3908 1329 3980 explicatae
1383 3907 1441 3962 in
1476 3907 1586 3962 illis
1620 3907 1918 3980 Scriptura;

326 3984 495 4047 locis,
532 3983 551 4037 l
583 3980 838 4036 Corinth.
884 3995 917 4032 v
954 3977 981 4031 Ξ
1014 3977 1207 4032 Omnes
1247 3978 1384 4031 enim
1410 3993 1520 4047 nos
1571 3978 1911 4047 manifestat-1°

327 4046 540 4122 oportet
574 4058 700 4105 ante
733 4048 970 4103 tribunal
997 4047 1212 4122 Christi.
1244 4056 1301 4122 ut
1331 4046 1530 4122 ναίεται
1558 4046 1917 4122 unusquisque

328 4117 556 4192 propria
584 4122 817 4192 corporis
841 4126 996 4192 prout
1040 4117 1218 4192 gessit,
1251 4118 1375 4192 sive
1403 4117 1625 4192 bonum,
1650 4118 1761 4171 sive
1797 4133 1916 4170 ma-

327 4186 487 4257 lum;
517 4200 572 4244 et
594 4186 771 4245 Galat.
804 4186 887 4243 vi:
920 4186 1051 4252 om
1082 4188 1220 4239 enim
1247 4188 1577 4242 seminaverit
1604 4189 1779 4250 homo,
1809 4192 1918 4240 hazc

329 4270 389 4314 et
437 4256 591 4314 metet
616 4276 660 4338 ;_
690 4269 747 4313 et
781 4258 934 4338 infra
949 4273 963 4309 :
1007 4259 1150 4338 Ergo
1207 4256 1334 4338 dum
1356 4257 1915 4338 “tempusnhabemus,

327 4346 619 4400 operemur
644 4333 861 4400 bonum.
884 4327 984 4400 ,Ει-
1002 4328 1207 4400 quibus
1231 4336 1288 4381 et
1321 4327 1449 4381 aliis
1471 4326 1751 4381 similibus
1777 4326 1917 4379 locis

329 4396 580 4461 constat,
617 4414 723 4454 non
748 4398 851 4451 nisi
883 4397 938 4450 in
973 4396 1076 4450 hac
1108 4396 1221 4448 vita
1253 4411 1374 4451 esse
1412 4405 1632 4464 tempus
1685 4409 1913 4464 compa-

328 4469 496 4523 randi
534 4471 791 4523 salutem.
822 4467 1001 4535 Alque
1042 4464 1237 4520 eadem
1270 4474 1356 4535 est
1390 4463 1638 4535 ratiolde
1670 4463 1916 4534 parvulis

328 4539 616 4592 damnatis
634 4538 867 4607 quicum
888 4533 1006 4607 solo
1020 4543 1246 4607 peccato
1263 4533 1912 4607 origin_ali_decesserun_t.

332 4608 472 4663 Haec
502 4602 802 4677 Gregorius
833 4605 903 4660 de
934 4602 1185 4677 Valentia
1219 4602 1473 4677 tom_._'lV,
1506 4603 1651 4677 disp.
1684 4602 1741 4665 ‘2,
1769 4617 1827 4677 q.
1857 4603 1912 4664 4,

383 4715 397 4728 .
430 4679 485 4731 5.
520 4677 596 4731 De
616 4672 733 4745 qua
767 4692 826 4730 re
853 4675 1079 4744 copiose
1094 4673 1276 4745 etiam
1312 4672 1558 4745 disputat
1590 4672 1916 4745 lf'rancisctis

383 4761 546 4800 uarez
564 4756 696 4800 tom.
723 4746 790 4803 ll.
816 4745 872 4798 in
913 4760 966 4798 ιιι

328 4815 551 4870 Locum
586 4815 738 4869 illum
772 4815 793 4868 l
822 4814 971 4868 Petr.
1005 4810 1064 4865 in
1104 4827 1119 4863 :
1147 4810 1213 4864 In
1238 4827 1340 4881 quo
1368 4813 1468 4877 his,
1501 4810 1591 4882 qui
1619 4813 1670 4865 in
1701 4824 1920 4864 carcere

326 4894 517 4948 erant,
559 4884 827 4953 spiritibus
890 4882 1468 4953 veniensprtedicauit,
1521 4890 1654 4944 etc.,
1700 4894 1767 4933 ex
1809 4892 1920 4953 quo

326 4955 569 5008 errandi
588 4948 811 5008 occasio
835 4960 1054 5021 sumpta
1081 4948 1324 5021 videtur,
1356 4950 1476 5005 fuse
1498 4960 1559 5004 et
1582 4959 1728 5005 recte
1736 4948 1922 5021 expli-

319 5033 430 5078 cat
481 5023 841 5077 Bellarminus
892 5018 988 5075 Iib'.
1023 5034 1076 5073 tv
1111 5018 1184 5073 De
1239 5019 1465 5086 Christo,
1523 5036 1644 5090 cap.
1703 5018 1809 5081 13;
1863 5025 1921 5071 et

326 5092 605 5148 Pererius
625 5094 679 5146 in
701 5091 959 5147 Genesim.

1005 4758 1057 4811 p.
1088 4731 1419 4811 S.Ihom:e,'
1433 4742 1571 4811 disp.
1592 4743 1682 4807 45,
1702 4748 1837 4796 sect.
1858 4740 1913 4793 5.
1950 4731 1993 4785 D

2085 2591 2198 2646 Nec
2253 2590 2668 2660 praetereundus
2719 2589 2809 2660 ille
2854 2589 3088 2660 Dioptra:
3128 2604 3286 2644 error
3344 2605 3463 2659 cap.
3496 2591 3584 2659 ll,

2016 2677 2188 2730 prope
2220 2658 2407 2723 linem,
2444 2660 2498 2714 in
2532 2660 2617 2715 his
2639 2659 2860 2715 verbis:
2890 2658 3134 2729 Si‘igitur
3159 2661 3369 2727 animas
3414 2658 3589 2722 adhuc

2014 2729 2072 2785 in
2134 2731 2342 2799 inferno
2400 2746 2618 2785 manere
2677 2729 2831 2784 audis
2860 2768 2875 2792 ,
2938 2731 3067 2784 scito
3113 2731 3416 2799 neutiquam
3477 2740 3583 2784 tor-

2015 2811 2194 2855 menta
2226 2801 2507 2863 sustinere,
2534 2809 2590 2853 ut
2644 2801 2811 2869 prius.
2854 2816 2949 2853 nec
2984 2800 3145 2853 etiam
3177 2799 3397 2853 vinculis
3425 2803 3592 2854 teneri

2015 2870 2229 2940 ferreis,
2291 2881 2468 2941 utpote
2520 2888 2552 2941 _a
2584 2869 3238 2941 tyrannideuuiudicatas.
3284 2870 3433 2941 Nihil
3485 2872 3591 2941 uti-

2015 2938 2175 3005 nus;
2231 2938 2362 3009 quia
2412 2940 2468 2993 in
2516 2938 2734 2993 inferno
2800 2938 2948 3009 nulla
2981 2947 3065 2992 est
3122 2939 3589 3009 autgredemptio,

2014 3020 2120 3090 aui
2151 3007 2408 3090 remissio
2420 3026 2434 3089 ε
2468 3018 2526 3063 et
2549 3008 3165 3090 singulisidamnaiione
3192 3007 3392 3076 dignis,
3420 3007 3589 3090 etiam

2014 3080 2070 3134 in
2106 3079 2241 3133 hora
2270 3078 2467 3133 mortis
2487 3076 2762 3133 accinitur
2793 3077 2951 3132 triste
2978 3076 3112 3131 illud
3145 3092 3366 3132 carmen
3391 3095 3407 3134 :
3437 3077 3514 3132 Ite
3533 3081 3591 3133 in

2012 3150 2185 3218 ignem
2209 3146 2697 3218 (sternumgrQuare
2721 3146 2816 3218 qui
2840 3145 3042 3218 inferni
3075 3147 3364 3201 tormentis
3384 3147 3588 3218 addicti

2013 3213 2235 3271 fuerant
2267 3225 2398 3272 ante
2451 3216 2654 3271 Christi
2683 3213 2752 3268 ad
2777 3214 2981 3268 inferos
3004 3213 3355 3275 descensum.
3392 3214 3589 3271 iisdem

2013 3287 2198 3361 a_dhuc
2230 3287 2434 3341 addicti
2464 3295 2687 3361 manent
2708 3284 3203 3361 manebuntque-‘in
3238 3295 3589 3361 perpetuum.

2020 3355 2095 3409 Ea
2122 3356 2191 3410 de
2215 3371 2378 3409 causa
2402 3355 2587 3424 negari
2615 3368 2723 3406 non
2748 3360 2930 3420 potest
2954 3349 3589 3424 qgin_l)iop}ra‘nimium

2020 3439 2051 3478 a
2094 3440 2225 3479 vero
2271 3418 2764 3483 abeatfasserené
2808 3436 2937 3475 cum
2974 3418 3182 3474 ’ﬁctitio
3232 3420 3588 3483 Damasceno.

2020 3493 2287 3562 quosdam
2316 3493 2535 3563 penitus
2559 3507 2627 3545 ex
2651 3490 2867 3563 inferno
2892 3488 3405 3563 liberatosipropter
3426 3490 3590 3563 ﬁdem

2019 3558 2073 3617 in
2090 3558 2396 3627 Christum,
2421 3576 2582 3632 quam
2609 3569 2740 3632 tunc
2764 3561 3024 3632 primum,
3046 3558 3271 3632 Christo
3283 3558 3360 3615 'ad
3383 3561 3593 3632 inferos

2018 3633 2406 3693 descendente,
2439 3630 2623 3699 adepti
2648 3631 2761 3684 sint
2784 3646 2799 3693 ;
2828 3630 2950 3683 illos
2974 3645 3126 3694 vero,
3154 3630 3249 3699 qui
3275 3646 3383 3685 non
3407 3631 3594 3686 credi-

2019 3702 2254 3764 derunt,
2292 3703 2406 3763 hoc
2458 3702 2650 3757 saltem
2703 3699 3061 3754 relaxationis
3115 3711 3480 3765 consecutos,
3531 3712 3596 3757 ut

2055 3787 2181 3827 mna
2200 3786 2374 3842 usque
2397 3771 2465 3825 ad
2484 3779 2787 3842 extremum
2808 3770 2951 3842 diem
2980 3768 3179 3842 judicii
3207 3769 3373 3825 dilata
3403 3769 3592 3828 fuerit.

2055 3788 2181 3827 mna
2200 3788 2374 3842 usque
2397 3788 2465 3825 aa
2484 3788 2787 3825 extremum
2808 3788 2951 3823 atem
2980 3788 3174 3838 μιαιοιι
3207 3788 3373 3825 onata
3403 3788 3590 3828 tuerit.

2016 3788 2165 3897 Kihil
2191 3843 2385 3896 borum
2415 3856 2543 3897 cum
2571 3839 2894 3894 orthodoxis
2919 3839 3271 3909 dogmatibus
3300 3850 3590 3896 consonat.

2016 3912 2242 3968 Veniam
2273 3922 2450 3968 tamen
2480 3918 2725 3965 meretur
2748 3909 2973 3979 Dioptra
2998 3908 3070 3962 ου
3099 3910 3199 3962 hos
3222 3924 3427 3970 naevos,
3450 3925 3596 3979 quos

2018 3993 2112 4037 aut
2142 3983 2354 4036 incuria
2384 3981 2548 4043 fudit,
2577 3990 2671 4034 aut
2696 3980 2934 4033 humana
2970 3993 3163 4046 parum
3193 3979 3339 4031 cavit
3367 3988 3588 4043 natura,

2018 4053 2324 4121 praesertim
2373 4065 2498 4106 cum
2549 4050 2959 4121 Damascenum
2981 4062 3103 4101 sese
3146 4048 3355 4116 putarit
3399 4047 3588 4118 sequi,

2019 4117 2176 4191 cuius
2226 4136 2334 4175 non
2387 4129 2473 4191 est
2509 4120 2703 4191 exigua
2746 4117 3130 4191 auctori_ta_s,_
3150 4132 3384 4191 cumque
3423 4117 3588 4191 etiam

2018 4185 2773 4258 S.'GregoriusNazianietius
2793 4196 2934 4241 orat.
2962 4186 2985 4237 l
3009 4186 3067 4258 in
3090 4185 3319 4258 Pascha,
3341 4203 3507 4258 agens
3520 4190 3590 4244 de

2015 4254 2227 4314 Christi
2262 4260 2329 4313 ad
2362 4258 2569 4314 inferos
2616 4256 2907 4328 descensu,
2940 4254 3043 4308 sub
3076 4255 3246 4310 dubio
3280 4254 3590 4328 reliquerit,

2019 4338 2203 4383 utrum
2217 4329 2471 4385 Christus
2483 4340 2677 4380 omnes
2699 4325 2818 4379 sine
2837 4325 2945 4379 ulla
2969 4328 3294 4393 exceptione
3316 4325 3590 4385 descensu

2019 4413 2120 4453 suo
2139 4400 2317 4453 salvos
2341 4397 2554 4459 fecerit,
2581 4411 2649 4449 an
2668 4409 2764 4449 eos
2787 4395 3052 4448 duntaxat
3077 4396 3172 4464 qui
3198 4398 3550 4452 crediderunt
3571 4416 3587 4462 ;

2020 4469 2292 4538 quamvis.
2319 4480 2378 4521 ut
2413 4476 2564 4538 notat
2590 4467 2816 4538 Suarez,
2847 4464 3225 4538 Nazianzenus
3255 4482 3375 4538 non;
3396 4468 3588 4538 videa-

2023 4533 2113 4591 t'ur
2142 4539 2424 4609 scripsisse
2451 4537 2543 4591 illa
2570 4536 2733 4590 verba
2758 4534 2913 4609 quod
2932 4533 3263 4609 deveritate
3285 4536 3588 4609 dubitaret,

2021 4608 2116 4661 sed
2152 4602 2326 4662 solum
2366 4617 2426 4661 ut
2456 4602 2791 4675 proponeret
2822 4602 2955 4675 quid
2989 4604 3057 4659 de
3102 4604 3202 4675 hac
3234 4607 3467 4675 veritate
3501 4606 3589 4659 in-

2022 4679 2245 4746 quirere
2270 4695 2333 4731 ae
2375 4674 2518 4746 scire
2542 4674 2813 4746 oporteat.
2842 4674 3024 4728 Locus
3051 4674 3274 4746 quidam
3313 4674 3370 4731 S.
3403 4674 3592 4746 Augu-

2024 4743 2151 4823 stini
2184 4752 2347 4816 epist.
2404 4745 2497 4808 99,
2539 4743 2609 4797 ad
2645 4743 2926 4823 Esadiuni,
2963 4743 3354 4823 perobscurus,
3388 4743 3593 4823 Graicis

2022 4816 2143 4870 istis
2166 4815 2327 4869 nutus
2352 4831 2472 4870 esse
2503 4830 2611 4868 non
2644 4816 2844 4882 potuit.
2874 4815 2979 4880 Qui
3007 4823 3188 4869 tamen
3216 4825 3365 4870 recte
3391 4815 3595 4883 accipi-

2021 4894 2110 4938 tur
2139 4886 2206 4939 de
2237 4887 2563 4940 liberatione
2591 4900 2657 4955 ex
2694 4883 3138 4955 Purgatorioiiut
3175 4895 3360 4955 monet
3386 4883 3592 4955 Suarez

2018 4954 2140 5078 loc.5
2156 4955 2252 5011 cit.
2300 4965 2358 5011 et
2395 4955 2560 5025 Creg.
2591 4953 2660 5008 de
2705 4952 2831 5008 Val:
2864 4963 2999 5035 tom.
3030 4952 3121 5018 ιν,
3162 4953 3305 5024 disp.
3340 4953 3429 5019 ll,
3460 4968 3515 5022 q.
3548 4968 3590 5019 ι,

2018 5039 2071 5078 u.
2145 5063 2159 5077 .

1818 5201 2093 5265 Schoha.

319 5335 393 5384 et
422 5327 468 5380 si
494 5324 618 5394 quid
642 5324 948 5393 reperiretut
981 5320 1243 5395 maculw,_
1266 5323 1682 5395 autdenigratio
1730 5325 1913 5395 aliqua

322 5416 372 5452 α
409 5393 562 5465 parte
615 5394 868 5464 quapiam
916 5393 1171 5461 corporis,
1209 5393 1319 5446 Deo
1353 5393 1578 5447 hostiam
1610 5394 1761 5449 illam
1812 5393 1914 5450 non

321 5466 658 5533 sacriﬁcari.

418 5541 435 5557 "
485 5531 753 5601 Diﬂ'erunt
807 5532 915 5603 hare
971 5531 1083 5603 Atria
1119 5546 1138 5585 :
1178 5531 1371 5600 φθορὰ,
1425 5532 1715 5603 διαφθορὰ,
1752 5552 1921 5588 κατα-

322 5605 545 5675 φθορά.
578 5600 789 5656 Etenim
821 5600 995 5675 φθορὰ
1016 5602 1278 5675 interitus.
1305 5611 1381 5655 est
1413 5600 1602 5675 animm
1625 5600 1682 5675 ia
1708 5621 1922 5674 corpore

315 5671 637 5739 (operatio,
672 5681 719 5725 et
744 5671 978 5735 corporis
1020 5673 1163 5739 quies
1202 5680 1359 5741 atque
1394 5672 1457 5725 ab
1497 5674 1641 5726 omni
1695 5671 1923 5728 motione

670 5763 943 5827 Panos.
984 5766 1101 5825 GR.
1144 5763 1426 5826 CXXVII.

2017 5327 2261 5387 cessatio,
2275 5342 2433 5397 quam
2446 5335 2493 5379 et
2510 5325 2908 5380 immaculatum
2918 5325 3110 5397 Christi
3119 5343 3306 5396 corpus
3324 5333 3590 5390 sustinuit.

2020 5396 2306 5473 Διαφβορὰ
2338 5398 2629 5473 corruptio,
2679 5406 2754 5450 est
2800 5396 3136 5473 putrefactio,
3177 5410 3232 5473 e_t_
3266 5402 3436 5473 pastio
3473 5403 3592 5473 ipsa

2019 5467 2274 5543 vermium
2293 5507 2332 5543 _,_
2369 5466 2531 5543 quam
2583 5466 3132 5543 immaculatissimum
3171 5467 3363 5522 Christi
3404 5466 3591 5543 corpus

2022 5538 2256 5591 nescivit.
2292 5538 2653 5605 Καταφοορὰ,
2705 5537 2979 5604 pernicies,
3022 5545 3095 5590 est
3133 5537 3506 5595 consummata
3542 5552 3593 5597 et

2023 5607 2253 5676 perfecta
2292 5605 2535 5676 perditio,
2558 5608 2665 5660 sive
2691 5606 2928 5660 exitium.
2954 5605 3067 5670 Quo
3094 5623 3251 5661 sensu
3290 5610 3491 5664 dictant
3515 5620 3593 5665 est

2025 5675 2196 5728 illud:
2222 5695 2240 5728 ι
2273 5675 2518 5746 Disperiit
2551 5676 2771 5747 populus
2795 5677 2892 5730 iste
2911 5686 3125 5747 propter
3144 5688 3435 5745 peccatum.
3471 5699 3491 5731 ι

3198 5765 3275 5825 25
