4088 6214
521 316 636 380 779

1767 301 2107 361 l‘lliLll‘Pl
2141 298 2528 360 SOLITARII

3674 290 3781 355 780

532 441 689 484 ceres
717 424 772 479 in
807 439 873 479 co
901 428 1183 492 angustos,
1219 415 1730 489 caliginosissimos,
1768 424 1822 470 et
1858 415 1923 469 ad
1973 431 2105 469 cru-
2141 426 2180 476 Α
2213 422 2530 483 potuerunt,
2562 427 2685 467 cunt
2726 426 2837 466 non
2862 419 3009 466 esset
3039 418 3230 466 custos
3255 407 3515 474 carceris,
3538 422 3650 461 non
3680 422 3782 477 pu-

533 522 735 575 ciatum
783 512 1114 585 aptissimos.
1169 508 1248 562 Ad
1292 510 1405 562 lucc
1453 506 1615 562 aliam
1667 505 2105 560 malevolentiam

535 609 838 667 considera.
906 606 1199 672 Postquam
1249 601 1437 655 infelix
1479 611 1745 671 tyrannus
1774 599 1978 654 bestias
2011 612 2109 651 ve-

536 711 782 765 nenatas,
823 708 878 753 et
939 697 1149 759 leones,
1183 704 1239 748 et
1301 694 1591 755 dracones,
1652 692 1774 746 visu
1824 690 2106 746 deformes

535 790 808 862 pardales,
849 786 1091 856 aspidcs,
1124 783 1372 849 rubetas,
1418 790 1724 852 serpentes,
1779 778 2109 848 scorpiones

534 879 842 934 exitiabiles
866 874 1242 945 congregavit,
1273 873 1371 927 has
1406 872 1570 927 simul
1624 871 1746 926 lacu
1806 867 2109 939 caliginoso

528 972 601 1027 ad
624 969 851 1026 dolores
875 978 930 1022 et
956 981 1147 1034 pinnas
1184 981 1375 1019 eorum
1406 965 1629 1025 retinet,
1665 972 1939 1033 quotquot
1975 964 2101 1017 sub.

534 1073 685 1119 actos
712 1062 785 1117 ibi
838 1060 1141 1115 incluserit.
1189 1058 1302 1114 Nec
1333 1059 1389 1110 in
1438 1056 1544 1111 hoc
1586 1056 1732 1120 lacu,
1773 1070 1876 1109 nec
1924 1057 1981 1109 in
2010 1056 2110 1111 hac

538 1158 676 1211 urbe
710 1156 791 1209 vel
818 1154 950 1208 solis
979 1153 1063 1207 vel
1116 1152 1259 1205 luna:
1287 1150 1475 1204 lumen
1521 1148 1769 1202 cernitur
1813 1165 1826 1200 :
1855 1156 1986 1201 sunt
2014 1163 2112 1201 au—

538 1262 649 1304 tem
683 1247 921 1302 tenebrae
964 1244 1291 1314 palpabiles,
1314 1251 1370 1296 et
1413 1240 1658 1296 tenebrae
1688 1240 1795 1293 illa:
1819 1238 2108 1310 Egyptite,

537 1339 794 1393 omnibus
843 1337 1164 1392 notissimte.
1197 1334 1359 1390 Juxta
1392 1333 1583 1386 urbem
1634 1340 1754 1385 esto
1787 1330 1874 1384 via
1906 1330 2077 1382 milita

540 1434 636 1498 ris,
674 1430 787 1485 sive
819 1428 1062 1498 publica,
1109 1441 1273 1496 quam
1296 1439 1488 1480 omnes
1519 1424 1808 1477 hominum
1845 1418 2104 1475 nationes

540 1529 964 1592 pertranseunt:
1002 1529 1058 1572 ct
1083 1503 1172 1572 alii
1215 1516 1439 1586 quidem
1481 1514 1644 1568 amici
1681 1513 1859 1583 regis,
1893 1512 1986 1567 alii
2014 1511 2111 1565 ad-

540 1613 790 1679 versarii,
818 1624 875 1666 ct
904 1611 1135 1675 inimici,
1174 1609 1271 1679 qui
1294 1623 1506 1673 omnes,
1548 1607 1691 1661 alius
1720 1605 1942 1660 aliunde
1973 1621 2004 1658 a
2026 1620 2111 1661 sc-

540 1707 768 1761 ductore
801 1703 1118 1773 capiuntur,
1172 1716 1275 1755 nec
1301 1700 1410 1754 alio
1436 1714 1661 1754 currere
1715 1697 1909 1752 salutis
1940 1712 2106 1752 causa

2215 508 2426 562 nitorcs
2467 505 2673 561 acerbi.
2702 506 2758 560 Si
2788 504 2954 575 igitur
2979 504 3191 559 animas
3226 503 3411 557 adhuc
3462 502 3519 555 in
3571 500 3786 555 inferno

2217 614 2442 654 manere
2490 598 2671 663 audis,
2730 598 2872 653 scito
2924 596 3246 666 neutiquam
3298 604 3575 650 tormenta
3618 595 3787 649 susti—

2213 707 2366 758 nere,
2407 690 2662 761 utprins,
2698 705 2804 746 nec
2853 691 3020 744 etiam
3060 688 3300 745 vinculis
3352 689 3532 743 teneri
3592 687 3789 742 ferreis

2214 795 2404 855 utpote
2429 801 2461 839 a
2492 783 2782 856 tyrannide
2827 778 3154 836 vindicatus.
3185 780 3254 835 Et
3299 781 3406 836 hoc
3453 795 3659 835 munus
3698 789 3789 834 est

2215 874 2514 930 maximum
2550 881 2716 942 atque
2755 872 3179 941 amplissimum.
3227 869 3308 923 Ad
3350 869 3465 924 lucc
3507 867 3700 934 dicito,
3736 867 3784 923 si

2213 969 2345 1039 quid
2371 968 2471 1023 tibi
2494 967 2550 1022 in
2579 974 2822 1020 mentem
2859 963 3031 1019 venit.

2281 1062 2479 1116 Amm.
2504 1058 2780 1125 Quorsum
2797 1064 3012 1126 spectet
3034 1054 3138 1110 hoc
3158 1054 3498 1125 paradigma,
3519 1052 3788 1122 intelligo.

2213 1150 2598 1223 Justojudicio
2632 1164 2831 1205 omnes
2859 1147 3008 1218 quod
3059 1146 3286 1212 debent,
3318 1146 3484 1200 amici
3528 1146 3789 1208 maxima,

2217 1243 2427 1297 inimici
2476 1244 2692 1296 minora
2741 1239 3046 1311 accipiunt.
3116 1238 3513 1294 Verumtamen
3566 1253 3793 1308 propor-

2218 1335 2368 1390 tione
2397 1335 2627 1402 gratiam
2663 1349 2861 1388 omues
2885 1332 3111 1388 debent.

2285 1425 2450 1481 Cano.
2486 1425 2607 1492 Quo
2647 1424 2866 1479 tandem
2903 1424 3070 1479 modo
3112 1423 3432 1479 intellexisti
3480 1422 3793 1492 problem,

2216 1531 2313 1571 seu
2346 1518 2530 1587 potius
2557 1533 2667 1587 quo
2720 1516 2830 1571 line
2861 1516 2967 1571 hoc
3008 1514 3330 1586 paradigma
3373 1514 3599 1570 allatum
3658 1529 3796 1570 cen-

2216 1608 2348 1664 ses?
2379 1606 2515 1674 Quis
2539 1607 2611 1661 sit
2636 1608 2727 1663 hic
2769 1618 2897 1663 tuus
2927 1621 3146 1672 sensus,
3190 1620 3355 1661 nosse
3388 1605 3681 1676 pervelim.

2282 1701 2478 1755 Amm.
2538 1700 3060 1770 lnterpretationem
3115 1698 3352 1754 maxime
3415 1698 3575 1753 talem
3635 1707 3795 1768 puto.

538 1801 791 1862 possunt.
824 1791 1050 1845 Duravit
1078 1788 1386 1844 dominatio
1429 1788 1646 1858 tyranni
1682 1788 1847 1857 hujus
1908 1786 2111 1842 diutis—
2137 1775 2188 1835 Β
2215 1791 2503 1863 Tyrannus
2531 1790 2678 1846 idem
2697 1799 2779 1846 est
2801 1789 2894 1860 qui
2920 1790 3096 1861 prius,
3125 1788 3364 1845 Lucifer.
3396 1788 3573 1855 Quam
3602 1787 3797 1843 urbem

539 1887 676 1941 sime
707 1904 720 1940 :
756 1898 950 1939 omnes
983 1882 1249 1952 paulatim
1291 1883 1345 1937 in
1389 1896 1544 1935 suam
1579 1888 1907 1949 potestatem
1949 1878 2112 1934 rede-

541 1977 640 2048 git,
672 1974 937 2031 violentia
962 1973 1041 2029 illi
1087 1989 1186 2044 pro
1217 1974 1340 2045 jure
1371 1982 1479 2039 est,
1508 1971 1793 2044 tyrannice
1848 1971 2108 2043 insurgit,

540 2067 706 2138 capit,
754 2065 1081 2121 verberibus
1144 2064 1369 2136 indigne
1418 2065 1621 2134 pulsat,
1668 2064 1892 2134 premit,
1922 2063 2115 2133 alﬂigit

540 2157 803 2229 insignes,
845 2156 1109 2227 abiectos,
1135 2170 1347 2220 omnes,
1374 2155 1554 2211 bonos
1598 2163 1654 2209 et
1704 2153 1879 2209 malos
1913 2152 2112 2209 ferreis

545 2247 909 2319 compedibus
937 2249 991 2301 in
1019 2246 1139 2302 lacu
1173 2245 1505 2301 constrictos
1530 2266 1544 2301 :
1579 2245 1633 2299 in
1661 2260 1770 2315 quo
1814 2244 1971 2298 locus
1994 2245 2113 2299 nul.

541 2342 630 2395 lus
661 2340 997 2411 cjuscentodi
1027 2338 1349 2411 indignitate
1380 2348 1555 2394 vacat.
1574 2338 1746 2405 Quam
1769 2336 2115 2409 tyrannidem

542 2447 639 2488 rex
671 2432 907 2501 amplius
935 2448 1046 2486 non
1078 2432 1281 2493 ferens,
1320 2430 1417 2484 sed
1438 2430 1673 2500 benigne
1702 2428 2025 2498 respiciens.
2058 2436 2115 2482 et

542 2525 809 2595 populum
840 2524 1130 2591 miserans,
1186 2523 1575 2578 charissimum
1624 2530 1675 2577 et
1712 2536 1874 2591 quem
1925 2520 2120 2575 habuit

544 2615 768 2670 unicum
791 2614 962 2670 ﬁlium
997 2615 1063 2669 ad
1089 2616 1309 2685 generis
1339 2614 1566 2669 humani
1615 2613 2000 2669 liberationem
2063 2623 2117 2668 et

545 2706 812 2762 auxilium
847 2705 1014 2761 misit.
1048 2705 1154 2773 Qui
1182 2722 1307 2762 cum
1334 2705 1667 2770 advenisset,
1711 2713 1765 2758 et
1795 2721 1921 2760 cmn
1955 2703 2120 2758 sedu—

545 2805 698 2851 ctore
739 2812 935 2851 manus
966 2797 1365 2862 conseruisset,
1418 2813 1657 2865 eumque
1708 2796 2019 2866 dejecisset,
2064 2805 2120 2849 ct

545 2886 987 2950 constrinxisset,
1011 2896 1068 2941 et
1101 2887 1153 2940 vi
1187 2886 1367 2940 valida
1413 2897 1753 2948 enervasset,
1797 2885 2116 2939 victoriam-

545 2992 655 3048 que
677 2977 942 3032 adversus
966 2982 1172 3041 hostes,
1200 2985 1261 3032 ut
1287 2985 1482 3046 potens
1509 2976 1564 3030 in
1600 2977 1820 3045 pra-lio,
1855 2976 2122 3031 obtinuis-

544 3077 650 3134 set,
682 3068 877 3124 urbem
904 3067 1260 3138 pervastavit,
1308 3076 1490 3122 turres
1536 3066 1729 3130 diruit,
1767 3067 1932 3122 simul
1955 3067 2116 3136 quid-

546 3158 679 3232 quid
709 3158 1060 3214 inimicorum
1097 3158 1222 3224 fuit,
1274 3158 1542 3228 perdidit,
1592 3156 1820 3222 occidit,
1873 3158 2018 3212 elisit
2063 3169 2119 3212 ct

546 3250 733 3309 omnia
759 3265 889 3306 vasa
921 3251 1103 3320 rapuit
1130 3265 1197 3305 ac
1221 3249 1471 3319 du-ipuit.
1502 3250 1569 3305 Et
1591 3250 1779 3304 intima
1810 3249 1923 3305 loci
1973 3249 2122 3304 illius

545 3350 863 3413 penetrans,
891 3341 1077 3397 omnia
1105 3342 1374 3406 claustra,
1405 3350 1631 3397 catenas
1669 3351 1724 3395 ct
1765 3350 1954 3411 portas
1982 3358 2088 3396 con
2112 3373 2119 3379 -

544 3436 814 3505 fringens,
862 3448 1056 3488 omnes
1083 3433 1305 3503 penitus
1348 3433 1405 3487 in
1461 3432 1732 3489 custodiis
1772 3433 1879 3488 illis
1910 3433 2124 3487 vinctos

547 3509 821 3592 liberavit,
848 3525 904 3579 in
948 3527 1131 3580 lucem
1165 3525 1377 3587 eduxit,
1403 3524 1703 3594 multisque
1731 3523 2003 3578 videndos
2024 3539 2121 3577 ex-

546 3617 752 3676 hibuit.
783 3616 890 3673 Sed
920 3616 1298 3672 animadverte
1328 3617 1476 3686 quod
1526 3626 1886 3671 consecutum
1924 3622 2011 3669 est
2038 3632 2126 3669 ar-

547 3708 773 3763 bitrium
800 3719 856 3761 et
906 3706 1198 3777 judicium.
1234 3707 1455 3762 Amicos
1505 3708 1729 3776 quidem
1764 3720 2024 3778 paternos
2055 3708 2124 3762 ab

546 3798 673 3854 aliis
697 3807 957 3863 secretos,
990 3800 1337 3869 maximaque
1384 3798 1559 3869 gloria
1586 3809 1641 3853 et
1673 3799 1884 3855 honore
1930 3800 2125 3871 digna-

544 3901 658 3951 tus,
698 3891 808 3960 regi
838 3897 892 3943 et
928 3891 1071 3960 patri
1101 3892 1393 3945 universos
1424 3891 1672 3956 adducit,
1718 3903 1777 3947 ut
1805 3893 1917 3948 sint
1948 3894 2124 3963 impe-

549 3984 619 4038 rii
646 3997 774 4040 cum
808 3984 1040 4038 Domino
1059 3982 1356 4054 participes
1383 4001 1396 4036 :
1428 3998 1536 4037 non
1560 3983 1766 4040 amicos
1793 3994 1997 4052 autem,
2029 3985 2126 4041 sed

550 4074 740 4129 hostes
766 4073 905 4128 inl‘ra
936 4073 1184 4143 reliquit,
1222 4072 1401 4143 quoad
1432 4073 1552 4129 dies
1572 4076 1828 4139 extremi,
1870 4085 1926 4132 et
1957 4094 2127 4149 gene-

550 4165 683 4221 ralis
708 4165 903 4236 jndicii
936 4164 1239 4230 illucescat,
1269 4173 1325 4220 ct
1348 4165 1417 4220 de
1439 4165 1864 4238 omnibusjusta
1899 4180 2122 4226 sentcn-

554 4258 627 4312 tia
662 4257 1076 4327 pronuntietur.
1107 4258 1328 4327 Alioqui
1356 4266 1412 4313 et
1448 4267 1528 4322 tu,
1562 4259 1809 4324 domina,
1847 4263 2006 4332 plane
2048 4262 2131 4317 iu-

547 4349 757 4420 justum
784 4346 1021 4418 judicas,
1046 4346 1101 4402 si
1129 4348 1333 4419 impios
1357 4358 1413 4405 et
1434 4351 1688 4406 inimicos
1717 4352 1837 4437 illos
1866 4354 2126 4423 potentis,

2214 1976 2389 2041 lacus,
2442 1983 2498 2031 et
2555 1976 2798 2031 carceris
2859 1975 3121 2039 tenebrae,

2215 1882 2527 1948 aediﬁcavit,
2559 1882 2833 1937 infernum
2855 1898 2979 1938 esse
3027 1881 3284 1953 conjicio.
3319 1880 3799 1936 Profundissintus

3241 1972 3494 2029 infernus
3548 1982 3697 2037 sunt,
3741 1980 3802 2026 et

2217 2083 2389 2133 mors,
2417 2067 2815 2137 amborumque
2842 2066 3162 2136 imperium.
3219 2065 3322 2121 Via
3357 2064 3508 2135 regia
3549 2080 3647 2120 seu
3694 2080 3801 2133 pu-

2218 2160 2362 2216 blica
2393 2160 2515 2215 sine
2545 2159 2718 2214 dubio
2748 2158 2909 2230 hujus
2945 2159 3071 2214 vitae
3116 2173 3334 2214 cursus.
3366 2158 3585 2212 insidia:
3622 2171 3802 2227 prope

2186 2309 2190 2313 ,
2218 2252 2361 2308 hanc
2383 2252 2525 2309 viam
2557 2251 2834 2321 publicam
2868 2266 3038 2317 mors,
3075 2261 3138 2306 ut
3159 2251 3402 2316 videtur,
3450 2266 3574 2321 qua:
3607 2264 3807 2305 omnes

2220 2344 2382 2414 rapit,
2414 2353 2469 2398 et
2495 2344 2561 2398 ad
2599 2342 2802 2397 inferni
2846 2353 3097 2399 ventrem
3126 2342 3388 2399 demittit.
3419 2343 3659 2413 Reptilia
3692 2358 3798 2397 au-

2221 2442 2351 2497 tem,
2381 2443 2437 2488 et
2479 2448 2678 2503 genera
2738 2441 3138 2488 venenatorum
3169 2434 3430 2504 pessima,
3492 2433 3803 2488 cruciatum

2223 2526 2374 2580 illum
2423 2525 2830 2581 intolerabilem
2885 2525 3241 2596 interpretari
3291 2535 3558 2597 oportet:
3593 2526 3706 2580 Rex
3743 2535 3806 2579 ct

2221 2618 2509 2684 Dominus,
2543 2626 2600 2673 et
2628 2609 2803 2672 Filius
2821 2617 2987 2687 regis,
3017 2625 3104 2672 est
3131 2617 3382 2673 omnium
3433 2616 3719 2678 Conditor.
3743 2625 3806 2671 ct

2223 2708 2476 2764 Salvator
2519 2710 2812 2765 hominum
2860 2710 3137 2766 Christus.
3196 2709 3372 2765 Amici
3435 2717 3567 2766 sunt
3612 2709 3744 2780 justi
3781 2725 3802 2764 :

2224 2809 2437 2867 contra,
2464 2801 2674 2856 inimici
2701 2810 2826 2857 sunt
2877 2802 3033 2873 impii
3080 2811 3400 2873 peccatores
3433 2819 3447 2856 :
3483 2817 3622 2872 quos
3651 2800 3807 2856 cnim

2223 2888 2361 2943 alios
2386 2904 2506 2944 esse
2546 2888 2913 2956 dicatleuo
2955 2901 3143 2946 autem
3189 2899 3454 2961 paternos
3486 2890 3698 2946 amicos
3723 2889 3808 2944 in.

2226 2979 2465 3042 duxerit,
2532 2996 2762 3051 regnum
2816 2982 3041 3038 cmleste
3109 2981 3387 3053 quiSpiatn
3450 2998 3562 3038 non
3618 2982 3810 3054 inepte

2227 3070 2447 3125 dixerit.

2265 3195 2272 3201 -
2296 3161 2460 3216 Cano.
2493 3162 2832 3219 Dcxterrimc
2866 3164 3209 3232 intellexisti,
3232 3174 3289 3221 et
3312 3163 3683 3236 pulcherrime
3707 3162 3810 3219 dc-

2224 3258 2467 3314 clarasti.
2495 3258 2682 3313 Gratia
2718 3259 2973 3325 Christo,
3030 3262 3127 3332 qui
3190 3263 3299 3318 hoc
3340 3262 3441 3318 tibi
3488 3260 3807 3331 inspiravit.

2225 3349 2614 3405 Verumtamen
2679 3352 2821 3406 scito
2877 3353 3198 3424 paradigma
3242 3368 3353 3409 non
3411 3366 3809 3423 usquequaque

2228 3444 2304 3499 illi
2335 3444 2631 3514 quadrare,
2662 3446 2823 3516 cujus
2845 3458 2929 3501 est
2961 3448 3302 3519 paradigma.
3344 3448 3465 3504 Non
3506 3448 3661 3519 enim
3686 3446 3805 3516 jatn

2228 3536 2564 3605 paradigma,
2590 3536 2687 3591 sed
2718 3539 3052 3595 omnimodis
3084 3540 3231 3597 idem
3264 3540 3427 3596 foret.
3468 3542 3544 3594 De
3571 3538 3806 3595 Christo

2229 3627 2536 3682 vaticinans
2587 3628 2756 3683 Jacob
2791 3631 3127 3699 patriarcha,
3169 3651 3187 3683 ι
3224 3631 3574 3689 Recumbcns
3603 3631 3811 3685 dozmi-

2232 3716 2309 3772 vit
2343 3726 2403 3771 ut
2427 3717 2513 3773 leo
2547 3719 2614 3783 ⁸⁸,
2648 3739 2665 3771 ι
2705 3719 2902 3790 inquit.
2938 3723 3185 3779 Rursum
3215 3724 3351 3779 alibi
3389 3739 3551 3779 ursus
3586 3740 3618 3778 a
3652 3723 3805 3779 Scri-

2229 3817 2390 3879 ptura
2424 3810 2629 3865 dicitur
2668 3811 2735 3863 ".
2776 3812 3021 3868 Dillieilia
3061 3815 3221 3884 plane
3253 3825 3311 3870 et
3340 3814 3665 3886 symbolice,
3691 3829 3805 3868 non

2235 3914 2414 3957 tamen
2443 3918 2511 3957 ex
2541 3901 2628 3957 his
2672 3903 2901 3959 audebit
2929 3905 3204 3976 quispiam
3248 3907 3516 3962 rationem
3563 3905 3809 3959 ferarum

2231 3993 2409 4051 Verbo
2440 4009 2505 4048 ac
2536 3995 2770 4050 Domino
2804 4011 3037 4066 prorsus
3090 3997 3418 4052 attribuere.
3476 3996 3634 4065 Quod
3672 3996 3810 4051 utile

2231 4093 2336 4150 cst,
2359 4093 2415 4140 et
2451 4085 2520 4139 ad
2548 4101 2665 4140 rem
2717 4085 2868 4152 facit,
2904 4087 2959 4140 id
2992 4088 3265 4142 duntaxat
3308 4104 3339 4142 a
3379 4087 3516 4144 feris
3550 4097 3813 4141 mutuan-

2232 4177 2362 4231 dum
2388 4187 2512 4230 est:
2555 4177 2702 4246 quod
2757 4177 3145 4248 blaspltemum
3181 4187 3239 4234 et
3286 4177 3597 4244 rancidum,
3644 4178 3813 4233 rel'n—

2235 4268 2536 4338 quendutn.
2566 4268 2700 4334 Leo,
2744 4279 3016 4340 quatenus
3056 4270 3375 4326 animalium
3412 4286 3507 4325 rex
3546 4279 3605 4324 et
3649 4267 3811 4326 terri-

2234 4358 2386 4423 bilis,
2434 4360 2566 4415 huic
2599 4361 2996 4431 comparationi
3048 4362 3245 4418 servit.
3296 4363 3470 4420 Ursus
3512 4371 3720 4420 autem.
3750 4368 3814 4413 ut

553 4440 669 4510 νυνί
704 4439 810 4494 “Ui
868 4441 1147 4512 "010N319
1196 4456 1325 4497 cum
1381 4442 1575 4498 θωίείδ
1604 4444 1746 4513 eius:
1805 4453 1899 4499 aut
1938 4447 2128 4501 eadem
2168 4451 2204 4504 Β
2238 4453 2498 4523 quiddam
2533 4465 2725 4509 natura
2746 4455 2979 4526 justum,
3011 4464 3068 4511 ct
3099 4454 3329 4510 ultionis
3357 4463 3645 4525 expetens.
3678 4452 3812 4507 Tale

549 4547 676 4587 cum
709 4532 845 4603 ipsis
870 4532 1095 4602 prannia
1118 4534 1394 4603 consequi
1425 4533 1628 4590 debere
1671 4536 1976 4591 existimas.
2006 4536 2124 4591 Non

551 4631 781 4676 autumo
811 4630 863 4678 te
888 4623 1031 4677 istuc
1070 4623 1354 4678 arbitrari.
1390 4622 1454 4679 Et
1486 4625 1591 4681 hoc
1630 4626 1738 4682 illis
1782 4627 1849 4681 ad
1901 4628 2128 4682 miscri-

551 4713 796 4769 cordiam
823 4714 1120 4769 maximum
1160 4729 1380 4780 censeo,
1411 4716 1560 4788 quod
1592 4717 1843 4773 eamdem
1873 4719 2128 4775 universe

551 4803 867 4860 libertatem
893 4815 1024 4860 sunt
1055 4806 1262 4876 adepti,
1296 4815 1569 4876 prostrato
1602 4808 1697 4879 qui
1744 4824 1900 4879 aeque
1928 4809 1983 4864 in
2008 4827 2126 4865 ont—

546 4910 658 4952 ~nes
689 4884 1077 4951 crudelitatem
1131 4900 1428 4952 exercebat
1496 4912 1691 4965 suam,
1757 4902 2129 4957 communiter

555 4986 807 5041 custodia
840 4987 1005 5041 levati
1040 4987 1223 5058 plane,
1255 4987 1491 5044 vinculis
1521 4989 1712 5056 soluti,
1760 5001 1816 5046 et
1854 4992 2115 5057 absoluti,

553 5091 610 5137 ct
660 5098 692 5138 a
748 5082 947 5138 belluis
1001 5085 1440 5154 truculentisque
1498 5084 1852 5143 carnificibus
1914 5090 2120 5155 liberi;

556 5174 816 5245 quodque
847 5176 1084 5247 amplius
1129 5186 1184 5232 et
1231 5177 1520 5248 pulchrius
1566 5188 1673 5244 est,
1709 5180 1857 5250 quod
1890 5184 2130 5237 transire

630 5315 681 5349 ³⁸
733 5315 875 5371 Gen.
926 5332 1069 5381 χιιι,
1109 5317 1165 5372 9.
1237 5318 1278 5349 ¹⁷
1310 5316 1475 5372 Amos
1506 5315 1656 5379 v.19

624 5486 708 5563 (ᾳ)
746 5485 1069 5563 Sermonem
1107 5487 1259 5563 hune
1284 5503 1391 5543 non
1418 5502 1538 5563 esse
1581 5488 1928 5563 Darnasccni,
1959 5499 2187 5563 propter
2223 5490 2597 5563 characterem
2623 5485 3089 5563 ia_n_tborum,_‘hoc
3118 5500 3202 5563 est
3224 5530 3239 5556 ,

2230 4555 2314 4601 est
2344 4546 2691 4617 paradigtna.
2720 4561 2833 4601 non
2889 4547 3069 4602 simile
3107 4556 3165 4603 et
3207 4559 3396 4618 aptum
3451 4544 3812 4600 omnimodis.

2229 4638 2360 4705 Qua:
2418 4648 2602 4692 autem
2664 4638 2798 4693 mihi
2849 4638 3085 4693 dicenda
3145 4647 3354 4693 restant
3413 4652 3480 4693 ea
3532 4636 3814 4707 posterius

2232 4730 2431 4784 dicam.
2494 4729 2653 4783 Nunc
2700 4729 2845 4799 quod
2893 4729 2958 4783 ad
3033 4730 3326 4784 utilitatem
3396 4737 3544 4783 tuam
3581 4727 3809 4792 addant,

2231 4820 2406 4876 sancti
2439 4820 2764 4874 Damasecni
2821 4830 2927 4874 est.
2988 4820 3359 4887 Docetenitn,
3413 4828 3471 4875 ct
3520 4818 3813 4889 perspicue

2235 4911 2598 4975 demonstrat,
2637 4910 2692 4965 itt
2723 4909 2943 4966 Christo
2980 4912 3295 4968 viventibus
3345 4912 3488 4967 hanc
3542 4912 3811 4966 rationem

2239 5002 2410 5057 multo
2455 5002 2822 5057 verissimam.
2885 5003 3055 5059 Docet
3108 5019 3238 5059 vero
3271 5018 3370 5074 per
3404 5002 3635 5067 iambos,
3678 5017 3811 5055 num

2239 5093 2566 5163 simpliciter
2587 5109 2784 5148 omnes
2808 5092 3063 5148 Christus
3083 5092 3228 5163 apud
3253 5094 3464 5148 inferos
3484 5091 3808 5155 salvaverit,

2242 5199 2310 5237 an
2338 5184 2432 5253 qui
2466 5185 2539 5239 ibi
2567 5184 2939 5248 crediderant,
2968 5184 3117 5255 quod
3150 5183 3536 5254 recipiendum
3570 5182 3675 5255 (α).

3292 5492 3418 5563 quia
3463 5491 3661 5547 iambis
3678 5505 3813 5563 conf

562 5556 807 5629 scriptus
862 5556 953 5629 sit.
980 5556 1216 5629 allirmat
1247 5558 1299 5610 in
1359 5560 1605 5629 margine
1647 5559 1895 5612 scltolion
1927 5577 1939 5611 :
1991 5556 2303 5629 quanquam
2336 5559 2389 5611 in
2420 5556 2533 5612 illis
2556 5558 2753 5629 iambis
2791 5573 2902 5612 non
2933 5556 3686 5629 dimensionissyllabarum,
3717 5561 3811 5616 sed

560 5621 763 5703 pedum
807 5626 1165 5703 ratioliabita
1197 5638 1284 5703 est
1310 5621 1514 5697 [ιοιὶυεῖ
1564 5627 1659 5683 Est
1697 5641 1878 5703 autem
1917 5621 2103 5703 serino
2148 5621 2241 5703 seu
2277 5632 2585 5703 oratio_p_t_o
2614 5627 2895 5703 defunctis
2920 5630 3174 5703 cumbae
3202 5621 3565 5703 inscriptione
3597 5650 3611 5687 :
3659 5621 3812 5697 Quod

560 5695 596 5755 ii
631 5699 721 5768 qm‘
748 5712 865 5751 rum
891 5695 997 5765 ﬁde
1022 5712 1085 5750 ex
1118 5697 1217 5750 hac
1235 5695 1342 5751 circ
1379 5708 1726 5764 excesserunt,
1765 5702 1998 5753 rivorum
2028 5700 2197 5754 missis
2221 5708 2269 5753 et
2312 5698 2575 5765 beneﬁciis
2595 5698 2876 5767 juvantur.
2921 5696 3222 5755 l'oanxcs.
