4102 6200
334 315 437 380 ’ῑ81

950 425 1175 483 CAPUT
1211 426 1327 481 XII.

340 521 401 577 S.
442 519 666 575 Joannis
700 518 1015 591 Dantasccni
1053 519 1217 591 locus,
1249 520 1313 573 de
1338 521 1403 573 iis
1427 536 1555 591 quos
1578 520 1814 574 Christus
1859 518 1923 570 ab

886 590 1070 656 inferis
1119 589 1378 643 liberarat.

427 704 506 759 Ac
533 703 785 757 nonnulli
814 702 1039 772 quidem
1074 720 1171 773 per
1193 720 1311 768 cos,
1363 704 1458 774 qui
1490 714 1621 760 ante
1669 705 1923 760 credide-

350 805 503 860 runt,
541 796 729 851 Patres
753 792 808 849 et
842 796 1159 865 prophetas,
1215 805 1271 850 ct
1308 796 1548 867 iudices,
1577 806 1634 852 et
1665 812 1841 867 reges,
1867 807 1926 851 et

340 888 623 959 principes
653 886 993 957 intelligunt,
1028 886 1278 957 aliosque
1317 889 1636 953 nonnullos,
1665 888 1922 944 llebraici

341 980 552 1050 populi.
583 980 679 1049 qui
728 979 888 1034 facile
945 981 1223 1035 recenseri
1254 991 1506 1051 possunt,
1550 983 1925 1051 omnibusque

339 1071 458 1127 noti
482 1087 548 1126 ac
581 1071 855 1141 perspicui
884 1081 1035 1127 sunt.
1076 1073 1188 1128 Nos
1216 1089 1349 1128 vero
1383 1074 1652 1130 adversus
1681 1090 1780 1130 eos
1823 1073 1921 1145 qui

340 1165 417 1219 ita
447 1164 715 1229 sentiunt,
747 1163 815 1217 ad
850 1164 997 1218 hunc
1026 1163 1251 1219 modum
1282 1165 1623 1222 disseremus
1651 1182 1665 1218 :
1689 1166 1801 1221 Nec
1829 1166 1927 1222 be-

340 1255 527 1310 neficii
561 1256 683 1310 loco
716 1255 1053 1321 ducendum,
1090 1272 1191 1312 nec
1224 1273 1428 1312 novum
1476 1274 1540 1313 ac
1580 1260 1781 1312 mirum
1818 1258 1926 1313 hoc

341 1348 679 1404 censendum
710 1357 814 1408 cst.
848 1348 917 1402 iis
951 1348 1215 1403 nimirum
1270 1350 1365 1419 qui
1397 1350 1742 1405 crediderint
1772 1350 1923 1405 salu-

344 1450 456 1494 tem
488 1457 519 1494 a
546 1439 766 1495 Christo
805 1440 1025 1495 allatam
1053 1456 1175 1496 esse
1207 1460 1221 1496 :
1261 1443 1464 1512 quippe
1480 1458 1604 1498 cum
1630 1442 1782 1498 solus
1811 1443 1926 1512 ipse

341 1531 519 1587 Judcx
547 1532 803 1601 (equitate
827 1542 1070 1602 praestet,
1098 1549 1201 1588 nec
1223 1533 1508 1602 periturus
1536 1535 1635 1599 sit,
1670 1533 1927 1604 quisquis

342 1627 518 1695 ipsius
551 1627 734 1680 verbis
770 1626 933 1681 ﬁdem
969 1628 1313 1683 adhibuerit.
1355 1627 1625 1694 Quocirca
1660 1643 1758 1684 eos
1807 1644 1926 1683 om-

340 1736 440 1777 nes
472 1721 705 1776 salutem
742 1720 1040 1789 consequi,
1071 1728 1238 1790 atque
1271 1719 1337 1775 ad
1366 1720 1462 1775 Dei
1493 1736 1558 1775 ac
1591 1720 1807 1775 Domini
1831 1720 1928 1775 de-

1755 312 1826 371 Dl
1839 309 2106 369 OI’TRA.

1958 430 2007 487 Α
2036 426 2263 481 rhoissae
2295 410 2557 497 denique,
2592 437 2650 483 ct
2677 442 2858 483 curvae
2880 443 3111 497 prorsus
3144 429 3486 485 mulierculae
3525 447 3616 485 sa-

3498 312 3609 377 782

2032 519 2311 573 nationem
2343 535 2449 574 uno
2475 535 2600 574 cum
2630 520 3058 590 quamplurimis
3117 522 3239 576 aliis
3271 524 3437 577 rebus
3466 540 3613 592 prae-

2033 611 2304 667 dicentes.
2328 612 2462 677 Hos,
2484 612 2732 682 inquam,
2752 612 3127 677 divinaNerbi
3149 616 3396 684 potentia
3416 616 3600 685 perire

2033 705 2481 774 optimarnmque
2504 706 2786 761 actionum
2806 708 2990 763 fructu
3011 724 3223 771 carere,
3239 710 3466 765 minime
3488 726 3615 766 sus-

2035 796 2224 851 tinuit.
2274 797 2567 868 Temporis
2611 800 2759 854 enim
2820 816 2950 870 pars
3003 801 3155 871 ipsis,
3215 814 3275 857 ut
3353 803 3615 867 diximus,

2035 887 2403 949 commodata,
2462 889 2518 942 in
2551 889 2947 945 obscuritatem
2979 893 3405 963 haudquaquam
3437 895 3556 949 abit
3594 914 3608 949 :

2036 992 2225 1030 verum
2248 977 2430 1033 omnis
2469 979 2536 1034 iis
2560 981 2655 1050 qui
2677 980 2802 1035 vita:
2840 982 3180 1037 curriculum
3220 983 3452 1039 honeste
3482 1001 3619 1040 con-

2034 1068 2293 1135 fecerint,
2358 1081 2596 1139 servata,
2658 1075 3023 1132 cumulatiore
3082 1085 3273 1147 postea
3353 1093 3615 1133 mensura

2034 1161 2295 1217 refertur.
2327 1161 2533 1218 Contra
2569 1165 2665 1235 qui
2690 1167 2926 1237 turpiter
2952 1184 3017 1223 ac
3041 1169 3307 1225 scelerate
3334 1170 3614 1232 vixerunt.

2034 1253 2286 1324 nihilque
2316 1256 2573 1324 omnino,
2624 1260 2769 1328 quod
2817 1275 2944 1315 cum
3004 1261 3208 1316 virtute
3256 1262 3616 1333 conjunctum

2034 1354 2204 1413 esset,
2230 1355 2490 1418 egerunt,
2520 1366 2622 1406 nec
2647 1367 2835 1407 semen
2871 1353 3071 1419 ullum,
3102 1363 3200 1408 aut
3242 1355 3483 1410 fructum
3516 1355 3618 1409 ha-

2034 1439 2317 1506 buerunt;
2368 1457 2565 1497 verum
2595 1452 2652 1498 et
2685 1445 2820 1506 vita,
2846 1455 2902 1501 et
2928 1462 3205 1512 sermone,
3239 1458 3295 1503 ct
3327 1449 3433 1503 fide
3461 1464 3618 1519 pror-

2035 1548 2130 1587 sus
2162 1533 2517 1599 aberrarunt,
2553 1552 2657 1592 nec
2700 1538 2888 1606 pluvia
2928 1539 3116 1594 divina
3165 1541 3388 1597 cmlitus
3419 1542 3472 1598 in
3520 1557 3618 1597 eos

2035 1621 2177 1687 fusa,
2199 1623 2371 1678 ullum
2395 1641 2620 1697 gertnen
2654 1628 2951 1685 ediderunt
2980 1631 3182 1702 (neque
3226 1631 3373 1687 enim
3406 1642 3464 1686 ut
3503 1633 3617 1704 jam

2036 1728 2175 1769 ame
2206 1714 2418 1771 dictum
2468 1727 2573 1781 est,
2616 1730 2922 1777 sementem
2952 1722 3117 1777 ullam
3171 1724 3446 1797 fecerunt)
3492 1741 3616 1789 nec,

345 1825 606 1866 scensum
646 1809 849 1863 inferni
878 1809 1113 1864 vinculis
1146 1809 1308 1876 solvi,
1329 1825 1554 1865 necesse
1575 1818 1716 1864 erat.
1755 1810 1926 1878 quue
1955 1782 2003 1842 Β
2034 1812 2093 1857 ul-
2127 1819 2356 1873 prorsus
2389 1808 2917 1873 Sleri168.illucetlle
2948 1815 3138 1883 gloriae
3179 1817 3296 1871 sole
3333 1782 3588 1873 maiorue

339 1909 399 1954 et
427 1900 602 1969 ipsius
652 1898 998 1970 providentia
1048 1899 1302 1969 contigit.
1343 1900 1411 1954 At
1442 1915 1574 1954 vero
1603 1899 1788 1954 cuncti
1822 1898 1922 1961 illi,

339 2009 461 2048 mea
503 1993 727 2061 quidem
782 1992 1078 2056 sententia,
1124 1993 1243 2048 sola
1273 1993 1447 2062 ipsius
1489 1991 1830 2063 benignitate
1859 2008 1925 2045 ac

339 2084 721 2139 misericordia
756 2085 991 2139 salutem
1023 2096 1381 2153 acceperunt,
1416 2083 1513 2153 qui
1543 2084 1760 2139 etiamsi
1783 2084 1924 2139 alio-

340 2176 437 2245 qui
464 2177 589 2232 viL-e
611 2177 850 2245 puritate
879 2177 1297 2239 cxcelluissent,
1350 2185 1519 2245 atque
1560 2178 1784 2246 optimis
1806 2179 1926 2248 qui-

338 2268 555 2339 basque
584 2269 896 2325 actionibus
944 2270 1219 2339 perfuncti
1280 2268 1536 2333 fuissent,
1592 2271 1832 2325 tenuiter
1862 2286 1928 2325 ac

341 2369 734 2428 temperanter,
769 2370 827 2413 ct
853 2370 1005 2414 caste
1057 2358 1344 2423 vixissent,
1372 2369 1557 2414 tamen
1616 2375 1811 2429 puratn
1858 2378 1924 2414 ac

340 2453 586 2507 divinam
626 2451 791 2506 fidem
816 2450 1246 2521 haudquaquam
1301 2462 1696 2522 perceperunt,
1734 2462 1795 2507 ut
1829 2456 1924 2522 qui

340 2547 499 2599 nulla
521 2545 748 2599 omnino
787 2544 1104 2614 disciplina,
1147 2553 1243 2597 aut
1274 2544 1604 2614 cujusquam
1664 2548 1927 2617 magiste-

342 2626 655 2692 γίυέιυιιίιὶ
717 2636 1035 2705 excultique
1095 2636 1351 2691 fuissent.
1402 2635 1513 2691 llos
1571 2638 1778 2707 quippe
1833 2638 1924 2693 ille

341 2729 590 2785 omnium
620 2728 939 2784 moderator
968 2743 1035 2783 ac
1068 2728 1339 2782 Dominus
1368 2727 1587 2783 retibus
1609 2728 1812 2785 divinis
1841 2729 1926 2784 in-

339 2822 530 2877 clusos
554 2821 794 2875 sublime
842 2819 1032 2884 traxit,
1074 2818 1269 2889 eisque
1297 2835 1428 2876 etim
1484 2818 1802 2876 divinorum
1832 2837 1949 2877 1-³--

340 2915 561 2970 diorqu
593 2913 946 2983 Splendorcm
993 2913 1294 2982 iniecisset,
1339 2930 1406 2968 ac
1457 2912 1710 2968 veritatis
1735 2913 1923 2969 lumen

340 3003 698 3070 ostendisset,
731 3003 806 3057 ita
835 3017 1029 3057 eorum
1073 3002 1290 3057 animos
1341 3001 1574 3065 inflexit,
1611 3012 1674 3056 ut
1705 3002 1764 3057 in
1794 3019 1923 3058 cum

342 3098 657 3152 crederent.
690 3088 879 3165 Neque
914 3093 1062 3148 enim
1103 3092 1197 3147 illa
1247 3103 1440 3148 natura
1490 3094 1812 3150 misericors
1844 3103 1923 3149 tot
1950 3124 1989 3165 ,ε

339 3187 562 3242 labores
590 3185 792 3239 frustra
820 3195 990 3253 atque
1021 3183 1299 3237 incassum
1345 3183 1415 3237 ab
1463 3182 1598 3253 ipsis
1624 3195 1920 3254 susceptos

341 3280 515 3335 fuisse
547 3276 880 3333 sustinebat.
914 3273 1299 3331 Perdilliciletn
1325 3275 1498 3340 enim,
1546 3287 1604 3331 et
1641 3292 1921 3331 aerumno-

340 3385 481 3433 sam,
518 3383 605 3434 ac,
634 3384 802 3437 supra
833 3383 998 3438 quam
1050 3367 1162 3421 dici
1203 3376 1388 3437 queat,
1431 3377 1721 3437 angustam
1752 3369 1921 3423 vitam

339 3462 633 3516 duxerant.
662 3459 801 3514 Nam
827 3467 884 3513 et
925 3458 1092 3513 animi
1116 3458 1630 3526 perturbationibus
1682 3458 1924 3528 impera-

340 3561 558 3617 verant,
587 3560 644 3607 et
690 3551 1005 3621 voluptates
1052 3557 1397 3619 reSpuerant,
1433 3558 1491 3603 et
1538 3557 1920 3619 paupertatem

341 3663 410 3702 ac
432 3646 828 3701 continentiam
860 3644 930 3699 ad
957 3652 1266 3699 extremum
1313 3657 1488 3711 usque
1521 3643 1830 3706 coluerant,
1868 3650 1925 3697 et

346 3736 554 3807 vigiliis
578 3751 698 3791 sese
721 3734 1077 3790 confecerant
1118 3752 1131 3786 :
1168 3744 1334 3803 atque
1364 3743 1425 3787 ut
1450 3735 1642 3803 paucis
1680 3734 1924 3802 comple-

340 3839 487 3890 ctar,
520 3827 702 3882 omnia
726 3827 950 3881 virtutis
985 3825 1183 3895 gratia,
1240 3824 1389 3880 haud
1424 3824 1512 3894 pie
1558 3823 1638 3878 illi
1671 3823 1921 3894 quidem,

340 3919 439 3973 sed
467 3929 644 3974 tamen
668 3917 1045 3987 expleverant,
1070 3932 1412 3985 summaeque
1448 3913 1812 3970 Providentiae
1840 3920 1927 3985 (ut

340 4012 566 4082 quidem
601 4009 738 4081 ipsis
786 4008 1100 4077 videbatur)
1173 4008 1645 4078 praestantissime,
1706 4009 1923 4063 tametsi

342 4120 455 4157 non
484 4104 603 4158 sine
628 4104 835 4157 erroris
868 4102 1015 4167 labe,
1043 4101 1254 4156 cultum
1290 4110 1348 4156 et
1376 4101 1793 4155 venerationem
1823 4100 1924 4155 ad~

342 4194 663 4249 liibttcrant.
691 4194 836 4260 Quin
865 4194 1090 4248 fuerunt
1117 4192 1288 4247 etiam
1338 4193 1614 4258 nonnulli,
1649 4192 1747 4261 qui
1775 4192 1892 4248 divi
1912 4221 1925 4233 -

344 4303 475 4341 nam
535 4288 932 4358 omnipotentis
993 4285 1287 4342 Trinitatis
1334 4284 1522 4352 fidem,
1567 4284 1788 4340 exiliter
1846 4284 1925 4339 illi

341 4376 568 4446 quidem
617 4393 682 4431 ac
721 4377 1082 4447 perobscure,
1139 4376 1237 4431 sed
1279 4386 1463 4432 tamen
1532 4384 1922 4446 perceperunt.

2031 1905 2163 1949 runt
2189 1914 2203 1949 :
2227 1896 2314 1952 his
2328 1898 2577 1968 profecto
2606 1902 2762 1957 nullo
2789 1904 2953 1959 modo
2976 1905 3231 1962 Christus
3258 1908 3486 1977 profuit,
3513 1925 3618 1964 nec

2029 1984 2236 2054 lapsos,
2265 1995 2326 2042 ut
2356 1990 2579 2057 opinor,
2610 2007 2799 2047 secum
2830 1995 3126 2061 excitavit,
3185 2006 3247 2052 ut
3297 1999 3393 2069 qui
3440 2000 3619 2054 salute

2030 2080 2250 2146 penitus
2282 2080 2495 2154 indigni
2522 2097 2731 2140 essent.
2765 2085 2911 2152 Quin
2956 2104 3041 2143 ne.
3065 2088 3120 2143 in
3156 2089 3337 2159 ipsum
3388 2091 3615 2161 quidem

2028 2185 2127 2224 cos
2148 2172 2452 2231 credidisse
2488 2175 2766 2231 existimo.
2804 2178 3026 2235 Primus
3063 2181 3267 2235 etenitn
3298 2181 3389 2237 ille
3421 2199 3490 2238 ex
3522 2199 3616 2238 su-

2030 2263 2225 2331 perbia
2251 2264 2307 2318 in
2365 2267 2625 2322 tenebras
2694 2268 2883 2338 lapsus
2925 2271 3118 2337 draco,
3150 2288 3315 2342 quem
3346 2275 3400 2328 in
3436 2276 3615 2345 prima

2029 2360 2191 2407 aetate
2220 2353 2536 2420 coluerunt,
2558 2367 2772 2412 mentes
2806 2374 3027 2426 eorum,
3058 2377 3122 2415 ac
3151 2364 3466 2432 spiritualcs
3488 2383 3618 2422 cor-

2029 2442 2115 2497 dis
2138 2445 2332 2499 oculos
2354 2447 2600 2513 caecavit,
2627 2457 2686 2502 ut
2709 2448 2961 2505 videntes
2982 2467 3094 2506 non
3116 2454 3395 2518 viderent,
3427 2474 3616 2527 quem-

2028 2535 2326 2590 admodum
2359 2538 2626 2608 scriptum
2681 2549 2765 2594 est
2791 2541 2833 2574 "
2855 2580 2870 2605 ,
2891 2553 2947 2598 et
2981 2543 3350 2614 intelligentes
3367 2550 3598 2607 omnino

2030 2642 2141 2680 non
2175 2626 2567 2699 intelligerent.
2600 2633 2820 2703 Reliqui
2842 2647 3025 2691 autem
3053 2653 3268 2703 omnes,
3309 2640 3400 2708 qui
3426 2657 3617 2696 semen

2029 2730 2416 2787 susceperunt,
2468 2720 2660 2792 illapsa
2715 2725 2902 2794 pluvia
2955 2743 3183 2797 germen
3235 2729 3611 2798 protulerunt,

2028 2815 2194 2879 atque
2226 2822 2421 2867 exorto
2449 2813 2564 2869 sole
2586 2817 2968 2873 maturitatem
3009 2829 3431 2877 contraxerunt.

2632 2952 2856 3009 CAPUT
2886 2953 3021 3015 let-

2029 3068 2147 3134 Qua
2174 3069 2386 3123 demum
2412 3073 2620 3123 ratione
2640 3070 2890 3145 qurelibet
2920 3073 3104 3127 animo
3128 3092 3280 3129 suum
3313 3079 3475 3145 ipsius
3503 3097 3621 3135 cor-

2273 3157 2371 3210 pus
2396 3157 2428 3193 a
2456 3142 2675 3193 mortuis
2705 3142 2959 3194 cxsistcns
3014 3142 3366 3214 recognoscet.

2097 3278 2292 3331 ΑΜιιΑ.
2341 3275 2560 3345 Optime
2612 3291 2742 3329 vero
2795 3290 2909 3328 rent
2972 3279 3300 3345 explanasti,
3371 3282 3617 3352 mihique

2028 3369 2325 3423 tradidisti.
2363 3367 2619 3421 Divinum
2652 3366 2758 3419 hoc
2790 3366 3167 3421 testiinonium
3210 3371 3534 3438 amplector.
3560 3385 3617 3428 et

2025 3478 2092 3516 eo
2112 3477 2232 3515 sum
2257 3467 2535 3512 contettta.
2561 3457 2666 3512 Sed
2689 3457 2836 3511 enirn
2855 3457 3004 3511 aliud
3032 3458 3213 3512 habeo
3231 3460 3616 3529 quaerendum,

2026 3560 2191 3620 atque
2226 3550 2301 3615 id,
2330 3558 2388 3602 ut
2415 3547 2633 3618 opinor,
2658 3545 2898 3602 difﬁcile.
2929 3546 3044 3602 lloc
3076 3548 3241 3602 etiam
3271 3565 3371 3618 pro
3404 3551 3619 3606 viribus

2029 3644 2138 3697 tuis
2165 3642 2381 3697 solvere
2409 3642 2564 3695 velis.
2593 3640 2730 3695 Cum
2765 3639 2910 3693 enim
2940 3641 3166 3694 mortale
3194 3657 3396 3711 corpus
3427 3644 3613 3700 anima

2028 3735 2355 3790 immortalis
2383 3734 2714 3797 deseruerit,
2737 3748 2975 3802 quonam
3006 3733 3169 3788 modo
3191 3735 3247 3790 id
3277 3737 3424 3807 quod
3452 3748 3613 3794 mter-

2027 3840 2160 3878 num
2190 3833 2295 3888 est,
2318 3823 2428 3893 jam
2453 3830 2773 3890 corruptum
2799 3839 2864 3878 ac
2895 3823 3137 3878 deletum
3167 3824 3418 3882 invenire
3445 3838 3614 3898 atque

2027 3929 2355 3985 cognoscere
2378 3912 2622 3967 valebit?
2649 3913 2714 3966 Et
2737 3914 2843 3967 alia
2869 3913 3093 3983 reliquit
3113 3930 3315 3983 corpus
3337 3917 3614 3982 mutilum,

2027 4007 2132 4061 alia
2163 4008 2413 4071 surdum,
2467 4005 2574 4060 alia
2631 4004 3000 4069 surdastrum,
3057 4005 3161 4060 alia
3219 4014 3455 4072 mutum,
3509 4009 3616 4064 alia

2028 4101 2287 4155 virilitate
2317 4099 2634 4168 spoliatum,
2672 4099 2776 4152 alia
2828 4113 3096 4161 macrum,
3132 4098 3237 4151 alia
3270 4098 3359 4152 vix
3395 4099 3615 4155 ossibus

2030 4192 2265 4254 haerens,
2291 4191 2395 4243 alia
2416 4190 2638 4258 pingue,
2661 4189 2904 4256 plenum,
2931 4203 3247 4252 carnosutn,
3272 4205 3458 4259 grave,
3494 4191 3620 4245 irtu-

2029 4283 2144 4347 tile,
2176 4281 2539 4345 ventriosum,
2567 4280 2916 4349 putredinem
2954 4295 3163 4334 meram
3198 4293 3253 4336 et
3286 4298 3613 4340 mare-orem.

2033 4372 2149 4427 Alia
2170 4371 2439 4443 juvenile,
2467 4370 2738 4425 imberbe.
2764 4371 2884 4424 Alia
2905 4381 3065 4425 aetate
3087 4372 3465 4442 languescens.
3495 4378 3619 4433 Alia

344 4470 456 4526 Alii
524 4470 691 4525 Verbi
745 4472 1206 4533 incarnationem,
1263 4467 1714 4537 venerandosque
1747 4468 1923 4535 ipsius
1956 4453 2003 4509 Ῑ)
2029 4464 2233 4533 pedum
2254 4471 2312 4516 et
2358 4476 2619 4515 manuum
2646 4476 2748 4514 usu
2778 4462 3125 4525 destitutum,
3175 4462 3294 4516 Alia
3338 4465 3611 4532 infantile,

346 4562 648 4623 cruciatus,
687 4561 1038 4629 reditumque
1064 4559 1131 4613 ad
1171 4560 1342 4611 vitam
1391 4556 1785 4625 praedicarunt.
1817 4556 1924 4609 Alii

346 4664 532 4709 ortum
563 4670 630 4708 ex
658 4653 898 4724 Virgine,
922 4664 1088 4723 atque
1133 4652 1273 4706 adeo
1309 4666 1509 4705 nomen
1537 4651 1711 4720 ipsius
1744 4667 1928 4704 enun-

350 4748 647 4802 tiaverunt.
711 4766 729 4796 ι
773 4746 962 4809 Maria,
1033 4745 1230 4815 inquit,
1299 4760 1499 4797 nomen
1562 4743 1849 4813 puelLe”.
1903 4761 1920 4792 ι

350 4836 455 4891 Alii
492 4851 682 4891 rursus
708 4835 907 4890 eximia
933 4835 1021 4888 illa
1044 4834 1254 4894 omnia,
1282 4843 1604 4900 naturaeque
1632 4831 1742 4884 vim
1765 4846 1928 4885 exce-

346 4926 557 4991 dentia,
603 4942 634 4980 a
660 4926 885 4981 Christo
923 4927 1073 4980 edita
1111 4925 1378 4980 miracula
1439 4924 1726 4977 vaticinati
1772 4932 1925 4988 sunt,

347 5021 458 5075 hoc
488 5028 593 5085 est,
628 5029 976 5073 mortuorum
1024 5017 1439 5079 excitationem,
1479 5031 1775 5078 caecorum,
1812 5032 1932 5070 mu-

349 5123 555 5176 torum,
615 5110 998 5180 leprosorum,
1056 5107 1399 5173 surdorum,
1468 5108 1928 5172 febricitantium,

349 5202 801 5276 hydropicorum,
852 5217 917 5256 ac
986 5216 1184 5255 manus
1230 5199 1483 5256 siccitate
1537 5200 1929 5265 laborantium,

346 5293 798 5366 paralyticorum,
836 5304 1002 5362 atque
1026 5308 1218 5347 eorum
1248 5291 1345 5360 qui
1379 5292 1689 5348 daemonum
1730 5292 1921 5346 intem-

351 5387 519 5455 periis
576 5387 940 5448 vexabantur,
997 5384 1369 5448 curationem,
1423 5383 1928 5439 obambulattonem

349 5480 480 5535 item
506 5480 562 5533 in
587 5479 746 5543 mari,
777 5487 834 5532 et
864 5492 1066 5547 panum
1097 5492 1162 5531 ac
1191 5478 1428 5548 piscium
1459 5476 1928 5537 benedictionem,

350 5586 655 5641 rursusque
677 5585 831 5639 aqua:
857 5568 913 5623 in
938 5568 1127 5622 vinum
1157 5568 1669 5634 commutationem,
1697 5568 1929 5622 hanuor-

424 5752 470 5785 ”
535 5750 674 5809 Luc.
707 5754 851 5821 1,27.
922 5757 968 5787 ”
1010 5755 1120 5811 lsa.
1156 5749 1345 5817 v1.10.

2026 4570 2205 4624 nuper
2231 4563 2444 4617 natum,
2487 4551 2545 4606 in
2573 4553 2735 4606 cunis
2772 4552 2954 4607 adhuc
3000 4553 3250 4624 vagiens.
3300 4556 3418 4609 Alia
3477 4572 3616 4611 con-

2025 4646 2231 4702 fectutu
2261 4646 2439 4711 senio,
2470 4655 2526 4700 et
2551 4648 2703 4715 rugis
2735 4655 3039 4700 exaratum.
3084 4647 3207 4700 Alia
3239 4663 3393 4703 coma
3438 4649 3614 4719 nigra,

2026 4740 2131 4793 alia
2155 4738 2537 4808 subargentea,
2566 4752 2661 4792 seu
2687 4736 3097 4794 candidissima.
3145 4738 3227 4793 Tu
3255 4749 3434 4793 tamen
3467 4755 3618 4795 asse-

2027 4836 2106 4890 ris
2132 4835 2188 4888 iu
2217 4832 2498 4889 comtnuni
2523 4831 2928 4887 resurrectione
2969 4833 3293 4897 excitatum,
3321 4843 3378 4888 et
3432 4841 3613 4889 muta-

2029 4938 2146 4983 tum
2188 4927 2277 4988 iri,
2301 4935 2359 4981 et
2392 4926 2500 4980 tale
2535 4924 2807 4990 futurum,
2838 4925 2999 4993 quale
3035 4925 3199 4992 primi
3254 4925 3497 4993 parentis
3542 4926 3614 4981 ab

2029 5019 2190 5074 initio
2244 5017 2351 5073 fuit
2401 5016 2711 5074 conditum.
2780 5030 2977 5085 expers
3029 5015 3250 5072 habitus
3294 5017 3513 5087 pristini
3559 5029 3616 5074 ct

2029 5121 2306 5178 notarum,
2341 5109 2544 5181 quibus
2575 5120 2736 5162 antea
2776 5106 3064 5177 praeditum
3110 5108 3232 5162 fuit.

2096 5204 2263 5261 Cano.
2301 5204 2496 5259 Mirum
2526 5202 2785 5272 quiddam
2816 5209 2873 5255 et
2903 5198 3211 5255 inauditum
3253 5203 3402 5257 audi.
3436 5203 3517 5257 Nc
3557 5209 3615 5256 tu

2039 5299 2152 5353 illic
2187 5307 2398 5352 natura:
2452 5295 2840 5365 proprietatem
2891 5300 2947 5347 et
2978 5291 3172 5347 faciem
3231 5310 3479 5363 quaeras;
3519 5295 3617 5349 sed

2037 5392 2223 5445 omnia
2255 5404 2420 5458 supra
2454 5397 2707 5440 naturam
2747 5384 2865 5438 fore
2890 5384 3054 5438 crede
3086 5392 3144 5437 et
3186 5383 3506 5454 imaginare.
3559 5383 3620 5438 In

2038 5480 2144 5534 hac
2175 5482 2324 5533 enim
2361 5477 2471 5531 vita
2506 5472 2817 5545 hujusmodi
2852 5472 3183 5529 differentiae
3231 5490 3295 5528 ac
3325 5482 3491 5537 notae,
3529 5473 3623 5530 hic

2037 5572 2268 5627 affectus
2297 5571 2405 5639 isti,
2430 5568 2838 5638 aﬂcctuumqne
2870 5567 3126 5635 miseriae,
3157 5582 3294 5638 quas
3324 5567 3380 5623 in
3420 5582 3618 5640 corpo-
