4088 6214
477 225 581 290 783

475 338 632 392 ribus
663 329 1000 394 enumeravi,
1036 333 1335 380 cernuntur
1368 342 1382 380 :
1428 323 1480 377 in
1528 322 1713 377 futuro
1739 337 1920 379 autem
1949 340 2050 378 sze-
2080 330 2126 385 Α

475 428 603 482 culo
623 426 758 480 nihil
783 425 977 476 horum
1001 426 1279 480 cernetur,
1310 416 1402 470 sed
1431 416 1574 470 sicut
1595 415 1858 470 Dominus
1875 417 2046 480 novit,

476 530 533 573 et
554 517 764 590 judicio
797 511 942 582 quod
975 511 1089 579 ipse
1115 509 1239 570 scit,
1273 507 1537 561 ineﬂabili
1573 506 1735 560 modo
1765 506 2053 575 spiritibus

478 611 632 679 signa
665 605 960 686 dabuntur,
1005 599 1207 669 quibus
1239 596 1616 666 unusquisque
1655 611 1857 666 corpus
1892 612 2050 650 suum

478 703 868 768 recognoscat:
903 689 1367 762 quemadmodum
1389 702 1660 744 ovessuos
1677 702 1847 758 agnos
1861 687 1916 742 in
1935 687 2052 741 ovi-

474 789 644 852 libus,
669 781 1167 852 vicissimque-agni
1194 790 1427 838 matrum
1446 793 1669 834 suarum
1697 777 1867 832 ubera
1893 793 2057 847 agno-

474 889 652 938 scunt.
692 879 812 933 Non
859 875 1006 932 enim
1044 889 1114 928 ex
1145 873 1326 943 signo,
1381 878 1477 926 aut
1508 886 1576 925 ex
1629 869 1815 939 aliquo
1851 868 2055 923 indicio

472 967 835 1040 aspectabili;
867 965 962 1021 sed
996 980 1062 1020 ex
1111 963 1282 1019 odore
1315 962 1551 1032 quodam
1580 975 1757 1029 eoque
1787 959 1904 1014 solo
1933 974 2056 1013 mu-

473 1071 627 1116 tuum
658 1065 1014 1128 cognoscunt,
1043 1065 1105 1110 ut
1144 1067 1486 1122 unaquaeque
1517 1049 1711 1120 procul
1767 1048 1834 1102 ad
1893 1064 2054 1103 suum

473 1158 746 1206 accurrat.
779 1149 1123 1218 Frequenter
1155 1159 1255 1215 ego
1296 1143 1446 1198 mille
1473 1157 1606 1196 oves
1630 1139 1830 1195 vidiab
1861 1139 2056 1203 herba,

472 1251 527 1296 et
562 1241 781 1311 pascuis
811 1239 866 1293 in
891 1237 1054 1292 ovilia
1092 1235 1411 1299 redeuntes,
1441 1241 1498 1287 et
1536 1240 1709 1286 matre
1742 1232 1908 1286 etiam
1940 1230 2060 1283 lon-

471 1335 591 1403 gius
619 1348 818 1402 agnum
849 1331 1183 1400 requirente,
1207 1327 1473 1382 accedere
1503 1327 1661 1387 alios,
1695 1324 1925 1378 aliarum
1954 1322 2058 1377 fte-

475 1433 582 1480 tns.
627 1425 828 1478 Verum
879 1423 970 1476 illa
1022 1421 1242 1491 penitus
1293 1419 1526 1489 negabat
1561 1417 1752 1479 ubera,
1810 1424 1866 1470 et
1903 1414 2060 1471 lactis

474 1516 896 1577 nutrimentum,
922 1528 1027 1567 nec
1069 1527 1164 1566 eos
1189 1509 1536 1573 admittebat,
1573 1515 1800 1577 propter
1827 1505 2057 1560 odorem

473 1607 764 1660 alienum:
816 1620 975 1658 suum
1035 1613 1242 1666 autem,
1274 1616 1438 1671 quem
1487 1615 1554 1653 ex
1589 1599 1760 1653 odore
1813 1597 2060 1652 interno-

1705 217 2051 276 PHILIPPI
2092 217 2357 276 SDLITA
2371 217 2482 276 Rll

3615 216 3725 278 781.

2227 327 2416 378 Λκιιιιι.
2457 323 2722 377 Dominus
2753 323 2896 376 inter
2923 338 3134 388 omnes,
3165 331 3220 377 et
3249 331 3376 378 ante
3407 339 3602 380 omnes
3638 328 3741 385 fide

2155 418 2552 488 dignissimus;
2598 416 2640 469 si
2670 415 2819 469 aliud
2860 415 3232 470 testimonium
3274 416 3613 486 suppeditat,
3663 419 3744 472 di-

2155 511 2256 562 etis
2291 508 2388 561 abs
2415 517 2464 562 te.
2504 514 2689 576 aptum
2725 514 2780 560 et
2811 504 3168 567 conveniens,
3199 505 3368 559 addas
3409 505 3561 561 licet.

2223 599 2387 654 Cano.
2413 597 2655 650 Plurima
2686 610 2818 649 vero
2851 595 3225 664 suppeditant.
3255 595 3646 651 Verumtamen
3676 613 3744 652 ex

2102 725 2117 736 ε
2159 701 2308 745 tanto
2349 705 2582 744 numero
2613 704 2722 742 non
2753 687 2858 742 nisi
2895 687 3020 750 tria,
3053 695 3294 755 quatuor
3349 697 3443 740 aut
3473 688 3744 758 quinque,

2155 797 2330 851 eaque
2369 793 2421 834 a'
2446 779 2779 850 primoribus
2823 778 3080 834 Ecclesia:
3113 779 3386 848 magistris
3423 779 3589 849 petita
3626 797 3751 850 pro-

2157 879 2352 933 feram.
2378 873 2455 928 Ne
2477 873 2636 949 longe
2669 872 2882 937 abeam,
2919 871 3345 942 Chrysostomus
3377 871 3522 926 inter
3552 873 3747 928 Patres

2158 965 2411 1025 eximius,
2445 962 2862 1033 praeclarissime
2887 962 2967 1016 sic
3004 961 3197 1016 docet:
3225 980 3242 1012 ι
3270 961 3388 1015 Non
3408 961 3588 1015 solum
3609 978 3752 1032 quos

2157 1055 2415 1110 norimus
2449 1055 2745 1110 familiares
2769 1067 3154 1124 agnoscemus,
3195 1055 3287 1107 sed
3335 1053 3505 1106 etiam
3543 1053 3751 1122 quibus

2159 1147 2593 1218 nunquam,visi
2651 1161 2861 1208 sumus,
2917 1153 3013 1198 aut
3058 1159 3198 1214 quos
3249 1153 3408 1198 antea
3463 1159 3748 1214 nunquam

2161 1241 2415 1297 novimus
2438 1240 2735 1303 Abraham,
2769 1240 2942 1302 Isaac,
2976 1237 3173 1302 Iacob,
3214 1251 3407 1290 omnes
3444 1244 3594 1291 retro
3649 1251 3750 1305 pa-

2162 1332 2434 1387 triarchas
2471 1346 2641 1399 usque
2692 1329 2762 1384 ab
2793 1329 3027 1399 origine,
3079 1327 3396 1398 prophetas,
3452 1335 3749 1398 martyres,

2167 1423 2373 1485 Patres,
2403 1421 2698 1490 apostolos,
2727 1435 2918 1475 omnes
2943 1418 3037 1487 qui
3061 1420 3127 1472 ab
3155 1418 3382 1484 Adamn,
3413 1418 3540 1474 inde
3568 1434 3752 1488 usque

2165 1531 2194 1569 a
2235 1515 2537 1586 primordio
2584 1515 2650 1570 ad
2703 1517 2864 1569 ﬁnem
2917 1512 3200 1583 propagati
3250 1519 3400 1576 sunt,
3429 1511 3634 1565 viritim
3691 1525 3755 1566 et

2165 1609 2458 1678 separatim
2489 1607 2888 1678 perfectissime
2922 1621 3243 1677 cognosces.
3274 1605 3485 1660 Similia
3511 1605 3756 1661 Basilius

476 1697 683 1762 scebat,
708 1713 819 1750 non
840 1694 1189 1750 excludebat.
1221 1693 1312 1747 Sic
1335 1692 1580 1746 omnium
1612 1703 1903 1758 corporum
1931 1695 2060 1742 tunc

2166 1701 2221 1754 in
2246 1699 2496 1755 oratione
2521 1708 2712 1754 contra
2741 1698 2940 1754 divites
2971 1711 3185 1751 avaros.
3211 1696 3495 1761 Quomodo
3523 1710 3752 1750 causam

475 1805 694 1859 quoque
733 1789 825 1842 iict
868 1787 1096 1858 agnitio,
1150 1801 1249 1855 per
1287 1783 1574 1846 indicium,
1607 1781 1754 1851 quod
1795 1778 2069 1833 divinitus

475 1881 718 1947 dabitur,
747 1895 870 1933 cum
908 1879 976 1933 ad
1006 1878 1148 1932 tuba:
1185 1876 1426 1931 caelestis
1465 1875 1709 1929 sonitum
1759 1872 2004 1928 rediviva
2031 1885 2062 1924 e

475 1971 742 2043 sepulcris
797 1971 1121 2040 prodihunt.
1181 1969 1408 2039 Signum
1470 1967 1607 2021 illud
1679 1980 1780 2036 ego
1837 1964 2061 2034 quidem

474 2067 689 2136 ignoro,
723 2063 826 2138 soli
853 2062 1140 2119 Conditori
1168 2070 1380 2116 notum.
1418 2060 1536 2114 Non
1565 2059 1713 2114 enim
1741 2057 1845 2112 sub
1869 2071 2063 2112 sensus

473 2157 622 2212 cadit
646 2171 747 2211 nec
773 2165 856 2210 est
887 2163 1239 2223 corporatum
1272 2169 1285 2204 :
1318 2151 1412 2207 sed
1458 2149 1816 2221 intelligentia
1851 2158 2060 2203 tantum

473 2248 682 2319 percipi
716 2255 915 2317 potest.

1075 2357 1297 2414 CAPUT
1327 2356 1466 2412 XIV.

479 2479 787 2533 Generatim
841 2493 1019 2531 omnes
1049 2479 1188 2530 inter
1215 2491 1270 2527 se
1299 2476 1594 2543 agnituros,
1645 2471 1807 2524 donec
1858 2470 1955 2524 alii
1995 2472 2064 2523 ad

550 2552 846 2608 dexteram,
904 2547 1000 2602 alii
1052 2546 1120 2600 ad
1178 2542 1452 2599 sinistram
1483 2542 1692 2596 Iudicis
1725 2549 2059 2609 separentur.

547 2616 682 2674 Inde
707 2620 881 2688 justas
908 2619 961 2688 in
985 2631 1192 2670 munem
1231 2615 1604 2688 wternitatem,
1635 2620 1929 2680 peccatores
1960 2627 2060 2663 au-

548 2697 651 2742 tem
680 2685 785 2742 ηόη
810 2686 1039 2757 amplius
1092 2694 1330 2738 mutuum
1365 2685 1676 2738 noscituros.

548 2799 670 2854 Non
694 2799 871 2852 solum
900 2796 1134 2866 quisque
1168 2809 1374 2864 corpus
1421 2809 1602 2857 suum,
1630 2802 1689 2845 ut
1717 2793 1880 2845 allata
1908 2790 2061 2845 simi-

475 2887 707 2944 litudine
747 2885 1168 2949 declaravimus,
1201 2885 1296 2939 sed
1334 2884 1498 2937 etiam
1530 2881 1746 2950 cognati
1801 2889 2062 2951 cognatos

475 2989 532 3038 et
563 2979 790 3044 amicos,
829 2985 884 3032 et
915 2990 1108 3031 omnes
1137 2975 1228 3029 alii
1272 2974 1417 3028 inter
1446 2987 1506 3027 se
1539 2980 1859 3042 agnoscent.
1914 2972 2059 3026 Neu.-

481 3076 689 3145 tiquam
725 3070 873 3127 enim
915 3066 1242 3138 putandum,
1279 3064 1598 3132 neutiquam
1635 3060 2062 3115 existimandum

476 3181 594 3221 non
629 3163 873 3233 singulos
902 3159 1134 3229 singulis
1160 3159 1214 3210 in
1248 3157 1338 3210 illa
1365 3153 1645 3209 communi
1696 3152 1942 3207 omnium
1976 3167 2064 3206 rc-

482 3255 829 3312 surrectione
877 3258 933 3306 et
979 3249 1189 3319 judicio
1237 3256 1401 3300 notos
1448 3245 1590 3299 fore.
1634 3244 1811 3297 Erunt
1852 3242 2066 3312 utique,

477 3347 573 3404 sed
604 3361 671 3402 eo
700 3343 865 3399 modo
886 3356 996 3412 quo
1016 3339 1156 3404 dixi,
1183 3353 1292 3392 non
1323 3352 1422 3408 per
1455 3337 1767 3406 figuramrt
1799 3332 2063 3387 indicium

475 3439 757 3511 signorum
817 3431 1208 3503 corporalium,
1264 3429 1359 3483 sed
1420 3427 1590 3498 signis
1656 3425 1988 3496 quibusdam
2035 3440 2064 3478 a

476 3534 707 3592 materia
741 3540 796 3586 et
819 3543 1052 3598 corpore
1095 3526 1379 3598 sejunctis.

549 3629 744 3683 Annua.
772 3623 840 3677 Et
872 3621 1016 3676 unde
1048 3628 1265 3674 constat
1293 3618 1474 3673 istud?
1497 3623 1629 3688 quis
1653 3618 1818 3688 hujus
1845 3626 2064 3672 sentcn-

482 3720 569 3774 tiae
595 3715 789 3772 testis?
820 3713 875 3769 Si
903 3712 1049 3768 enim
1079 3719 1245 3766 testes
1276 3711 1508 3765 idoneos
1541 3710 1782 3774 dederis,
1825 3709 2070 3769 credam,

478 3819 534 3866 et
571 3805 818 3879 probabo
854 3825 867 3860 :
913 3805 1121 3859 interea
1153 3803 1316 3858 fidem
1343 3819 1452 3858 non
1487 3802 1747 3872 adjungo.

551 3902 718 3956 Cano.
756 3899 998 3953 Primum
1035 3895 1163 3950 audi
1194 3894 1476 3949 Christum
1519 3896 1583 3948 in
1625 3893 1942 3962 Evangelio,
1975 3891 2065 3946 ubi

479 3995 546 4049 de
585 3995 689 4048 hoc
714 3993 966 4063 dogmate
1019 3989 1307 4060 perspicue
1367 3987 1634 4057 loquitur,
1695 3984 1883 4054 aitque
1930 3983 2067 4038 diri-

479 4095 590 4144 tem
624 4085 777 4140 illum
805 4081 1094 4153 agnovisse
1137 4080 1403 4134 Lazarum
1443 4079 1500 4133 in
1543 4078 1667 4132 sinu
1705 4074 1939 4130 Abrahm
1978 4090 2066 4129 re-

485 4178 865 4248 quiescentem
904 4176 970 4228 ²⁰.
1027 4173 1174 4229 Alibi
1221 4187 1411 4228 rursus
1458 4171 1526 4226 ad
1577 4169 1797 4225 Judaaos
1845 4168 2066 4238 inquit:

486 4289 505 4322 ι
544 4269 682 4326 Cum
723 4267 976 4322 videritis
1021 4265 1320 4330 Abraham,
1356 4272 1412 4318 et
1469 4263 1640 4328 lsaac,
1694 4269 1751 4316 et
1781 4260 1972 4326 Jacob,
2013 4269 2069 4313 et

2162 1790 2431 1853 dicturus,
2461 1789 2658 1859 inquit,
2686 1802 2873 1842 coram
2902 1788 3049 1858 justo
3080 1786 3271 1842 Judice
3301 1794 3354 1840 te
3390 1785 3648 1839 defendes
3677 1787 3756 1838 ab

2163 1882 2231 1938 iis
2256 1882 2347 1952 qui
2375 1882 2474 1937 abs
2498 1892 2550 1937 te
2580 1881 2822 1936 lacessiri
2853 1881 3057 1936 acriter
3088 1878 3410 1933 instabunt!
3443 1877 3578 1931 Nam
3610 1892 3754 1946 quo-

2163 1990 2379 2045 cunque
2409 1975 2600 2029 oculos
2631 1973 3010 2038 circumferas,
3043 1974 3267 2027 umbras
3296 1970 3499 2040 ubique
3522 1969 3754 2024 simula-

2165 2083 2365 2138 craque
2400 2067 2668 2121 malorum
2697 2066 2954 2136 aspicies.
2997 2065 3138 2120 llinc
3163 2064 3537 2133 orphanorum
3566 2062 3751 2132 laciy-

2164 2175 2284 2224 ωιτη,
2323 2160 2473 2214 illinc
2505 2159 2794 2214 viduarum
2845 2159 3102 2230 gemitus,
3145 2157 3369 2213 aliunde
3423 2156 3520 2210 abs
3549 2164 3600 2210 te
3642 2171 3750 2224 0p-

2165 2253 2336 2323 pressi
2363 2267 2672 2322 pauperes:
2702 2253 2846 2308 servi
2901 2267 3041 2322 quos
3091 2251 3366 2318 lacerasti,
3393 2249 3753 2304 vulneribus-

2165 2358 2273 2412 que
2324 2342 2556 2397 ail‘ccisti
2615 2359 2630 2396 :
2687 2341 2854 2396 vicini
2915 2357 3055 2411 quos
3097 2341 3164 2395 ad
3207 2342 3344 2395 iram
3394 2342 3750 2411 provocasti:

2165 2445 2361 2491 cuncta
2389 2435 2480 2490 hic
2504 2433 2768 2490 adversus
2792 2443 2845 2488 te
2878 2433 3201 2488 consistent.
3232 2433 3436 2487 Scribit
3461 2441 3517 2487 et
3540 2431 3756 2504 Grego-

2165 2528 2281 2583 rius
2309 2527 2620 2598 Theologus
2645 2527 2699 2582 in
2723 2527 2870 2581 litme
2897 2525 3157 2581 modum:
3181 2525 3337 2580 Tunc
3365 2533 3422 2580 et
3453 2525 3760 2580 Carsarion'o

2163 2619 2286 2673 luce
2336 2619 2639 2674 clarissima
2683 2617 3079 2674 circumfusum
3127 2617 3342 2682 videbo,
3377 2617 3558 2687 qualis
3614 2617 3759 2671 mihi

2164 2712 2524 2780 per-quietem
2551 2710 2870 2780 frequenter
2895 2710 3168 2782 apparuit.
3197 2709 3337 2776 Quid
3365 2726 3497 2765 vero
3531 2711 3749 2775 beatus,

2164 2810 2221 2856 et
2258 2802 2514 2872 lacrymis
2562 2801 2814 2856 addictus
2873 2803 2963 2857 ille
3016 2802 3255 2871 Ephrem
3312 2800 3526 2871 Syrus?
3569 2802 3753 2867 Tunc,

2165 2893 2367 2962 inquit,
2396 2893 2557 2947 liberi
2596 2904 2854 2962 parentes
2887 2909 3020 2948 suos
3049 2893 3408 2965 redarguent,
3439 2894 3585 2964 quod
3614 2895 3755 2949 nihil

2166 3001 2396 3056 operum
2426 2986 2798 3058 legitimorum
2833 2987 3086 3042 fecerint.
3121 2988 3191 3043 Et
3220 2989 3333 3052 alii,
3367 3005 3491 3044 cum
3516 2990 3758 3044 viderint.

2170 3085 2333 3131 notos
2362 3093 2426 3132 ac
2461 3077 2761 3134 familiares
2821 3094 2949 3133 eum
2990 3080 3208 3140 ovibus.
3262 3089 3321 3134 ut
3368 3083 3655 3150 optabant,
3685 3084 3756 3135 ad

2169 3170 2448 3224 dexteram
2476 3172 2793 3236 collocatos,
2833 3173 3286 3230 lamentahuntur
3328 3174 3401 3228 ob
3429 3175 3756 3245 disjunctio«

2169 3275 2316 3325 nem,
2346 3259 2576 3326 ﬂebunt,
2597 3261 2886 3318 dolebunt.
2914 3259 3140 3334 Magnus
3163 3263 3495 3320 Athanasius
3527 3266 3758 3320 Alexan-

2168 3349 2451 3405 drinorum
2475 3353 2786 3422 episcopus.
2816 3353 3077 3410 doctrina:
3102 3355 3416 3410 orthodoxa:
3443 3372 3755 3427 propugna-

2170 3451 2274 3502 tor,
2301 3440 2720 3496 fundamentum
2737 3450 2792 3496 et
2822 3442 2996 3509 basis,
3020 3444 3100 3500 sic
3124 3445 3200 3499 ait
3225 3464 3237 3499 :
3267 3445 3334 3500 Et
3353 3447 3457 3501 hoc
3480 3450 3749 3516 justorum

2167 3533 2460 3587 animabus
2487 3537 2769 3602 prannium
2798 3550 3121 3590 concessum
3162 3547 3268 3599 est,
3315 3547 3376 3593 ut
3405 3553 3528 3593 cum
3566 3555 3750 3593 resur-

2167 3623 2430 3686 rexerint,
2467 3637 2659 3678 omnes
2702 3635 3116 3695 recognoscant,
3161 3643 3377 3698 unaque
3415 3627 3548 3695 sint,
3588 3630 3751 3684 simul

2169 3711 2379 3775 vivant,
2425 3713 2588 3766 simul
2635 3713 2910 3780 habitent,
2963 3716 3209 3772 fruentes
3248 3719 3442 3788 gloria,
3501 3727 3558 3773 et
3619 3735 3745 3774 eum

2167 3803 2387 3858 Christo
2416 3819 2593 3859 ωγιιιιι
2650 3805 2935 3862 ducentes.
2989 3809 3312 3866 Peccatorcs
3345 3820 3527 3866 autem
3583 3812 3748 3868 etiam

2169 3895 2294 3960 hoc,
2323 3907 2519 3966 praeter
2565 3897 2670 3952 alia
2716 3899 3025 3968 privamur,
3057 3917 3167 3956 non
3210 3902 3478 3959 habentes
3512 3905 3748 3975 agnitio-

2169 4004 2322 4053 nem,
2359 3988 2498 4043 sicut
2526 4003 2628 4044 nec
2659 3989 2819 4043 aliam
2842 3990 3284 4056 delectationem,
3309 4009 3375 4047 ex
3398 4010 3508 4064 quo
3528 4012 3556 4050 a
3590 3995 3757 4066 justis

2169 4079 2405 4147 separati
2450 4077 2680 4134 fuerint.
2713 4077 2868 4133 Sicut
2923 4080 3090 4142 igitur
3140 4082 3433 4148 actiones,
3463 4096 3519 4140 et
3570 4086 3751 4138 omnia

2172 4180 2301 4224 tunc
2347 4170 2633 4226 manifesta
2677 4179 2862 4236 erunt,
2890 4173 2961 4226 ita
2995 4173 3160 4227 etiam
3195 4175 3456 4230 munibus
3504 4177 3747 4230 omnium

2168 4261 2337 4316 facies
2381 4271 2524 4315 notae
2563 4261 2803 4336 :donec,
2843 4272 2903 4317 ut
2953 4263 3090 4327 dixi,
3145 4267 3525 4336 segregatione
3588 4268 3749 4330 facta,

479 4373 671 4414 omnes
701 4358 1000 4429 prophetas
1025 4357 1080 4411 in
1113 4371 1282 4427 regno
1332 4354 1451 4418 Dei,
1495 4370 1591 4409 vos
1637 4363 1824 4408 autem
1878 4352 2068 4422 expel-
2104 4382 2144 4435 ο
2172 4354 2405 4424 quisque
2435 4355 2500 4408 ad
2528 4354 2708 4409 locum
2734 4369 2897 4425 quem
2923 4358 3154 4413 sortitus
3177 4361 3308 4423 erit,
3335 4361 3536 4415 missus
3561 4360 3746 4415 fuerit.

481 4451 610 4530 li“.
653 4469 672 4502 ι
710 4450 810 4505 Hic
848 4450 997 4504 clara
1024 4449 1252 4520 agnitio,
1286 4448 1592 4517 n0titiaque
1615 4445 1966 4516 exprimitur.
2002 4445 2069 4497 Et
2162 4448 2242 4508 Ad
2276 4449 2447 4501 Deum
2485 4448 2714 4518 quidem.
2767 4449 2924 4520 justi,
2962 4459 3019 4504 et
3062 4451 3284 4506 ordines
3330 4463 3686 4508 sanctorum:
3717 4467 3750 4508 ο

479 4543 730 4612 quamvis
759 4542 873 4596 hzee
900 4542 1003 4597 sub
1030 4541 1290 4612 parabola
1319 4538 1596 4603 dicamur.
1621 4547 1800 4592 tamen
1829 4546 1884 4591 ιιι
1918 4535 2070 4590 ιιυῙΙο
2161 4544 2380 4598 diverso
2403 4551 2721 4612 peccatores
2744 4542 2813 4596 ad
2837 4543 2956 4597 loca
2986 4543 3208 4598 horrida
3231 4546 3552 4600 catervatim
3581 4545 3750 4600 abdu-

479 4633 640 4688 modo
671 4633 884 4688 dubita.
919 4633 1202 4688 Parahohe
1233 4632 1380 4686 enim
1417 4646 1600 4684 rerum
1634 4630 1947 4684 futurarum
1972 4643 2065 4682 so-
2163 4641 2382 4696 ccnlur,
2436 4644 2952 4703 cognoscenturque
3002 4633 3072 4688 ab
3121 4635 3283 4702 aliis;
3340 4637 3443 4706 ipsi
3503 4639 3646 4691 inter
3692 4652 3750 4692 se

477 4727 590 4780 ient
620 4741 740 4781 esse
775 4727 1060 4796 imagines,
1085 4735 1141 4781 et
1185 4726 1290 4781 illae
1340 4724 1616 4794 inprimis,
1668 4738 1790 4792 qua:
1837 4723 1908 4775 ab
1955 4722 2068 4791 ipsa
2167 4726 2394 4780 minime
2429 4735 2812 4795 agnoscentes,
2865 4724 3004 4778 alios
3025 4724 3096 4779 ad
3143 4726 3404 4796 majorem
3443 4729 3748 4782 cruciatum

481 4819 740 4885 Vcritate,
764 4817 1006 4883 Christo,
1033 4818 1278 4888 inquam,
1297 4816 1486 4871 futura
1502 4815 2071 4886 prwlicenteprolata:
2166 4833 2325 4872 suum
2353 4822 2651 4886 agnoscent
2677 4813 2773 4884 (9).
2807 4814 2940 4869 Nam
2965 4816 3009 4872 si
3034 4827 3166 4872 tunc
3201 4817 3269 4871 ab
3293 4817 3416 4872 aliis
3456 4833 3562 4872 non
3587 4833 3752 4889 agno-

476 4910 649 4966 sunt‘.
2170 4918 2480 4971 scerentur,
2513 4921 2751 4976 quanam
2805 4907 3101 4975 ignominia
3140 4908 3392 4963 scelerati
3426 4908 3502 4962 illi
3543 4909 3755 4979 plecte-

553 5010 598 5038 ²⁰
657 5008 787 5064 Luc.
823 5026 934 5074 xw,
958 5008 1049 5062 εξ.
1121 5008 1162 5038 ¹¹
1190 5005 1325 5059 Luc.
1355 5020 1472 5066 xui,
1495 5003 1586 5057 28.

1753 5099 1973 5162 Jacobi
2007 5099 2283 5161 Gretsei-i
2322 5107 2509 5159 noue.

572 5205 624 5267 9)
658 5204 812 5271 Quod
846 5201 1088 5274 damnati
1124 5217 1182 5256 se
1213 5211 1546 5274 mutuoinon
1583 5210 1905 5274 agnoscant,
1943 5218 2053 5256 non
2168 5219 2217 5256 iv
2245 5242 2258 5265 ,
2304 5217 2426 5272 cap.
2489 5202 2646 5274 ult.;_
2687 5216 2812 5274 nam
2868 5215 3032 5270 quem
3081 5208 3376 5274 canina-tus
3423 5200 3647 5274 ridebit;
3696 5202 3753 5258 in

477 5271 700 5329 videtur
729 5274 864 5329 satis
887 5272 1173 5328 conforme
1199 5287 1354 5338 vero,
1381 5271 1641 5343 idemque
1659 5275 1926 5328 asseritur
1952 5273 2052 5328 lib.
2169 5271 2490 5338 infernum,
2557 5272 2766 5342 judicio
2809 5281 3061 5342 peracto,
3123 5271 3382 5336 detrudi,
3431 5282 3526 5328 aut
3572 5272 3754 5341 reipsa

1946 5384 2220 5446 Scholia.

543 5494 565 5516 ‘
588 5478 910 5546 Theodorus
933 5490 1169 5562 Studita.
1205 5490 1472 5548 Parabota
1502 5502 1576 5547 est
1601 5495 1791 5557 oratio,
1824 5509 1887 5546 ea:
1916 5507 2057 5562 ιιι-ω·
2169 5493 2267 5544 cies
2324 5491 2676 5562 respondens:
2723 5489 2980 5562 siquidem
3038 5504 3195 5562 nemo
3231 5507 3467 5560 unquam
3511 5491 3624 5560 ejus
3678 5492 3756 5548 rei

475 5562 708 5620 sentibus
749 5562 897 5617 rebus
931 5561 1140 5630 futuras
1189 5563 1456 5627 indicans,
1503 5581 1614 5628 seu,
1661 5565 1835 5632 imago
1883 5560 2059 5614 rerum
2169 5563 2359 5631 afferre
2393 5560 2705 5631 paraboiam
2733 5561 2923 5631 potuit,
2953 5576 3070 5628 qua;
3099 5560 3216 5628 ﬁeri
3243 5562 3575 5631 nequivisset.

476 5639 803 5708 tuturarum,
849 5647 941 5688 seu
969 5632 1275 5703 futurarum
1311 5649 1486 5689 rerum
1514 5634 1822 5700 similitudo,
1868 5641 1915 5685 et
1947 5647 2061 5701 spc-
