  <div class='ocr_page' id='page_1' title='image "/cluster/home/n/w/nwhite01/storage/ocr_20150623/127/hvd.32044073502411/398.png"; bbox 0 0 4102 6200; ppageno 0'>
   <div class='ocr_carea' id='block_1_1' title="bbox 357 350 468 416">
    <p class='ocr_par' dir='ltr' id='par_1_1' title="bbox 357 350 468 416">
     <span class='ocr_line' id='line_1_1' title="bbox 357 350 468 416; baseline 0 -1"><span class='ocrx_word' id='word_1_1' title='bbox 357 350 468 416; x_wconf 83' lang='grc'><strong>’185</strong></span> 
     </span>
    </p>
   </div>
   <div class='ocr_carea' id='block_1_2' title="bbox 1798 368 2158 432">
    <p class='ocr_par' dir='ltr' id='par_1_2' title="bbox 1798 368 2158 432">
     <span class='ocr_line' id='line_1_2' title="bbox 1798 368 2158 432; baseline 0.008 -4"><span class='ocrx_word' id='word_1_2' title='bbox 1798 368 2158 432; x_wconf 77' lang='lat' dir='ltr'><strong>DIOPTRA.</strong></span> 
     </span>
    </p>
   </div>
   <div class='ocr_carea' id='block_1_3' title="bbox 3506 386 3620 450">
    <p class='ocr_par' dir='ltr' id='par_1_3' title="bbox 3506 386 3620 450">
     <span class='ocr_line' id='line_1_3' title="bbox 3506 386 3620 450; baseline -0.009 0"><span class='ocrx_word' id='word_1_3' title='bbox 3506 386 3620 450; x_wconf 76' lang='lat'><strong>785</strong></span> 
     </span>
    </p>
   </div>
   <div class='ocr_carea' id='block_1_4' title="bbox 358 462 3636 562">
    <p class='ocr_par' dir='ltr' id='par_1_4' title="bbox 358 462 3636 562">
     <span class='ocr_line' id='line_1_4' title="bbox 358 462 3636 562; baseline 0.009 -41"><span class='ocrx_word' id='word_1_4' title='bbox 358 462 595 562; x_wconf 44' lang='lat' dir='ltr'><strong>rentur}</strong></span> <span class='ocrx_word' id='word_1_5' title='bbox 627 480 748 535; x_wconf 73' lang='lat' dir='ltr'><strong>quze</strong></span> <span class='ocrx_word' id='word_1_6' title='bbox 786 476 917 562; x_wconf 80' lang='lat' dir='ltr'><strong>tunc</strong></span> <span class='ocrx_word' id='word_1_7' title='bbox 963 468 1160 562; x_wconf 76' lang='lat' dir='ltr'><strong>acerba</strong></span> <span class='ocrx_word' id='word_1_8' title='bbox 1188 472 1260 562; x_wconf 83' lang='lat' dir='ltr'><strong>&#39;et</strong></span> <span class='ocrx_word' id='word_1_9' title='bbox 1302 471 1652 562; x_wconf 74' lang='lat' dir='ltr'><strong>intoleranda</strong></span> <span class='ocrx_word' id='word_1_10' title='bbox 1688 482 1795 541; x_wconf 87' lang='lat' dir='ltr'><strong>est,</strong></span> <span class='ocrx_word' id='word_1_11' title='bbox 1830 490 1955 530; x_wconf 87' lang='lat' dir='ltr'><strong>cum</strong></span> <span class='ocrx_word' id='word_1_12' title='bbox 1990 484 2026 536; x_wconf 74' lang='grc' dir='ltr'>Α</span> <span class='ocrx_word' id='word_1_13' title='bbox 2059 477 2373 534; x_wconf 88' lang='lat' dir='ltr'><strong>absolutum</strong></span> <span class='ocrx_word' id='word_1_14' title='bbox 2401 481 2612 552; x_wconf 93' lang='lat' dir='ltr'><strong>utique.</strong></span> <span class='ocrx_word' id='word_1_15' title='bbox 2648 482 2714 540; x_wconf 87' lang='lat' dir='ltr'><strong>Et</strong></span> <span class='ocrx_word' id='word_1_16' title='bbox 2730 485 2772 541; x_wconf 87' lang='lat' dir='ltr'><strong>si</strong></span> <span class='ocrx_word' id='word_1_17' title='bbox 2796 487 3062 558; x_wconf 90' lang='lat' dir='ltr'><strong>bipertito</strong></span> <span class='ocrx_word' id='word_1_18' title='bbox 3093 489 3329 555; x_wconf 81' lang='lat' dir='ltr'><strong>dividar,</strong></span> <span class='ocrx_word' id='word_1_19' title='bbox 3352 496 3636 562; x_wconf 85' lang='lat' dir='ltr'><strong>quomodo</strong></span> 
     </span>
    </p>
   </div>
   <div class='ocr_carea' id='block_1_5' title="bbox 358 554 1948 632">
    <p class='ocr_par' dir='ltr' id='par_1_5' title="bbox 358 554 1948 632">
     <span class='ocr_line' id='line_1_5' title="bbox 358 554 1948 632; baseline 0.005 -23"><span class='ocrx_word' id='word_1_20' title='bbox 358 556 485 624; x_wconf 85' lang='lat' dir='ltr'><strong>quis</strong></span> <span class='ocrx_word' id='word_1_21' title='bbox 516 554 729 610; x_wconf 91' lang='lat' dir='ltr'><strong>alienos</strong></span> <span class='ocrx_word' id='word_1_22' title='bbox 771 557 943 621; x_wconf 88' lang='lat' dir='ltr'><strong>novit,</strong></span> <span class='ocrx_word' id='word_1_23' title='bbox 977 568 1033 614; x_wconf 87' lang='lat' dir='ltr'><strong>et</strong></span> <span class='ocrx_word' id='word_1_24' title='bbox 1070 558 1139 613; x_wconf 91' lang='lat' dir='ltr'><strong>ab</strong></span> <span class='ocrx_word' id='word_1_25' title='bbox 1190 559 1259 616; x_wconf 89' lang='lat' dir='ltr'><strong>iis</strong></span> <span class='ocrx_word' id='word_1_26' title='bbox 1303 561 1571 617; x_wconf 88' lang='lat' dir='ltr'><strong>noscitur.</strong></span> <span class='ocrx_word' id='word_1_27' title='bbox 1622 561 1948 632; x_wconf 81' lang='lat' dir='ltr'><strong>Quicunque</strong></span> 
     </span>
    </p>
   </div>
   <div class='ocr_carea' id='block_1_6' title="bbox 356 644 1950 723">
    <p class='ocr_par' dir='ltr' id='par_1_6' title="bbox 356 644 1950 723">
     <span class='ocr_line' id='line_1_6' title="bbox 356 644 1950 723; baseline 0.005 -22"><span class='ocrx_word' id='word_1_28' title='bbox 356 648 506 701; x_wconf 89' lang='lat' dir='ltr'><strong>enim</strong></span> <span class='ocrx_word' id='word_1_29' title='bbox 535 644 798 699; x_wconf 73' lang='lat' dir='ltr'><strong>multatur</strong></span> <span class='ocrx_word' id='word_1_30' title='bbox 824 661 922 700; x_wconf 90' lang='lat' dir='ltr'><strong>seu</strong></span> <span class='ocrx_word' id='word_1_31' title='bbox 955 647 1269 713; x_wconf 88' lang='lat' dir='ltr'><strong>damnatur,</strong></span> <span class='ocrx_word' id='word_1_32' title='bbox 1302 668 1411 707; x_wconf 92' lang='lat' dir='ltr'><strong>non</strong></span> <span class='ocrx_word' id='word_1_33' title='bbox 1437 669 1622 710; x_wconf 90' lang='lat' dir='ltr'><strong>coram</strong></span> <span class='ocrx_word' id='word_1_34' title='bbox 1650 654 1718 709; x_wconf 90' lang='lat' dir='ltr'><strong>iis</strong></span> <span class='ocrx_word' id='word_1_35' title='bbox 1746 654 1950 723; x_wconf 79' lang='lat' dir='ltr'><strong>quibus</strong></span> 
     </span>
    </p>
   </div>
   <div class='ocr_carea' id='block_1_7' title="bbox 359 736 1948 816">
    <p class='ocr_par' dir='ltr' id='par_1_7' title="bbox 359 736 1948 816">
     <span class='ocr_line' id='line_1_7' title="bbox 359 736 1948 816; baseline 0.006 -25"><span class='ocrx_word' id='word_1_36' title='bbox 359 738 602 808; x_wconf 86' lang='lat' dir='ltr'><strong>ignotus,</strong></span> <span class='ocrx_word' id='word_1_37' title='bbox 630 736 725 793; x_wconf 90' lang='lat' dir='ltr'><strong>sed</strong></span> <span class='ocrx_word' id='word_1_38' title='bbox 754 738 959 806; x_wconf 84' lang='lat' dir='ltr'><strong>quibus</strong></span> <span class='ocrx_word' id='word_1_39' title='bbox 993 750 1159 797; x_wconf 90' lang='lat' dir='ltr'><strong>notus</strong></span> <span class='ocrx_word' id='word_1_40' title='bbox 1183 752 1268 798; x_wconf 90' lang='lat' dir='ltr'><strong>est</strong></span> <span class='ocrx_word' id='word_1_41' title='bbox 1289 744 1588 800; x_wconf 75' lang='lat' dir='ltr'><strong>erubescit.</strong></span> <span class='ocrx_word' id='word_1_42' title='bbox 1622 745 1758 801; x_wconf 90' lang='lat' dir='ltr'><strong>Nam</strong></span> <span class='ocrx_word' id='word_1_43' title='bbox 1783 759 1948 816; x_wconf 90' lang='lat' dir='ltr'><strong>quem</strong></span> 
     </span>
    </p>
   </div>
   <div class='ocr_carea' id='block_1_8' title="bbox 358 828 1945 901">
    <p class='ocr_par' dir='ltr' id='par_1_8' title="bbox 358 828 1945 901">
     <span class='ocr_line' id='line_1_8' title="bbox 358 828 1945 901; baseline 0.006 -18"><span class='ocrx_word' id='word_1_44' title='bbox 358 843 523 883; x_wconf 72' lang='lat' dir='ltr'><strong>uerno</strong></span> <span class='ocrx_word' id='word_1_45' title='bbox 550 828 726 891; x_wconf 84' lang='lat' dir='ltr'><strong>novit,</strong></span> <span class='ocrx_word' id='word_1_46' title='bbox 757 845 859 885; x_wconf 90' lang='lat' dir='ltr'><strong>cur</strong></span> <span class='ocrx_word' id='word_1_47' title='bbox 889 831 1098 901; x_wconf 87' lang='lat' dir='ltr'><strong>pudore</strong></span> <span class='ocrx_word' id='word_1_48' title='bbox 1135 833 1532 891; x_wconf 73' lang='lat' dir='ltr'><strong>suﬂundatur?</strong></span> <span class='ocrx_word' id='word_1_49' title='bbox 1555 845 1612 892; x_wconf 89' lang='lat' dir='ltr'><strong>at</strong></span> <span class='ocrx_word' id='word_1_50' title='bbox 1646 845 1809 892; x_wconf 86' lang='lat' dir='ltr'><strong>notus</strong></span> <span class='ocrx_word' id='word_1_51' title='bbox 1828 837 1945 893; x_wconf 80' lang='lat' dir='ltr'><strong>suf-</strong></span> 
     </span>
    </p>
   </div>
   <div class='ocr_carea' id='block_1_9' title="bbox 357 915 1950 996">
    <p class='ocr_par' dir='ltr' id='par_1_9' title="bbox 357 915 1950 996">
     <span class='ocr_line' id='line_1_9' title="bbox 357 915 1950 996; baseline 0.009 -28"><span class='ocrx_word' id='word_1_52' title='bbox 357 915 626 970; x_wconf 64' lang='lat' dir='ltr'><strong>fundatur</strong></span> <span class='ocrx_word' id='word_1_53' title='bbox 659 932 886 973; x_wconf 84' lang='lat' dir='ltr'><strong>necesse</strong></span> <span class='ocrx_word' id='word_1_54' title='bbox 915 928 1019 975; x_wconf 89' lang='lat' dir='ltr'><strong>est.</strong></span> <span class='ocrx_word' id='word_1_55' title='bbox 1054 920 1124 976; x_wconf 86' lang='lat' dir='ltr'><strong>Et</strong></span> <span class='ocrx_word' id='word_1_56' title='bbox 1159 922 1260 978; x_wconf 89' lang='lat' dir='ltr'><strong>hoc</strong></span> <span class='ocrx_word' id='word_1_57' title='bbox 1296 924 1517 992; x_wconf 77' lang='lat' dir='ltr'><strong>quidem</strong></span> <span class='ocrx_word' id='word_1_58' title='bbox 1551 925 1867 996; x_wconf 75' lang='lat' dir='ltr'><strong>huiusmodi</strong></span> <span class='ocrx_word' id='word_1_59' title='bbox 1892 936 1950 983; x_wconf 87' lang='lat' dir='ltr'><strong>et</strong></span> 
     </span>
    </p>
   </div>
   <div class='ocr_carea' id='block_1_10' title="bbox 359 1006 1947 1089">
    <p class='ocr_par' dir='ltr' id='par_1_10' title="bbox 359 1006 1947 1089">
     <span class='ocr_line' id='line_1_10' title="bbox 359 1006 1947 1089; baseline 0.008 -28"><span class='ocrx_word' id='word_1_60' title='bbox 359 1015 469 1070; x_wconf 89' lang='lat' dir='ltr'><strong>cst,</strong></span> <span class='ocrx_word' id='word_1_61' title='bbox 499 1016 558 1061; x_wconf 91' lang='lat' dir='ltr'><strong>et</strong></span> <span class='ocrx_word' id='word_1_62' title='bbox 585 1006 836 1063; x_wconf 87' lang='lat' dir='ltr'><strong>dicitur:</strong></span> <span class='ocrx_word' id='word_1_63' title='bbox 885 1019 1184 1073; x_wconf 84' lang='lat' dir='ltr'><strong>etomnes</strong></span> <span class='ocrx_word' id='word_1_64' title='bbox 1230 1013 1498 1085; x_wconf 76' lang='lat' dir='ltr'><strong>(exceptis</strong></span> <span class='ocrx_word' id='word_1_65' title='bbox 1541 1032 1685 1087; x_wconf 84' lang='lat' dir='ltr'><strong>quos</strong></span> <span class='ocrx_word' id='word_1_66' title='bbox 1730 1019 1947 1089; x_wconf 79' lang='lat' dir='ltr'><strong>excepi)</strong></span> 
     </span>
    </p>
   </div>
   <div class='ocr_carea' id='block_1_11' title="bbox 358 1096 1948 1181">
    <p class='ocr_par' dir='ltr' id='par_1_11' title="bbox 358 1096 1948 1181">
     <span class='ocr_line' id='line_1_11' title="bbox 358 1096 1948 1181; baseline 0.01 -30"><span class='ocrx_word' id='word_1_67' title='bbox 358 1096 603 1154; x_wconf 80' lang='lat' dir='ltr'><strong>vicissim</strong></span> <span class='ocrx_word' id='word_1_68' title='bbox 651 1109 971 1170; x_wconf 90' lang='lat' dir='ltr'><strong>agnoscent.</strong></span> <span class='ocrx_word' id='word_1_69' title='bbox 1024 1102 1105 1159; x_wconf 88' lang='lat' dir='ltr'><strong>&#39;l‘u</strong></span> <span class='ocrx_word' id='word_1_70' title='bbox 1144 1120 1278 1162; x_wconf 85' lang='lat' dir='ltr'><strong>vero</strong></span> <span class='ocrx_word' id='word_1_71' title='bbox 1323 1100 1457 1177; x_wconf 87' lang='lat' dir='ltr'><strong>quid</strong></span> <span class='ocrx_word' id='word_1_72' title='bbox 1490 1108 1559 1164; x_wconf 92' lang='lat' dir='ltr'><strong>de</strong></span> <span class='ocrx_word' id='word_1_73' title='bbox 1599 1108 1720 1166; x_wconf 89' lang='lat' dir='ltr'><strong>istis</strong></span> <span class='ocrx_word' id='word_1_74' title='bbox 1748 1111 1948 1181; x_wconf 89' lang='lat' dir='ltr'><strong>proba-</strong></span> 
     </span>
    </p>
   </div>
   <div class='ocr_carea' id='block_1_12' title="bbox 361 1188 1945 1258">
    <p class='ocr_par' dir='ltr' id='par_1_12' title="bbox 361 1188 1945 1258">
     <span class='ocr_line' id='line_1_12' title="bbox 361 1188 1945 1258; baseline 0.008 -15"><span class='ocrx_word' id='word_1_75' title='bbox 361 1188 608 1244; x_wconf 86' lang='lat' dir='ltr'><strong>tionibus</strong></span> <span class='ocrx_word' id='word_1_76' title='bbox 655 1191 874 1246; x_wconf 87' lang='lat' dir='ltr'><strong>sentis?</strong></span> <span class='ocrx_word' id='word_1_77' title='bbox 912 1190 1125 1258; x_wconf 82' lang='lat' dir='ltr'><strong>Credis,</strong></span> <span class='ocrx_word' id='word_1_78' title='bbox 1186 1211 1258 1251; x_wconf 87' lang='lat' dir='ltr'><strong>an</strong></span> <span class='ocrx_word' id='word_1_79' title='bbox 1290 1212 1402 1253; x_wconf 86' lang='lat' dir='ltr'><strong>non</strong></span> <span class='ocrx_word' id='word_1_80' title='bbox 1444 1198 1670 1255; x_wconf 83' lang='lat' dir='ltr'><strong>credis?</strong></span> <span class='ocrx_word' id='word_1_81' title='bbox 1704 1209 1763 1256; x_wconf 92' lang='lat' dir='ltr'><strong>ut</strong></span> <span class='ocrx_word' id='word_1_82' title='bbox 1811 1202 1945 1256; x_wconf 88' lang='lat' dir='ltr'><strong>mihi</strong></span> 
     </span>
    </p>
   </div>
   <div class='ocr_carea' id='block_1_13' title="bbox 360 1280 602 1338">
    <p class='ocr_par' dir='ltr' id='par_1_13' title="bbox 360 1280 602 1338">
     <span class='ocr_line' id='line_1_13' title="bbox 360 1280 602 1338; baseline 0.008 -4"><span class='ocrx_word' id='word_1_83' title='bbox 360 1280 602 1338; x_wconf 76' lang='lat' dir='ltr'><strong>videtur.</strong></span> 
     </span>
    </p>
   </div>
   <div class='ocr_carea' id='block_1_14' title="bbox 965 1423 1341 1482">
    <p class='ocr_par' dir='ltr' id='par_1_14' title="bbox 965 1423 1341 1482">
     <span class='ocr_line' id='line_1_14' title="bbox 965 1423 1341 1482; baseline 0.008 -3"><span class='ocrx_word' id='word_1_84' title='bbox 965 1423 1192 1482; x_wconf 80' lang='lat' dir='ltr'><strong>CAPUT</strong></span> <span class='ocrx_word' id='word_1_85' title='bbox 1228 1426 1341 1482; x_wconf 81' lang='lat' dir='ltr'><strong>XV.</strong></span> 
     </span>
    </p>
   </div>
   <div class='ocr_carea' id='block_1_15' title="bbox 360 1530 1945 1603">
    <p class='ocr_par' dir='ltr' id='par_1_15' title="bbox 360 1530 1945 1603">
     <span class='ocr_line' id='line_1_15' title="bbox 360 1530 1945 1603; baseline 0.008 -18"><span class='ocrx_word' id='word_1_86' title='bbox 360 1530 554 1603; x_wconf 70' lang='lat' dir='ltr'><strong>Magno</strong></span> <span class='ocrx_word' id='word_1_87' title='bbox 597 1545 648 1589; x_wconf 89' lang='lat' dir='ltr'><strong>et</strong></span> <span class='ocrx_word' id='word_1_88' title='bbox 711 1538 991 1592; x_wconf 81' lang='lat' dir='ltr'><strong>novissimo</strong></span> <span class='ocrx_word' id='word_1_89' title='bbox 1031 1539 1114 1592; x_wconf 86' lang='lat' dir='ltr'><strong>die</strong></span> <span class='ocrx_word' id='word_1_90' title='bbox 1154 1542 1454 1596; x_wconf 75' lang='lat' dir='ltr'><strong>universam</strong></span> <span class='ocrx_word' id='word_1_91' title='bbox 1501 1553 1806 1597; x_wconf 80' lang='lat' dir='ltr'><strong>creaturam</strong></span> <span class='ocrx_word' id='word_1_92' title='bbox 1875 1545 1945 1598; x_wconf 87' lang='lat' dir='ltr'><strong>ad</strong></span> 
     </span>
    </p>
   </div>
   <div class='ocr_carea' id='block_1_16' title="bbox 429 1605 1945 1682">
    <p class='ocr_par' dir='ltr' id='par_1_16' title="bbox 429 1605 1945 1682">
     <span class='ocr_line' id='line_1_16' title="bbox 429 1605 1945 1682; baseline 0.007 -27"><span class='ocrx_word' id='word_1_93' title='bbox 429 1607 649 1682; x_wconf 76' lang='lat' dir='ltr'><strong>speciem</strong></span> <span class='ocrx_word' id='word_1_94' title='bbox 680 1605 1081 1677; x_wconf 80' lang='lat' dir='ltr'><strong>elegantiorem,</strong></span> <span class='ocrx_word' id='word_1_95' title='bbox 1104 1617 1152 1662; x_wconf 91' lang='lat' dir='ltr'><strong>et</strong></span> <span class='ocrx_word' id='word_1_96' title='bbox 1175 1612 1643 1682; x_wconf 76' lang='lat' dir='ltr'><strong>incorruptionem,</strong></span> <span class='ocrx_word' id='word_1_97' title='bbox 1672 1613 1945 1667; x_wconf 75' lang='lat' dir='ltr'><strong>similiter-</strong></span> 
     </span>
    </p>
   </div>
   <div class='ocr_carea' id='block_1_17' title="bbox 437 1677 1944 1746">
    <p class='ocr_par' dir='ltr' id='par_1_17' title="bbox 437 1677 1944 1746">
     <span class='ocr_line' id='line_1_17' title="bbox 437 1677 1944 1746; baseline 0.005 -19"><span class='ocrx_word' id='word_1_98' title='bbox 437 1691 537 1744; x_wconf 79' lang='lat' dir='ltr'><strong>que</strong></span> <span class='ocrx_word' id='word_1_99' title='bbox 560 1677 809 1746; x_wconf 13' lang='lat' dir='ltr'><strong>humana,</strong></span> <span class='ocrx_word' id='word_1_100' title='bbox 837 1694 1060 1746; x_wconf 82' lang='lat' dir='ltr'><strong>corpora</strong></span> <span class='ocrx_word' id='word_1_101' title='bbox 1092 1689 1142 1733; x_wconf 87' lang='lat' dir='ltr'><strong>et</strong></span> <span class='ocrx_word' id='word_1_102' title='bbox 1173 1677 1466 1736; x_wconf 48' lang='lat' dir='ltr'><strong>animas&#39;in</strong></span> <span class='ocrx_word' id='word_1_103' title='bbox 1514 1683 1700 1737; x_wconf 79' lang='lat' dir='ltr'><strong>melius</strong></span> <span class='ocrx_word' id='word_1_104' title='bbox 1747 1685 1944 1737; x_wconf 80' lang='lat' dir='ltr'><strong>immu-</strong></span> 
     </span>
    </p>
   </div>
   <div class='ocr_carea' id='block_1_18' title="bbox 428 1745 1944 1819">
    <p class='ocr_par' dir='ltr' id='par_1_18' title="bbox 428 1745 1944 1819">
     <span class='ocr_line' id='line_1_18' title="bbox 428 1745 1944 1819; baseline 0.006 -21"><span class='ocrx_word' id='word_1_105' title='bbox 428 1754 597 1819; x_wconf 79' lang='lat' dir='ltr'><strong>tatum</strong></span> <span class='ocrx_word' id='word_1_106' title='bbox 616 1749 684 1801; x_wconf 88' lang='lat' dir='ltr'><strong>iri</strong></span> <span class='ocrx_word' id='word_1_107' title='bbox 708 1745 858 1819; x_wconf 71' lang='lat' dir='ltr'><strong>(l0):</strong></span> <span class='ocrx_word' id='word_1_108' title='bbox 882 1745 1128 1803; x_wconf 84' lang='lat' dir='ltr'><strong>etearum</strong></span> <span class='ocrx_word' id='word_1_109' title='bbox 1155 1759 1331 1819; x_wconf 77' lang='lat' dir='ltr'><strong>partes</strong></span> <span class='ocrx_word' id='word_1_110' title='bbox 1349 1753 1482 1807; x_wconf 81' lang='lat' dir='ltr'><strong>duas</strong></span> <span class='ocrx_word' id='word_1_111' title='bbox 1500 1755 1576 1818; x_wconf 82' lang='lat' dir='ltr'><strong>(in</strong></span> <span class='ocrx_word' id='word_1_112' title='bbox 1597 1754 1783 1819; x_wconf 74' lang='lat' dir='ltr'><strong>quibus</strong></span> <span class='ocrx_word' id='word_1_113' title='bbox 1802 1752 1944 1807; x_wconf 75' lang='lat' dir='ltr'><strong>scili-</strong></span> 
     </span>
    </p>
   </div>
   <div class='ocr_carea' id='block_1_19' title="bbox 425 1818 2017 1890">
    <p class='ocr_par' dir='ltr' id='par_1_19' title="bbox 425 1818 2017 1890">
     <span class='ocr_line' id='line_1_19' title="bbox 425 1818 2017 1890; baseline 0.004 -23"><span class='ocrx_word' id='word_1_114' title='bbox 425 1823 504 1890; x_wconf 78' lang='lat' dir='ltr'><strong>cet</strong></span> <span class='ocrx_word' id='word_1_115' title='bbox 536 1818 667 1890; x_wconf 81' lang='lat' dir='ltr'><strong>inest</strong></span> <span class='ocrx_word' id='word_1_116' title='bbox 692 1818 964 1890; x_wconf 75' lang='lat' dir='ltr'><strong>irascendi</strong></span> <span class='ocrx_word' id='word_1_117' title='bbox 1012 1829 1060 1871; x_wconf 87' lang='lat' dir='ltr'><strong>et</strong></span> <span class='ocrx_word' id='word_1_118' title='bbox 1102 1818 1496 1890; x_wconf 80' lang='lat' dir='ltr'><strong>concupiscendi</strong></span> <span class='ocrx_word' id='word_1_119' title='bbox 1527 1818 1624 1890; x_wconf 71' lang='lat' dir='ltr'><strong>vis)</strong></span> <span class='ocrx_word' id='word_1_120' title='bbox 1658 1823 1939 1883; x_wconf 79' lang='lat' dir='ltr'><strong>desituros,</strong></span> <span class='ocrx_word' id='word_1_121' title='bbox 1973 1819 2017 1874; x_wconf 83' lang='grc' dir='ltr'><strong>Β</strong></span> 
     </span>
    </p>
   </div>
   <div class='ocr_carea' id='block_1_20' title="bbox 426 1885 1693 1961">
    <p class='ocr_par' dir='ltr' id='par_1_20' title="bbox 426 1885 1693 1961">
     <span class='ocr_line' id='line_1_20' title="bbox 426 1885 1693 1961; baseline 0.008 -24"><span class='ocrx_word' id='word_1_122' title='bbox 426 1885 489 1937; x_wconf 79' lang='grc' dir='ltr'><strong>τὸ</strong></span> <span class='ocrx_word' id='word_1_123' title='bbox 511 1889 631 1939; x_wconf 71' lang='grc' dir='ltr'><strong>κατ’</strong></span> <span class='ocrx_word' id='word_1_124' title='bbox 655 1886 840 1940; x_wconf 75' lang='grc' dir='ltr'><strong>εἰκόνα</strong></span> <span class='ocrx_word' id='word_1_125' title='bbox 859 1903 982 1941; x_wconf 81' lang='lat' dir='ltr'><strong>cum</strong></span> <span class='ocrx_word' id='word_1_126' title='bbox 1018 1885 1301 1960; x_wconf 72' lang='lat' dir='ltr'><strong>archetypo</strong></span> <span class='ocrx_word' id='word_1_127' title='bbox 1326 1885 1693 1961; x_wconf 77' lang='lat' dir='ltr'><strong>comparatur.</strong></span> 
     </span>
    </p>
   </div>
   <div class='ocr_carea' id='block_1_21' title="bbox 428 2019 1942 2096">
    <p class='ocr_par' dir='ltr' id='par_1_21' title="bbox 428 2019 1942 2096">
     <span class='ocr_line' id='line_1_21' title="bbox 428 2019 1942 2096; baseline 0.005 -21"><span class='ocrx_word' id='word_1_128' title='bbox 428 2019 975 2091; x_wconf 73' lang='lat' dir='ltr'><strong>Amu.Neutiquam</strong></span> <span class='ocrx_word' id='word_1_129' title='bbox 1000 2021 1092 2077; x_wconf 84' lang='lat' dir='ltr'><strong>his</strong></span> <span class='ocrx_word' id='word_1_130' title='bbox 1136 2021 1301 2078; x_wconf 81' lang='lat' dir='ltr'><strong>ﬁdem</strong></span> <span class='ocrx_word' id='word_1_131' title='bbox 1345 2023 1598 2096; x_wconf 83' lang='lat' dir='ltr'><strong>denego;</strong></span> <span class='ocrx_word' id='word_1_132' title='bbox 1642 2026 1738 2096; x_wconf 89' lang='lat' dir='ltr'><strong>qui</strong></span> <span class='ocrx_word' id='word_1_133' title='bbox 1793 2027 1942 2083; x_wconf 89' lang='lat' dir='ltr'><strong>enim</strong></span> 
     </span>
    </p>
   </div>
   <div class='ocr_carea' id='block_1_22' title="bbox 352 2113 1944 2182">
    <p class='ocr_par' dir='ltr' id='par_1_22' title="bbox 352 2113 1944 2182">
     <span class='ocr_line' id='line_1_22' title="bbox 352 2113 1944 2182; baseline 0.004 -14"><span class='ocrx_word' id='word_1_134' title='bbox 352 2113 582 2182; x_wconf 83' lang='lat' dir='ltr'><strong>possim,</strong></span> <span class='ocrx_word' id='word_1_135' title='bbox 620 2126 747 2167; x_wconf 89' lang='lat' dir='ltr'><strong>eum</strong></span> <span class='ocrx_word' id='word_1_136' title='bbox 776 2123 840 2168; x_wconf 83' lang='lat' dir='ltr'><strong>tu</strong></span> <span class='ocrx_word' id='word_1_137' title='bbox 881 2114 987 2168; x_wconf 90' lang='lat' dir='ltr'><strong>ista</strong></span> <span class='ocrx_word' id='word_1_138' title='bbox 1034 2121 1145 2168; x_wconf 90' lang='lat' dir='ltr'><strong>tam</strong></span> <span class='ocrx_word' id='word_1_139' title='bbox 1193 2128 1318 2170; x_wconf 85' lang='lat' dir='ltr'><strong>vere</strong></span> <span class='ocrx_word' id='word_1_140' title='bbox 1347 2131 1414 2172; x_wconf 90' lang='lat' dir='ltr'><strong>ac</strong></span> <span class='ocrx_word' id='word_1_141' title='bbox 1444 2118 1642 2173; x_wconf 87' lang='lat' dir='ltr'><strong>merito</strong></span> <span class='ocrx_word' id='word_1_142' title='bbox 1664 2118 1944 2175; x_wconf 90' lang='lat' dir='ltr'><strong>disserue-</strong></span> 
     </span>
    </p>
   </div>
   <div class='ocr_carea' id='block_1_23' title="bbox 354 2204 1942 2280">
    <p class='ocr_par' dir='ltr' id='par_1_23' title="bbox 354 2204 1942 2280">
     <span class='ocr_line' id='line_1_23' title="bbox 354 2204 1942 2280; baseline 0.004 -21"><span class='ocrx_word' id='word_1_143' title='bbox 354 2205 440 2261; x_wconf 85' lang='lat' dir='ltr'><strong>ris</strong></span> <span class='ocrx_word' id='word_1_144' title='bbox 480 2212 537 2261; x_wconf 89' lang='lat' dir='ltr'><strong>et</strong></span> <span class='ocrx_word' id='word_1_145' title='bbox 570 2204 868 2260; x_wconf 79' lang='lat' dir='ltr'><strong>docueris?</strong></span> <span class='ocrx_word' id='word_1_146' title='bbox 906 2206 1092 2276; x_wconf 83' lang='lat' dir='ltr'><strong>potius</strong></span> <span class='ocrx_word' id='word_1_147' title='bbox 1120 2206 1222 2261; x_wconf 84' lang='lat' dir='ltr'><strong>tibi</strong></span> <span class='ocrx_word' id='word_1_148' title='bbox 1269 2206 1338 2262; x_wconf 90' lang='lat' dir='ltr'><strong>de</strong></span> <span class='ocrx_word' id='word_1_149' title='bbox 1381 2209 1663 2277; x_wconf 90' lang='lat' dir='ltr'><strong>persoluto</strong></span> <span class='ocrx_word' id='word_1_150' title='bbox 1712 2210 1942 2280; x_wconf 67' lang='lat' dir='ltr'><strong>qua-aito</strong></span> 
     </span>
    </p>
   </div>
   <div class='ocr_carea' id='block_1_24' title="bbox 355 2293 1942 2365">
    <p class='ocr_par' dir='ltr' id='par_1_24' title="bbox 355 2293 1942 2365">
     <span class='ocr_line' id='line_1_24' title="bbox 355 2293 1942 2365; baseline 0.006 -17"><span class='ocrx_word' id='word_1_151' title='bbox 355 2307 484 2349; x_wconf 84' lang='lat' dir='ltr'><strong>meo</strong></span> <span class='ocrx_word' id='word_1_152' title='bbox 497 2294 696 2364; x_wconf 85' lang='lat' dir='ltr'><strong>gratias</strong></span> <span class='ocrx_word' id='word_1_153' title='bbox 709 2293 908 2360; x_wconf 89' lang='lat' dir='ltr'><strong>habeo,</strong></span> <span class='ocrx_word' id='word_1_154' title='bbox 923 2295 1145 2365; x_wconf 83' lang='lat' dir='ltr'><strong>quando</strong></span> <span class='ocrx_word' id='word_1_155' title='bbox 1159 2310 1228 2351; x_wconf 90' lang='lat' dir='ltr'><strong>ex</strong></span> <span class='ocrx_word' id='word_1_156' title='bbox 1242 2294 1445 2353; x_wconf 87' lang='lat' dir='ltr'><strong>Christi</strong></span> <span class='ocrx_word' id='word_1_157' title='bbox 1463 2313 1560 2353; x_wconf 83' lang='lat' dir='ltr'><strong>ore</strong></span> <span class='ocrx_word' id='word_1_158' title='bbox 1575 2299 1763 2359; x_wconf 89' lang='lat' dir='ltr'><strong>didici.</strong></span> <span class='ocrx_word' id='word_1_159' title='bbox 1779 2317 1942 2358; x_wconf 87' lang='lat' dir='ltr'><strong>omne</strong></span> 
     </span>
    </p>
   </div>
   <div class='ocr_carea' id='block_1_25' title="bbox 354 2385 1942 2453">
    <p class='ocr_par' dir='ltr' id='par_1_25' title="bbox 354 2385 1942 2453">
     <span class='ocr_line' id='line_1_25' title="bbox 354 2385 1942 2453; baseline 0.004 -14"><span class='ocrx_word' id='word_1_160' title='bbox 354 2385 586 2440; x_wconf 78' lang='lat' dir='ltr'><strong>verbum</strong></span> <span class='ocrx_word' id='word_1_161' title='bbox 620 2385 738 2441; x_wconf 78' lang='lat' dir='ltr'><strong>ﬁeri</strong></span> <span class='ocrx_word' id='word_1_162' title='bbox 764 2385 1052 2453; x_wconf 84' lang='lat' dir='ltr'><strong>credibile,</strong></span> <span class='ocrx_word' id='word_1_163' title='bbox 1082 2387 1129 2443; x_wconf 90' lang='lat' dir='ltr'><strong>si</strong></span> <span class='ocrx_word' id='word_1_164' title='bbox 1158 2403 1191 2443; x_wconf 90' lang='lat' dir='ltr'><strong>a</strong></span> <span class='ocrx_word' id='word_1_165' title='bbox 1209 2387 1429 2444; x_wconf 91' lang='lat' dir='ltr'><strong>duobus</strong></span> <span class='ocrx_word' id='word_1_166' title='bbox 1456 2399 1552 2445; x_wconf 91' lang='lat' dir='ltr'><strong>aut</strong></span> <span class='ocrx_word' id='word_1_167' title='bbox 1582 2391 1760 2447; x_wconf 90' lang='lat' dir='ltr'><strong>tribus</strong></span> <span class='ocrx_word' id='word_1_168' title='bbox 1784 2392 1942 2448; x_wconf 87' lang='lat' dir='ltr'><strong>testi-</strong></span> 
     </span>
    </p>
   </div>
   <div class='ocr_carea' id='block_1_26' title="bbox 354 2477 1940 2554">
    <p class='ocr_par' dir='ltr' id='par_1_26' title="bbox 354 2477 1940 2554">
     <span class='ocr_line' id='line_1_26' title="bbox 354 2477 1940 2554; baseline 0.004 -21"><span class='ocrx_word' id='word_1_169' title='bbox 354 2477 461 2533; x_wconf 79' lang='lat' dir='ltr'><strong>bus</strong></span> <span class='ocrx_word' id='word_1_170' title='bbox 488 2477 655 2533; x_wconf 82' lang='lat' dir='ltr'><strong>fuerit</strong></span> <span class='ocrx_word' id='word_1_171' title='bbox 675 2478 1077 2534; x_wconf 81' lang='lat' dir='ltr'><strong>conﬁrmatum.</strong></span> <span class='ocrx_word' id='word_1_172' title='bbox 1108 2479 1313 2535; x_wconf 77' lang='lat' dir='ltr'><strong>Verum</strong></span> <span class='ocrx_word' id='word_1_173' title='bbox 1341 2490 1513 2536; x_wconf 87' lang='lat' dir='ltr'><strong>restat</strong></span> <span class='ocrx_word' id='word_1_174' title='bbox 1539 2482 1766 2554; x_wconf 86' lang='lat' dir='ltr'><strong>insuper</strong></span> <span class='ocrx_word' id='word_1_175' title='bbox 1791 2484 1940 2539; x_wconf 77' lang='lat' dir='ltr'><strong>aliud</strong></span> 
     </span>
    </p>
   </div>
   <div class='ocr_carea' id='block_1_27' title="bbox 354 2570 1939 2643">
    <p class='ocr_par' dir='ltr' id='par_1_27' title="bbox 354 2570 1939 2643">
     <span class='ocr_line' id='line_1_27' title="bbox 354 2570 1939 2643; baseline 0.003 -16"><span class='ocrx_word' id='word_1_176' title='bbox 354 2572 597 2642; x_wconf 80' lang='grc' dir='ltr'><strong>ζήτημα,</strong></span> <span class='ocrx_word' id='word_1_177' title='bbox 636 2571 795 2642; x_wconf 79' lang='lat' dir='ltr'><strong>cujus</strong></span> <span class='ocrx_word' id='word_1_178' title='bbox 828 2570 1205 2642; x_wconf 74' lang='lat' dir='ltr'><strong>cognitionem</strong></span> <span class='ocrx_word' id='word_1_179' title='bbox 1254 2573 1631 2643; x_wconf 83' lang='lat' dir='ltr'><strong>maximopere</strong></span> <span class='ocrx_word' id='word_1_180' title='bbox 1659 2575 1939 2631; x_wconf 90' lang='lat' dir='ltr'><strong>desidero.</strong></span> 
     </span>
    </p>
   </div>
   <div class='ocr_carea' id='block_1_28' title="bbox 353 2663 1936 2737">
    <p class='ocr_par' dir='ltr' id='par_1_28' title="bbox 353 2663 1936 2737">
     <span class='ocr_line' id='line_1_28' title="bbox 353 2663 1936 2737; baseline 0.004 -19"><span class='ocrx_word' id='word_1_181' title='bbox 353 2663 620 2720; x_wconf 75' lang='lat' dir='ltr'><strong>Existimo</strong></span> <span class='ocrx_word' id='word_1_182' title='bbox 646 2664 795 2720; x_wconf 88' lang='lat' dir='ltr'><strong>enim</strong></span> <span class='ocrx_word' id='word_1_183' title='bbox 818 2664 986 2735; x_wconf 84' lang='lat' dir='ltr'><strong>(sicut</strong></span> <span class='ocrx_word' id='word_1_184' title='bbox 1010 2674 1128 2722; x_wconf 87' lang='lat' dir='ltr'><strong>tute</strong></span> <span class='ocrx_word' id='word_1_185' title='bbox 1157 2681 1325 2735; x_wconf 90' lang='lat' dir='ltr'><strong>supra</strong></span> <span class='ocrx_word' id='word_1_186' title='bbox 1343 2665 1604 2737; x_wconf 86' lang='lat' dir='ltr'><strong>docuisti)</strong></span> <span class='ocrx_word' id='word_1_187' title='bbox 1631 2678 1688 2723; x_wconf 91' lang='lat' dir='ltr'><strong>et</strong></span> <span class='ocrx_word' id='word_1_188' title='bbox 1714 2669 1936 2736; x_wconf 63' lang='lat' dir='ltr'><strong>celum,</strong></span> 
     </span>
    </p>
   </div>
   <div class='ocr_carea' id='block_1_29' title="bbox 352 2756 1940 2828">
    <p class='ocr_par' dir='ltr' id='par_1_29' title="bbox 352 2756 1940 2828">
     <span class='ocr_line' id='line_1_29' title="bbox 352 2756 1940 2828; baseline 0.005 -20"><span class='ocrx_word' id='word_1_189' title='bbox 352 2766 409 2811; x_wconf 73' lang='lat' dir='ltr'><strong>ot</strong></span> <span class='ocrx_word' id='word_1_190' title='bbox 435 2766 659 2821; x_wconf 83' lang='lat' dir='ltr'><strong>terram,</strong></span> <span class='ocrx_word' id='word_1_191' title='bbox 679 2768 736 2814; x_wconf 91' lang='lat' dir='ltr'><strong>et</strong></span> <span class='ocrx_word' id='word_1_192' title='bbox 759 2772 979 2813; x_wconf 88' lang='lat' dir='ltr'><strong>omnem</strong></span> <span class='ocrx_word' id='word_1_193' title='bbox 1000 2756 1238 2828; x_wconf 87' lang='lat' dir='ltr'><strong>denique</strong></span> <span class='ocrx_word' id='word_1_194' title='bbox 1258 2770 1564 2814; x_wconf 82' lang='lat' dir='ltr'><strong>creaturam</strong></span> <span class='ocrx_word' id='word_1_195' title='bbox 1599 2760 1653 2814; x_wconf 86' lang='lat' dir='ltr'><strong>in</strong></span> <span class='ocrx_word' id='word_1_196' title='bbox 1683 2776 1940 2816; x_wconf 86' lang='lat' dir='ltr'><strong>consum-</strong></span> 
     </span>
    </p>
   </div>
   <div class='ocr_carea' id='block_1_30' title="bbox 349 2849 1931 2910">
    <p class='ocr_par' dir='ltr' id='par_1_30' title="bbox 349 2849 1931 2910">
     <span class='ocr_line' id='line_1_30' title="bbox 349 2849 1931 2910; baseline 0.004 -6"><span class='ocrx_word' id='word_1_197' title='bbox 349 2849 595 2906; x_wconf 76' lang='lat' dir='ltr'><strong>matione</strong></span> <span class='ocrx_word' id='word_1_198' title='bbox 625 2850 811 2906; x_wconf 61' lang='lat' dir='ltr'><strong>seculi</strong></span> <span class='ocrx_word' id='word_1_199' title='bbox 854 2850 922 2904; x_wconf 90' lang='lat' dir='ltr'><strong>ad</strong></span> <span class='ocrx_word' id='word_1_200' title='bbox 971 2859 1221 2905; x_wconf 89' lang='lat' dir='ltr'><strong>naturam</strong></span> <span class='ocrx_word' id='word_1_201' title='bbox 1251 2852 1703 2908; x_wconf 84' lang='lat' dir='ltr'><strong>excellentiorem</strong></span> <span class='ocrx_word' id='word_1_202' title='bbox 1771 2855 1931 2910; x_wconf 88' lang='lat' dir='ltr'><strong>reda-</strong></span> 
     </span>
    </p>
   </div>
   <div class='ocr_carea' id='block_1_31' title="bbox 348 2939 1929 3010">
    <p class='ocr_par' dir='ltr' id='par_1_31' title="bbox 348 2939 1929 3010">
     <span class='ocr_line' id='line_1_31' title="bbox 348 2939 1929 3010; baseline 0.003 -15"><span class='ocrx_word' id='word_1_203' title='bbox 348 2948 504 2995; x_wconf 79' lang='lat' dir='ltr'><strong>ctum</strong></span> <span class='ocrx_word' id='word_1_204' title='bbox 533 2939 599 2994; x_wconf 92' lang='lat' dir='ltr'><strong>iri</strong></span> <span class='ocrx_word' id='word_1_205' title='bbox 624 2958 638 2994; x_wconf 90' lang='lat'><strong>:</strong></span> <span class='ocrx_word' id='word_1_206' title='bbox 659 2942 804 2997; x_wconf 86' lang='lat' dir='ltr'><strong>sicut</strong></span> <span class='ocrx_word' id='word_1_207' title='bbox 834 2951 890 2998; x_wconf 89' lang='lat' dir='ltr'><strong>et</strong></span> <span class='ocrx_word' id='word_1_208' title='bbox 914 2956 1146 3010; x_wconf 89' lang='lat' dir='ltr'><strong>corpora</strong></span> <span class='ocrx_word' id='word_1_209' title='bbox 1171 2940 1453 2998; x_wconf 66' lang='lat' dir='ltr'><strong>hominum</strong></span> <span class='ocrx_word' id='word_1_210' title='bbox 1486 2941 1542 2998; x_wconf 85' lang='lat' dir='ltr'><strong>in</strong></span> <span class='ocrx_word' id='word_1_211' title='bbox 1568 2945 1733 2999; x_wconf 88' lang='lat' dir='ltr'><strong>vitam</strong></span> <span class='ocrx_word' id='word_1_212' title='bbox 1756 2961 1929 3002; x_wconf 82' lang='lat' dir='ltr'><strong>rever-</strong></span> 
     </span>
    </p>
   </div>
   <div class='ocr_carea' id='block_1_32' title="bbox 352 3031 1932 3105">
    <p class='ocr_par' dir='ltr' id='par_1_32' title="bbox 352 3031 1932 3105">
     <span class='ocr_line' id='line_1_32' title="bbox 352 3031 1932 3105; baseline 0.005 -20"><span class='ocrx_word' id='word_1_213' title='bbox 352 3044 574 3094; x_wconf 80' lang='lat' dir='ltr'><strong>sornm,</strong></span> <span class='ocrx_word' id='word_1_214' title='bbox 606 3031 968 3088; x_wconf 87' lang='lat' dir='ltr'><strong>mutationem</strong></span> <span class='ocrx_word' id='word_1_215' title='bbox 997 3041 1209 3087; x_wconf 67' lang='lat' dir='ltr'><strong>natura:</strong></span> <span class='ocrx_word' id='word_1_216' title='bbox 1240 3033 1294 3087; x_wconf 89' lang='lat' dir='ltr'><strong>in</strong></span> <span class='ocrx_word' id='word_1_217' title='bbox 1313 3034 1510 3089; x_wconf 83' lang='lat' dir='ltr'><strong>melius</strong></span> <span class='ocrx_word' id='word_1_218' title='bbox 1539 3035 1932 3105; x_wconf 83' lang='lat' dir='ltr'><strong>adipiscentur.</strong></span> 
     </span>
    </p>
   </div>
   <div class='ocr_carea' id='block_1_33' title="bbox 350 3118 2004 3209">
    <p class='ocr_par' dir='ltr' id='par_1_33' title="bbox 350 3118 2004 3209">
     <span class='ocr_line' id='line_1_33' title="bbox 350 3118 2004 3209; baseline 0.004 -34"><span class='ocrx_word' id='word_1_219' title='bbox 350 3118 460 3175; x_wconf 76' lang='lat' dir='ltr'><strong>Sed</strong></span> <span class='ocrx_word' id='word_1_220' title='bbox 490 3118 546 3174; x_wconf 88' lang='lat' dir='ltr'><strong>in</strong></span> <span class='ocrx_word' id='word_1_221' title='bbox 584 3135 692 3185; x_wconf 89' lang='lat' dir='ltr'><strong>me,</strong></span> <span class='ocrx_word' id='word_1_222' title='bbox 724 3129 782 3176; x_wconf 92' lang='lat' dir='ltr'><strong>et</strong></span> <span class='ocrx_word' id='word_1_223' title='bbox 812 3122 948 3176; x_wconf 87' lang='lat' dir='ltr'><strong>meis</strong></span> <span class='ocrx_word' id='word_1_224' title='bbox 981 3121 1172 3188; x_wconf 78' lang='lat' dir='ltr'><strong>rebus,</strong></span> <span class='ocrx_word' id='word_1_225' title='bbox 1203 3120 1314 3184; x_wconf 90' lang='lat' dir='ltr'><strong>dic,</strong></span> <span class='ocrx_word' id='word_1_226' title='bbox 1364 3121 1619 3188; x_wconf 89' lang='lat' dir='ltr'><strong>obsecro,</strong></span> <span class='ocrx_word' id='word_1_227' title='bbox 1654 3124 1932 3193; x_wconf 90' lang='lat' dir='ltr'><strong>quomodo</strong></span> <span class='ocrx_word' id='word_1_228' title='bbox 1959 3151 2004 3209; x_wconf 69' lang='grc' dir='ltr'>ρ</span> 
     </span>
    </p>
   </div>
   <div class='ocr_carea' id='block_1_34' title="bbox 349 3212 1929 3283">
    <p class='ocr_par' dir='ltr' id='par_1_34' title="bbox 349 3212 1929 3283">
     <span class='ocr_line' id='line_1_34' title="bbox 349 3212 1929 3283; baseline 0.004 -18"><span class='ocrx_word' id='word_1_229' title='bbox 349 3219 488 3267; x_wconf 84' lang='lat' dir='ltr'><strong>tunc</strong></span> <span class='ocrx_word' id='word_1_230' title='bbox 517 3226 604 3267; x_wconf 89' lang='lat' dir='ltr'><strong>res</strong></span> <span class='ocrx_word' id='word_1_231' title='bbox 630 3227 690 3268; x_wconf 90' lang='lat' dir='ltr'><strong>se</strong></span> <span class='ocrx_word' id='word_1_232' title='bbox 722 3212 987 3268; x_wconf 78' lang='lat' dir='ltr'><strong>habebit?</strong></span> <span class='ocrx_word' id='word_1_233' title='bbox 1015 3212 1202 3283; x_wconf 87' lang='lat' dir='ltr'><strong>Egone</strong></span> <span class='ocrx_word' id='word_1_234' title='bbox 1245 3213 1370 3268; x_wconf 85' lang='lat' dir='ltr'><strong>talis</strong></span> <span class='ocrx_word' id='word_1_235' title='bbox 1415 3212 1584 3269; x_wconf 87' lang='lat' dir='ltr'><strong>etiam</strong></span> <span class='ocrx_word' id='word_1_236' title='bbox 1631 3222 1762 3270; x_wconf 90' lang='lat' dir='ltr'><strong>tunc</strong></span> <span class='ocrx_word' id='word_1_237' title='bbox 1809 3231 1929 3282; x_wconf 89' lang='lat' dir='ltr'><strong>ero,</strong></span> 
     </span>
    </p>
   </div>
   <div class='ocr_carea' id='block_1_35' title="bbox 347 3301 1933 3377">
    <p class='ocr_par' dir='ltr' id='par_1_35' title="bbox 347 3301 1933 3377">
     <span class='ocr_line' id='line_1_35' title="bbox 347 3301 1933 3377; baseline 0.004 -21"><span class='ocrx_word' id='word_1_238' title='bbox 347 3301 534 3372; x_wconf 81' lang='lat' dir='ltr'><strong>qualis</strong></span> <span class='ocrx_word' id='word_1_239' title='bbox 587 3302 754 3359; x_wconf 90' lang='lat' dir='ltr'><strong>modo</strong></span> <span class='ocrx_word' id='word_1_240' title='bbox 805 3304 963 3359; x_wconf 73' lang='lat' dir='ltr'><strong>sum?</strong></span> <span class='ocrx_word' id='word_1_241' title='bbox 1025 3319 1242 3374; x_wconf 85' lang='lat' dir='ltr'><strong>nempe,</strong></span> <span class='ocrx_word' id='word_1_242' title='bbox 1301 3305 1608 3360; x_wconf 89' lang='lat' dir='ltr'><strong>secundum</strong></span> <span class='ocrx_word' id='word_1_243' title='bbox 1663 3306 1933 3377; x_wconf 87' lang='lat' dir='ltr'><strong>triplicem</strong></span> 
     </span>
    </p>
   </div>
   <div class='ocr_carea' id='block_1_36' title="bbox 350 3393 1933 3467">
    <p class='ocr_par' dir='ltr' id='par_1_36' title="bbox 350 3393 1933 3467">
     <span class='ocr_line' id='line_1_36' title="bbox 350 3393 1933 3467; baseline 0.006 -20"><span class='ocrx_word' id='word_1_244' title='bbox 350 3393 690 3457; x_wconf 78' lang='lat' dir='ltr'><strong>facultatem,</strong></span> <span class='ocrx_word' id='word_1_245' title='bbox 747 3405 806 3451; x_wconf 91' lang='lat' dir='ltr'><strong>et</strong></span> <span class='ocrx_word' id='word_1_246' title='bbox 849 3397 955 3451; x_wconf 90' lang='lat' dir='ltr'><strong>alia</strong></span> <span class='ocrx_word' id='word_1_247' title='bbox 1002 3412 1125 3467; x_wconf 69' lang='lat' dir='ltr'><strong>quae</strong></span> <span class='ocrx_word' id='word_1_248' title='bbox 1172 3398 1242 3452; x_wconf 88' lang='lat' dir='ltr'><strong>de</strong></span> <span class='ocrx_word' id='word_1_249' title='bbox 1290 3413 1378 3454; x_wconf 89' lang='lat' dir='ltr'><strong>me</strong></span> <span class='ocrx_word' id='word_1_250' title='bbox 1421 3397 1731 3463; x_wconf 85' lang='lat' dir='ltr'><strong>traduntur,</strong></span> <span class='ocrx_word' id='word_1_251' title='bbox 1782 3410 1839 3455; x_wconf 91' lang='lat' dir='ltr'><strong>et</strong></span> <span class='ocrx_word' id='word_1_252' title='bbox 1872 3400 1933 3456; x_wconf 90' lang='lat' dir='ltr'><strong>in</strong></span> 
     </span>
    </p>
   </div>
   <div class='ocr_carea' id='block_1_37' title="bbox 348 3476 1931 3561">
    <p class='ocr_par' dir='ltr' id='par_1_37' title="bbox 348 3476 1931 3561">
     <span class='ocr_line' id='line_1_37' title="bbox 348 3476 1931 3561; baseline 0.002 -17"><span class='ocrx_word' id='word_1_253' title='bbox 348 3487 444 3544; x_wconf 79' lang='lat' dir='ltr'><strong>bis</strong></span> <span class='ocrx_word' id='word_1_254' title='bbox 473 3488 834 3545; x_wconf 75' lang='lat' dir='ltr'><strong>immutabilis</strong></span> <span class='ocrx_word' id='word_1_255' title='bbox 869 3476 1089 3561; x_wconf 80' lang='lat' dir='ltr'><strong>penitus</strong></span> <span class='ocrx_word' id='word_1_256' title='bbox 1126 3504 1323 3544; x_wconf 89' lang='lat' dir='ltr'><strong>cernar</strong></span> <span class='ocrx_word' id='word_1_257' title='bbox 1360 3499 1417 3545; x_wconf 89' lang='lat' dir='ltr'><strong>et</strong></span> <span class='ocrx_word' id='word_1_258' title='bbox 1456 3491 1514 3545; x_wconf 88' lang='lat' dir='ltr'><strong>in</strong></span> <span class='ocrx_word' id='word_1_259' title='bbox 1564 3506 1727 3547; x_wconf 90' lang='lat' dir='ltr'><strong>omne</strong></span> <span class='ocrx_word' id='word_1_260' title='bbox 1756 3507 1931 3547; x_wconf 60' lang='lat' dir='ltr'><strong>aevum</strong></span> 
     </span>
    </p>
   </div>
   <div class='ocr_carea' id='block_1_38' title="bbox 348 3579 1933 3652">
    <p class='ocr_par' dir='ltr' id='par_1_38' title="bbox 348 3579 1933 3652">
     <span class='ocr_line' id='line_1_38' title="bbox 348 3579 1933 3652; baseline 0.001 -16"><span class='ocrx_word' id='word_1_261' title='bbox 348 3581 440 3636; x_wconf 80' lang='lat' dir='ltr'><strong>sic</strong></span> <span class='ocrx_word' id='word_1_262' title='bbox 480 3579 755 3651; x_wconf 86' lang='lat' dir='ltr'><strong>tripartita</strong></span> <span class='ocrx_word' id='word_1_263' title='bbox 811 3582 1012 3647; x_wconf 85' lang='lat' dir='ltr'><strong>vivam,</strong></span> <span class='ocrx_word' id='word_1_264' title='bbox 1062 3596 1394 3651; x_wconf 89' lang='lat' dir='ltr'><strong>unaquaque</strong></span> <span class='ocrx_word' id='word_1_265' title='bbox 1441 3590 1624 3652; x_wconf 90' lang='lat' dir='ltr'><strong>parte,</strong></span> <span class='ocrx_word' id='word_1_266' title='bbox 1672 3582 1933 3638; x_wconf 88' lang='lat' dir='ltr'><strong>nimirum</strong></span> 
     </span>
    </p>
   </div>
   <div class='ocr_carea' id='block_1_39' title="bbox 352 3670 1933 3742">
    <p class='ocr_par' dir='ltr' id='par_1_39' title="bbox 352 3670 1933 3742">
     <span class='ocr_line' id='line_1_39' title="bbox 352 3670 1933 3742; baseline 0.001 -16"><span class='ocrx_word' id='word_1_267' title='bbox 352 3670 593 3738; x_wconf 85' lang='lat' dir='ltr'><strong>ratione,</strong></span> <span class='ocrx_word' id='word_1_268' title='bbox 653 3672 755 3736; x_wconf 87' lang='lat' dir='ltr'><strong>ira,</strong></span> <span class='ocrx_word' id='word_1_269' title='bbox 820 3681 877 3728; x_wconf 90' lang='lat' dir='ltr'><strong>et</strong></span> <span class='ocrx_word' id='word_1_270' title='bbox 934 3672 1236 3742; x_wconf 85' lang='lat' dir='ltr'><strong>cupiditate</strong></span> <span class='ocrx_word' id='word_1_271' title='bbox 1287 3671 1569 3728; x_wconf 80' lang='lat' dir='ltr'><strong>deﬁnitam</strong></span> <span class='ocrx_word' id='word_1_272' title='bbox 1638 3672 1743 3728; x_wconf 86' lang='lat' dir='ltr'><strong>sibi</strong></span> <span class='ocrx_word' id='word_1_273' title='bbox 1804 3674 1933 3729; x_wconf 84' lang='lat' dir='ltr'><strong>fun-</strong></span> 
     </span>
    </p>
   </div>
   <div class='ocr_carea' id='block_1_40' title="bbox 347 3763 1934 3823">
    <p class='ocr_par' dir='ltr' id='par_1_40' title="bbox 347 3763 1934 3823">
     <span class='ocr_line' id='line_1_40' title="bbox 347 3763 1934 3823; baseline 0.002 -4"><span class='ocrx_word' id='word_1_274' title='bbox 347 3763 596 3820; x_wconf 86' lang='lat' dir='ltr'><strong>ctionem</strong></span> <span class='ocrx_word' id='word_1_275' title='bbox 637 3766 974 3822; x_wconf 80' lang='lat' dir='ltr'><strong>exercente?</strong></span> <span class='ocrx_word' id='word_1_276' title='bbox 1011 3765 1147 3822; x_wconf 87' lang='lat' dir='ltr'><strong>Nam</strong></span> <span class='ocrx_word' id='word_1_277' title='bbox 1176 3766 1222 3822; x_wconf 91' lang='lat' dir='ltr'><strong>si</strong></span> <span class='ocrx_word' id='word_1_278' title='bbox 1268 3776 1323 3821; x_wconf 88' lang='lat' dir='ltr'><strong>et</strong></span> <span class='ocrx_word' id='word_1_279' title='bbox 1375 3765 1435 3820; x_wconf 87' lang='lat' dir='ltr'><strong>in</strong></span> <span class='ocrx_word' id='word_1_280' title='bbox 1489 3764 1674 3820; x_wconf 80' lang='lat' dir='ltr'><strong>futuro</strong></span> <span class='ocrx_word' id='word_1_281' title='bbox 1732 3766 1934 3823; x_wconf 70' lang='lat' dir='ltr'><strong>saeculo</strong></span> 
     </span>
    </p>
   </div>
   <div class='ocr_carea' id='block_1_41' title="bbox 348 3856 1934 3927">
    <p class='ocr_par' dir='ltr' id='par_1_41' title="bbox 348 3856 1934 3927">
     <span class='ocr_line' id='line_1_41' title="bbox 348 3856 1934 3927; baseline 0.002 -17"><span class='ocrx_word' id='word_1_282' title='bbox 348 3856 666 3927; x_wconf 82' lang='lat' dir='ltr'><strong>hujusmodi</strong></span> <span class='ocrx_word' id='word_1_283' title='bbox 692 3866 894 3912; x_wconf 88' lang='lat' dir='ltr'><strong>statum</strong></span> <span class='ocrx_word' id='word_1_284' title='bbox 933 3857 1154 3924; x_wconf 84' lang='lat' dir='ltr'><strong>tenebo,</strong></span> <span class='ocrx_word' id='word_1_285' title='bbox 1182 3858 1385 3912; x_wconf 90' lang='lat' dir='ltr'><strong>iterum</strong></span> <span class='ocrx_word' id='word_1_286' title='bbox 1422 3856 1934 3927; x_wconf 84' lang='lat' dir='ltr'><strong>perturbationibus</strong></span> 
     </span>
    </p>
   </div>
   <div class='ocr_carea' id='block_1_42' title="bbox 347 3947 1934 4020">
    <p class='ocr_par' dir='ltr' id='par_1_42' title="bbox 347 3947 1934 4020">
     <span class='ocr_line' id='line_1_42' title="bbox 347 3947 1934 4020; baseline 0 -15"><span class='ocrx_word' id='word_1_287' title='bbox 347 3948 622 4020; x_wconf 83' lang='lat' dir='ltr'><strong>subjecta,</strong></span> <span class='ocrx_word' id='word_1_288' title='bbox 653 3958 710 4004; x_wconf 91' lang='lat' dir='ltr'><strong>et</strong></span> <span class='ocrx_word' id='word_1_289' title='bbox 746 3949 1137 4017; x_wconf 89' lang='lat' dir='ltr'><strong>contaminata,</strong></span> <span class='ocrx_word' id='word_1_290' title='bbox 1164 3958 1221 4004; x_wconf 90' lang='lat' dir='ltr'><strong>et</strong></span> <span class='ocrx_word' id='word_1_291' title='bbox 1248 3949 1471 4015; x_wconf 88' lang='lat' dir='ltr'><strong>vitiosa,</strong></span> <span class='ocrx_word' id='word_1_292' title='bbox 1505 3947 1639 4003; x_wconf 89' lang='lat' dir='ltr'><strong>dum</strong></span> <span class='ocrx_word' id='word_1_293' title='bbox 1669 3948 1755 4004; x_wconf 87' lang='lat' dir='ltr'><strong>vis</strong></span> <span class='ocrx_word' id='word_1_294' title='bbox 1783 3947 1934 4005; x_wconf 62' lang='lat' dir='ltr'><strong>istaec</strong></span> 
     </span>
    </p>
   </div>
   <div class='ocr_carea' id='block_1_43' title="bbox 351 4039 1933 4112">
    <p class='ocr_par' dir='ltr' id='par_1_43' title="bbox 351 4039 1933 4112">
     <span class='ocr_line' id='line_1_43' title="bbox 351 4039 1933 4112; baseline -0.001 -16"><span class='ocrx_word' id='word_1_295' title='bbox 351 4042 630 4112; x_wconf 90' lang='lat' dir='ltr'><strong>tripartita</strong></span> <span class='ocrx_word' id='word_1_296' title='bbox 676 4042 744 4097; x_wconf 89' lang='lat' dir='ltr'><strong>ad</strong></span> <span class='ocrx_word' id='word_1_297' title='bbox 782 4042 971 4098; x_wconf 86' lang='lat' dir='ltr'><strong>illicita</strong></span> <span class='ocrx_word' id='word_1_298' title='bbox 1018 4056 1106 4099; x_wconf 88' lang='lat' dir='ltr'><strong>me</strong></span> <span class='ocrx_word' id='word_1_299' title='bbox 1144 4041 1432 4111; x_wconf 86' lang='lat' dir='ltr'><strong>pertrahit,</strong></span> <span class='ocrx_word' id='word_1_300' title='bbox 1473 4040 1654 4103; x_wconf 85' lang='lat' dir='ltr'><strong>anima</strong></span> <span class='ocrx_word' id='word_1_301' title='bbox 1686 4039 1933 4110; x_wconf 80' lang='lat' dir='ltr'><strong>profecto</strong></span> 
     </span>
    </p>
   </div>
   <div class='ocr_carea' id='block_1_44' title="bbox 350 4132 1932 4203">
    <p class='ocr_par' dir='ltr' id='par_1_44' title="bbox 350 4132 1932 4203">
     <span class='ocr_line' id='line_1_44' title="bbox 350 4132 1932 4203; baseline -0.001 -15"><span class='ocrx_word' id='word_1_302' title='bbox 350 4134 409 4188; x_wconf 89' lang='lat' dir='ltr'><strong>in</strong></span> <span class='ocrx_word' id='word_1_303' title='bbox 435 4142 579 4189; x_wconf 88' lang='lat' dir='ltr'><strong>statu</strong></span> <span class='ocrx_word' id='word_1_304' title='bbox 612 4135 867 4201; x_wconf 84' lang='lat' dir='ltr'><strong>puritatis</strong></span> <span class='ocrx_word' id='word_1_305' title='bbox 892 4142 947 4190; x_wconf 88' lang='lat' dir='ltr'><strong>et</strong></span> <span class='ocrx_word' id='word_1_306' title='bbox 978 4135 1305 4189; x_wconf 66' lang='lat' dir='ltr'><strong>innocentiae</strong></span> <span class='ocrx_word' id='word_1_307' title='bbox 1334 4133 1657 4203; x_wconf 86' lang='lat' dir='ltr'><strong>neutiquam</strong></span> <span class='ocrx_word' id='word_1_308' title='bbox 1683 4132 1932 4188; x_wconf 82' lang='lat' dir='ltr'><strong>versabi-</strong></span> 
     </span>
    </p>
   </div>
   <div class='ocr_carea' id='block_1_45' title="bbox 349 4221 1929 4287">
    <p class='ocr_par' dir='ltr' id='par_1_45' title="bbox 349 4221 1929 4287">
     <span class='ocr_line' id='line_1_45' title="bbox 349 4221 1929 4287; baseline -0.001 -11"><span class='ocrx_word' id='word_1_309' title='bbox 349 4231 466 4276; x_wconf 87' lang='lat' dir='ltr'><strong>tur.</strong></span> <span class='ocrx_word' id='word_1_310' title='bbox 497 4221 655 4287; x_wconf 76' lang='lat' dir='ltr'><strong>Quod</strong></span> <span class='ocrx_word' id='word_1_311' title='bbox 688 4223 736 4277; x_wconf 91' lang='lat' dir='ltr'><strong>si</strong></span> <span class='ocrx_word' id='word_1_312' title='bbox 771 4221 1007 4279; x_wconf 83' lang='lat' dir='ltr'><strong>fortasse</strong></span> <span class='ocrx_word' id='word_1_313' title='bbox 1036 4238 1105 4278; x_wconf 91' lang='lat' dir='ltr'><strong>ex</strong></span> <span class='ocrx_word' id='word_1_314' title='bbox 1153 4222 1238 4277; x_wconf 89' lang='lat' dir='ltr'><strong>his</strong></span> <span class='ocrx_word' id='word_1_315' title='bbox 1271 4221 1447 4278; x_wconf 90' lang='lat' dir='ltr'><strong>tribus</strong></span> <span class='ocrx_word' id='word_1_316' title='bbox 1481 4222 1619 4278; x_wconf 89' lang='lat' dir='ltr'><strong>duas</strong></span> <span class='ocrx_word' id='word_1_317' title='bbox 1674 4221 1929 4286; x_wconf 87' lang='lat' dir='ltr'><strong>amisero,</strong></span> 
     </span>
    </p>
   </div>
   <div class='ocr_carea' id='block_1_46' title="bbox 347 4312 1936 4385">
    <p class='ocr_par' dir='ltr' id='par_1_46' title="bbox 347 4312 1936 4385">
     <span class='ocr_line' id='line_1_46' title="bbox 347 4312 1936 4385; baseline 0.001 -20"><span class='ocrx_word' id='word_1_318' title='bbox 347 4314 632 4385; x_wconf 84' lang='lat' dir='ltr'><strong>quomodo</strong></span> <span class='ocrx_word' id='word_1_319' title='bbox 680 4314 749 4370; x_wconf 92' lang='lat' dir='ltr'><strong>iis</strong></span> <span class='ocrx_word' id='word_1_320' title='bbox 798 4313 1099 4384; x_wconf 88' lang='lat' dir='ltr'><strong>deperditis</strong></span> <span class='ocrx_word' id='word_1_321' title='bbox 1144 4312 1409 4383; x_wconf 78' lang='lat' dir='ltr'><strong>perfectio</strong></span> <span class='ocrx_word' id='word_1_322' title='bbox 1458 4328 1578 4368; x_wconf 89' lang='lat' dir='ltr'><strong>mea</strong></span> <span class='ocrx_word' id='word_1_323' title='bbox 1628 4313 1936 4368; x_wconf 78' lang='lat' dir='ltr'><strong>constabit?</strong></span> 
     </span>
    </p>
   </div>
   <div class='ocr_carea' id='block_1_47' title="bbox 349 4404 1934 4476">
    <p class='ocr_par' dir='ltr' id='par_1_47' title="bbox 349 4404 1934 4476">
     <span class='ocr_line' id='line_1_47' title="bbox 349 4404 1934 4476; baseline -0.001 -16"><span class='ocrx_word' id='word_1_324' title='bbox 349 4404 490 4460; x_wconf 71' lang='lat' dir='ltr'><strong>Nam</strong></span> <span class='ocrx_word' id='word_1_325' title='bbox 521 4405 611 4461; x_wconf 91' lang='lat' dir='ltr'><strong>cui</strong></span> <span class='ocrx_word' id='word_1_326' title='bbox 644 4406 804 4476; x_wconf 74' lang='lat' dir='ltr'><strong>plane</strong></span> <span class='ocrx_word' id='word_1_327' title='bbox 836 4405 991 4462; x_wconf 89' lang='lat' dir='ltr'><strong>deest</strong></span> <span class='ocrx_word' id='word_1_328' title='bbox 1022 4404 1253 4475; x_wconf 88' lang='lat' dir='ltr'><strong>aliquid,</strong></span> <span class='ocrx_word' id='word_1_329' title='bbox 1289 4419 1400 4459; x_wconf 88' lang='lat' dir='ltr'><strong>non</strong></span> <span class='ocrx_word' id='word_1_330' title='bbox 1435 4413 1520 4459; x_wconf 89' lang='lat' dir='ltr'><strong>est</strong></span> <span class='ocrx_word' id='word_1_331' title='bbox 1546 4404 1850 4475; x_wconf 79' lang='lat' dir='ltr'><strong>perfectum</strong></span> <span class='ocrx_word' id='word_1_332' title='bbox 1876 4415 1934 4459; x_wconf 89' lang='lat' dir='ltr'><strong>et</strong></span> 
     </span>
    </p>
   </div>
   <div class='ocr_carea' id='block_1_48' title="bbox 2054 569 3635 650">
    <p class='ocr_par' dir='ltr' id='par_1_48' title="bbox 2054 569 3635 650">
     <span class='ocr_line' id='line_1_48' title="bbox 2054 569 3635 650; baseline 0.014 -27"><span class='ocrx_word' id='word_1_333' title='bbox 2054 569 2337 628; x_wconf 87' lang='lat' dir='ltr'><strong>immutata</strong></span> <span class='ocrx_word' id='word_1_334' title='bbox 2371 587 2428 630; x_wconf 92' lang='lat' dir='ltr'><strong>ct</strong></span> <span class='ocrx_word' id='word_1_335' title='bbox 2461 586 2713 634; x_wconf 86' lang='lat' dir='ltr'><strong>truncata</strong></span> <span class='ocrx_word' id='word_1_336' title='bbox 2747 582 3141 650; x_wconf 82' lang='lat' dir='ltr'><strong>plenitudinem</strong></span> <span class='ocrx_word' id='word_1_337' title='bbox 3184 585 3440 643; x_wconf 85' lang='lat' dir='ltr'><strong>habebo?</strong></span> <span class='ocrx_word' id='word_1_338' title='bbox 3490 589 3635 644; x_wconf 83' lang='lat' dir='ltr'><strong>Rur-</strong></span> 
     </span>
    </p>
   </div>
   <div class='ocr_carea' id='block_1_49' title="bbox 2051 676 3637 745">
    <p class='ocr_par' dir='ltr' id='par_1_49' title="bbox 2051 676 3637 745">
     <span class='ocr_line' id='line_1_49' title="bbox 2051 676 3637 745; baseline 0.012 -30"><span class='ocrx_word' id='word_1_339' title='bbox 2051 676 2193 743; x_wconf 82' lang='lat' dir='ltr'><strong>sum,</strong></span> <span class='ocrx_word' id='word_1_340' title='bbox 2219 679 2330 733; x_wconf 88' lang='lat' dir='ltr'><strong>quo</strong></span> <span class='ocrx_word' id='word_1_341' title='bbox 2362 676 2521 735; x_wconf 87' lang='lat' dir='ltr'><strong>pacto</strong></span> <span class='ocrx_word' id='word_1_342' title='bbox 2553 678 2774 725; x_wconf 89' lang='lat' dir='ltr'><strong>secetur</strong></span> <span class='ocrx_word' id='word_1_343' title='bbox 2804 685 3203 744; x_wconf 89' lang='lat' dir='ltr'><strong>separeturque</strong></span> <span class='ocrx_word' id='word_1_344' title='bbox 3242 676 3389 745; x_wconf 89' lang='lat' dir='ltr'><strong>quod</strong></span> <span class='ocrx_word' id='word_1_345' title='bbox 3436 688 3637 734; x_wconf 77' lang='lat' dir='ltr'><strong>natura</strong></span> 
     </span>
    </p>
   </div>
   <div class='ocr_carea' id='block_1_50' title="bbox 2049 753 3637 837">
    <p class='ocr_par' dir='ltr' id='par_1_50' title="bbox 2049 753 3637 837">
     <span class='ocr_line' id='line_1_50' title="bbox 2049 753 3637 837; baseline 0.013 -33"><span class='ocrx_word' id='word_1_346' title='bbox 2049 762 2135 807; x_wconf 91' lang='lat' dir='ltr'><strong>est</strong></span> <span class='ocrx_word' id='word_1_347' title='bbox 2165 753 2463 811; x_wconf 85' lang='lat' dir='ltr'><strong>insecabile</strong></span> <span class='ocrx_word' id='word_1_348' title='bbox 2488 766 2546 812; x_wconf 91' lang='lat' dir='ltr'><strong>et</strong></span> <span class='ocrx_word' id='word_1_349' title='bbox 2572 759 2978 829; x_wconf 81' lang='lat' dir='ltr'><strong>inseparabile?</strong></span> <span class='ocrx_word' id='word_1_350' title='bbox 3015 763 3302 830; x_wconf 83' lang='lat' dir='ltr'><strong>Quomodo</strong></span> <span class='ocrx_word' id='word_1_351' title='bbox 3350 779 3637 837; x_wconf 85' lang='lat' dir='ltr'><strong>separetur</strong></span> 
     </span>
    </p>
   </div>
   <div class='ocr_carea' id='block_1_51' title="bbox 2049 851 3633 920">
    <p class='ocr_par' dir='ltr' id='par_1_51' title="bbox 2049 851 3633 920">
     <span class='ocr_line' id='line_1_51' title="bbox 2049 851 3633 920; baseline 0.01 -25"><span class='ocrx_word' id='word_1_352' title='bbox 2049 852 2471 915; x_wconf 85' lang='lat' dir='ltr'><strong>separatumque</strong></span> <span class='ocrx_word' id='word_1_353' title='bbox 2501 853 2850 917; x_wconf 79' lang='lat' dir='ltr'><strong>permaneat?</strong></span> <span class='ocrx_word' id='word_1_354' title='bbox 2872 851 2929 907; x_wconf 91' lang='lat' dir='ltr'><strong>Si</strong></span> <span class='ocrx_word' id='word_1_355' title='bbox 2950 853 3119 918; x_wconf 90' lang='lat' dir='ltr'><strong>enim,</strong></span> <span class='ocrx_word' id='word_1_356' title='bbox 3144 864 3206 909; x_wconf 87' lang='lat' dir='ltr'><strong>ut</strong></span> <span class='ocrx_word' id='word_1_357' title='bbox 3224 855 3434 920; x_wconf 74' lang='lat' dir='ltr'><strong>dixisti,</strong></span> <span class='ocrx_word' id='word_1_358' title='bbox 3459 866 3633 912; x_wconf 86' lang='lat' dir='ltr'><strong>totum</strong></span> 
     </span>
    </p>
   </div>
   <div class='ocr_carea' id='block_1_52' title="bbox 2049 933 3634 1013">
    <p class='ocr_par' dir='ltr' id='par_1_52' title="bbox 2049 933 3634 1013">
     <span class='ocr_line' id='line_1_52' title="bbox 2049 933 3634 1013; baseline 0.012 -28"><span class='ocrx_word' id='word_1_359' title='bbox 2049 933 2246 989; x_wconf 68' lang='lat' dir='ltr'><strong>anima:</strong></span> <span class='ocrx_word' id='word_1_360' title='bbox 2266 937 2439 1006; x_wconf 84' lang='lat' dir='ltr'><strong>gratia</strong></span> <span class='ocrx_word' id='word_1_361' title='bbox 2466 937 2669 993; x_wconf 81' lang='lat' dir='ltr'><strong>factum</strong></span> <span class='ocrx_word' id='word_1_362' title='bbox 2695 948 2799 1003; x_wconf 85' lang='lat' dir='ltr'><strong>est,</strong></span> <span class='ocrx_word' id='word_1_363' title='bbox 2823 943 3093 1013; x_wconf 82' lang='lat' dir='ltr'><strong>quidquid</strong></span> <span class='ocrx_word' id='word_1_364' title='bbox 3106 945 3379 1001; x_wconf 84' lang='lat' dir='ltr'><strong>Conditor</strong></span> <span class='ocrx_word' id='word_1_365' title='bbox 3404 957 3462 1002; x_wconf 91' lang='lat' dir='ltr'><strong>et</strong></span> <span class='ocrx_word' id='word_1_366' title='bbox 3488 948 3634 1005; x_wconf 91' lang='lat' dir='ltr'><strong>Con-</strong></span> 
     </span>
    </p>
   </div>
   <div class='ocr_carea' id='block_1_53' title="bbox 2050 1025 3634 1107">
    <p class='ocr_par' dir='ltr' id='par_1_53' title="bbox 2050 1025 3634 1107">
     <span class='ocr_line' id='line_1_53' title="bbox 2050 1025 3634 1107; baseline 0.012 -32"><span class='ocrx_word' id='word_1_367' title='bbox 2050 1032 2298 1078; x_wconf 82' lang='lat' dir='ltr'><strong>servator</strong></span> <span class='ocrx_word' id='word_1_368' title='bbox 2336 1025 2616 1095; x_wconf 80' lang='lat' dir='ltr'><strong>produxit,</strong></span> <span class='ocrx_word' id='word_1_369' title='bbox 2660 1030 2899 1088; x_wconf 89' lang='lat' dir='ltr'><strong>mundus</strong></span> <span class='ocrx_word' id='word_1_370' title='bbox 2937 1042 3121 1089; x_wconf 88' lang='lat' dir='ltr'><strong>autem</strong></span> <span class='ocrx_word' id='word_1_371' title='bbox 3165 1035 3267 1107; x_wconf 76' lang='lat' dir='ltr'><strong>iste</strong></span> <span class='ocrx_word' id='word_1_372' title='bbox 3306 1038 3528 1093; x_wconf 86' lang='lat' dir='ltr'><strong>decreto</strong></span> <span class='ocrx_word' id='word_1_373' title='bbox 3570 1056 3634 1094; x_wconf 85' lang='lat' dir='ltr'><strong>ac</strong></span> 
     </span>
    </p>
   </div>
   <div class='ocr_carea' id='block_1_54' title="bbox 2052 1111 3628 1185">
    <p class='ocr_par' dir='ltr' id='par_1_54' title="bbox 2052 1111 3628 1185">
     <span class='ocr_line' id='line_1_54' title="bbox 2052 1111 3628 1185; baseline 0.011 -20"><span class='ocrx_word' id='word_1_374' title='bbox 2052 1118 2187 1166; x_wconf 91' lang='lat' dir='ltr'><strong>nutu</strong></span> <span class='ocrx_word' id='word_1_375' title='bbox 2214 1111 2529 1171; x_wconf 87' lang='lat' dir='ltr'><strong>Conditoris</strong></span> <span class='ocrx_word' id='word_1_376' title='bbox 2574 1133 2641 1174; x_wconf 88' lang='lat' dir='ltr'><strong>ac</strong></span> <span class='ocrx_word' id='word_1_377' title='bbox 2689 1119 2905 1176; x_wconf 85' lang='lat' dir='ltr'><strong>Domini</strong></span> <span class='ocrx_word' id='word_1_378' title='bbox 2953 1123 3010 1179; x_wconf 93' lang='lat' dir='ltr'><strong>in</strong></span> <span class='ocrx_word' id='word_1_379' title='bbox 3061 1135 3263 1181; x_wconf 86' lang='lat' dir='ltr'><strong>statum</strong></span> <span class='ocrx_word' id='word_1_380' title='bbox 3306 1130 3628 1185; x_wconf 79' lang='lat' dir='ltr'><strong>nobiliorem</strong></span> 
     </span>
    </p>
   </div>
   <div class='ocr_carea' id='block_1_55' title="bbox 2051 1202 3634 1290">
    <p class='ocr_par' dir='ltr' id='par_1_55' title="bbox 2051 1202 3634 1290">
     <span class='ocr_line' id='line_1_55' title="bbox 2051 1202 3634 1290; baseline 0.011 -35"><span class='ocrx_word' id='word_1_381' title='bbox 2051 1202 2323 1273; x_wconf 88' lang='lat' dir='ltr'><strong>migrabit,</strong></span> <span class='ocrx_word' id='word_1_382' title='bbox 2350 1214 2408 1260; x_wconf 90' lang='lat' dir='ltr'><strong>et</strong></span> <span class='ocrx_word' id='word_1_383' title='bbox 2455 1208 2849 1279; x_wconf 77' lang='lat' dir='ltr'><strong>elegantiorem</strong></span> <span class='ocrx_word' id='word_1_384' title='bbox 2890 1213 3124 1271; x_wconf 78' lang='lat' dir='ltr'><strong>formam</strong></span> <span class='ocrx_word' id='word_1_385' title='bbox 3158 1218 3414 1288; x_wconf 86' lang='lat' dir='ltr'><strong>accipiet,</strong></span> <span class='ocrx_word' id='word_1_386' title='bbox 3466 1236 3634 1290; x_wconf 86' lang='lat' dir='ltr'><strong>quam</strong></span> 
     </span>
    </p>
   </div>
   <div class='ocr_carea' id='block_1_56' title="bbox 2047 1301 3634 1379">
    <p class='ocr_par' dir='ltr' id='par_1_56' title="bbox 2047 1301 3634 1379">
     <span class='ocr_line' id='line_1_56' title="bbox 2047 1301 3634 1379; baseline 0.012 -31"><span class='ocrx_word' id='word_1_387' title='bbox 2047 1311 2156 1363; x_wconf 83' lang='lat' dir='ltr'><strong>qua</strong></span> <span class='ocrx_word' id='word_1_388' title='bbox 2198 1312 2346 1353; x_wconf 83' lang='lat' dir='ltr'><strong>nunc</strong></span> <span class='ocrx_word' id='word_1_389' title='bbox 2368 1301 2641 1369; x_wconf 87' lang='lat' dir='ltr'><strong>superbit,</strong></span> <span class='ocrx_word' id='word_1_390' title='bbox 2692 1304 3051 1377; x_wconf 82' lang='lat' dir='ltr'><strong>habitumque</strong></span> <span class='ocrx_word' id='word_1_391' title='bbox 3098 1309 3526 1379; x_wconf 80' lang='lat' dir='ltr'><strong>splendidiorem</strong></span> <span class='ocrx_word' id='word_1_392' title='bbox 3570 1328 3634 1367; x_wconf 86' lang='lat' dir='ltr'><strong>ac</strong></span> 
     </span>
    </p>
   </div>
   <div class='ocr_carea' id='block_1_57' title="bbox 2048 1386 3632 1474">
    <p class='ocr_par' dir='ltr' id='par_1_57' title="bbox 2048 1386 3632 1474">
     <span class='ocr_line' id='line_1_57' title="bbox 2048 1386 3632 1474; baseline 0.01 -33"><span class='ocrx_word' id='word_1_393' title='bbox 2048 1386 2373 1445; x_wconf 74' lang='lat' dir='ltr'><strong>diviniorem</strong></span> <span class='ocrx_word' id='word_1_394' title='bbox 2391 1404 2779 1464; x_wconf 80' lang='lat' dir='ltr'><strong>consequetur,</strong></span> <span class='ocrx_word' id='word_1_395' title='bbox 2802 1396 3037 1455; x_wconf 70' lang='lat' dir='ltr'><strong>emcitur</strong></span> <span class='ocrx_word' id='word_1_396' title='bbox 3053 1400 3183 1457; x_wconf 89' lang='lat' dir='ltr'><strong>hinc</strong></span> <span class='ocrx_word' id='word_1_397' title='bbox 3205 1402 3337 1457; x_wconf 83' lang='lat' dir='ltr'><strong>mihi</strong></span> <span class='ocrx_word' id='word_1_398' title='bbox 3379 1402 3632 1474; x_wconf 86' lang='lat' dir='ltr'><strong>injuriam</strong></span> 
     </span>
    </p>
   </div>
   <div class='ocr_carea' id='block_1_58' title="bbox 2048 1477 3630 1560">
    <p class='ocr_par' dir='ltr' id='par_1_58' title="bbox 2048 1477 3630 1560">
     <span class='ocr_line' id='line_1_58' title="bbox 2048 1477 3630 1560; baseline 0.01 -29"><span class='ocrx_word' id='word_1_399' title='bbox 2048 1477 2300 1550; x_wconf 83' lang='lat' dir='ltr'><strong>irrogari.</strong></span> <span class='ocrx_word' id='word_1_400' title='bbox 2334 1481 2472 1548; x_wconf 85' lang='lat' dir='ltr'><strong>Quid</strong></span> <span class='ocrx_word' id='word_1_401' title='bbox 2502 1493 2560 1537; x_wconf 90' lang='lat' dir='ltr'><strong>tu</strong></span> <span class='ocrx_word' id='word_1_402' title='bbox 2599 1486 2665 1541; x_wconf 89' lang='lat' dir='ltr'><strong>ad</strong></span> <span class='ocrx_word' id='word_1_403' title='bbox 2692 1488 2807 1543; x_wconf 65' lang='lat' dir='ltr'><strong>haec</strong></span> <span class='ocrx_word' id='word_1_404' title='bbox 2835 1506 2849 1543; x_wconf 92' lang='lat'><strong>:</strong></span> <span class='ocrx_word' id='word_1_405' title='bbox 2878 1488 2933 1544; x_wconf 90' lang='lat' dir='ltr'><strong>Si</strong></span> <span class='ocrx_word' id='word_1_406' title='bbox 2961 1492 3325 1560; x_wconf 83' lang='lat' dir='ltr'><strong>perseverabo</strong></span> <span class='ocrx_word' id='word_1_407' title='bbox 3344 1509 3465 1549; x_wconf 77' lang='lat' dir='ltr'><strong>esse</strong></span> <span class='ocrx_word' id='word_1_408' title='bbox 3487 1495 3630 1558; x_wconf 83' lang='lat' dir='ltr'><strong>talis,</strong></span> 
     </span>
    </p>
   </div>
   <div class='ocr_carea' id='block_1_59' title="bbox 2045 1572 3628 1655">
    <p class='ocr_par' dir='ltr' id='par_1_59' title="bbox 2045 1572 3628 1655">
     <span class='ocr_line' id='line_1_59' title="bbox 2045 1572 3628 1655; baseline 0.011 -31"><span class='ocrx_word' id='word_1_409' title='bbox 2045 1572 2226 1641; x_wconf 83' lang='lat' dir='ltr'><strong>qualis</strong></span> <span class='ocrx_word' id='word_1_410' title='bbox 2255 1573 2421 1630; x_wconf 89' lang='lat' dir='ltr'><strong>hodie</strong></span> <span class='ocrx_word' id='word_1_411' title='bbox 2444 1591 2588 1643; x_wconf 90' lang='lat' dir='ltr'><strong>sum,</strong></span> <span class='ocrx_word' id='word_1_412' title='bbox 2620 1594 2724 1635; x_wconf 90' lang='lat' dir='ltr'><strong>nec</strong></span> <span class='ocrx_word' id='word_1_413' title='bbox 2754 1580 2825 1635; x_wconf 90' lang='lat' dir='ltr'><strong>ad</strong></span> <span class='ocrx_word' id='word_1_414' title='bbox 2852 1580 3022 1637; x_wconf 89' lang='lat' dir='ltr'><strong>decus</strong></span> <span class='ocrx_word' id='word_1_415' title='bbox 3050 1593 3107 1638; x_wconf 87' lang='lat' dir='ltr'><strong>et</strong></span> <span class='ocrx_word' id='word_1_416' title='bbox 3132 1585 3360 1655; x_wconf 81' lang='lat' dir='ltr'><strong>gloriam</strong></span> <span class='ocrx_word' id='word_1_417' title='bbox 3397 1586 3628 1655; x_wconf 88' lang='lat' dir='ltr'><strong>amplio-</strong></span> 
     </span>
    </p>
   </div>
   <div class='ocr_carea' id='block_1_60' title="bbox 2047 1666 3633 1747">
    <p class='ocr_par' dir='ltr' id='par_1_60' title="bbox 2047 1666 3633 1747">
     <span class='ocr_line' id='line_1_60' title="bbox 2047 1666 3633 1747; baseline 0.01 -31"><span class='ocrx_word' id='word_1_418' title='bbox 2047 1677 2163 1718; x_wconf 90' lang='lat' dir='ltr'><strong>rem</strong></span> <span class='ocrx_word' id='word_1_419' title='bbox 2222 1666 2515 1734; x_wconf 86' lang='lat' dir='ltr'><strong>provehar,</strong></span> <span class='ocrx_word' id='word_1_420' title='bbox 2582 1670 2812 1739; x_wconf 82' lang='lat' dir='ltr'><strong>perinde</strong></span> <span class='ocrx_word' id='word_1_421' title='bbox 2856 1683 2918 1729; x_wconf 88' lang='lat' dir='ltr'><strong>ut</strong></span> <span class='ocrx_word' id='word_1_422' title='bbox 2968 1685 3168 1729; x_wconf 68' lang='lat' dir='ltr'><strong>caetera</strong></span> <span class='ocrx_word' id='word_1_423' title='bbox 3214 1676 3421 1742; x_wconf 87' lang='lat' dir='ltr'><strong>omnia,</strong></span> <span class='ocrx_word' id='word_1_424' title='bbox 3468 1686 3633 1747; x_wconf 86' lang='lat' dir='ltr'><strong>atque</strong></span> 
     </span>
    </p>
   </div>
   <div class='ocr_carea' id='block_1_61' title="bbox 2047 1760 3629 1840">
    <p class='ocr_par' dir='ltr' id='par_1_61' title="bbox 2047 1760 3629 1840">
     <span class='ocr_line' id='line_1_61' title="bbox 2047 1760 3629 1840; baseline 0.006 -24"><span class='ocrx_word' id='word_1_425' title='bbox 2047 1760 2211 1816; x_wconf 89' lang='lat' dir='ltr'><strong>etiam</strong></span> <span class='ocrx_word' id='word_1_426' title='bbox 2239 1770 2323 1827; x_wconf 88' lang='lat' dir='ltr'><strong>tu,</strong></span> <span class='ocrx_word' id='word_1_427' title='bbox 2350 1772 2406 1819; x_wconf 80' lang='lat' dir='ltr'><strong>et</strong></span> <span class='ocrx_word' id='word_1_428' title='bbox 2442 1771 2553 1818; x_wconf 88' lang='lat' dir='ltr'><strong>tota</strong></span> <span class='ocrx_word' id='word_1_429' title='bbox 2588 1766 2827 1820; x_wconf 78' lang='lat' dir='ltr'><strong>universi</strong></span> <span class='ocrx_word' id='word_1_430' title='bbox 2858 1768 3090 1837; x_wconf 87' lang='lat' dir='ltr'><strong>species,</strong></span> <span class='ocrx_word' id='word_1_431' title='bbox 3122 1770 3367 1824; x_wconf 74' lang='lat' dir='ltr'><strong>novitate</strong></span> <span class='ocrx_word' id='word_1_432' title='bbox 3396 1770 3629 1840; x_wconf 81' lang='lat' dir='ltr'><strong>quadam</strong></span> 
     </span>
    </p>
   </div>
   <div class='ocr_carea' id='block_1_62' title="bbox 2049 1849 3629 1920">
    <p class='ocr_par' dir='ltr' id='par_1_62' title="bbox 2049 1849 3629 1920">
     <span class='ocr_line' id='line_1_62' title="bbox 2049 1849 3629 1920; baseline 0.008 -17"><span class='ocrx_word' id='word_1_433' title='bbox 2049 1849 2416 1906; x_wconf 87' lang='lat' dir='ltr'><strong>condecorata</strong></span> <span class='ocrx_word' id='word_1_434' title='bbox 2468 1862 2525 1908; x_wconf 91' lang='lat' dir='ltr'><strong>ct</strong></span> <span class='ocrx_word' id='word_1_435' title='bbox 2554 1853 2848 1920; x_wconf 86' lang='lat' dir='ltr'><strong>illustrata,</strong></span> <span class='ocrx_word' id='word_1_436' title='bbox 2879 1865 2933 1910; x_wconf 88' lang='lat' dir='ltr'><strong>et</strong></span> <span class='ocrx_word' id='word_1_437' title='bbox 2976 1858 3142 1913; x_wconf 91' lang='lat' dir='ltr'><strong>rebus</strong></span> <span class='ocrx_word' id='word_1_438' title='bbox 3172 1860 3339 1913; x_wconf 83' lang='lat' dir='ltr'><strong>alium</strong></span> <span class='ocrx_word' id='word_1_439' title='bbox 3380 1862 3629 1915; x_wconf 86' lang='lat' dir='ltr'><strong>ordinem</strong></span> 
     </span>
    </p>
   </div>
   <div class='ocr_carea' id='block_1_63' title="bbox 2043 1942 3627 2013">
    <p class='ocr_par' dir='ltr' id='par_1_63' title="bbox 2043 1942 3627 2013">
     <span class='ocr_line' id='line_1_63' title="bbox 2043 1942 3627 2013; baseline 0.009 -20"><span class='ocrx_word' id='word_1_440' title='bbox 2043 1947 2209 2009; x_wconf 85' lang='lat' dir='ltr'><strong>atque</strong></span> <span class='ocrx_word' id='word_1_441' title='bbox 2236 1942 2460 1997; x_wconf 86' lang='lat' dir='ltr'><strong>modum</strong></span> <span class='ocrx_word' id='word_1_442' title='bbox 2480 1947 2913 2012; x_wconf 69' lang='lat' dir='ltr'><strong>prtestantiorem</strong></span> <span class='ocrx_word' id='word_1_443' title='bbox 2932 1947 3207 2013; x_wconf 81' lang='lat' dir='ltr'><strong>videlicet,</strong></span> <span class='ocrx_word' id='word_1_444' title='bbox 3231 1960 3286 2003; x_wconf 91' lang='lat' dir='ltr'><strong>et</strong></span> <span class='ocrx_word' id='word_1_445' title='bbox 3301 1950 3356 2003; x_wconf 92' lang='lat' dir='ltr'><strong>in</strong></span> <span class='ocrx_word' id='word_1_446' title='bbox 3380 1952 3627 2006; x_wconf 90' lang='lat' dir='ltr'><strong>omnium</strong></span> 
     </span>
    </p>
   </div>
   <div class='ocr_carea' id='block_1_64' title="bbox 2045 2032 3628 2105">
    <p class='ocr_par' dir='ltr' id='par_1_64' title="bbox 2045 2032 3628 2105">
     <span class='ocr_line' id='line_1_64' title="bbox 2045 2032 3628 2105; baseline 0.006 -18"><span class='ocrx_word' id='word_1_447' title='bbox 2045 2032 2219 2098; x_wconf 77' lang='lat' dir='ltr'><strong>Spatia</strong></span> <span class='ocrx_word' id='word_1_448' title='bbox 2277 2034 2602 2089; x_wconf 68' lang='lat' dir='ltr'><strong>saeculorum</strong></span> <span class='ocrx_word' id='word_1_449' title='bbox 2658 2050 3083 2105; x_wconf 85' lang='lat' dir='ltr'><strong>permansurum</strong></span> <span class='ocrx_word' id='word_1_450' title='bbox 3138 2040 3454 2097; x_wconf 87' lang='lat' dir='ltr'><strong>tenentibus</strong></span> <span class='ocrx_word' id='word_1_451' title='bbox 3505 2060 3518 2095; x_wconf 88' lang='lat'><strong>:</strong></span> <span class='ocrx_word' id='word_1_452' title='bbox 3583 2046 3628 2097; x_wconf 91' lang='lat' dir='ltr'><strong>si</strong></span> 
     </span>
    </p>
   </div>
   <div class='ocr_carea' id='block_1_65' title="bbox 2042 2119 3626 2186">
    <p class='ocr_par' dir='ltr' id='par_1_65' title="bbox 2042 2119 3626 2186">
     <span class='ocr_line' id='line_1_65' title="bbox 2042 2119 3626 2186; baseline 0.009 -13"><span class='ocrx_word' id='word_1_453' title='bbox 2042 2119 2269 2177; x_wconf 78' lang='lat' dir='ltr'><strong>Greater</strong></span> <span class='ocrx_word' id='word_1_454' title='bbox 2314 2137 2533 2178; x_wconf 87' lang='lat' dir='ltr'><strong>carnem</strong></span> <span class='ocrx_word' id='word_1_455' title='bbox 2588 2125 3039 2182; x_wconf 85' lang='lat' dir='ltr'><strong>contubernalem</strong></span> <span class='ocrx_word' id='word_1_456' title='bbox 3093 2143 3158 2183; x_wconf 90' lang='lat' dir='ltr'><strong>ac</strong></span> <span class='ocrx_word' id='word_1_457' title='bbox 3195 2130 3401 2185; x_wconf 87' lang='lat' dir='ltr'><strong>sociam</strong></span> <span class='ocrx_word' id='word_1_458' title='bbox 3450 2146 3626 2186; x_wconf 88' lang='lat' dir='ltr'><strong>meam</strong></span> 
     </span>
    </p>
   </div>
   <div class='ocr_carea' id='block_1_66' title="bbox 2044 2210 3629 2285">
    <p class='ocr_par' dir='ltr' id='par_1_66' title="bbox 2044 2210 3629 2285">
     <span class='ocr_line' id='line_1_66' title="bbox 2044 2210 3629 2285; baseline 0.006 -20"><span class='ocrx_word' id='word_1_459' title='bbox 2044 2210 2350 2266; x_wconf 88' lang='lat' dir='ltr'><strong>immutarit</strong></span> <span class='ocrx_word' id='word_1_460' title='bbox 2396 2221 2453 2267; x_wconf 91' lang='lat' dir='ltr'><strong>et</strong></span> <span class='ocrx_word' id='word_1_461' title='bbox 2502 2213 2812 2280; x_wconf 87' lang='lat' dir='ltr'><strong>honorarit,</strong></span> <span class='ocrx_word' id='word_1_462' title='bbox 2839 2225 2900 2270; x_wconf 87' lang='lat' dir='ltr'><strong>ut</strong></span> <span class='ocrx_word' id='word_1_463' title='bbox 2933 2214 3183 2271; x_wconf 74' lang='lat' dir='ltr'><strong>decrevit</strong></span> <span class='ocrx_word' id='word_1_464' title='bbox 3239 2228 3297 2271; x_wconf 90' lang='lat' dir='ltr'><strong>et</strong></span> <span class='ocrx_word' id='word_1_465' title='bbox 3327 2218 3505 2285; x_wconf 86' lang='lat' dir='ltr'><strong>decet,</strong></span> <span class='ocrx_word' id='word_1_466' title='bbox 3541 2235 3629 2274; x_wconf 87' lang='lat' dir='ltr'><strong>me</strong></span> 
     </span>
    </p>
   </div>
   <div class='ocr_carea' id='block_1_67' title="bbox 2041 2304 3626 2381">
    <p class='ocr_par' dir='ltr' id='par_1_67' title="bbox 2041 2304 3626 2381">
     <span class='ocr_line' id='line_1_67' title="bbox 2041 2304 3626 2381; baseline 0.006 -24"><span class='ocrx_word' id='word_1_467' title='bbox 2041 2313 2224 2359; x_wconf 84' lang='lat' dir='ltr'><strong>autem</strong></span> <span class='ocrx_word' id='word_1_468' title='bbox 2251 2304 2531 2360; x_wconf 85' lang='lat' dir='ltr'><strong>dominam</strong></span> <span class='ocrx_word' id='word_1_469' title='bbox 2556 2304 2675 2362; x_wconf 90' lang='lat' dir='ltr'><strong>sine</strong></span> <span class='ocrx_word' id='word_1_470' title='bbox 2702 2306 3122 2363; x_wconf 85' lang='lat' dir='ltr'><strong>honestamento</strong></span> <span class='ocrx_word' id='word_1_471' title='bbox 3152 2308 3462 2380; x_wconf 85' lang='lat' dir='ltr'><strong>reliquerit,</strong></span> <span class='ocrx_word' id='word_1_472' title='bbox 3494 2311 3626 2381; x_wconf 81' lang='lat' dir='ltr'><strong>quid</strong></span> 
     </span>
    </p>
   </div>
   <div class='ocr_carea' id='block_1_68' title="bbox 2040 2394 3628 2461">
    <p class='ocr_par' dir='ltr' id='par_1_68' title="bbox 2040 2394 3628 2461">
     <span class='ocr_line' id='line_1_68' title="bbox 2040 2394 3628 2461; baseline 0.006 -13"><span class='ocrx_word' id='word_1_473' title='bbox 2040 2394 2331 2450; x_wconf 81' lang='lat' dir='ltr'><strong>dicemus?</strong></span> <span class='ocrx_word' id='word_1_474' title='bbox 2375 2395 2561 2451; x_wconf 80' lang='lat' dir='ltr'><strong>intima</strong></span> <span class='ocrx_word' id='word_1_475' title='bbox 2604 2398 2867 2461; x_wconf 74' lang='lat' dir='ltr'><strong>summis,~</strong></span> <span class='ocrx_word' id='word_1_476' title='bbox 2897 2414 3110 2454; x_wconf 88' lang='lat' dir='ltr'><strong>summa</strong></span> <span class='ocrx_word' id='word_1_477' title='bbox 3157 2399 3359 2457; x_wconf 82' lang='lat' dir='ltr'><strong>intimis</strong></span> <span class='ocrx_word' id='word_1_478' title='bbox 3401 2403 3628 2457; x_wconf 89' lang='lat' dir='ltr'><strong>omnino</strong></span> 
     </span>
    </p>
   </div>
   <div class='ocr_carea' id='block_1_69' title="bbox 2039 2484 3624 2559">
    <p class='ocr_par' dir='ltr' id='par_1_69' title="bbox 2039 2484 3624 2559">
     <span class='ocr_line' id='line_1_69' title="bbox 2039 2484 3624 2559; baseline 0.006 -21"><span class='ocrx_word' id='word_1_479' title='bbox 2039 2484 2439 2540; x_wconf 84' lang='lat' dir='ltr'><strong>miscebuntur.</strong></span> <span class='ocrx_word' id='word_1_480' title='bbox 2470 2486 2756 2542; x_wconf 88' lang='lat' dir='ltr'><strong>lmmutata</strong></span> <span class='ocrx_word' id='word_1_481' title='bbox 2799 2489 2948 2543; x_wconf 88' lang='lat' dir='ltr'><strong>enim</strong></span> <span class='ocrx_word' id='word_1_482' title='bbox 2993 2489 3255 2546; x_wconf 78' lang='lat' dir='ltr'><strong>inferiore</strong></span> <span class='ocrx_word' id='word_1_483' title='bbox 3296 2491 3624 2559; x_wconf 87' lang='lat' dir='ltr'><strong>substantia,</strong></span> 
     </span>
    </p>
   </div>
   <div class='ocr_carea' id='block_1_70' title="bbox 2039 2577 3627 2649">
    <p class='ocr_par' dir='ltr' id='par_1_70' title="bbox 2039 2577 3627 2649">
     <span class='ocr_line' id='line_1_70' title="bbox 2039 2577 3627 2649; baseline 0.006 -18"><span class='ocrx_word' id='word_1_484' title='bbox 2039 2591 2146 2642; x_wconf 91' lang='lat' dir='ltr'><strong>me,</strong></span> <span class='ocrx_word' id='word_1_485' title='bbox 2183 2592 2306 2647; x_wconf 69' lang='lat' dir='ltr'><strong>quae</strong></span> <span class='ocrx_word' id='word_1_486' title='bbox 2334 2577 2403 2634; x_wconf 84' lang='lat' dir='ltr'><strong>de</strong></span> <span class='ocrx_word' id='word_1_487' title='bbox 2425 2579 2775 2649; x_wconf 88' lang='lat' dir='ltr'><strong>superiorum</strong></span> <span class='ocrx_word' id='word_1_488' title='bbox 2801 2580 2996 2637; x_wconf 88' lang='lat' dir='ltr'><strong>ordine</strong></span> <span class='ocrx_word' id='word_1_489' title='bbox 3038 2597 3181 2647; x_wconf 87' lang='lat' dir='ltr'><strong>sum,</strong></span> <span class='ocrx_word' id='word_1_490' title='bbox 3225 2584 3375 2638; x_wconf 88' lang='lat' dir='ltr'><strong>nulla</strong></span> <span class='ocrx_word' id='word_1_491' title='bbox 3416 2585 3627 2640; x_wconf 88' lang='lat' dir='ltr'><strong>ratione</strong></span> 
     </span>
    </p>
   </div>
   <div class='ocr_carea' id='block_1_71' title="bbox 2037 2669 3624 2742">
    <p class='ocr_par' dir='ltr' id='par_1_71' title="bbox 2037 2669 3624 2742">
     <span class='ocr_line' id='line_1_71' title="bbox 2037 2669 3624 2742; baseline 0.008 -18"><span class='ocrx_word' id='word_1_492' title='bbox 2037 2669 2118 2725; x_wconf 79' lang='lat' dir='ltr'><strong>fas</strong></span> <span class='ocrx_word' id='word_1_493' title='bbox 2141 2680 2227 2725; x_wconf 92' lang='lat' dir='ltr'><strong>est</strong></span> <span class='ocrx_word' id='word_1_494' title='bbox 2256 2670 2532 2742; x_wconf 84' lang='lat' dir='ltr'><strong>negligere</strong></span> <span class='ocrx_word' id='word_1_495' title='bbox 2563 2690 2579 2725; x_wconf 90' lang='lat'><strong>:</strong></span> <span class='ocrx_word' id='word_1_496' title='bbox 2607 2673 2701 2727; x_wconf 88' lang='lat' dir='ltr'><strong>sed</strong></span> <span class='ocrx_word' id='word_1_497' title='bbox 2732 2688 2858 2727; x_wconf 90' lang='lat' dir='ltr'><strong>cum</strong></span> <span class='ocrx_word' id='word_1_498' title='bbox 2887 2673 3225 2730; x_wconf 90' lang='lat' dir='ltr'><strong>honorabilis</strong></span> <span class='ocrx_word' id='word_1_499' title='bbox 3275 2683 3335 2730; x_wconf 88' lang='lat' dir='ltr'><strong>et</strong></span> <span class='ocrx_word' id='word_1_500' title='bbox 3369 2675 3624 2736; x_wconf 83' lang='lat' dir='ltr'><strong>illustris.</strong></span> 
     </span>
    </p>
   </div>
   <div class='ocr_carea' id='block_1_72' title="bbox 2035 2759 3627 2833">
    <p class='ocr_par' dir='ltr' id='par_1_72' title="bbox 2035 2759 3627 2833">
     <span class='ocr_line' id='line_1_72' title="bbox 2035 2759 3627 2833; baseline 0.003 -18"><span class='ocrx_word' id='word_1_501' title='bbox 2035 2768 2093 2815; x_wconf 88' lang='lat' dir='ltr'><strong>et</strong></span> <span class='ocrx_word' id='word_1_502' title='bbox 2143 2768 2339 2815; x_wconf 88' lang='lat' dir='ltr'><strong>natura</strong></span> <span class='ocrx_word' id='word_1_503' title='bbox 2386 2759 2490 2817; x_wconf 92' lang='lat' dir='ltr'><strong>sim</strong></span> <span class='ocrx_word' id='word_1_504' title='bbox 2545 2761 2900 2825; x_wconf 88' lang='lat' dir='ltr'><strong>admirabilis,</strong></span> <span class='ocrx_word' id='word_1_505' title='bbox 2942 2763 3173 2833; x_wconf 79' lang='lat' dir='ltr'><strong>aequitas</strong></span> <span class='ocrx_word' id='word_1_506' title='bbox 3231 2764 3474 2833; x_wconf 84' lang='lat' dir='ltr'><strong>postulat</strong></span> <span class='ocrx_word' id='word_1_507' title='bbox 3539 2779 3627 2819; x_wconf 89' lang='lat' dir='ltr'><strong>me</strong></span> 
     </span>
    </p>
   </div>
   <div class='ocr_carea' id='block_1_73' title="bbox 2036 2850 3624 2925">
    <p class='ocr_par' dir='ltr' id='par_1_73' title="bbox 2036 2850 3624 2925">
     <span class='ocr_line' id='line_1_73' title="bbox 2036 2850 3624 2925; baseline 0.003 -20"><span class='ocrx_word' id='word_1_508' title='bbox 2036 2850 2285 2922; x_wconf 87' lang='lat' dir='ltr'><strong>dignitati</strong></span> <span class='ocrx_word' id='word_1_509' title='bbox 2306 2866 2442 2908; x_wconf 76' lang='lat' dir='ltr'><strong>meze</strong></span> <span class='ocrx_word' id='word_1_510' title='bbox 2465 2868 2653 2923; x_wconf 89' lang='lat' dir='ltr'><strong>parem</strong></span> <span class='ocrx_word' id='word_1_511' title='bbox 2676 2854 3035 2910; x_wconf 87' lang='lat' dir='ltr'><strong>mutationem</strong></span> <span class='ocrx_word' id='word_1_512' title='bbox 3057 2854 3311 2924; x_wconf 89' lang='lat' dir='ltr'><strong>adipisci,</strong></span> <span class='ocrx_word' id='word_1_513' title='bbox 3333 2870 3455 2925; x_wconf 75' lang='lat' dir='ltr'><strong>quas</strong></span> <span class='ocrx_word' id='word_1_514' title='bbox 3482 2870 3624 2925; x_wconf 71' lang='lat' dir='ltr'><strong>pree-</strong></span> 
     </span>
    </p>
   </div>
   <div class='ocr_carea' id='block_1_74' title="bbox 2034 2940 3625 3011">
    <p class='ocr_par' dir='ltr' id='par_1_74' title="bbox 2034 2940 3625 3011">
     <span class='ocr_line' id='line_1_74' title="bbox 2034 2940 3625 3011; baseline 0 -16"><span class='ocrx_word' id='word_1_515' title='bbox 2034 2950 2245 2996; x_wconf 88' lang='lat' dir='ltr'><strong>sentem</strong></span> <span class='ocrx_word' id='word_1_516' title='bbox 2288 2941 2431 2997; x_wconf 88' lang='lat' dir='ltr'><strong>hanc</strong></span> <span class='ocrx_word' id='word_1_517' title='bbox 2470 2940 2847 2997; x_wconf 83' lang='lat' dir='ltr'><strong>conditionem</strong></span> <span class='ocrx_word' id='word_1_518' title='bbox 2901 2956 3077 2997; x_wconf 88' lang='lat' dir='ltr'><strong>meam</strong></span> <span class='ocrx_word' id='word_1_519' title='bbox 3138 2940 3431 2997; x_wconf 78' lang='lat' dir='ltr'><strong>excellenti</strong></span> <span class='ocrx_word' id='word_1_520' title='bbox 3479 2956 3625 3011; x_wconf 71' lang='lat' dir='ltr'><strong>prae-</strong></span> 
     </span>
    </p>
   </div>
   <div class='ocr_carea' id='block_1_75' title="bbox 2032 3030 3623 3104">
    <p class='ocr_par' dir='ltr' id='par_1_75' title="bbox 2032 3030 3623 3104">
     <span class='ocr_line' id='line_1_75' title="bbox 2032 3030 3623 3104; baseline -0.002 -17"><span class='ocrx_word' id='word_1_521' title='bbox 2032 3032 2232 3087; x_wconf 87' lang='lat' dir='ltr'><strong>stantia</strong></span> <span class='ocrx_word' id='word_1_522' title='bbox 2260 3033 2452 3088; x_wconf 85' lang='lat' dir='ltr'><strong>multis</strong></span> <span class='ocrx_word' id='word_1_523' title='bbox 2486 3033 2741 3103; x_wconf 80' lang='lat' dir='ltr'><strong>partibus</strong></span> <span class='ocrx_word' id='word_1_524' title='bbox 2768 3040 2895 3103; x_wconf 89' lang='lat' dir='ltr'><strong>post</strong></span> <span class='ocrx_word' id='word_1_525' title='bbox 2921 3046 2981 3087; x_wconf 85' lang='lat' dir='ltr'><strong>se</strong></span> <span class='ocrx_word' id='word_1_526' title='bbox 3005 3031 3302 3104; x_wconf 88' lang='lat' dir='ltr'><strong>relinquat.</strong></span> <span class='ocrx_word' id='word_1_527' title='bbox 3325 3030 3541 3087; x_wconf 88' lang='lat' dir='ltr'><strong>Etenim</strong></span> <span class='ocrx_word' id='word_1_528' title='bbox 3576 3031 3623 3089; x_wconf 88' lang='lat' dir='ltr'><strong>si</strong></span> 
     </span>
    </p>
   </div>
   <div class='ocr_carea' id='block_1_76' title="bbox 2034 3119 3622 3191">
    <p class='ocr_par' dir='ltr' id='par_1_76' title="bbox 2034 3119 3622 3191">
     <span class='ocr_line' id='line_1_76' title="bbox 2034 3119 3622 3191; baseline -0.001 -17"><span class='ocrx_word' id='word_1_529' title='bbox 2034 3130 2092 3175; x_wconf 89' lang='lat' dir='ltr'><strong>et</strong></span> <span class='ocrx_word' id='word_1_530' title='bbox 2125 3122 2420 3179; x_wconf 86' lang='lat' dir='ltr'><strong>inanimem</strong></span> <span class='ocrx_word' id='word_1_531' title='bbox 2447 3133 2699 3179; x_wconf 90' lang='lat' dir='ltr'><strong>naturam</strong></span> <span class='ocrx_word' id='word_1_532' title='bbox 2721 3125 3113 3180; x_wconf 88' lang='lat' dir='ltr'><strong>immutaturus</strong></span> <span class='ocrx_word' id='word_1_533' title='bbox 3136 3134 3242 3189; x_wconf 84' lang='lat' dir='ltr'><strong>est,</strong></span> <span class='ocrx_word' id='word_1_534' title='bbox 3273 3131 3329 3177; x_wconf 91' lang='lat' dir='ltr'><strong>et</strong></span> <span class='ocrx_word' id='word_1_535' title='bbox 3352 3119 3622 3191; x_wconf 81' lang='lat' dir='ltr'><strong>quidquid</strong></span> 
     </span>
    </p>
   </div>
   <div class='ocr_carea' id='block_1_77' title="bbox 2038 3211 3623 3279">
    <p class='ocr_par' dir='ltr' id='par_1_77' title="bbox 2038 3211 3623 3279">
     <span class='ocr_line' id='line_1_77' title="bbox 2038 3211 3623 3279; baseline -0.001 -14"><span class='ocrx_word' id='word_1_536' title='bbox 2038 3211 2180 3266; x_wconf 90' lang='lat' dir='ltr'><strong>inter</strong></span> <span class='ocrx_word' id='word_1_537' title='bbox 2218 3212 2470 3268; x_wconf 90' lang='lat' dir='ltr'><strong>homines</strong></span> <span class='ocrx_word' id='word_1_538' title='bbox 2502 3216 2796 3279; x_wconf 87' lang='lat' dir='ltr'><strong>ministrat,</strong></span> <span class='ocrx_word' id='word_1_539' title='bbox 2830 3229 2895 3270; x_wconf 90' lang='lat' dir='ltr'><strong>ac</strong></span> <span class='ocrx_word' id='word_1_540' title='bbox 2919 3216 3113 3279; x_wconf 82' lang='lat' dir='ltr'><strong>servit,</strong></span> <span class='ocrx_word' id='word_1_541' title='bbox 3148 3228 3236 3269; x_wconf 90' lang='lat' dir='ltr'><strong>me</strong></span> <span class='ocrx_word' id='word_1_542' title='bbox 3268 3228 3433 3267; x_wconf 89' lang='lat' dir='ltr'><strong>unam</strong></span> <span class='ocrx_word' id='word_1_543' title='bbox 3464 3226 3623 3265; x_wconf 87' lang='lat' dir='ltr'><strong>men-</strong></span> 
     </span>
    </p>
   </div>
   <div class='ocr_carea' id='block_1_78' title="bbox 2041 3301 3619 3374">
    <p class='ocr_par' dir='ltr' id='par_1_78' title="bbox 2041 3301 3619 3374">
     <span class='ocr_line' id='line_1_78' title="bbox 2041 3301 3619 3374; baseline -0.001 -17"><span class='ocrx_word' id='word_1_544' title='bbox 2041 3304 2111 3358; x_wconf 93' lang='lat' dir='ltr'><strong>tis</strong></span> <span class='ocrx_word' id='word_1_545' title='bbox 2136 3312 2192 3358; x_wconf 84' lang='lat' dir='ltr'><strong>et</strong></span> <span class='ocrx_word' id='word_1_546' title='bbox 2234 3303 2452 3359; x_wconf 91' lang='lat' dir='ltr'><strong>consilii</strong></span> <span class='ocrx_word' id='word_1_547' title='bbox 2495 3303 2843 3373; x_wconf 89' lang='lat' dir='ltr'><strong>participem,</strong></span> <span class='ocrx_word' id='word_1_548' title='bbox 2872 3316 2930 3358; x_wconf 90' lang='lat' dir='ltr'><strong>et</strong></span> <span class='ocrx_word' id='word_1_549' title='bbox 2970 3303 3036 3357; x_wconf 89' lang='lat' dir='ltr'><strong>ad</strong></span> <span class='ocrx_word' id='word_1_550' title='bbox 3080 3302 3370 3374; x_wconf 80' lang='lat' dir='ltr'><strong>imaginem</strong></span> <span class='ocrx_word' id='word_1_551' title='bbox 3395 3301 3492 3356; x_wconf 89' lang='lat' dir='ltr'><strong>Dei</strong></span> <span class='ocrx_word' id='word_1_552' title='bbox 3537 3301 3619 3355; x_wconf 81' lang='lat' dir='ltr'><strong>fa-</strong></span> 
     </span>
    </p>
   </div>
   <div class='ocr_carea' id='block_1_79' title="bbox 2032 3393 3607 3462">
    <p class='ocr_par' dir='ltr' id='par_1_79' title="bbox 2032 3393 3607 3462">
     <span class='ocr_line' id='line_1_79' title="bbox 2032 3393 3607 3462; baseline -0.003 -13"><span class='ocrx_word' id='word_1_553' title='bbox 2032 3403 2200 3457; x_wconf 89' lang='lat' dir='ltr'><strong>ctam,</strong></span> <span class='ocrx_word' id='word_1_554' title='bbox 2229 3409 2301 3448; x_wconf 90' lang='lat' dir='ltr'><strong>an</strong></span> <span class='ocrx_word' id='word_1_555' title='bbox 2336 3410 2448 3448; x_wconf 91' lang='lat' dir='ltr'><strong>non</strong></span> <span class='ocrx_word' id='word_1_556' title='bbox 2489 3410 2755 3449; x_wconf 85' lang='lat' dir='ltr'><strong>exornare</strong></span> <span class='ocrx_word' id='word_1_557' title='bbox 2788 3432 2804 3457; x_wconf 88' lang='lat'><strong>,</strong></span> <span class='ocrx_word' id='word_1_558' title='bbox 2828 3409 2898 3448; x_wconf 87' lang='lat' dir='ltr'><strong>an</strong></span> <span class='ocrx_word' id='word_1_559' title='bbox 2951 3409 3061 3448; x_wconf 89' lang='lat' dir='ltr'><strong>non</strong></span> <span class='ocrx_word' id='word_1_560' title='bbox 3085 3393 3251 3448; x_wconf 87' lang='lat' dir='ltr'><strong>etiam</strong></span> <span class='ocrx_word' id='word_1_561' title='bbox 3287 3393 3409 3461; x_wconf 89' lang='lat' dir='ltr'><strong>plus</strong></span> <span class='ocrx_word' id='word_1_562' title='bbox 3439 3407 3607 3462; x_wconf 90' lang='lat' dir='ltr'><strong>quam</strong></span> 
     </span>
    </p>
   </div>
   <div class='ocr_carea' id='block_1_80' title="bbox 2036 3483 3618 3549">
    <p class='ocr_par' dir='ltr' id='par_1_80' title="bbox 2036 3483 3618 3549">
     <span class='ocr_line' id='line_1_80' title="bbox 2036 3483 3618 3549; baseline -0.001 -11"><span class='ocrx_word' id='word_1_563' title='bbox 2036 3484 2305 3539; x_wconf 89' lang='lat' dir='ltr'><strong>mundum</strong></span> <span class='ocrx_word' id='word_1_564' title='bbox 2328 3484 2687 3541; x_wconf 87' lang='lat' dir='ltr'><strong>cohonestare</strong></span> <span class='ocrx_word' id='word_1_565' title='bbox 2730 3483 3172 3539; x_wconf 78' lang='lat' dir='ltr'><strong>convenitHam</strong></span> <span class='ocrx_word' id='word_1_566' title='bbox 3223 3492 3277 3537; x_wconf 90' lang='lat' dir='ltr'><strong>tu</strong></span> <span class='ocrx_word' id='word_1_567' title='bbox 3325 3498 3413 3537; x_wconf 84' lang='lat' dir='ltr'><strong>me</strong></span> <span class='ocrx_word' id='word_1_568' title='bbox 3455 3483 3618 3549; x_wconf 89' lang='lat' dir='ltr'><strong>doce,</strong></span> 
     </span>
    </p>
   </div>
   <div class='ocr_carea' id='block_1_81' title="bbox 2036 3575 3107 3649">
    <p class='ocr_par' dir='ltr' id='par_1_81' title="bbox 2036 3575 3107 3649">
     <span class='ocr_line' id='line_1_81' title="bbox 2036 3575 3107 3649; baseline -0.001 -18"><span class='ocrx_word' id='word_1_569' title='bbox 2036 3576 2167 3649; x_wconf 85' lang='lat' dir='ltr'><strong>quid</strong></span> <span class='ocrx_word' id='word_1_570' title='bbox 2203 3584 2520 3648; x_wconf 66' lang='lat' dir='ltr'><strong>exspecmre</strong></span> <span class='ocrx_word' id='word_1_571' title='bbox 2549 3584 2980 3632; x_wconf 89' lang='lat' dir='ltr'><strong>consentaneum</strong></span> <span class='ocrx_word' id='word_1_572' title='bbox 3013 3575 3107 3631; x_wconf 89' lang='lat' dir='ltr'><strong>sit.</strong></span> 
     </span>
    </p>
   </div>
   <div class='ocr_carea' id='block_1_82' title="bbox 2101 3660 3620 3735">
    <p class='ocr_par' dir='ltr' id='par_1_82' title="bbox 2101 3660 3620 3735">
     <span class='ocr_line' id='line_1_82' title="bbox 2101 3660 3620 3735; baseline -0.006 -13"><span class='ocrx_word' id='word_1_573' title='bbox 2101 3666 2269 3723; x_wconf 62' lang='lat' dir='ltr'><strong>Cano.</strong></span> <span class='ocrx_word' id='word_1_574' title='bbox 2298 3667 2360 3722; x_wconf 85' lang='lat' dir='ltr'><strong>In</strong></span> <span class='ocrx_word' id='word_1_575' title='bbox 2414 3666 2585 3721; x_wconf 84' lang='lat' dir='ltr'><strong>altum</strong></span> <span class='ocrx_word' id='word_1_576' title='bbox 2630 3665 2906 3735; x_wconf 88' lang='lat' dir='ltr'><strong>quoddam</strong></span> <span class='ocrx_word' id='word_1_577' title='bbox 2966 3664 3192 3735; x_wconf 82' lang='lat' dir='ltr'><strong>pelagus</strong></span> <span class='ocrx_word' id='word_1_578' title='bbox 3223 3660 3620 3730; x_wconf 81' lang='lat' dir='ltr'><strong>cOgitatiouuiu</strong></span> 
     </span>
    </p>
   </div>
   <div class='ocr_carea' id='block_1_83' title="bbox 2034 3752 3618 3826">
    <p class='ocr_par' dir='ltr' id='par_1_83' title="bbox 2034 3752 3618 3826">
     <span class='ocr_line' id='line_1_83' title="bbox 2034 3752 3618 3826; baseline -0.008 -9"><span class='ocrx_word' id='word_1_579' title='bbox 2034 3776 2099 3817; x_wconf 86' lang='lat' dir='ltr'><strong>ac</strong></span> <span class='ocrx_word' id='word_1_580' title='bbox 2134 3775 2392 3816; x_wconf 88' lang='lat' dir='ltr'><strong>sensuum</strong></span> <span class='ocrx_word' id='word_1_581' title='bbox 2423 3774 2511 3814; x_wconf 89' lang='lat' dir='ltr'><strong>me</strong></span> <span class='ocrx_word' id='word_1_582' title='bbox 2547 3757 2783 3814; x_wconf 88' lang='lat' dir='ltr'><strong>inducis.</strong></span> <span class='ocrx_word' id='word_1_583' title='bbox 2809 3756 2968 3824; x_wconf 93' lang='lat' dir='ltr'><strong>Quod</strong></span> <span class='ocrx_word' id='word_1_584' title='bbox 3001 3756 3150 3812; x_wconf 86' lang='lat' dir='ltr'><strong>enim</strong></span> <span class='ocrx_word' id='word_1_585' title='bbox 3179 3755 3404 3826; x_wconf 69' lang='lat' dir='ltr'><strong>quaeris,</strong></span> <span class='ocrx_word' id='word_1_586' title='bbox 3462 3752 3618 3807; x_wconf 80' lang='lat' dir='ltr'><strong>labo-</strong></span> 
     </span>
    </p>
   </div>
   <div class='ocr_carea' id='block_1_84' title="bbox 2036 3845 3623 3922">
    <p class='ocr_par' dir='ltr' id='par_1_84' title="bbox 2036 3845 3623 3922">
     <span class='ocr_line' id='line_1_84' title="bbox 2036 3845 3623 3922; baseline -0.005 -13"><span class='ocrx_word' id='word_1_587' title='bbox 2036 3856 2240 3910; x_wconf 90' lang='lat' dir='ltr'><strong>riosum</strong></span> <span class='ocrx_word' id='word_1_588' title='bbox 2272 3860 2357 3909; x_wconf 89' lang='lat' dir='ltr'><strong>est</strong></span> <span class='ocrx_word' id='word_1_589' title='bbox 2388 3860 2446 3908; x_wconf 91' lang='lat' dir='ltr'><strong>et</strong></span> <span class='ocrx_word' id='word_1_590' title='bbox 2464 3851 2772 3922; x_wconf 85' lang='lat' dir='ltr'><strong>copiosum,</strong></span> <span class='ocrx_word' id='word_1_591' title='bbox 2805 3866 2909 3906; x_wconf 90' lang='lat' dir='ltr'><strong>nec</strong></span> <span class='ocrx_word' id='word_1_592' title='bbox 2938 3849 3097 3905; x_wconf 79' lang='lat' dir='ltr'><strong>facile</strong></span> <span class='ocrx_word' id='word_1_593' title='bbox 3117 3849 3239 3920; x_wconf 88' lang='lat' dir='ltr'><strong>ejus</strong></span> <span class='ocrx_word' id='word_1_594' title='bbox 3263 3848 3443 3903; x_wconf 79' lang='lat' dir='ltr'><strong>exitus</strong></span> <span class='ocrx_word' id='word_1_595' title='bbox 3470 3845 3623 3901; x_wconf 82' lang='lat' dir='ltr'><strong>inve-</strong></span> 
     </span>
    </p>
   </div>
   <div class='ocr_carea' id='block_1_85' title="bbox 2034 3937 3623 4014">
    <p class='ocr_par' dir='ltr' id='par_1_85' title="bbox 2034 3937 3623 4014">
     <span class='ocr_line' id='line_1_85' title="bbox 2034 3937 3623 4014; baseline -0.004 -15"><span class='ocrx_word' id='word_1_596' title='bbox 2034 3945 2142 4000; x_wconf 91' lang='lat' dir='ltr'><strong>niri</strong></span> <span class='ocrx_word' id='word_1_597' title='bbox 2169 3952 2369 4014; x_wconf 88' lang='lat' dir='ltr'><strong>potest,</strong></span> <span class='ocrx_word' id='word_1_598' title='bbox 2407 3960 2508 4000; x_wconf 91' lang='lat' dir='ltr'><strong>nec</strong></span> <span class='ocrx_word' id='word_1_599' title='bbox 2550 3952 2635 3999; x_wconf 90' lang='lat' dir='ltr'><strong>est</strong></span> <span class='ocrx_word' id='word_1_600' title='bbox 2667 3949 2725 3998; x_wconf 92' lang='lat' dir='ltr'><strong>ut</strong></span> <span class='ocrx_word' id='word_1_601' title='bbox 2751 3944 3043 4012; x_wconf 86' lang='lat' dir='ltr'><strong>quisquam</strong></span> <span class='ocrx_word' id='word_1_602' title='bbox 3084 3940 3139 3995; x_wconf 88' lang='lat' dir='ltr'><strong>id</strong></span> <span class='ocrx_word' id='word_1_603' title='bbox 3187 3954 3359 4010; x_wconf 87' lang='lat' dir='ltr'><strong>parvo</strong></span> <span class='ocrx_word' id='word_1_604' title='bbox 3401 3937 3623 4006; x_wconf 89' lang='lat' dir='ltr'><strong>negotio</strong></span> 
     </span>
    </p>
   </div>
   <div class='ocr_carea' id='block_1_86' title="bbox 2034 4030 3620 4108">
    <p class='ocr_par' dir='ltr' id='par_1_86' title="bbox 2034 4030 3620 4108">
     <span class='ocr_line' id='line_1_86' title="bbox 2034 4030 3620 4108; baseline -0.007 -16"><span class='ocrx_word' id='word_1_605' title='bbox 2034 4046 2359 4107; x_wconf 86' lang='lat' dir='ltr'><strong>assequatur</strong></span> <span class='ocrx_word' id='word_1_606' title='bbox 2385 4044 2441 4091; x_wconf 89' lang='lat' dir='ltr'><strong>et</strong></span> <span class='ocrx_word' id='word_1_607' title='bbox 2478 4035 2765 4108; x_wconf 84' lang='lat' dir='ltr'><strong>intelligat.</strong></span> <span class='ocrx_word' id='word_1_608' title='bbox 2791 4035 3007 4097; x_wconf 84' lang='lat' dir='ltr'><strong>Haereo,</strong></span> <span class='ocrx_word' id='word_1_609' title='bbox 3035 4032 3221 4097; x_wconf 91' lang='lat' dir='ltr'><strong>timco,</strong></span> <span class='ocrx_word' id='word_1_610' title='bbox 3249 4030 3620 4084; x_wconf 84' lang='lat' dir='ltr'><strong>obscuritates</strong></span> 
     </span>
    </p>
   </div>
   <div class='ocr_carea' id='block_1_87' title="bbox 2034 4118 3620 4199">
    <p class='ocr_par' dir='ltr' id='par_1_87' title="bbox 2034 4118 3620 4199">
     <span class='ocr_line' id='line_1_87' title="bbox 2034 4118 3620 4199; baseline -0.006 -16"><span class='ocrx_word' id='word_1_611' title='bbox 2034 4140 2090 4183; x_wconf 87' lang='lat' dir='ltr'><strong>et</strong></span> <span class='ocrx_word' id='word_1_612' title='bbox 2112 4129 2400 4199; x_wconf 75' lang='lat' dir='ltr'><strong>aenigmata</strong></span> <span class='ocrx_word' id='word_1_613' title='bbox 2434 4127 2695 4197; x_wconf 88' lang='lat' dir='ltr'><strong>loqueris.</strong></span> <span class='ocrx_word' id='word_1_614' title='bbox 2738 4125 3050 4181; x_wconf 87' lang='lat' dir='ltr'><strong>Doctiorem</strong></span> <span class='ocrx_word' id='word_1_615' title='bbox 3098 4131 3446 4193; x_wconf 80' lang='lat' dir='ltr'><strong>percontare,</strong></span> <span class='ocrx_word' id='word_1_616' title='bbox 3483 4118 3620 4174; x_wconf 92' lang='lat' dir='ltr'><strong>mihi</strong></span> 
     </span>
    </p>
   </div>
   <div class='ocr_carea' id='block_1_88' title="bbox 2036 4219 2731 4290">
    <p class='ocr_par' dir='ltr' id='par_1_88' title="bbox 2036 4219 2731 4290">
     <span class='ocr_line' id='line_1_88' title="bbox 2036 4219 2731 4290; baseline -0.009 -13"><span class='ocrx_word' id='word_1_617' title='bbox 2036 4232 2097 4277; x_wconf 94' lang='lat' dir='ltr'><strong>ut</strong></span> <span class='ocrx_word' id='word_1_618' title='bbox 2128 4220 2457 4290; x_wconf 88' lang='lat' dir='ltr'><strong>imperitiori</strong></span> <span class='ocrx_word' id='word_1_619' title='bbox 2490 4219 2731 4289; x_wconf 87' lang='lat' dir='ltr'><strong>ignosce.</strong></span> 
     </span>
    </p>
   </div>
   <div class='ocr_carea' id='block_1_89' title="bbox 2105 4304 3617 4368">
    <p class='ocr_par' dir='ltr' id='par_1_89' title="bbox 2105 4304 3617 4368">
     <span class='ocr_line' id='line_1_89' title="bbox 2105 4304 3617 4368; baseline -0.006 0"><span class='ocrx_word' id='word_1_620' title='bbox 2105 4314 2299 4368; x_wconf 65' lang='lat' dir='ltr'><strong>ANIIA.</strong></span> <span class='ocrx_word' id='word_1_621' title='bbox 2338 4311 2519 4366; x_wconf 82' lang='lat' dir='ltr'><strong>Alium</strong></span> <span class='ocrx_word' id='word_1_622' title='bbox 2564 4309 2758 4365; x_wconf 89' lang='lat' dir='ltr'><strong>audire</strong></span> <span class='ocrx_word' id='word_1_623' title='bbox 2823 4317 2881 4364; x_wconf 88' lang='lat' dir='ltr'><strong>et</strong></span> <span class='ocrx_word' id='word_1_624' title='bbox 2933 4307 3003 4362; x_wconf 91' lang='lat' dir='ltr'><strong>ab</strong></span> <span class='ocrx_word' id='word_1_625' title='bbox 3053 4307 3160 4362; x_wconf 90' lang='lat' dir='ltr'><strong>alio</strong></span> <span class='ocrx_word' id='word_1_626' title='bbox 3207 4307 3419 4361; x_wconf 85' lang='lat' dir='ltr'><strong>discere</strong></span> <span class='ocrx_word' id='word_1_627' title='bbox 3467 4304 3617 4359; x_wconf 90' lang='lat' dir='ltr'><strong>nolo.</strong></span> 
     </span>
    </p>
   </div>
   <div class='ocr_carea' id='block_1_90' title="bbox 2036 4395 3622 4475">
    <p class='ocr_par' dir='ltr' id='par_1_90' title="bbox 2036 4395 3622 4475">
     <span class='ocr_line' id='line_1_90' title="bbox 2036 4395 3622 4475; baseline -0.008 -14"><span class='ocrx_word' id='word_1_628' title='bbox 2036 4406 2171 4461; x_wconf 87' lang='lat' dir='ltr'><strong>Nam</strong></span> <span class='ocrx_word' id='word_1_629' title='bbox 2206 4403 2353 4475; x_wconf 90' lang='lat' dir='ltr'><strong>quod</strong></span> <span class='ocrx_word' id='word_1_630' title='bbox 2375 4401 2475 4459; x_wconf 89' lang='lat' dir='ltr'><strong>tibi</strong></span> <span class='ocrx_word' id='word_1_631' title='bbox 2506 4401 2682 4466; x_wconf 85' lang='lat' dir='ltr'><strong>adest,</strong></span> <span class='ocrx_word' id='word_1_632' title='bbox 2709 4415 2809 4457; x_wconf 88' lang='lat' dir='ltr'><strong>cur</strong></span> <span class='ocrx_word' id='word_1_633' title='bbox 2838 4399 2892 4454; x_wconf 90' lang='lat' dir='ltr'><strong>id</strong></span> <span class='ocrx_word' id='word_1_634' title='bbox 2935 4398 3155 4453; x_wconf 88' lang='lat' dir='ltr'><strong>aliunde</strong></span> <span class='ocrx_word' id='word_1_635' title='bbox 3199 4398 3430 4468; x_wconf 90' lang='lat' dir='ltr'><strong>petitum</strong></span> <span class='ocrx_word' id='word_1_636' title='bbox 3457 4395 3622 4451; x_wconf 75' lang='lat' dir='ltr'><strong>eam?</strong></span> 
     </span>
    </p>
   </div>
   <div class='ocr_carea' id='block_1_91' title="bbox 1575 4527 2379 4609">
    <p class='ocr_par' dir='ltr' id='par_1_91' title="bbox 1575 4527 2379 4609">
     <span class='ocr_line' id='line_1_91' title="bbox 1575 4527 2379 4609; baseline -0.002 -21"><span class='ocrx_word' id='word_1_637' title='bbox 1575 4584 1597 4609; x_wconf 74' lang='grc'><strong><em>,</em></strong></span> <span class='ocrx_word' id='word_1_638' title='bbox 1624 4527 1841 4589; x_wconf 78' lang='lat' dir='ltr'><strong>Jacobi</strong></span> <span class='ocrx_word' id='word_1_639' title='bbox 1877 4528 2152 4591; x_wconf 84' lang='lat' dir='ltr'><strong>Gretseri</strong></span> <span class='ocrx_word' id='word_1_640' title='bbox 2188 4532 2379 4589; x_wconf 73' lang='lat' dir='ltr'><strong>noue.</strong></span> 
     </span>
    </p>
   </div>
   <div class='ocr_carea' id='block_1_92' title="bbox 357 4639 3616 4723">
    <p class='ocr_par' dir='ltr' id='par_1_92' title="bbox 357 4639 3616 4723">
     <span class='ocr_line' id='line_1_92' title="bbox 357 4639 3616 4723; baseline -0.006 -11"><span class='ocrx_word' id='word_1_641' title='bbox 357 4658 417 4712; x_wconf 88' lang='lat' dir='ltr'><strong>in</strong></span> <span class='ocrx_word' id='word_1_642' title='bbox 452 4654 653 4710; x_wconf 80' lang='lat' dir='ltr'><strong>inferni</strong></span> <span class='ocrx_word' id='word_1_643' title='bbox 694 4670 914 4711; x_wconf 86' lang='lat' dir='ltr'><strong>carcere</strong></span> <span class='ocrx_word' id='word_1_644' title='bbox 948 4655 1182 4716; x_wconf 86' lang='lat' dir='ltr'><strong>versari,</strong></span> <span class='ocrx_word' id='word_1_645' title='bbox 1216 4668 1344 4709; x_wconf 90' lang='lat' dir='ltr'><strong>eum</strong></span> <span class='ocrx_word' id='word_1_646' title='bbox 1386 4652 1577 4722; x_wconf 88' lang='lat' dir='ltr'><strong>utique</strong></span> <span class='ocrx_word' id='word_1_647' title='bbox 1610 4652 1931 4710; x_wconf 91' lang='lat' dir='ltr'><strong>damnatum</strong></span> <span class='ocrx_word' id='word_1_648' title='bbox 1966 4660 2009 4715; x_wconf 87' lang='lat' dir='ltr'><strong>D</strong></span> <span class='ocrx_word' id='word_1_649' title='bbox 2041 4657 2112 4711; x_wconf 81' lang='lat' dir='ltr'><strong>ad</strong></span> <span class='ocrx_word' id='word_1_650' title='bbox 2164 4660 2531 4723; x_wconf 65' lang='lat' dir='ltr'><strong>augmentum</strong></span> <span class='ocrx_word' id='word_1_651' title='bbox 2555 4648 2823 4719; x_wconf 80' lang='lat' dir='ltr'><strong>supplicii.</strong></span> <span class='ocrx_word' id='word_1_652' title='bbox 2864 4644 2999 4723; x_wconf 74' lang='lat' dir='ltr'><strong>_H:ec_</strong></span> <span class='ocrx_word' id='word_1_653' title='bbox 3044 4640 3357 4723; x_wconf 57' lang='lat' dir='ltr'><strong>[iurandus</strong></span> <span class='ocrx_word' id='word_1_654' title='bbox 3394 4639 3616 4723; x_wconf 64' lang='lat' dir='ltr'><strong>Dioptra</strong></span> 
     </span>
    </p>
   </div>
   <div class='ocr_carea' id='block_1_93' title="bbox 350 4722 1932 4797">
    <p class='ocr_par' dir='ltr' id='par_1_93' title="bbox 350 4722 1932 4797">
     <span class='ocr_line' id='line_1_93' title="bbox 350 4722 1932 4797; baseline -0.002 -15"><span class='ocrx_word' id='word_1_655' title='bbox 350 4741 480 4797; x_wconf 82' lang='lat' dir='ltr'><strong>esse</strong></span> <span class='ocrx_word' id='word_1_656' title='bbox 506 4732 662 4781; x_wconf 88' lang='lat' dir='ltr'><strong>certo</strong></span> <span class='ocrx_word' id='word_1_657' title='bbox 689 4734 1007 4797; x_wconf 80' lang='lat' dir='ltr'><strong>cognoscet,</strong></span> <span class='ocrx_word' id='word_1_658' title='bbox 1040 4724 1253 4779; x_wconf 90' lang='lat' dir='ltr'><strong>etiamsi</strong></span> <span class='ocrx_word' id='word_1_659' title='bbox 1286 4723 1498 4797; x_wconf 84' lang='lat' dir='ltr'><strong>nesciat</strong></span> <span class='ocrx_word' id='word_1_660' title='bbox 1523 4722 1648 4792; x_wconf 90' lang='lat' dir='ltr'><strong>quis</strong></span> <span class='ocrx_word' id='word_1_661' title='bbox 1684 4723 1932 4797; x_wconf 79' lang='lat' dir='ltr'><strong>qualisve</strong></span> 
     </span>
    </p>
   </div>
   <div class='ocr_carea' id='block_1_94' title="bbox 359 4794 1934 4872">
    <p class='ocr_par' dir='ltr' id='par_1_94' title="bbox 359 4794 1934 4872">
     <span class='ocr_line' id='line_1_94' title="bbox 359 4794 1934 4872; baseline -0.001 -22"><span class='ocrx_word' id='word_1_662' title='bbox 359 4796 435 4872; x_wconf 79' lang='lat' dir='ltr'><strong>sit</strong></span> <span class='ocrx_word' id='word_1_663' title='bbox 467 4794 522 4849; x_wconf 91' lang='lat' dir='ltr'><strong>in</strong></span> <span class='ocrx_word' id='word_1_664' title='bbox 553 4794 948 4872; x_wconf 57' lang='lat' dir='ltr'><strong>specie.&#39;_Q_uod</strong></span> <span class='ocrx_word' id='word_1_665' title='bbox 999 4801 1183 4850; x_wconf 88' lang='lat' dir='ltr'><strong>autem</strong></span> <span class='ocrx_word' id='word_1_666' title='bbox 1215 4794 1342 4863; x_wconf 90' lang='lat' dir='ltr'><strong>quis</strong></span> <span class='ocrx_word' id='word_1_667' title='bbox 1382 4807 1704 4872; x_wconf 43' lang='lat' dir='ltr'><strong>eumnquem</strong></span> <span class='ocrx_word' id='word_1_668' title='bbox 1738 4794 1794 4847; x_wconf 92' lang='lat' dir='ltr'><strong>in</strong></span> <span class='ocrx_word' id='word_1_669' title='bbox 1814 4794 1934 4872; x_wconf 84' lang='lat' dir='ltr'><strong>_hac</strong></span> 
     </span>
    </p>
   </div>
   <div class='ocr_carea' id='block_1_95' title="bbox 355 4862 1934 4946">
    <p class='ocr_par' dir='ltr' id='par_1_95' title="bbox 355 4862 1934 4946">
     <span class='ocr_line' id='line_1_95' title="bbox 355 4862 1934 4946; baseline 0.001 -27"><span class='ocrx_word' id='word_1_670' title='bbox 355 4865 470 4946; x_wconf 78' lang='lat' dir='ltr'><strong>vita</strong></span> <span class='ocrx_word' id='word_1_671' title='bbox 494 4862 669 4927; x_wconf 76' lang='lat' dir='ltr'><strong>novit,</strong></span> <span class='ocrx_word' id='word_1_672' title='bbox 692 4875 754 4946; x_wconf 68' lang='lat' dir='ltr'><strong>ut</strong></span> <span class='ocrx_word' id='word_1_673' title='bbox 776 4865 922 4946; x_wconf 77' lang='lat' dir='ltr'><strong>illius</strong></span> <span class='ocrx_word' id='word_1_674' title='bbox 945 4862 1252 4946; x_wconf 65' lang='lat' dir='ltr'><strong>parentem,</strong></span> <span class='ocrx_word' id='word_1_675' title='bbox 1275 4862 1697 4946; x_wconf 34' lang='lat' dir='ltr'><strong>parens‘ﬁlium,</strong></span> <span class='ocrx_word' id='word_1_676' title='bbox 1720 4863 1934 4946; x_wconf 72' lang='lat' dir='ltr'><strong>amicus</strong></span> 
     </span>
    </p>
   </div>
   <div class='ocr_carea' id='block_1_96' title="bbox 358 4934 1934 5003">
    <p class='ocr_par' dir='ltr' id='par_1_96' title="bbox 358 4934 1934 5003">
     <span class='ocr_line' id='line_1_96' title="bbox 358 4934 1934 5003; baseline -0.002 -12"><span class='ocrx_word' id='word_1_677' title='bbox 358 4936 621 4996; x_wconf 88' lang='lat' dir='ltr'><strong>amicum.</strong></span> <span class='ocrx_word' id='word_1_678' title='bbox 662 4936 828 4991; x_wconf 92' lang='lat' dir='ltr'><strong>ctiam</strong></span> <span class='ocrx_word' id='word_1_679' title='bbox 866 4936 920 4990; x_wconf 92' lang='lat' dir='ltr'><strong>iu</strong></span> <span class='ocrx_word' id='word_1_680' title='bbox 948 4934 1054 4989; x_wconf 89' lang='lat' dir='ltr'><strong>illo</strong></span> <span class='ocrx_word' id='word_1_681' title='bbox 1094 4934 1415 4988; x_wconf 80' lang='lat' dir='ltr'><strong>calamitose</strong></span> <span class='ocrx_word' id='word_1_682' title='bbox 1448 4940 1596 4987; x_wconf 88' lang='lat' dir='ltr'><strong>statu</strong></span> <span class='ocrx_word' id='word_1_683' title='bbox 1648 4934 1934 5003; x_wconf 89' lang='lat' dir='ltr'><strong>agniturus</strong></span> 
     </span>
    </p>
   </div>
   <div class='ocr_carea' id='block_1_97' title="bbox 260 5004 1933 5072">
    <p class='ocr_par' dir='ltr' id='par_1_97' title="bbox 260 5004 1933 5072">
     <span class='ocr_line' id='line_1_97' title="bbox 260 5004 1933 5072; baseline -0.005 -8"><span class='ocrx_word' id='word_1_684' title='bbox 260 5052 272 5064; x_wconf 91' lang='lat'><strong>.</strong></span> <span class='ocrx_word' id='word_1_685' title='bbox 353 5007 451 5072; x_wconf 87' lang='lat' dir='ltr'><strong>sit,</strong></span> <span class='ocrx_word' id='word_1_686' title='bbox 489 5006 541 5061; x_wconf 93' lang='lat' dir='ltr'><strong>id</strong></span> <span class='ocrx_word' id='word_1_687' title='bbox 579 5005 843 5072; x_wconf 89' lang='lat' dir='ltr'><strong>theologi,</strong></span> <span class='ocrx_word' id='word_1_688' title='bbox 873 5021 947 5070; x_wconf 79' lang='lat' dir='ltr'><strong>tv,</strong></span> <span class='ocrx_word' id='word_1_689' title='bbox 980 5004 1181 5066; x_wconf 89' lang='lat' dir='ltr'><strong>d.ult.,</strong></span> <span class='ocrx_word' id='word_1_690' title='bbox 1215 5013 1471 5071; x_wconf 90' lang='lat' dir='ltr'><strong>tanquam</strong></span> <span class='ocrx_word' id='word_1_691' title='bbox 1509 5017 1607 5072; x_wconf 91' lang='lat' dir='ltr'><strong>per</strong></span> <span class='ocrx_word' id='word_1_692' title='bbox 1645 5017 1703 5056; x_wconf 91' lang='lat' dir='ltr'><strong>se</strong></span> <span class='ocrx_word' id='word_1_693' title='bbox 1737 5009 1933 5072; x_wconf 89' lang='lat' dir='ltr'><strong>notum</strong></span> 
     </span>
    </p>
   </div>
   <div class='ocr_carea' id='block_1_98' title="bbox 357 5071 1937 5145">
    <p class='ocr_par' dir='ltr' id='par_1_98' title="bbox 357 5071 1937 5145">
     <span class='ocr_line' id='line_1_98' title="bbox 357 5071 1937 5145; baseline -0.003 -14"><span class='ocrx_word' id='word_1_694' title='bbox 357 5071 671 5145; x_wconf 86' lang='lat' dir='ltr'><strong>supponere</strong></span> <span class='ocrx_word' id='word_1_695' title='bbox 702 5071 981 5130; x_wconf 84' lang='lat' dir='ltr'><strong>videntur.</strong></span> <span class='ocrx_word' id='word_1_696' title='bbox 1010 5074 1199 5145; x_wconf 84' lang='lat' dir='ltr'><strong>Neque</strong></span> <span class='ocrx_word' id='word_1_697' title='bbox 1234 5072 1500 5145; x_wconf 79' lang='lat' dir='ltr'><strong>agnitioni</strong></span> <span class='ocrx_word' id='word_1_698' title='bbox 1536 5071 1937 5145; x_wconf 33' lang='lat' dir='ltr'><strong>huicnobstant</strong></span> 
     </span>
    </p>
   </div>
   <div class='ocr_carea' id='block_1_99' title="bbox 359 5140 1936 5211">
    <p class='ocr_par' dir='ltr' id='par_1_99' title="bbox 359 5140 1936 5211">
     <span class='ocr_line' id='line_1_99' title="bbox 359 5140 1936 5211; baseline -0.001 -13"><span class='ocrx_word' id='word_1_699' title='bbox 359 5140 601 5201; x_wconf 65' lang='lat' dir='ltr'><strong>tenebrat</strong></span> <span class='ocrx_word' id='word_1_700' title='bbox 632 5148 739 5202; x_wconf 65' lang='lat' dir='ltr'><strong>illis</strong></span> <span class='ocrx_word' id='word_1_701' title='bbox 768 5145 1076 5200; x_wconf 83' lang='lat' dir='ltr'><strong>exteriOres</strong></span> <span class='ocrx_word' id='word_1_702' title='bbox 1116 5140 1175 5196; x_wconf 88' lang='lat' dir='ltr'><strong>in</strong></span> <span class='ocrx_word' id='word_1_703' title='bbox 1207 5140 1346 5211; x_wconf 80' lang='lat' dir='ltr'><strong>quas</strong></span> <span class='ocrx_word' id='word_1_704' title='bbox 1376 5141 1622 5195; x_wconf 88' lang='lat' dir='ltr'><strong>damnati</strong></span> <span class='ocrx_word' id='word_1_705' title='bbox 1669 5140 1936 5196; x_wconf 90' lang='lat' dir='ltr'><strong>dicuntur</strong></span> 
     </span>
    </p>
   </div>
   <div class='ocr_carea' id='block_1_100' title="bbox 358 5211 1934 5286">
    <p class='ocr_par' dir='ltr' id='par_1_100' title="bbox 358 5211 1934 5286">
     <span class='ocr_line' id='line_1_100' title="bbox 358 5211 1934 5286; baseline -0.003 -17"><span class='ocrx_word' id='word_1_706' title='bbox 358 5215 582 5286; x_wconf 77' lang='lat' dir='ltr'><strong>conjici,</strong></span> <span class='ocrx_word' id='word_1_707' title='bbox 625 5217 777 5286; x_wconf 90' lang='lat' dir='ltr'><strong>quia,</strong></span> <span class='ocrx_word' id='word_1_708' title='bbox 817 5224 876 5269; x_wconf 92' lang='lat' dir='ltr'><strong>ut</strong></span> <span class='ocrx_word' id='word_1_709' title='bbox 913 5222 1064 5286; x_wconf 75' lang='lat' dir='ltr'><strong>recte</strong></span> <span class='ocrx_word' id='word_1_710' title='bbox 1100 5211 1417 5276; x_wconf 90' lang='lat' dir='ltr'><strong>Durandus,</strong></span> <span class='ocrx_word' id='word_1_711' title='bbox 1447 5226 1530 5286; x_wconf 65' lang='lat' dir='ltr'><strong>iv,</strong></span> <span class='ocrx_word' id='word_1_712' title='bbox 1559 5211 1618 5286; x_wconf 51' lang='grc' dir='ltr'>ιι,</span> <span class='ocrx_word' id='word_1_713' title='bbox 1657 5211 1751 5286; x_wconf 77' lang='lat'><strong>50,</strong></span> <span class='ocrx_word' id='word_1_714' title='bbox 1780 5227 1835 5280; x_wconf 92' lang='lat' dir='ltr'><strong>q.</strong></span> <span class='ocrx_word' id='word_1_715' title='bbox 1883 5214 1934 5275; x_wconf 83' lang='lat' dir='ltr'><strong>t,</strong></span> 
     </span>
    </p>
   </div>
   <div class='ocr_carea' id='block_1_101' title="bbox 355 5281 1938 5352">
    <p class='ocr_par' dir='ltr' id='par_1_101' title="bbox 355 5281 1938 5352">
     <span class='ocr_line' id='line_1_101' title="bbox 355 5281 1938 5352; baseline -0.001 -15"><span class='ocrx_word' id='word_1_716' title='bbox 355 5283 617 5352; x_wconf 86' lang='lat' dir='ltr'><strong>explicat,</strong></span> <span class='ocrx_word' id='word_1_717' title='bbox 644 5281 906 5339; x_wconf 63' lang='lat' dir='ltr'><strong>&#39;tenebra:</strong></span> <span class='ocrx_word' id='word_1_718' title='bbox 968 5284 1076 5337; x_wconf 71' lang='lat' dir='ltr'><strong>illa!</strong></span> <span class='ocrx_word' id='word_1_719' title='bbox 1124 5297 1228 5335; x_wconf 85' lang='lat' dir='ltr'><strong>non</strong></span> <span class='ocrx_word' id='word_1_720' title='bbox 1275 5291 1396 5334; x_wconf 76' lang='lat' dir='ltr'><strong>sunt</strong></span> <span class='ocrx_word' id='word_1_721' title='bbox 1441 5281 1800 5351; x_wconf 68' lang='lat' dir='ltr'><strong>intelligenda:</strong></span> <span class='ocrx_word' id='word_1_722' title='bbox 1844 5298 1938 5350; x_wconf 85' lang='lat' dir='ltr'><strong>per</strong></span> 
     </span>
    </p>
   </div>
   <div class='ocr_carea' id='block_1_102' title="bbox 357 5352 1935 5420">
    <p class='ocr_par' dir='ltr' id='par_1_102' title="bbox 357 5352 1935 5420">
     <span class='ocr_line' id='line_1_102' title="bbox 357 5352 1935 5420; baseline 0 -15"><span class='ocrx_word' id='word_1_723' title='bbox 357 5356 655 5409; x_wconf 82' lang='lat' dir='ltr'><strong>carentium</strong></span> <span class='ocrx_word' id='word_1_724' title='bbox 685 5356 1045 5409; x_wconf 86' lang='lat' dir='ltr'><strong>omnimoaam</strong></span> <span class='ocrx_word' id='word_1_725' title='bbox 1090 5352 1323 5410; x_wconf 81' lang='lat' dir='ltr'><strong>luminis,</strong></span> <span class='ocrx_word' id='word_1_726' title='bbox 1363 5353 1453 5404; x_wconf 76' lang='lat' dir='ltr'><strong>sed</strong></span> <span class='ocrx_word' id='word_1_727' title='bbox 1496 5367 1589 5420; x_wconf 75' lang='lat' dir='ltr'><strong>per</strong></span> <span class='ocrx_word' id='word_1_728' title='bbox 1620 5352 1935 5415; x_wconf 82' lang='lat' dir='ltr'><strong>carentium,</strong></span> 
     </span>
    </p>
   </div>
   <div class='ocr_carea' id='block_1_103' title="bbox 358 5419 1934 5493">
    <p class='ocr_par' dir='ltr' id='par_1_103' title="bbox 358 5419 1934 5493">
     <span class='ocr_line' id='line_1_103' title="bbox 358 5419 1934 5493; baseline -0.001 -18"><span class='ocrx_word' id='word_1_729' title='bbox 358 5432 417 5493; x_wconf 82' lang='lat' dir='ltr'><strong>ut</strong></span> <span class='ocrx_word' id='word_1_730' title='bbox 451 5425 576 5477; x_wconf 75' lang='lat' dir='ltr'><strong>visio</strong></span> <span class='ocrx_word' id='word_1_731' title='bbox 606 5426 721 5493; x_wconf 82' lang='lat' dir='ltr'><strong>ejus</strong></span> <span class='ocrx_word' id='word_1_732' title='bbox 744 5433 821 5478; x_wconf 76' lang='lat' dir='ltr'><strong>est</strong></span> <span class='ocrx_word' id='word_1_733' title='bbox 847 5422 1194 5493; x_wconf 72' lang='lat' dir='ltr'><strong>delectabilis,</strong></span> <span class='ocrx_word' id='word_1_734' title='bbox 1217 5421 1354 5474; x_wconf 84' lang='lat' dir='ltr'><strong>unde</strong></span> <span class='ocrx_word' id='word_1_735' title='bbox 1375 5419 1508 5493; x_wconf 77' lang='lat' dir='ltr'><strong>tales</strong></span> <span class='ocrx_word' id='word_1_736' title='bbox 1532 5423 1759 5493; x_wconf 69' lang='lat' dir='ltr'><strong>tenebris</strong></span> <span class='ocrx_word' id='word_1_737' title='bbox 1782 5430 1934 5493; x_wconf 74' lang='lat' dir='ltr'><strong>erunt</strong></span> 
     </span>
    </p>
   </div>
   <div class='ocr_carea' id='block_1_104' title="bbox 358 5490 1937 5564">
    <p class='ocr_par' dir='ltr' id='par_1_104' title="bbox 358 5490 1937 5564">
     <span class='ocr_line' id='line_1_104' title="bbox 358 5490 1937 5564; baseline 0 -22"><span class='ocrx_word' id='word_1_738' title='bbox 358 5492 417 5543; x_wconf 79' lang='lat' dir='ltr'><strong>in</strong></span> <span class='ocrx_word' id='word_1_739' title='bbox 450 5490 676 5564; x_wconf 78' lang='lat' dir='ltr'><strong>inferno.</strong></span> <span class='ocrx_word' id='word_1_740' title='bbox 710 5496 837 5564; x_wconf 86' lang='lat' dir='ltr'><strong>quia</strong></span> <span class='ocrx_word' id='word_1_741' title='bbox 864 5492 994 5564; x_wconf 78' lang='lat' dir='ltr'><strong>nihil</strong></span> <span class='ocrx_word' id='word_1_742' title='bbox 1020 5492 1288 5564; x_wconf 78' lang='lat' dir='ltr'><strong>perspicue</strong></span> <span class='ocrx_word' id='word_1_743' title='bbox 1314 5492 1604 5564; x_wconf 81' lang='lat' dir='ltr'><strong>videbitur;</strong></span> <span class='ocrx_word' id='word_1_744' title='bbox 1625 5490 1937 5564; x_wconf 70' lang='lat' dir='ltr'><strong>cadmiam-</strong></span> 
     </span>
    </p>
   </div>
   <div class='ocr_carea' id='block_1_105' title="bbox 366 5561 1938 5631">
    <p class='ocr_par' dir='ltr' id='par_1_105' title="bbox 366 5561 1938 5631">
     <span class='ocr_line' id='line_1_105' title="bbox 366 5561 1938 5631; baseline 0.001 -18"><span class='ocrx_word' id='word_1_745' title='bbox 366 5563 519 5614; x_wconf 85' lang='lat' dir='ltr'><strong>modo</strong></span> <span class='ocrx_word' id='word_1_746' title='bbox 549 5561 796 5617; x_wconf 76' lang='lat' dir='ltr'><strong>videbunt</strong></span> <span class='ocrx_word' id='word_1_747' title='bbox 814 5563 883 5618; x_wconf 83' lang='lat' dir='ltr'><strong>ibi</strong></span> <span class='ocrx_word' id='word_1_748' title='bbox 900 5563 994 5616; x_wconf 78' lang='lat' dir='ltr'><strong>sub</strong></span> <span class='ocrx_word' id='word_1_749' title='bbox 1023 5561 1254 5631; x_wconf 85' lang='lat' dir='ltr'><strong>quadam</strong></span> <span class='ocrx_word' id='word_1_750' title='bbox 1281 5561 1650 5614; x_wconf 74' lang='lat' dir='ltr'><strong>tenebrositate</strong></span> <span class='ocrx_word' id='word_1_751' title='bbox 1672 5561 1790 5623; x_wconf 85' lang='lat' dir='ltr'><strong>illa,</strong></span> <span class='ocrx_word' id='word_1_752' title='bbox 1820 5577 1938 5630; x_wconf 73' lang='lat' dir='ltr'><strong>qua:</strong></span> 
     </span>
    </p>
   </div>
   <div class='ocr_carea' id='block_1_106' title="bbox 365 5631 1938 5702">
    <p class='ocr_par' dir='ltr' id='par_1_106' title="bbox 365 5631 1938 5702">
     <span class='ocr_line' id='line_1_106' title="bbox 365 5631 1938 5702; baseline 0.001 -20"><span class='ocrx_word' id='word_1_753' title='bbox 365 5632 694 5702; x_wconf 63' lang='lat' dir='ltr'><strong>amictionem</strong></span> <span class='ocrx_word' id='word_1_754' title='bbox 752 5632 897 5687; x_wconf 79' lang='lat' dir='ltr'><strong>cordi</strong></span> <span class='ocrx_word' id='word_1_755' title='bbox 925 5640 1172 5702; x_wconf 40' lang='lat' dir='ltr'><strong>possunt“</strong></span> <span class='ocrx_word' id='word_1_756' title='bbox 1196 5631 1452 5699; x_wconf 85' lang='lat' dir='ltr'><strong>ingerere.</strong></span> <span class='ocrx_word' id='word_1_757' title='bbox 1488 5631 1655 5693; x_wconf 84' lang='lat' dir='ltr'><strong>Unde,</strong></span> <span class='ocrx_word' id='word_1_758' title='bbox 1693 5632 1938 5702; x_wconf 81' lang='lat' dir='ltr'><strong>damnati</strong></span> 
     </span>
    </p>
   </div>
   <div class='ocr_carea' id='block_1_107' title="bbox 362 5698 1935 5772">
    <p class='ocr_par' dir='ltr' id='par_1_107' title="bbox 362 5698 1935 5772">
     <span class='ocr_line' id='line_1_107' title="bbox 362 5698 1935 5772; baseline -0.001 -21"><span class='ocrx_word' id='word_1_759' title='bbox 362 5698 606 5772; x_wconf 76' lang='lat' dir='ltr'><strong>videbunt</strong></span> <span class='ocrx_word' id='word_1_760' title='bbox 651 5720 831 5772; x_wconf 70' lang='lat' dir='ltr'><strong>poenas</strong></span> <span class='ocrx_word' id='word_1_761' title='bbox 851 5698 997 5764; x_wconf 80' lang='lat' dir='ltr'><strong>suas,</strong></span> <span class='ocrx_word' id='word_1_762' title='bbox 1028 5712 1075 5755; x_wconf 88' lang='lat' dir='ltr'><strong>et</strong></span> <span class='ocrx_word' id='word_1_763' title='bbox 1110 5698 1230 5755; x_wconf 83' lang='lat' dir='ltr'><strong>illos</strong></span> <span class='ocrx_word' id='word_1_764' title='bbox 1251 5698 1381 5768; x_wconf 73' lang='lat' dir='ltr'><strong>quos</strong></span> <span class='ocrx_word' id='word_1_765' title='bbox 1418 5716 1593 5772; x_wconf 78' lang='lat' dir='ltr'><strong>secum</strong></span> <span class='ocrx_word' id='word_1_766' title='bbox 1616 5717 1708 5768; x_wconf 82' lang='lat' dir='ltr'><strong>per</strong></span> <span class='ocrx_word' id='word_1_767' title='bbox 1734 5698 1935 5772; x_wconf 78' lang='lat' dir='ltr'><strong>malum</strong></span> 
     </span>
    </p>
   </div>
   <div class='ocr_carea' id='block_1_108' title="bbox 367 5768 1935 5839">
    <p class='ocr_par' dir='ltr' id='par_1_108' title="bbox 367 5768 1935 5839">
     <span class='ocr_line' id='line_1_108' title="bbox 367 5768 1935 5839; baseline 0 -18"><span class='ocrx_word' id='word_1_768' title='bbox 367 5768 661 5839; x_wconf 71' lang='lat' dir='ltr'><strong>exemplum</strong></span> <span class='ocrx_word' id='word_1_769' title='bbox 692 5782 966 5825; x_wconf 70' lang='lat' dir='ltr'><strong>traxerunt</strong></span> <span class='ocrx_word' id='word_1_770' title='bbox 992 5771 1053 5825; x_wconf 83' lang='lat' dir='ltr'><strong>de</strong></span> <span class='ocrx_word' id='word_1_771' title='bbox 1085 5776 1310 5824; x_wconf 83' lang='lat' dir='ltr'><strong>mundo:</strong></span> <span class='ocrx_word' id='word_1_772' title='bbox 1343 5769 1480 5839; x_wconf 79' lang='lat' dir='ltr'><strong>quod</strong></span> <span class='ocrx_word' id='word_1_773' title='bbox 1506 5777 1671 5824; x_wconf 80' lang='lat' dir='ltr'><strong>totum</strong></span> <span class='ocrx_word' id='word_1_774' title='bbox 1698 5770 1837 5823; x_wconf 76' lang='lat' dir='ltr'><strong>cedet</strong></span> <span class='ocrx_word' id='word_1_775' title='bbox 1864 5770 1935 5821; x_wconf 80' lang='lat' dir='ltr'><strong>eis</strong></span> 
     </span>
    </p>
   </div>
   <div class='ocr_carea' id='block_1_109' title="bbox 2042 4708 3616 4793">
    <p class='ocr_par' dir='ltr' id='par_1_109' title="bbox 2042 4708 3616 4793">
     <span class='ocr_line' id='line_1_109' title="bbox 2042 4708 3616 4793; baseline -0.013 -11"><span class='ocrx_word' id='word_1_776' title='bbox 2042 4708 2344 4782; x_wconf 68' lang='lat' dir='ltr'><strong>arbitratur</strong></span> <span class='ocrx_word' id='word_1_777' title='bbox 2398 4720 2535 4775; x_wconf 89' lang='lat' dir='ltr'><strong>nihil</strong></span> <span class='ocrx_word' id='word_1_778' title='bbox 2568 4708 2814 4793; x_wconf 65' lang='lat' dir='ltr'><strong>prorsus</strong></span> <span class='ocrx_word' id='word_1_779' title='bbox 2864 4713 3091 4793; x_wconf 77' lang='lat' dir='ltr'><strong>luminis</strong></span> <span class='ocrx_word' id='word_1_780' title='bbox 3130 4713 3198 4793; x_wconf 40' lang='lat' dir='ltr'><strong>.in</strong></span> <span class='ocrx_word' id='word_1_781' title='bbox 3243 4710 3458 4764; x_wconf 81' lang='lat' dir='ltr'><strong>inferno</strong></span> <span class='ocrx_word' id='word_1_782' title='bbox 3497 4708 3616 4793; x_wconf 62' lang='lat' dir='ltr'><strong>fore</strong></span> 
     </span>
    </p>
   </div>
   <div class='ocr_carea' id='block_1_110' title="bbox 2040 4782 3613 4867">
    <p class='ocr_par' dir='ltr' id='par_1_110' title="bbox 2040 4782 3613 4867">
     <span class='ocr_line' id='line_1_110' title="bbox 2040 4782 3613 4867; baseline -0.009 -16"><span class='ocrx_word' id='word_1_783' title='bbox 2040 4804 2167 4867; x_wconf 91' lang='lat' dir='ltr'><strong>post</strong></span> <span class='ocrx_word' id='word_1_784' title='bbox 2207 4801 2516 4867; x_wconf 56' lang='lat' dir='ltr'><strong>extremum</strong></span> <span class='ocrx_word' id='word_1_785' title='bbox 2562 4782 2855 4867; x_wconf 82' lang='lat' dir='ltr'><strong>judicium.</strong></span> <span class='ocrx_word' id='word_1_786' title='bbox 2895 4782 3061 4867; x_wconf 68' lang='lat' dir='ltr'><strong>Quod</strong></span> <span class='ocrx_word' id='word_1_787' title='bbox 3099 4782 3613 4867; x_wconf 44' lang='lat' dir='ltr'><strong>in_‘ycru_m_es-set.</strong></span> 
     </span>
    </p>
   </div>
   <div class='ocr_carea' id='block_1_111' title="bbox 2033 4849 3613 4932">
    <p class='ocr_par' dir='ltr' id='par_1_111' title="bbox 2033 4849 3613 4932">
     <span class='ocr_line' id='line_1_111' title="bbox 2033 4849 3613 4932; baseline -0.015 -11"><span class='ocrx_word' id='word_1_788' title='bbox 2033 4849 2309 4920; x_wconf 67' lang='lat' dir='ltr'><strong>sententia</strong></span> <span class='ocrx_word' id='word_1_789' title='bbox 2342 4849 2580 4929; x_wconf 64' lang='lat' dir='ltr'><strong>Dio&#39;tra?</strong></span> <span class='ocrx_word' id='word_1_790' title='bbox 2624 4866 2904 4932; x_wconf 76' lang='lat' dir='ltr'><strong>utcunque</strong></span> <span class='ocrx_word' id='word_1_791' title='bbox 2922 4849 3613 4932; x_wconf 33' lang='lat' dir='ltr'><strong>&#39;prohabilisOeﬂiceretur,</strong></span> 
     </span>
    </p>
   </div>
   <div class='ocr_carea' id='block_1_112' title="bbox 2032 4922 3615 5001">
    <p class='ocr_par' dir='ltr' id='par_1_112' title="bbox 2032 4922 3615 5001">
     <span class='ocr_line' id='line_1_112' title="bbox 2032 4922 3615 5001; baseline -0.014 -11"><span class='ocrx_word' id='word_1_792' title='bbox 2032 4933 2250 4990; x_wconf 72' lang='lat' dir='ltr'><strong>tamvtsi</strong></span> <span class='ocrx_word' id='word_1_793' title='bbox 2301 4922 2456 4985; x_wconf 79' lang='lat' dir='ltr'><strong>visus</strong></span> <span class='ocrx_word' id='word_1_794' title='bbox 2489 4944 2597 5001; x_wconf 83' lang='lat' dir='ltr'><strong>non</strong></span> <span class='ocrx_word' id='word_1_795' title='bbox 2632 4927 2705 4983; x_wconf 91' lang='lat' dir='ltr'><strong>sit</strong></span> <span class='ocrx_word' id='word_1_796' title='bbox 2738 4922 2899 5001; x_wconf 77' lang='lat' dir='ltr'><strong>unica</strong></span> <span class='ocrx_word' id='word_1_797' title='bbox 2931 4922 3615 5001; x_wconf 23' lang='lat' dir='ltr'><strong>agnoscendijquempiam</strong></span> 
     </span>
    </p>
   </div>
   <div class='ocr_carea' id='block_1_113' title="bbox 2036 4993 3617 5066">
    <p class='ocr_par' dir='ltr' id='par_1_113' title="bbox 2036 4993 3617 5066">
     <span class='ocr_line' id='line_1_113' title="bbox 2036 4993 3617 5066; baseline -0.013 -7"><span class='ocrx_word' id='word_1_798' title='bbox 2036 5004 2212 5059; x_wconf 89' lang='lat' dir='ltr'><strong>ratio:</strong></span> <span class='ocrx_word' id='word_1_799' title='bbox 2237 5017 2362 5056; x_wconf 90' lang='lat' dir='ltr'><strong>nam</strong></span> <span class='ocrx_word' id='word_1_800' title='bbox 2385 5009 2440 5055; x_wconf 92' lang='lat' dir='ltr'><strong>et</strong></span> <span class='ocrx_word' id='word_1_801' title='bbox 2463 4998 2677 5062; x_wconf 91' lang='lat' dir='ltr'><strong>auditu,</strong></span> <span class='ocrx_word' id='word_1_802' title='bbox 2695 5005 2751 5050; x_wconf 91' lang='lat' dir='ltr'><strong>et</strong></span> <span class='ocrx_word' id='word_1_803' title='bbox 2775 4995 2829 5048; x_wconf 93' lang='lat' dir='ltr'><strong>in</strong></span> <span class='ocrx_word' id='word_1_804' title='bbox 2850 4993 3094 5049; x_wconf 88' lang='lat' dir='ltr'><strong>tenebris</strong></span> <span class='ocrx_word' id='word_1_805' title='bbox 3119 4993 3406 5066; x_wconf 76' lang='lat' dir='ltr'><strong>constituti</strong></span> <span class='ocrx_word' id='word_1_806' title='bbox 3448 5000 3617 5066; x_wconf 78' lang='lat' dir='ltr'><strong>agno-</strong></span> 
     </span>
    </p>
   </div>
   <div class='ocr_carea' id='block_1_114' title="bbox 2033 5057 3617 5153">
    <p class='ocr_par' dir='ltr' id='par_1_114' title="bbox 2033 5057 3617 5153">
     <span class='ocr_line' id='line_1_114' title="bbox 2033 5057 3617 5153; baseline -0.013 -23"><span class='ocrx_word' id='word_1_807' title='bbox 2033 5057 2518 5153; x_wconf 77' lang='lat' dir='ltr'><strong>scerc_quempiam</strong></span> <span class='ocrx_word' id='word_1_808' title='bbox 2543 5057 2868 5137; x_wconf 84' lang='lat' dir='ltr'><strong>possumus;</strong></span> <span class='ocrx_word' id='word_1_809' title='bbox 2888 5061 3189 5133; x_wconf 65' lang='lat' dir='ltr'><strong>praesertim</strong></span> <span class='ocrx_word' id='word_1_810' title='bbox 3209 5060 3253 5114; x_wconf 88' lang='lat' dir='ltr'><strong>si</strong></span> <span class='ocrx_word' id='word_1_811' title='bbox 3276 5066 3437 5113; x_wconf 88' lang='lat' dir='ltr'><strong>antea</strong></span> <span class='ocrx_word' id='word_1_812' title='bbox 3453 5057 3617 5110; x_wconf 88' lang='lat' dir='ltr'><strong>nobis</strong></span> 
     </span>
    </p>
   </div>
   <div class='ocr_carea' id='block_1_115' title="bbox 2036 5142 3044 5212">
    <p class='ocr_par' dir='ltr' id='par_1_115' title="bbox 2036 5142 3044 5212">
     <span class='ocr_line' id='line_1_115' title="bbox 2036 5142 3044 5212; baseline -0.003 -12"><span class='ocrx_word' id='word_1_813' title='bbox 2036 5160 2145 5200; x_wconf 88' lang='lat' dir='ltr'><strong>non</strong></span> <span class='ocrx_word' id='word_1_814' title='bbox 2181 5142 2350 5212; x_wconf 74' lang='lat' dir='ltr'><strong>fuerit</strong></span> <span class='ocrx_word' id='word_1_815' title='bbox 2381 5142 2619 5207; x_wconf 79' lang='lat' dir='ltr'><strong>ignotus.</strong></span> <span class='ocrx_word' id='word_1_816' title='bbox 2868 5203 2902 5212; x_wconf 55' lang='grc' dir='ltr'>η</span> <span class='ocrx_word' id='word_1_817' title='bbox 3033 5200 3044 5212; x_wconf 60' lang='grc'><em>,</em></span> 
     </span>
    </p>
   </div>
   <div class='ocr_carea' id='block_1_116' title="bbox 2108 5197 3607 5281">
    <p class='ocr_par' dir='ltr' id='par_1_116' title="bbox 2108 5197 3607 5281">
     <span class='ocr_line' id='line_1_116' title="bbox 2108 5197 3607 5281; baseline -0.013 -13"><span class='ocrx_word' id='word_1_818' title='bbox 2108 5212 2221 5281; x_wconf 74' lang='grc' dir='ltr'><strong>(1οδ</strong></span> <span class='ocrx_word' id='word_1_819' title='bbox 2263 5210 2370 5266; x_wconf 87' lang='lat' dir='ltr'><strong>Per</strong></span> <span class='ocrx_word' id='word_1_820' title='bbox 2402 5197 2595 5265; x_wconf 67' lang='lat' dir='ltr'><strong>&quot;totum</strong></span> <span class='ocrx_word' id='word_1_821' title='bbox 2643 5212 2811 5281; x_wconf 77' lang='lat' dir='ltr'><strong>caput</strong></span> <span class='ocrx_word' id='word_1_822' title='bbox 2852 5200 3077 5281; x_wconf 78' lang='lat' dir='ltr'><strong>disserit</strong></span> <span class='ocrx_word' id='word_1_823' title='bbox 3115 5207 3306 5254; x_wconf 90' lang='lat' dir='ltr'><strong>auctor</strong></span> <span class='ocrx_word' id='word_1_824' title='bbox 3348 5197 3416 5252; x_wconf 86' lang='lat' dir='ltr'><strong>de</strong></span> <span class='ocrx_word' id='word_1_825' title='bbox 3462 5204 3607 5281; x_wconf 59' lang='lat' dir='ltr'><strong>statu</strong></span> 
     </span>
    </p>
   </div>
   <div class='ocr_carea' id='block_1_117' title="bbox 2035 5267 3609 5352">
    <p class='ocr_par' dir='ltr' id='par_1_117' title="bbox 2035 5267 3609 5352">
     <span class='ocr_line' id='line_1_117' title="bbox 2035 5267 3609 5352; baseline -0.013 -13"><span class='ocrx_word' id='word_1_826' title='bbox 2035 5267 2233 5339; x_wconf 64' lang='lat' dir='ltr'><strong>animat</strong></span> <span class='ocrx_word' id='word_1_827' title='bbox 2253 5290 2378 5352; x_wconf 91' lang='lat' dir='ltr'><strong>post</strong></span> <span class='ocrx_word' id='word_1_828' title='bbox 2391 5267 2858 5352; x_wconf 77' lang='lat' dir='ltr'><strong>resurrectionem</strong></span> <span class='ocrx_word' id='word_1_829' title='bbox 2880 5273 2946 5352; x_wconf 78' lang='lat' dir='ltr'><strong>ad</strong></span> <span class='ocrx_word' id='word_1_830' title='bbox 2969 5286 3170 5352; x_wconf 54' lang='lat' dir='ltr'><strong>corpus</strong></span> <span class='ocrx_word' id='word_1_831' title='bbox 3194 5281 3474 5352; x_wconf 54' lang='lat' dir='ltr'><strong>regressae.</strong></span> <span class='ocrx_word' id='word_1_832' title='bbox 3503 5267 3609 5352; x_wconf 84' lang='lat' dir='ltr'><strong>Pro</strong></span> 
     </span>
    </p>
   </div>
   <div class='ocr_carea' id='block_1_118' title="bbox 2035 5336 3609 5424">
    <p class='ocr_par' dir='ltr' id='par_1_118' title="bbox 2035 5336 3609 5424">
     <span class='ocr_line' id='line_1_118' title="bbox 2035 5336 3609 5424; baseline -0.014 -15"><span class='ocrx_word' id='word_1_833' title='bbox 2035 5336 2473 5424; x_wconf 54' lang='lat' dir='ltr'><strong>quibus&#39;rectius</strong></span> <span class='ocrx_word' id='word_1_834' title='bbox 2492 5344 2863 5424; x_wconf 57' lang='lat' dir='ltr'><strong>intelligendis</strong></span> <span class='ocrx_word' id='word_1_835' title='bbox 2887 5343 3014 5424; x_wconf 84' lang='lat' dir='ltr'><strong>lege_</strong></span> <span class='ocrx_word' id='word_1_836' title='bbox 3030 5336 3382 5424; x_wconf 56' lang='lat' dir='ltr'><strong>Franciseum</strong></span> <span class='ocrx_word' id='word_1_837' title='bbox 3407 5336 3609 5424; x_wconf 36' lang='grc' dir='ltr'><strong>ξηαπ-(ξιξ</strong></span> 
     </span>
    </p>
   </div>
   <div class='ocr_carea' id='block_1_119' title="bbox 2038 5405 3609 5489">
    <p class='ocr_par' dir='ltr' id='par_1_119' title="bbox 2038 5405 3609 5489">
     <span class='ocr_line' id='line_1_119' title="bbox 2038 5405 3609 5489; baseline -0.013 -10"><span class='ocrx_word' id='word_1_838' title='bbox 2038 5405 2274 5488; x_wconf 31' lang='lat' dir='ltr'><strong>tjovnill,</strong></span> <span class='ocrx_word' id='word_1_839' title='bbox 2307 5421 2364 5474; x_wconf 90' lang='lat' dir='ltr'><strong>in</strong></span> <span class='ocrx_word' id='word_1_840' title='bbox 2401 5435 2458 5475; x_wconf 89' lang='grc' dir='ltr'><strong>ιιι</strong></span> <span class='ocrx_word' id='word_1_841' title='bbox 2515 5434 2572 5488; x_wconf 89' lang='lat' dir='ltr'><strong>p.</strong></span> <span class='ocrx_word' id='word_1_842' title='bbox 2610 5405 3035 5489; x_wconf 41' lang='lat' dir='ltr'><strong>Bf&#39;l‘homzefd.</strong></span> <span class='ocrx_word' id='word_1_843' title='bbox 3079 5411 3196 5489; x_wconf 47' lang='lat' dir='ltr'><strong>t1,</strong></span> <span class='ocrx_word' id='word_1_844' title='bbox 3231 5415 3368 5489; x_wconf 59' lang='lat' dir='ltr'><strong>sect:</strong></span> <span class='ocrx_word' id='word_1_845' title='bbox 3421 5407 3487 5489; x_wconf 38' lang='lat'><strong>7,.</strong></span> <span class='ocrx_word' id='word_1_846' title='bbox 3512 5405 3609 5486; x_wconf 73' lang='lat' dir='ltr'><strong>ubi</strong></span> 
     </span>
    </p>
   </div>
   <div class='ocr_carea' id='block_1_120' title="bbox 2040 5482 3609 5560">
    <p class='ocr_par' dir='ltr' id='par_1_120' title="bbox 2040 5482 3609 5560">
     <span class='ocr_line' id='line_1_120' title="bbox 2040 5482 3609 5560; baseline -0.014 -11"><span class='ocrx_word' id='word_1_847' title='bbox 2040 5482 2295 5549; x_wconf 74' lang='lat' dir='ltr'><strong>accurate</strong></span> <span class='ocrx_word' id='word_1_848' title='bbox 2317 5482 2569 5560; x_wconf 82' lang='lat' dir='ltr'><strong>explicat.</strong></span> <span class='ocrx_word' id='word_1_849' title='bbox 2599 5501 2730 5560; x_wconf 47' lang='lat' dir='ltr'><strong>qua;</strong></span> <span class='ocrx_word' id='word_1_850' title='bbox 2746 5486 2993 5539; x_wconf 89' lang='lat' dir='ltr'><strong>actiones</strong></span> <span class='ocrx_word' id='word_1_851' title='bbox 3015 5482 3212 5560; x_wconf 70' lang='lat' dir='ltr'><strong>animm</strong></span> <span class='ocrx_word' id='word_1_852' title='bbox 3225 5482 3609 5560; x_wconf 31' lang='lat' dir='ltr'><strong>sentientis‘in</strong></span> 
     </span>
    </p>
   </div>
   <div class='ocr_carea' id='block_1_121' title="bbox 2041 5546 3612 5632">
    <p class='ocr_par' dir='ltr' id='par_1_121' title="bbox 2041 5546 3612 5632">
     <span class='ocr_line' id='line_1_121' title="bbox 2041 5546 3612 5632; baseline -0.013 -13"><span class='ocrx_word' id='word_1_853' title='bbox 2041 5546 2274 5632; x_wconf 68' lang='lat' dir='ltr'><strong>corpore</strong></span> <span class='ocrx_word' id='word_1_854' title='bbox 2298 5546 2536 5631; x_wconf 76' lang='lat' dir='ltr'><strong>glorioso</strong></span> <span class='ocrx_word' id='word_1_855' title='bbox 2571 5546 2681 5632; x_wconf 70' lang='lat' dir='ltr'><strong>sint</strong></span> <span class='ocrx_word' id='word_1_856' title='bbox 2708 5554 2940 5632; x_wconf 69' lang='lat' dir='ltr'><strong>futui-az;</strong></span> <span class='ocrx_word' id='word_1_857' title='bbox 2965 5567 3102 5632; x_wconf 60' lang='lat' dir='ltr'><strong>nam</strong></span> <span class='ocrx_word' id='word_1_858' title='bbox 3129 5549 3198 5632; x_wconf 77' lang='lat' dir='ltr'><strong>de</strong></span> <span class='ocrx_word' id='word_1_859' title='bbox 3225 5546 3358 5618; x_wconf 80' lang='lat' dir='ltr'><strong>ipsis</strong></span> <span class='ocrx_word' id='word_1_860' title='bbox 3382 5546 3612 5632; x_wconf 52' lang='lat' dir='ltr'><strong>faculta:</strong></span> 
     </span>
    </p>
   </div>
   <div class='ocr_carea' id='block_1_122' title="bbox 2042 5620 3613 5699">
    <p class='ocr_par' dir='ltr' id='par_1_122' title="bbox 2042 5620 3613 5699">
     <span class='ocr_line' id='line_1_122' title="bbox 2042 5620 3613 5699; baseline -0.012 -12"><span class='ocrx_word' id='word_1_861' title='bbox 2042 5620 2208 5697; x_wconf 77' lang='lat' dir='ltr'><strong>tibus,</strong></span> <span class='ocrx_word' id='word_1_862' title='bbox 2269 5620 2363 5686; x_wconf 60' lang='lat' dir='ltr'><strong>se&#39;u</strong></span> <span class='ocrx_word' id='word_1_863' title='bbox 2412 5626 2674 5699; x_wconf 84' lang='lat' dir='ltr'><strong>potentiis</strong></span> <span class='ocrx_word' id='word_1_864' title='bbox 2729 5620 3027 5699; x_wconf 72' lang='lat' dir='ltr'><strong>sentiendi2</strong></span> <span class='ocrx_word' id='word_1_865' title='bbox 3072 5620 3469 5699; x_wconf 42' lang='lat' dir='ltr'><strong>dubio-munon</strong></span> <span class='ocrx_word' id='word_1_866' title='bbox 3523 5623 3613 5699; x_wconf 67' lang='lat' dir='ltr'><strong>est</strong></span> 
     </span>
    </p>
   </div>
   <div class='ocr_carea' id='block_1_123' title="bbox 2038 5686 3609 5772">
    <p class='ocr_par' dir='ltr' id='par_1_123' title="bbox 2038 5686 3609 5772">
     <span class='ocr_line' id='line_1_123' title="bbox 2038 5686 3609 5772; baseline -0.011 -16"><span class='ocrx_word' id='word_1_867' title='bbox 2038 5686 2281 5772; x_wconf 60' lang='lat' dir='ltr'><strong>quine-as</strong></span> <span class='ocrx_word' id='word_1_868' title='bbox 2307 5686 2689 5755; x_wconf 73' lang='lat' dir='ltr'><strong>omnesanima</strong></span> <span class='ocrx_word' id='word_1_869' title='bbox 2715 5692 2961 5764; x_wconf 87' lang='lat' dir='ltr'><strong>corporis</strong></span> <span class='ocrx_word' id='word_1_870' title='bbox 2979 5689 3207 5762; x_wconf 87' lang='lat' dir='ltr'><strong>gloriosi</strong></span> <span class='ocrx_word' id='word_1_871' title='bbox 3233 5686 3490 5743; x_wconf 89' lang='lat' dir='ltr'><strong>habitura</strong></span> <span class='ocrx_word' id='word_1_872' title='bbox 3515 5686 3609 5738; x_wconf 89' lang='lat' dir='ltr'><strong>sit.</strong></span> 
     </span>
    </p>
   </div>
  </div>
