4088 6214
484 283 521 349 7
524 290 589 351 37

1704 289 2053 351 PHILIPPI
2096 291 2491 353 SOLITARII

3620 294 3727 356 788

485 392 719 465 Quinam
767 395 930 451 alium
987 395 1230 449 nondum
1269 395 1406 450 mibi
1457 394 1781 451 familiarem
1827 399 2064 452 iuterro—
2098 405 2132 458 Α
2166 401 2341 464 adest,
2365 401 2584 470 propria
2615 414 2683 454 ex
2706 399 2965 454 omnibus
2992 415 3112 471 qua:
3136 401 3427 462 habemus.
3459 412 3515 457 et
3546 417 3735 460 comes

486 489 767 560 gabo?'l‘u
808 488 1013 545 intima,
1055 493 1111 539 et
1152 495 1407 556 tanquam
1451 488 1756 542 convictrix
1808 504 1953 550 mea.
2009 499 2066 543 tu

490 578 620 632 mihi
654 575 945 644 responde.
980 574 1038 627 Si
1083 574 1495 638 detrectaveris,
1556 576 1697 630 scias
1736 579 1922 640 velim,
1959 594 2066 631 non

491 679 543 722 te
571 667 706 720 alam
731 667 1085 735 imposterum
1112 684 1128 732 ;
1151 680 1259 721 non
1280 666 1488 730 cibum,
1504 683 1613 721 non
1636 677 1827 737 potum
1851 683 2067 723 meeum

486 760 661 813 sinam
704 772 920 827 capere.
1414 768 1450 810 ἡ

552 853 717 908 Cano.
750 853 956 908 Tamen
991 853 1144 908 canis
1168 853 1347 909 lorum
1375 869 1487 909 non
1516 855 1776 917 comedit,
1804 862 1867 909 ut
1901 857 2065 912 nosti.

484 944 622 1012 Quia
658 961 787 998 vero
817 961 902 1000 me
941 962 1122 1017 urges,
1158 947 1454 1001 dicendum
1489 956 1575 1002 est
1606 961 1708 1017 pro
1730 948 1968 1003 viribus.
1998 949 2068 1003 Et

483 1046 644 1091 antea
687 1038 784 1091 tibi
820 1036 1107 1101 afﬁrmavi,
1132 1048 1190 1093 et
1214 1040 1413 1095 iterum
1438 1039 1672 1105 afllrmo,
1695 1040 2065 1095 architectum

485 1128 860 1182 universitatis
889 1129 1052 1199 hujus
1087 1141 1177 1185 tua
1202 1144 1367 1186 causa
1400 1130 1664 1185 mundum
1696 1130 1847 1185 hunc
1879 1130 2069 1199 dupli-

483 1235 626 1284 cem,
660 1221 998 1290 superiorem
1051 1234 1107 1276 et
1136 1220 1479 1286 inferiorem,
1514 1229 1619 1278 sub
1647 1224 1838 1278 oculos
1858 1223 2063 1278 caden-

483 1323 594 1368 tem
623 1322 679 1367 et
706 1329 812 1367 non
843 1313 1152 1377 cadentem,
1187 1316 1446 1384 quodque
1475 1315 1530 1369 in
1559 1314 1742 1369 medio
1768 1315 2060 1369 amborum

486 1405 703 1459 mistum
751 1414 807 1460 et
850 1413 1291 1475 coagmentatum
1336 1416 1438 1470 est,
1467 1407 1865 1462 construxisse.
1891 1405 2064 1473 Quem

484 1510 609 1549 cum
643 1510 837 1550 rursus
865 1496 1172 1550 immutabit
1214 1505 1271 1549 et
1308 1496 1611 1558 inuovabit,
1642 1495 1811 1551 etiam
1839 1503 2066 1565 propter

486 1597 540 1642 t‘e
589 1598 851 1657 tuumque
914 1587 1261 1656 splendorem
1337 1595 1393 1640 et
1442 1586 1670 1653 gloriam
1721 1585 2062 1640 innovabit:

483 1692 604 1731 mea
632 1691 854 1746 quoque
885 1676 1205 1730 reformatio
1241 1685 1298 1729 et
1335 1674 1548 1730 refictio
1579 1684 1731 1730 tuum
1761 1684 1847 1731 est
1869 1674 2062 1740 decus,

2170 492 2474 546 individua.
2505 488 2630 545 lia-.c
2648 491 2811 544 ambo
2831 502 3011 547 autem
3045 488 3319 562 principio
3342 507 3454 546 non
3488 493 3747 548 habuisse

2172 590 2224 635 te
2281 583 2441 640 scias,
2474 582 2584 635 vim
2649 581 3073 651 concupiscendi
3154 591 3210 635 et
3268 582 3534 636 irascendi
3591 591 3743 651 puta,

2170 685 2329 731 erant
2358 677 2504 729 enim
2546 675 2779 729 rationis
2810 675 3095 744 expertia;
3128 675 3224 729 sed
3266 675 3543 744 posterius
3574 676 3747 730 indita

2172 763 2295 825 tibi,
2328 772 2383 818 et
2416 764 2663 833 apposita
2705 772 2835 817 stmt
2862 766 2921 827 “,
2956 772 3214 833 tanquam
3245 779 3394 818 arma
3420 765 3486 818 ad
3517 765 3746 835 propulo

2170 857 2401 911 sandum
2456 856 2973 926 dcvincendumque
3009 857 3412 920 adversarium,
3475 868 3535 911 ut
3563 872 3747 927 neque

2167 949 2486 1004 vulneraret
2511 957 2585 1011 te,
2615 948 2814 1001 nudam
2841 949 3087 1012 intuens,
3123 948 3515 1017 neqnejacnlis
3547 948 3745 1018 igneis.

2169 1049 2225 1095 et
2256 1042 2432 1095 acutis
2455 1040 2664 1095 feriret.
2701 1039 2884 1093 Finito
2919 1048 3098 1094 autem
3144 1039 3309 1101 bello,
3342 1038 3749 1108 prostratisque

2174 1131 2436 1193 inimicis,
2470 1138 2524 1184 et
2571 1143 2706 1199 pace
2754 1128 3206 1197 tranquillissima
3268 1137 3587 1190 consecuta,
3644 1129 3749 1183 im-

2168 1221 2584 1292 pressioueque,
2604 1220 2772 1283 lucta,
2792 1228 2847 1274 et
2865 1233 3042 1289 pugna
3062 1216 3351 1279 confectis,
3381 1217 3747 1287 hostibusque

2169 1311 2367 1366 robore
2412 1320 2469 1364 et
2520 1310 2749 1364 audacia
2806 1309 3071 1378 spoliatis,
3115 1317 3171 1364 et
3210 1310 3371 1378 longe
3399 1310 3453 1363 in
3481 1307 3749 1379 gehenme

2170 1402 2348 1471 ignem
2393 1400 2673 1471 projectis,
2706 1400 2837 1469 quid
2871 1400 2975 1454 ista
3031 1400 3181 1454 velut
3214 1414 3367 1453 arma
3413 1398 3481 1453 de
3543 1407 3749 1453 caetero

2170 1493 2269 1547 tibi
2330 1492 2653 1562 proderunt,
2717 1490 2927 1544 videnti
2989 1496 3047 1544 et
3099 1488 3301 1544 ridenti
3366 1488 3748 1543 adversarium

2163 1585 2274 1654 jam
2291 1581 2620 1637 exstinctum
2643 1579 2880 1635 ?Aderat
2906 1588 3089 1634 autem
3114 1577 3211 1634 tibi
3245 1595 3368 1634 cum
3388 1588 3569 1633 mente
3601 1580 3752 1633 ratio

2172 1689 2305 1745 pura
2327 1684 2479 1743 puta,
2517 1673 2843 1735 castissima,
2879 1671 3199 1727 sinceritate
3224 1671 3457 1741 fulgens.
3487 1670 3574 1723 vis
3607 1684 3743 1724 cono

485 1765 706 1835 quando
733 1765 910 1820 honor
941 1767 1188 1834 corporis
1220 1766 1286 1819 ad
1330 1766 1406 1831 id,
1455 1765 1601 1836 quod
1647 1765 1716 1819 ad
1773 1766 2065 1836 imaginem
2098 1748 2139 1804 Β
2172 1764 2493 1835 templandi,
2539 1764 2844 1835 judicandi,
2876 1772 2933 1819 et
2972 1764 3092 1834 ejus
3124 1763 3261 1818 idea:
3289 1762 3581 1823 divinitas;
3606 1762 3747 1816 sim-

487 1858 579 1911 l)ei
608 1857 808 1911 factum
843 1866 943 1915 est,
979 1857 1288 1911 redundat:
1324 1857 1467 1912 sicut
1496 1866 1709 1920 contra,
1739 1858 1786 1911 si
1813 1865 2062 1911 contem-

485 1962 587 2000 nor
609 1957 667 2001 et
687 1947 1007 2007 dedecoror,
1040 1947 1094 2001 id
1125 1947 1302 2017 ipsum
1330 1961 1550 2017 quoque
1577 1955 1670 2001 tua
1697 1946 1889 2002 refert.
1921 1948 2067 2001 Deus

484 2038 588 2092 sibi
626 2037 840 2101 suflicit,
868 2039 1016 2091 nullo
1042 2039 1238 2092 horum
1263 2039 1493 2108 indiget,
1518 2054 1629 2092 non
1664 2039 1873 2092 lumine
1922 2039 2056 2093 solis

483 2138 540 2182 et
573 2129 734 2191 lunae,
786 2142 896 2181 non
950 2128 1175 2181 orbibus
1231 2129 1571 2192 caelestibus,
1620 2144 1733 2181 non
1784 2139 2060 2183 terrarum

484 2219 694 2289 spoliis,
727 2235 834 2273 non
861 2228 1099 2289 quatuor
1131 2220 1438 2274 elementis.
1483 2220 1629 2274 Nulli
1681 2235 1906 2290 prorsus
1934 2234 2066 2289 ege-

484 2309 611 2363 stati
647 2308 891 2363 divinum
931 2308 1141 2364 Numen
1172 2310 1463 2378 subjicitur
1491 2329 1504 2365 :
1548 2312 1643 2380 qul
1675 2311 1821 2365 enim
1855 2310 1961 2364 ulla
2004 2325 2066 2363 re

483 2400 714 2469 egeret?
752 2399 868 2469 (sed
906 2399 1002 2453 tibi
1038 2401 1306 2456 omnia'et
1352 2415 1501 2456 nunc
1534 2399 1857 2471 impertivit,
1907 2408 1962 2453 et
2009 2399 2064 2452 in

482 2488 672 2543 tuturo
703 2488 1023 2558 impertiet).
1065 2490 1120 2543 Si
1144 2506 1277 2560 ergo
1316 2491 1405 2545 his
1440 2506 1558 2560 qua:
1590 2499 1680 2545 ttta
1725 2506 1888 2544 causa
1931 2507 2062 2559 pro-

482 2579 647 2635 ducta
697 2572 1194 2645 suut,oruamcnta
1240 2585 1447 2654 majora
1499 2583 1750 2652 quaedam
1797 2583 2063 2644 conferet,

483 2670 574 2723 illa
601 2686 817 2739 quoque
853 2679 1074 2739 propter
1126 2681 1199 2731 te.
1230 2683 1288 2727 et
1328 2684 1419 2729 tua
1465 2689 1630 2734 causa
1680 2673 2061 2730 conferentur.

482 2762 693 2818 Ablatis
717 2773 897 2818 autem
937 2764 1034 2818 abs
1067 2774 1118 2819 te
1151 2764 1299 2820 hisce
1329 2766 1546 2821 duabus
1593 2766 1966 2827 facultatibus,
2009 2767 2062 2821 in

484 2855 685 2923 quibus
707 2857 1010 2923 cupidines,
1038 2867 1094 2909 et
1131 2858 1331 2911 irarum
1362 2859 1591 2912 ardores
1618 2859 1911 2924 exsistunt,
1936 2859 2061 2928 qui-

488 2946 717 3000 buse'em
751 2956 877 3000 nata
906 2959 963 3000 et
991 2947 1176 3001 adulta
1207 2962 1288 3011 es,
1316 2947 1479 3002 simul
1514 2960 1663 3003 certe
1692 2965 1721 3004 a
1745 2961 1943 3005 natura
1967 2959 2060 3005 tua

485 3037 696 3091 vitiosa:
738 3038 1077 3114 affectiones,
1111 3054 1232 3109 quae
1276 3054 1343 3094 ex
1388 3041 1540 3095 hisce
1571 3042 1638 3095 ad
1673 3042 2063 3097 detrimentum

485 3139 640 3183 tuum
666 3130 956 3200 prodeunt.
980 3131 1319 3186 auferentur.
1346 3132 1425 3203 (Si
1451 3144 1632 3188 tamen
1657 3135 1731 3189 ita
1754 3150 1848 3190 cas
1866 3150 2061 3190 vocare

485 3224 632 3285 licet,
673 3223 818 3277 unde
860 3238 1236 3292 saepenumero
1264 3225 1492 3294 optima,
1540 3234 1597 3280 et
1651 3227 1887 3296 plurima
1931 3244 2063 3283 sane

488 3324 831 3379 promauant.
865 3316 999 3369 Nam
1051 3316 1096 3370 si
1149 3331 1323 3381 mens,
1360 3304 1822 3385 quemadmodum
1874 3319 2059 3385 debet,

486 3407 743 3461 omnibus
791 3408 1077 3477 praesideat
1140 3417 1306 3479 atque
1372 3411 1646 3480 imperet!
1707 3412 2061 3468 affectionum

488 3515 646 3553 nsum
683 3499 877 3552 rationi
904 3501 1357 3568 convenientem;
1399 3503 1483 3556 sin
1515 3510 1717 3563 autem.
1742 3505 2061 3559 earumdem

492 3604 648 3643 usam
681 3604 710 3642 a
746 3590 956 3642 ratione
987 3605 1262 3652 aversum,
1287 3599 1344 3645 et
1366 3593 1560 3646 vitium
1588 3594 1871 3647 nominare
1899 3611 2065 3662 opor-

488 3682 610 3743 tet.)
644 3678 856 3731 Etenim
897 3678 941 3731 si
994 3679 1102 3732 illis
1127 3695 1335 3743 careas,
1368 3681 1529 3735 simul
1565 3697 1719 3736 eares
1772 3684 1900 3744 bile.
1962 3684 2062 3746 ira,

489 3767 772 3822 iracundia
817 3776 873 3821 et
906 3768 1228 3839 injuriarum
1270 3772 1554 3835 memoria,
1592 3773 1809 3836 timore,
1859 3774 2067 3829 timidi-

490 3868 640 3924 tate;
675 3871 777 3912 nec
804 3867 888 3911 est
927 3859 1035 3913 ulla
1064 3860 1207 3930 apud
1243 3869 1296 3915 te
1353 3861 1601 3928 audacia,
1638 3879 1745 3917 non
1788 3866 2065 3920 aemulatio

488 3950 856 4006 contentionis
901 3965 1128 4013 amans,
1168 3966 1274 4005 non
1310 3954 1561 4022 voluptas
1609 3955 1788 4025 aliqua
1838 3956 2066 4012 rationis

488 4056 707 4111 expers,
736 4056 858 4111 quae
890 4042 1132 4095 animum
1186 4041 1329 4098 foede
1368 4046 1610 4099 concitet
1637 4063 1651 4099 :
1676 4047 1769 4099 sed
1813 4055 1874 4100 ut
1901 4048 2061 4101 simul

490 4131 751 4202 ingressa:
801 4141 949 4193 sunt,
991 4134 1073 4187 sic
1121 4133 1281 4187 simul
1335 4134 1560 4190 abeunt.
1592 4136 1958 4206 Supereilium
2010 4147 2065 4193 et

493 4226 786 4280 ostentatio
829 4225 1143 4288 cessabunt,
1168 4225 1214 4279 si
1256 4225 1335 4279 ira
1379 4226 1540 4281 desit.
1582 4228 1703 4282 Non
1745 4229 1852 4282 erit
1905 4228 2061 4294 fides,

490 4330 602 4369 non
635 4329 780 4385 spes,
808 4317 854 4370 si
882 4332 991 4371 non
1027 4317 1100 4371 sit
1128 4318 1420 4387 cupiditas.
1451 4319 1710 4373 Memoria
1746 4330 2059 4375 evanescet.

2175 1857 2414 1927 plicitas,
2456 1872 2581 1912 cum
2637 1871 2743 1925 qua
2783 1855 3067 1910 conditum
3114 1866 3220 1917 est,
3255 1854 3401 1924 quod
3436 1862 3521 1927 est
3546 1868 3750 1908 secun-

2174 1949 2304 2002 dum
2358 1947 2646 2018 imaginem
2687 1945 2802 2000 Dei.
2852 1946 3023 2012 Quale
3070 1944 3321 1998 divinum
3376 1944 3743 2013 spiraculum,

2173 2056 2273 2110 per
2320 2041 2466 2106 quod
2499 2038 2775 2099 subsistis,
2806 2052 2834 2091 a
2877 2037 3150 2107 principio
3180 2035 3443 2100 habuisti,
3503 2036 3609 2089 tale
3655 2050 3748 2090 re-

2171 2131 2362 2200 cipies,
2399 2140 2563 2198 atque
2604 2129 2735 2182 hinc
2801 2128 3166 2187 nobilissima,
3198 2136 3254 2182 et
3325 2127 3746 2189 formosissima,

2171 2231 2228 2274 et
2267 2236 2432 2289 supra
2477 2235 2670 2274 omnes
2698 2219 2922 2273 ordines
2948 2218 3256 2274 cmlestium
3291 2217 3600 2287 apparebis.
3632 2218 3747 2270 Au-

2173 2312 2292 2366 dittt
2351 2328 2575 2371 novum,
2604 2320 2661 2367 et
2709 2312 2830 2366 visu
2861 2310 3208 2365 tremendum
3242 2310 3369 2374 erit,
3401 2309 3679 2379 quomodo
3712 2322 3746 2361 a

2171 2404 2345 2473 gloria
2371 2403 2423 2456 in
2448 2402 2824 2455 sublimiorem
2850 2400 3078 2469 gloriam
3100 2400 3386 2454 ascendes.
3419 2399 3535 2454 Hoc
3555 2408 3742 2453 tamen

2175 2497 2293 2549 κάτ’
2320 2497 2506 2549 εἰκόνα
2545 2494 2613 2546 ad
2634 2495 2918 2562 imaginem
2951 2491 3064 2550 Dei.
3099 2506 3259 2545 nosse
3289 2500 3506 2560 oportet
3539 2490 3744 2543 arche-

2175 2595 2305 2659 typo
2332 2600 2453 2640 esse
2476 2584 2675 2646 simile,
2706 2591 2763 2637 et
2794 2581 2859 2636 ad
2891 2581 3024 2635 illud
3054 2579 3358 2634 imitatione
3382 2577 3743 2638 contendere,

2173 2695 2240 2734 eo
2274 2677 2549 2746 respicere
2580 2694 2593 2729 :
2626 2677 2838 2744 etquod
2863 2681 3046 2727 mente
3074 2679 3282 2726 tantum
3303 2679 3360 2725 et
3382 2669 3744 2738 intelligentia

2174 2771 2511 2833 continetur,
2535 2767 2675 2820 velle
2701 2766 2782 2819 illi
2812 2765 2985 2821 menti
3028 2763 3227 2819 divinae
3274 2760 3508 2818 evadere
3534 2759 3739 2815 simile.

2172 2862 2313 2914 Non.
2346 2866 2601 2928 apportat
2654 2858 2877 2920 molem,
2916 2871 3020 2911 nec
3072 2854 3447 2917 latitudinem,
3488 2867 3590 2906 nec
3617 2866 3746 2920 pro-

2176 2955 2683 3010 funditatemznon
2740 2952 3115 3017 intervallum,
3150 2965 3260 3005 non
3313 2948 3740 3011 dimensionem,

2093 3081 2139 3140 ο
2176 3063 2284 3101 non
2314 3057 2629 3101 mensuram
2663 3061 2677 3098 :
2705 3043 2774 3097 ab
2798 3043 2953 3097 hisce
2973 3042 3228 3096 omnibus
3257 3039 3483 3095 omnino
3504 3039 3741 3091 liberum

2169 3147 2275 3204 est,
2303 3138 2422 3192 κατ’
2448 3137 2633 3191 εἰκόνα
2661 3136 2803 3205 quod
2828 3144 2915 3190 est
2946 3135 3000 3188 in
3031 3135 3234 3192 anima.
3260 3131 3406 3187 aliud
3430 3131 3599 3201 quidd
3612 3143 3737 3183 nam

2171 3241 2277 3295 est,
2314 3229 2461 3300 quod
2498 3246 2564 3284 ex
2581 3228 2994 3298 comparatione
3032 3226 3099 3279 ad
3131 3225 3465 3294 archctypon
3490 3222 3739 3277 omnium

2175 3323 2622 3393 antiquissimum
2681 3329 2739 3374 et
2798 3317 3201 3378 maximum,et
3233 3315 3379 3385 quod
3434 3311 3739 3369 secundum

2172 3424 2383 3468 natura:
2412 3428 2525 3466 sua:
2554 3410 2942 3481 proprietatem
2996 3406 3158 3461 simul
3192 3414 3251 3460 et
3295 3403 3465 3458 semel
3496 3403 3604 3458 tale
3632 3411 3738 3464 est,

2174 3505 2550 3575 intelligimus.
2580 3501 2715 3556 Illud
2749 3500 2985 3571 primum
3017 3506 3074 3552 et
3100 3498 3428 3560 increatum,
3456 3495 3562 3548 hoc
3585 3509 3743 3548 crea-

2175 3607 2289 3652 tum
2314 3604 2418 3650 est.
2442 3595 2580 3649 Illud
2612 3601 2808 3647 natura
2832 3600 2919 3646 est
2948 3604 3146 3659 expers
3178 3587 3458 3658 principii.
3494 3588 3738 3640 omnium

2174 3704 2355 3742 rerum
2383 3686 2655 3756 princeps,
2686 3693 2743 3738 et
2761 3683 2919 3753 plena
2937 3695 3101 3736 causa
3134 3698 3148 3734 :
3178 3679 3285 3734 hoc
3313 3685 3496 3732 autem
3513 3675 3740 3731 omnino

2175 3779 2382 3849 t-mpit:
2414 3787 2499 3832 est
2547 3775 2820 3846 siquidem
2886 3788 2978 3827 res
3027 3770 3247 3825 condita
3276 3770 3400 3841 (nec
3444 3769 3590 3823 enim
3626 3770 3737 3838 jam

2176 3873 2351 3941 imago
2378 3870 2486 3923 dici
2530 3876 2729 3937 potest,
2768 3866 2815 3920 si
2855 3879 3073 3934 semper
3097 3861 3202 3932 est)
3233 3860 3533 3930 exemplari
3561 3860 3742 3930 primo

2170 3966 2377 4033 absque
2397 3960 2698 4016 mutatione
2715 3974 2877 4029 quam
2900 3956 3263 4011 simillimum.
3292 3955 3407 4009 lloc
3426 3955 3593 4024 igitur
3622 3968 3741 4007 ma-

2173 4056 2369 4111 nifeste
2402 4060 2585 4109 creata
2631 4060 2850 4113 natura,
2905 4056 2962 4103 et
2993 4048 3275 4104 conditum
3319 4046 3602 4116 quippiam
3631 4052 3737 4099 est.

2171 4147 2377 4202 Natura
2399 4153 2580 4198 autem
2604 4147 2662 4194 et
2688 4139 2830 4193 ratio
2855 4138 3229 4200 conditorum,
3251 4136 3383 4205 quid
3404 4134 3621 4189 tandem
3644 4133 3738 4190 sit.

2170 4238 2304 4291 satis
2358 4235 2550 4289 claret.
2579 4230 2737 4298 Quod
2771 4230 2817 4284 si
2867 4243 3058 4283 verum
3099 4235 3186 4282 cst
3220 4226 3369 4297 quod
3407 4226 3632 4285 dicitur,
3662 4223 3741 4279 sio

2170 4327 2283 4382 cuti
2343 4325 2505 4394 plane
2563 4331 2668 4384 est,
2695 4334 2858 4391 quam
2907 4329 2967 4374 tu
3001 4318 3259 4389 majorem
3314 4319 3456 4372 hanc
3483 4316 3736 4386 gloriam,

491 4406 625 4471 Quis
654 4407 799 4460 enim
820 4408 937 4477 ejus
967 4408 1140 4463 usus?
1171 4409 1349 4478 Atque
1383 4410 1499 4463 hate.
1535 4411 1780 4482 quinque
1815 4422 1944 4466 sunt
1976 4427 2034 4465 ra
2096 4410 2138 4463 D
2168 4428 2264 4474 aut
2288 4432 2451 4487 quem
2512 4416 2677 4470 alium
2721 4414 3013 4477 honorem,
3039 4411 3229 4466 divino
3277 4410 3734 4480 praestantiorem.

490 4498 678 4560 tionis,
708 4508 769 4552 ut
802 4498 876 4552 ita
908 4498 1109 4563 dicam,
1142 4500 1386 4569 germina
1407 4503 1446 4555 ‘.

563 4588 791 4644 Vacabis
813 4590 977 4659 igitur
998 4590 1078 4645 ira
1099 4603 1154 4645 et
1181 4593 1506 4660 cupiditate,
1546 4609 1640 4647 seu
1668 4598 2069 4665 concupiscen-

490 4680 591 4734 tia.
619 4679 755 4734 Cum
789 4681 938 4735 enim
976 4681 1044 4735 ad
1085 4680 1262 4751 ipsum
1315 4683 1475 4738 finem
1519 4693 1575 4737 et
1635 4697 1939 4740 extremum
1970 4702 2067 4740 eo-

493 4786 639 4835 rum,
673 4772 727 4825 in
755 4787 877 4840 quae
912 4772 1187 4841 appetitus
1211 4774 1386 4828 fertur
1433 4776 1768 4843 perveneris,
1794 4777 1945 4831 nullo
1977 4776 2071 4831 ho-

489 4875 613 4915 rum
633 4862 730 4915 tibi
755 4860 892 4932 opus
912 4864 1020 4918 erit
1054 4882 1068 4917 :
1093 4864 1251 4933 longe
1276 4867 1552 4921 recedent.
1584 4869 1835 4923 Veterem
1855 4869 2058 4939 quippe

493 4952 775 5006 hominem
816 4956 1034 5022 penitus
1064 4970 1293 5020 exuens,
1334 4972 1439 5010 una
1470 4974 1594 5011 cum
1633 4958 1752 5027 ipso
1786 4960 2054 5030 quidquid

492 5042 658 5097 habet
712 5043 888 5105 exuis,
943 5045 1250 5115 iterumque
1291 5047 1358 5101 ad
1413 5050 1576 5102 vitam
1604 5050 2058 5105 omnidoloreli-

492 5137 681 5190 heram
734 5137 994 5192 recurris.
1049 5139 1174 5193 Sola
1231 5140 1472 5194 eharitas
1511 5141 1564 5195 in
1592 5152 1921 5213 perpetuum
1961 5144 2055 5197 tibi

2170 4510 2269 4564 tibi
2303 4505 2694 4575 concupiscis?
2728 4506 2850 4559 Haec
2883 4518 2913 4556 a
2945 4517 3030 4556 me
3076 4500 3352 4570 diSputata
3392 4498 3737 4561 intellexisti,

2170 4611 2230 4656 ut
2285 4601 2503 4670 opinor.
2541 4600 2718 4655 Unum
2770 4612 2832 4651 ca
2880 4594 3020 4648 citra
3066 4593 3466 4646 dubitationem
3518 4588 3738 4649 credas,

2167 4698 2222 4744 et
2251 4689 2468 4759 probes,
2493 4696 2550 4741 et
2584 4686 2862 4745 admittas,
2898 4699 2965 4737 an
2994 4682 3149 4736 nihili
3198 4678 3465 4742 facienda,
3498 4689 3555 4732 et
3579 4678 3738 4741 falsa,

2167 4791 2223 4833 et
2249 4786 2439 4848 aperte
2468 4776 2725 4837 ridicula,
2758 4784 2815 4827 ct
2857 4788 3032 4840 nugas
3065 4772 3340 4825 arbitrere
3381 4768 3548 4839 (quod
3582 4769 3740 4837 equi-

2171 4871 2297 4925 dem
2357 4884 2464 4922 non
2498 4867 2651 4937 puto)
2696 4879 2860 4919 nosse
2904 4864 3088 4933 cupio.
3116 4862 3214 4917 Dic
3255 4860 3385 4932 quid
3413 4860 3658 4922 tandem,
3681 4868 3743 4913 ct

2173 4959 2450 5030 quomodo
2482 4960 2549 5011 de
2585 4956 2670 5009 his
2704 4955 2929 5009 sentias.

2238 5050 2435 5110 Annua,
2471 5047 2589 5102 Non
2640 5060 2739 5116 ego
2770 5043 2872 5098 ista
2926 5043 3082 5097 nihili
3146 5041 3310 5101 facio.
3377 5040 3540 5104 absit,
3591 5038 3741 5094 Deus

2167 5142 2394 5195 meliora
2432 5158 2445 5194 :
2485 5139 2578 5192 sed
2630 5137 2875 5192 delector
2912 5135 3075 5189 dictis
3135 5135 3261 5197 tuis,
3296 5132 3581 5188 verissime
3613 5146 3737 5186 am-

1946 5286 2221 5350 Scholia.

568 5412 582 5428 ⁶
615 5407 933 5472 Gregorius.
994 5408 1299 5465 Memoriam
1356 5413 1575 5467 dicimus
1617 5415 1677 5465 de
1724 5416 1786 5467 iis
1828 5431 1943 5479 qum
1988 5413 2060 5465 (ιη’

493 5477 659 5530 Deum
696 5488 742 5530 et
795 5479 971 5531 divina
999 5489 1258 5548 spectant.
1302 5483 1440 5537 Nam
1466 5484 1601 5546 quod
1634 5484 1794 5537 oculis
1826 5477 2054 5549 usurpa-

496 5559 601 5603 tur,
645 5550 897 5600 memoria
947 5565 1047 5600 non
1071 5550 1285 5619 indiget.
1315 5552 1574 5605 Similiter
1602 5565 1648 5605 et
1688 5554 1837 5619 ﬁdes,
1866 5564 1912 5605 et
1941 5569 2055 5618 apes

495 5625 619 5667 tune
653 5635 755 5669 non
795 5620 1055 5670 tulerunt:
1079 5619 1193 5672 sola
1217 5625 1446 5674 elmrilns
1490 5638 1652 5684 neque
1680 5641 1816 5675 mane
1848 5624 2055 5685 desinit,

498 5698 588 5738 nec
618 5690 671 5738 in
711 5687 886 5755 futuro
915 5689 1133 5753 desinet,
1172 5692 1262 5741 sed
1291 5701 1527 5761 augesee!
1551 5693 1796 5761 unoplius.

2237 5413 2277 5432 ⁴⁶
2302 5410 2621 5478 Gregorius.
2643 5407 2878 5478 Simplex
2900 5416 2947 5460 et
2978 5407 3253 5476 uniformis
3284 5406 3347 5459 ab
3378 5407 3526 5460 initio
3554 5404 3738 5457 anima

2167 5490 2443 5552 procreata
2489 5490 2584 5540 est,
2623 5478 2959 5552 γηξοιοριιιειὲ2
2991 5478 3390 5552 ξηᾳηαηξτιερρηι
3446 5483 3738 5552 mente-sua

2167 5542 2214 5603 et
2265 5551 2489 5606 ratione.
2551 5542 2689 5617 quod
2739 5542 2853 5599 erat
2886 5542 3143 5617 divinum
3192 5545 3324 5599 illud
3389 5542 3735 5617 spiraculum.

2169 5623 2364 5674 Deinde
2389 5621 2462 5671 sic
2482 5614 2572 5671 illi
2601 5619 2682 5669 ira
2705 5626 2753 5667 et
2775 5615 3031 5681 cupiditas
3063 5626 3258 5670 natura
3288 5614 3587 5668 irrutionnli
3609 5626 3732 5667 con-

2166 5700 2362 5743 stantes
2399 5687 2653 5757 enpnlalw
2675 5695 2815 5739 sunt.
