4088 6214
351 273 458 344 789

1768 270 2126 336 DlOPTRA.

3496 269 3611 337 799

349 397 581 468 plector,
614 392 877 464 suscipio,
902 393 1218 463 acquiesco,
1243 389 1513 455 admiror,
1537 388 1755 450 solutis,
1797 403 1920 457 quae
1956 391 1996 447 Α
2025 388 2129 440 vim
2185 386 2604 457 concupiscendi.
2658 396 2714 442 et
2781 385 2841 440 τδ
2870 385 3176 456 Θυμοειδὲς,
3238 386 3291 442 id
3352 399 3456 448 cst.
3498 390 3608 442 vim

349 485 695 548 dubitabant,
723 493 990 555 quantum
1021 485 1158 539 satis
1190 492 1297 539 est.
1323 482 1382 539 Si
1428 481 1590 536 ﬁdem
1632 481 1922 550 denegem,

350 575 551 631 merito
576 574 970 644 reprehendar.
1000 574 1111 630 Nec
1130 583 1217 630 est
1242 573 1586 629 orthodoxus
1607 586 1710 626 nec
1758 571 1925 625 habet

350 676 564 736 partem
600 679 727 720 cum
758 663 940 720 Verbo
963 679 1029 720 ac
1056 665 1309 725 Domino,
1339 663 1437 733 qui
1464 661 1552 717 his
1573 661 1924 726 adversatur,

350 768 456 809 nec
480 753 677 824 dignus
702 753 851 809 illius
872 753 1086 824 nuptiis
1114 762 1172 809 et
1213 754 1456 809 thalamo
1481 771 1496 808 :
1521 752 1616 808 sed
1662 751 1923 810 inﬁdelis.

350 846 731 916 blasphemus,
780 846 1100 902 Sadducaeis
1148 845 1394 902 deterior
1438 849 1769 902 censendus.
1812 844 1928 913 Ego

349 954 501 1002 vero,
524 938 703 1008 gratia
728 938 956 1003 Christi,
991 938 1088 994 abs
1130 949 1185 993 te
1226 938 1430 993 auditis
1468 938 1629 994 ﬁdem
1664 937 1925 1007 adjnngn.

348 1040 405 1083 et
431 1029 502 1083 ita
545 1028 690 1083 tacta
728 1044 854 1084 esse
911 1030 1048 1094 haec,
1081 1040 1144 1085 ut
1168 1037 1226 1085 tu
1276 1030 1465 1095 doces,
1516 1045 1627 1084 non
1657 1043 1925 1099 repugno.

349 1120 514 1175 Nullo
538 1120 704 1175 modo
726 1121 1071 1183 contradico.
1105 1122 1270 1179 crede
1298 1122 1460 1184 mihi,
1487 1130 1553 1176 et
1572 1122 1647 1177 ita
1668 1121 1765 1176 tibi
1800 1135 1929 1191 per-

347 1210 544 1267 suade.
576 1213 715 1267 Illud
740 1213 1122 1270 tantummodo
1156 1222 1208 1269 te
1237 1213 1574 1279 obsecro,ut
1600 1213 1762 1268 dictis
1784 1227 1929 1283 quo-

347 1319 457 1374 que
484 1303 966 1360 conﬁrmationem
983 1306 1271 1381 adhibeas.
1289 1304 1463 1373 Quam
1494 1305 1540 1359 si
1567 1319 1668 1375 pro
1692 1304 1930 1374 quaesito

348 1410 637 1464 accepero,
683 1395 1027 1452 satisfactum
1072 1397 1211 1452 mihi
1254 1396 1463 1467 putabo
1508 1396 1566 1450 in
1617 1395 1928 1452 omnibus:

348 1502 408 1541 ct
450 1488 556 1543 hoc
610 1503 728 1559 pra:
765 1489 888 1544 aliis
938 1490 1251 1555 immotum,
1294 1489 1706 1555 inconcussum,
1738 1498 1795 1545 et
1823 1490 1931 1544 alta

349 1578 537 1636 radice
571 1580 737 1636 ﬁxum
790 1598 860 1638 ac
905 1581 1129 1638 ﬁrmum
1188 1582 1242 1637 in
1280 1591 1509 1653 pectore
1567 1585 1929 1639 conservabo.

348 1672 588 1727 Tantum
603 1689 755 1732 cave.
768 1690 838 1730 ne
851 1676 1039 1745 aliquo
1059 1674 1227 1731 modo
1238 1690 1405 1731 voces
1424 1676 1575 1745 ipsas
1587 1684 1927 1740 commutes;

348 1763 446 1820 sed
476 1772 535 1820 ut
560 1774 708 1829 sunt,
749 1766 822 1823 ita
848 1766 1074 1829 referas.
1104 1776 1163 1822 et
1195 1767 1261 1822 ad
1305 1772 1538 1823 verbum
1587 1766 1782 1822 recita.

952 1857 1184 1914 CAPUT
1212 1859 1355 1914 XVI.

351 1957 418 2012 Β.
464 1954 706 2024 Gregorii
732 1952 957 2022 Nyssem'
1016 1951 1159 2006 locus
1193 1952 1257 2005 de
1300 1952 1485 2007 anima
1544 1953 1936 2024 tripartitaitex

419 2022 778 2094 disputatione
814 2024 878 2076 de
897 2024 1088 2094 anime
1108 2032 1158 2076 et
1211 2022 1623 2086 resurrectione,
1650 2040 1769 2077 cum
1803 2022 1921 2077 Ma-

420 2091 571 2152 criua
597 2109 779 2150 sorore
813 2093 995 2147 habita
1022 2091 1123 2163 (α).

422 2214 832 2269 inrsaaocarto.
858 2210 1120 2267 Animum
1144 2212 1304 2267 aiunt
1340 2228 1464 2269 esse
1501 2214 1931 2271 intellectualem

350 2317 631 2370 naturam,
660 2316 717 2361 et
766 2307 1220 2362 instrumentario
1269 2308 1490 2377 corpori
1537 2308 1763 2363 vitalem
1822 2308 1943 2362 vim.

350 2399 419 2455 ad
447 2415 709 2455 sensuum
725 2398 1076 2456 eﬁicicntiam
1089 2408 1262 2470 atque
1282 2400 1557 2455 actionem
1583 2401 1934 2471 ingenerare.

355 2492 491 2547 Nam
524 2505 638 2547 non
689 2491 866 2547 solum
896 2491 1044 2547 circa
1072 2507 1195 2548 eam
1227 2493 1431 2547 mentis
1457 2501 1660 2548 nostra:
1678 2493 1937 2564 agitatio-

355 2602 507 2647 nem.
561 2601 671 2656 qua
730 2585 993 2642 scientias
1043 2586 1385 2656 percipimus
1447 2601 1512 2642 ac
1562 2588 1935 2657 speculamur,

356 2679 547 2735 eiiicax
603 2687 660 2735 et
690 2688 917 2735 actuosa
974 2679 1157 2734 anima
1189 2687 1378 2735 nostra
1405 2687 1512 2744 est,
1535 2696 1634 2749 per
1661 2695 1783 2734 eam
1818 2697 1941 2751 quae

356 2779 545 2845 mente
565 2780 802 2836 constat,
820 2780 877 2828 et
904 2770 1275 2840 intelligentia
1300 2787 1416 2827 sua:
1442 2781 1653 2827 natur:e
1676 2773 1786 2826 vim
1810 2773 1937 2827 talia

356 2862 620 2925 elliciens,
655 2877 835 2933 neque
854 2862 1104 2918 sensoria
1130 2877 1282 2922 vasa.
1316 2863 1789 2934 instrumentaque
1822 2850 1937 2919 sola

358 2956 429 3010 ad
463 2956 772 3011 naturalem
806 2955 1188 3018 cﬁicientiam,
1212 2956 1702 3027 operationemqne
1735 2958 1937 3029 guber-

2029 482 2126 534 ira:
2154 480 2565 541 concitatricem,
2618 479 2781 534 simul
2809 495 2875 533 ne
2897 479 3061 535 insita
3084 480 3138 533 in
3161 478 3357 534 animm
3387 489 3607 539 natura,

2030 581 2087 628 et
2113 573 2267 643 quasi
2292 573 2681 639 coessentiata,
2705 582 2867 641 atque
2889 570 3398 635 consubstantiata,
3430 581 3491 625 et
3538 569 3608 624 ab

2032 664 2195 721 initio
2238 681 2366 720 cum
2419 680 2480 719 ca
2530 665 2664 731 sint,
2696 674 2860 734 atque
2898 679 2928 718 a
2956 663 3229 735 principio
3288 662 3473 718 statim
3502 678 3611 715 una

2032 773 2158 813 eum
2190 757 2474 813 creatione
2530 765 2587 811 ει
2626 756 3025 821 constitutione
3075 756 3196 826 ejus
3240 754 3605 810 exstiterint:

2029 866 2098 904 an
2130 849 2296 905 etiam
2333 848 2542 918 aliquid
2566 848 2738 910 aliud,
2773 858 2937 919 atque
2977 848 3095 918 ipsa
3150 849 3287 909 sint,
3317 854 3368 900 et
3422 854 3615 915 postc-

2033 943 2149 997 rius
2178 941 2341 996 nobis
2375 941 2735 996 accesserint.
2786 939 2924 995 Nam
2961 940 3108 1010 quod
3152 941 3269 995 hzec
3294 938 3517 1009 quidem
3555 937 3612 992 in

2030 1034 2213 1088 anima
2241 1042 2561 1098 cernantur,
2621 1049 2687 1089 ex
2737 1047 2898 1104 aequo
2949 1041 3169 1088 constat
3218 1032 3361 1087 inter
3397 1045 3611 1086 omnes.

2030 1128 2173 1195 Quid
2209 1137 2392 1184 autem
2440 1127 2508 1183 de
2551 1127 2652 1184 eis.
2681 1127 2999 1183 existimare
3042 1136 3316 1198 oporteat,
3368 1127 3614 1182 nondum

2032 1221 2195 1291 plene
2226 1227 2393 1290 atque
2425 1218 2671 1290 perfecte
2694 1221 2837 1275 ratio
2859 1228 3114 1275 assecuta
3137 1228 3243 1282 est,
3297 1227 3359 1274 ut
3401 1218 3614 1272 ﬁrmam

2034 1312 2102 1367 de
2137 1311 2225 1366 his
2252 1311 2453 1367 habeat
2501 1310 2830 1383 opinionem
2861 1329 2875 1365 :
2924 1311 3027 1368 sed
3065 1312 3265 1382 vulgus
3312 1311 3621 1368 etiamnum

2032 1392 2184 1474 vagis
2231 1404 2514 1474 falsisque,
2588 1418 2652 1458 ac
2695 1402 2935 1459 diversis
2992 1403 3353 1473 Opinionibus
3408 1403 3477 1457 de
3529 1401 3623 1456 his

2035 1494 2286 1567 ambigit.
2339 1494 2452 1550 Nos
2509 1510 2666 1561 vero,
2707 1506 2917 1550 aeterna
2969 1495 3323 1566 philosophia
3399 1492 3623 1555 relicta,

2001 1597 2230 1643 -testem
2261 1586 2507 1642 divinam
2551 1585 2898 1656 Scripturam
2938 1585 3302 1648 asciscamus,
3328 1599 3454 1654 qua:
3507 1593 3623 1637 sta-

2035 1679 2162 1741 tuit,
2211 1686 2272 1733 ut
2329 1678 2466 1732 nihil
2525 1677 2581 1733 in
2618 1678 2803 1733 anima
2866 1689 3127 1748 putemus
3150 1675 3414 1733 eximium
3453 1681 3510 1729 et
3533 1673 3623 1728 inv

2036 1772 2211 1842 signe,
2260 1769 2406 1840 quod
2445 1785 2556 1824 non
2591 1770 2757 1823 etiam
2818 1768 3021 1824 divina:
3066 1776 3279 1824 natura:
3336 1766 3622 1838 proprium

2038 1863 2127 1920 sit.
2153 1863 2255 1929 Qui
2290 1862 2436 1917 enim
2465 1861 2888 1917 similitudinem
2920 1859 3014 1915 Dei
3047 1860 3288 1914 animam
3313 1874 3436 1914 esse
3457 1858 3621 1922 dixit,

2038 1955 2359 2027 quidquida
2400 1957 2512 2010 Deo
2571 1955 2810 2010 alienum
2865 1961 2973 2019 est,
3025 1958 3182 2007 extra
3235 1952 3627 2006 deﬁnitionem

2037 2050 2236 2104 anima:
2285 2063 2406 2104 esse
2469 2043 2791 2102 declaravit.
2851 2046 2995 2117 Ergo
3054 2043 3315 2115 quoniam
3350 2041 3629 2113 ejusmodi

2038 2141 2176 2197 nihil
2218 2140 2555 2197 cumdivina
2598 2139 2853 2194 cernitur
2887 2147 3108 2203 natura,
3143 2152 3212 2191 ne
3263 2135 3459 2190 animae
3498 2134 3623 2205 qui-

2039 2235 2162 2291 dem
2197 2235 2317 2290 haec
2352 2233 2541 2292 insita.
2568 2242 2625 2287 et
2654 2230 2810 2302 quasi
2873 2226 3240 2285 coessent’iata
3280 2242 3423 2291 esse,
3473 2235 3625 2282 recte

2040 2325 2167 2396 quis
2193 2316 2616 2380 esistimaverit.
2643 2321 2784 2387 Quid
2819 2320 2989 2391 igitur
3032 2326 3117 2374 est
3146 2316 3295 2388 quod
3345 2317 3626 2372 dicimus?

2039 2416 2195 2483 Quod
2232 2416 2339 2471 hoc
2392 2414 2624 2469 rationis
2673 2413 2956 2483 particeps
3002 2410 3229 2475 animal,
3267 2409 3435 2465 homo
3463 2409 3628 2464 nimi-

2039 2524 2186 2570 rum,
2241 2506 2622 2577 intelligentia:
2680 2513 2844 2574 atquc
2900 2502 3148 2558 scientiae
3181 2517 3352 2573 capax
3401 2501 3495 2564 sit,
3537 2500 3641 2556 vel.

2041 2617 2232 2658 eorum
2260 2600 2358 2671 qui
2391 2617 2420 2654 a
2457 2599 2672 2654 ratione
2704 2608 2905 2652 nostra:
2951 2596 3076 2650 ﬁdei
3135 2606 3302 2666 atque
3347 2595 3628 2666 religionis

2044 2692 2210 2748 alieni
2234 2703 2386 2755 sunt,
2415 2690 2736 2747 testimonio
2762 2687 3185 2759 comprobatum
3236 2696 3323 2742 est
3367 2705 3381 2740 :
3423 2686 3630 2758 quippe

2044 2802 2154 2841 non
2185 2785 2261 2841 ita
2285 2793 2541 2840 naturam
2564 2792 2812 2839 nostram
2855 2780 3228 2849 descriptura,
3270 2795 3334 2834 ac
3375 2778 3631 2849 designa-

2048 2886 2173 2932 tura
2205 2875 2458 2931 deﬁnitio
2487 2873 2705 2937 fuisset,
2729 2872 2792 2941 {si
2828 2870 3049 2941 quidem
3091 2879 3147 2924 et
3179 2868 3542 2934 iracundiam,
3573 2872 3632 2924 et

2047 2966 2577 3038 concupiscentiam,
2611 2973 2668 3020 et
2700 2961 3021 3035 hujusmodi
3052 2960 3236 3016 omnia
3270 2976 3397 3015 eum
3437 2969 3629 3015 nostra

358 3058 494 3103 nat:
522 3047 619 3103 sed
653 3050 862 3102 multus
912 3047 1135 3118 quidem
1174 3047 1517 3117 cupiditatis,
1568 3049 1777 3104 multus
1808 3050 1938 3105 item

2048 3062 2223 3126 unita,
2254 3070 2311 3114 et
2335 3058 2493 3129 quasi
2531 3055 2919 3121 coessentiata,
2959 3062 3122 3124 atque
3157 3051 3629 3108 consubstantiata

361 3141 660 3199 iracundia:
700 3156 922 3212 quoque
948 3150 1135 3197 motus
1179 3142 1232 3196 in
1264 3143 1386 3213 ejus
1428 3151 1626 3196 natura
1671 3144 1940 3198 cernitur.

355 3233 497 3289 Cum
531 3245 716 3290 autem
748 3235 947 3289 borum
984 3245 1285 3303 utrumque
1333 3234 1665 3304 generaliter
1700 3236 1753 3287 in
1784 3235 1944 3289 nobis

364 3326 517 3387 insit,
538 3328 594 3382 in
622 3327 793 3381 multa
819 3327 1047 3395 pariter,
1084 3340 1150 3379 ac
1169 3326 1343 3387 varia,
1368 3325 1686 3380 actionibus
1702 3325 1946 3379 eﬁicien-

364 3418 566 3489 tiisque
600 3419 869 3472 malorum
912 3416 1171 3487 progredi
1241 3424 1452 3470 motum
1499 3415 1775 3470 videmus.
1807 3416 1943 3469 Nam

367 3510 540 3564 multa
566 3509 789 3580 quidem
812 3508 1002 3562 videre
1035 3508 1186 3566 licet,
1229 3521 1467 3575 quorum
1517 3506 1947 3575 concupiscendi

365 3600 452 3654 vis
479 3607 677 3654 auctor
730 3613 796 3653 ac
823 3598 934 3653 dux
962 3607 1045 3652 est
1078 3614 1094 3649 :
1121 3612 1315 3652 rursus
1337 3597 1469 3652 item
1505 3598 1676 3652 multa
1711 3613 1739 3652 a
1784 3614 1948 3654 causa

367 3691 466 3746 irae
498 3689 856 3746 concitatrice
880 3696 1207 3748 nascuntur.
1240 3705 1304 3745 ac
1338 3690 1552 3745 nullum
1587 3690 1786 3745 horum
1822 3707 1950 3747 cor-

368 3798 476 3854 pus
504 3790 608 3838 est.
640 3781 799 3849 Quod
827 3792 1014 3837 autem
1035 3782 1426 3852 incorporeum
1448 3792 1555 3845 est,
1578 3783 1949 3838 intellectuale

366 3890 601 3946 prorsus
653 3883 760 3939 est,
791 3874 1018 3943 solaque
1049 3884 1236 3930 mente
1276 3883 1516 3931 constat.
1564 3874 1742 3931 Porro
1788 3876 1953 3932 intel-

367 3965 665 4033 lectualem
685 3964 1246 4036 quamdam,solaque
1283 3975 1470 4021 mente
1501 3974 1869 4026 constantem.
1897 3976 1954 4022 et

371 4057 930 4129 comprehensibilem
987 4072 1104 4112 rem
1132 4071 1255 4113 esse
1284 4056 1547 4123 animam,
1570 4056 1822 4113 definitio
1855 4058 1955 4114 de-

373 4154 622 4210 claravit.
659 4153 732 4210 Ut
777 4151 1013 4207 duorum
1062 4150 1427 4207 absurdorum
1454 4150 1688 4205 alterum
1719 4164 1788 4205 ex
1817 4166 1950 4206 con-

375 4245 664 4316 sequentia
694 4243 959 4299 orationis
995 4242 1221 4298 exsistat
1250 4252 1418 4312 atque
1455 4252 1724 4314 emergat,
1759 4252 1856 4298 aut
1889 4252 1953 4298 ut

2044 3169 2165 3209 esse
2201 3153 2436 3206 videret.
2464 3150 2602 3204 Nam
2638 3163 2742 3203 nec
2773 3148 2831 3201 in
2866 3146 2977 3201 ulla
3008 3146 3234 3216 quidem
3263 3144 3368 3198 alia
3390 3159 3474 3208 re,
3506 3143 3630 3198 loco

2043 3244 2255 3315 proprii
2290 3257 2585 3298 commune
2620 3254 2857 3309 ponens,
2892 3237 3130 3307 subjecti
3166 3236 3459 3305 quisquam
3507 3235 3632 3289 edi-

2048 3335 2194 3389 derit
2218 3332 2615 3387 deﬁnitionem.
2636 3327 2905 3394 Quoniam
2927 3326 3093 3394 igitur
3109 3324 3629 3393 etconcupiscendi,

2049 3433 2105 3479 et
2142 3421 2418 3477 irascendi
2458 3419 2543 3473 vis
2576 3417 2863 3489 aequaliter
2902 3431 3124 3487 quoque
3169 3423 3279 3469 tam
3310 3415 3367 3469 in
3400 3414 3636 3470 rationis

2050 3520 2301 3584 experte,
2344 3525 2509 3581 quam
2543 3507 2776 3564 rationis
2818 3516 3070 3577 compote
3113 3516 3309 3561 natura
3356 3506 3632 3569 cernitur,

2056 3605 2207 3661 nulla
2237 3603 2476 3668 ratione,
2513 3584 2616 3656 nec
2653 3609 2801 3655 recte
2832 3600 2958 3669 quis
2991 3615 3088 3668 per
3125 3613 3482 3652 communem
3530 3613 3637 3652 no-

2055 3708 2165 3754 tam
2211 3697 2264 3752 id
2298 3694 2446 3767 quod
2479 3693 2763 3764 proprium
2795 3700 2881 3746 est
2908 3690 3305 3761 designaverit.
3334 3688 3494 3756 Quod
3534 3706 3633 3743 au-

2054 3802 2161 3846 tem
2196 3789 2263 3845 ad
2311 3797 2524 3843 natura:
2586 3784 3024 3856 designationem
3081 3797 3510 3852 supervacuum,
3573 3796 3642 3836 ac

2048 3880 2412 3955 rcjiciendum
2439 3887 2544 3944 est,
2570 3893 2680 3949 quo
2704 3884 2892 3948 pacto,
2930 3884 3198 3944 tanquam
3241 3863 3372 3943 pars
3403 3881 3635 3931 natum.

2053 3984 2235 4048 potest
2268 3974 2336 4030 ad
2393 3972 2739 4028 eversionem
2787 3967 3130 4025 deﬁnitionis
3189 3967 3341 4021 vires
3397 3965 3641 4021 habere?

2058 4068 2245 4125 Omnis
2283 4065 2429 4121 enim
2474 4062 2724 4119 deﬁnitio
2773 4059 3117 4122 substantia',
3171 4057 3459 4128 pmprium
3506 4055 3637 4110 sub-

2051 4160 2180 4231 j'cctl
2216 4166 2449 4228 spectat.
2481 4153 2760 4224 Quidquid
2786 4162 2967 4207 autem
3012 4160 3168 4205 extra
3199 4147 3635 4220 peculiaritatem

2057 4267 2122 4307 ac
2148 4250 2543 4322 proprietatem
2570 4246 2760 4308 fuerit,
2791 4252 3049 4314 tanquam
3097 4258 3127 4296 a
3162 4241 3484 4297 deﬁnitione
3509 4242 3643 4297 alie-

378 4337 665 4395 iracundia
718 4351 941 4407 quoque
996 4344 1162 4405 atque
1221 4336 1496 4405 cupiditas
1549 4336 1672 4391 alite
1702 4336 1755 4390 in
1793 4337 1941 4391 noliit

2061 4362 2190 4402 num
2256 4340 2558 4412 despicitur
2627 4348 2792 4407 atque
2849 4336 3253 4392 contemnitur.
3306 4335 3473 4404 Atqui
3531 4342 3683 4390 tam.

376 4430 576 4491 anima
596 4429 730 4492 sint.
754 4439 813 4484 el
834 4443 934 4498 ιπο
957 4442 1066 4482 una
1095 4425 1392 4481 mullime
1419 4427 1732 4481 animarum
1766 4427 1961 4497 depre-
1990 4423 2024 4430 —
2061 4433 2358 4497 irascendi,
2387 4447 2552 4501 quam
2588 4426 3020 4497 concupiscendi
3058 4425 3168 4479 vim
3194 4435 3360 4495 atque
3398 4423 3643 4479 cﬁicien-

380 4524 658 4581 hendatur
703 4531 870 4592 atque
920 4520 1387 4576 animadvertatur
1422 4536 1437 4574 :
1472 4527 1569 4573 aut
1634 4536 1703 4575 ne
1758 4521 1961 4576 mentis
2057 4528 2189 4582 tiam
2233 4538 2360 4579 cum
2397 4520 2547 4576 omni
2587 4528 2809 4583 natura,
2856 4527 2963 4571 tam
3014 4515 3268 4570 rationali
3298 4530 3465 4585 quam
3506 4516 3644 4568 irra-

380 4615 605 4685 quidem
630 4614 911 4686 agitatrix,
944 4622 1000 4668 et
1027 4612 1369 4684 intelligendi
1394 4612 1479 4667 vis
1503 4614 1559 4666 in
1578 4612 1760 4678 nobis,
1779 4613 1962 4667 anima
2060 4612 2272 4677 tionali,
2314 4624 2664 4665 communem
2696 4622 2817 4662 esse
2851 4614 3088 4661 constat.
3135 4604 3413 4673 Quidquid
3461 4613 3647 4658 autem
3686 4672 3690 4682 ι

381 4724 503 4765 εεεε
551 4717 800 4778 putetur.
852 4706 989 4761 Nam
1056 4705 1428 4761 intellectuale
1487 4705 1717 4773 solaque
1775 4713 1962 4759 mente
2060 4718 2355 4761 commune
2386 4709 2493 4767 est,
2529 4717 2640 4756 non
2679 4700 2820 4754 idem
2851 4714 2975 4754 cum
3004 4696 3267 4768 peculiari
3299 4705 3405 4751 cst.
3436 4695 3641 4751 Neces-

383 4809 666 4863 consutis,
719 4806 775 4854 et
815 4796 1339 4867 comprehensibile.
1384 4797 1672 4865 aequaliter
1707 4795 1966 4851 omnibus
2061 4799 2212 4855 sario
2246 4795 2413 4866 igitur
2442 4809 2540 4864 per
2573 4793 2690 4846 hac
2719 4791 2993 4860 sequitur,
3046 4796 3105 4840 ut
3144 4788 3260 4841 haec
3308 4787 3363 4841 in
3391 4785 3498 4840 illis
3531 4802 3666 4840 non.

385 4893 891 4955 accommodatum,
940 4899 1037 4945 aut
1074 4890 1260 4945 omnia
1308 4889 1423 4945 haec
1472 4890 1687 4944 animas
1716 4903 1835 4943 esse
1866 4887 1969 4944 de-

387 4986 740 5051 monstrabit,
789 4995 886 5038 aut
951 4981 1389 5051 unumquodque
1445 4981 1645 5035 borum
1701 4995 1768 5036 ex
1807 4994 1966 5050 atquo

386 5080 594 5134 eximet
621 5086 787 5148 atque
823 5076 1066 5146 excipiet
1105 5089 1173 5129 ex
1219 5074 1326 5127 hac
1371 5072 1570 5127 animae
1603 5072 1966 5142 proprietate.

460 5174 781 5229 Rsscoasxo.
799 5169 969 5234 lianc,
993 5169 1172 5239 inquit
1200 5168 1379 5236 (soror
1398 5164 1684 5236 Macrina),
1698 5165 1968 5221 rationem

385 5265 499 5335 jam
546 5281 576 5318 a
608 5266 799 5318 multis
848 5261 1016 5317 etiam
1045 5260 1172 5315 aliis
1220 5256 1530 5329 quaesitam,
1570 5267 1974 5327 consequenter

394 5357 513 5426 ipse
561 5370 783 5427 quoque
838 5352 1207 5424 requisivisti.
1263 5350 1527 5423 quidnam
1578 5350 1799 5405 tandem
1856 5350 1972 5405 haec

389 5464 513 5505 esse
566 5457 824 5517 oporteat
860 5446 1203 5509 existimare,
1240 5444 1304 5498 τὸ
1330 5443 1756 5514 ὲπιθυμητικδν,
1786 5443 1838 5497 id
1862 5452 1969 5510 est,

2066 4905 2189 4945 esse
2220 4887 2623 4949 existimemus,
2678 4899 2779 4955 per
2821 4898 2942 4952 quae
2982 4880 3260 4951 prmcipne
3286 4879 3523 4933 humana
3559 4893 3652 4932 na-

2073 4991 2196 5037 tura
2231 4980 2573 5049 dcsignatur.
2607 4975 2719 5030 Sed
2739 4971 3206 5045 quemadmodum
3241 4971 3286 5026 si
3337 4970 3464 5040 quis
3523 4985 3650 5024 sen—

2068 5070 2264 5133 tiendi,
2297 5067 2601 5133 nutriendi,
2646 5076 2703 5121 et
2738 5063 2972 5135 augendi
3006 5064 3117 5117 vim
3150 5063 3203 5116 in
3231 5062 3393 5116 nobis
3426 5060 3650 5131 conspi—

2067 5172 2245 5226 catus,
2269 5176 2368 5230 per
2404 5160 2523 5214 inec
2553 5173 2663 5211 non
2698 5155 2927 5210 resolvit
2967 5153 3166 5209 animae
3218 5152 3657 5213 demonstratam

2069 5254 2449 5311 deﬁnitionem
2468 5251 2600 5321 (non
2623 5250 2792 5312 enim,
2815 5246 3076 5317 quoniam
3107 5244 3212 5300 hoc
3237 5253 3314 5298 est
3354 5244 3408 5297 in
3442 5242 3649 5309 anima,

2070 5344 2204 5400 illud
2240 5359 2349 5398 non
2381 5341 2489 5409 est)
2522 5339 2714 5394 eodem
2744 5337 2929 5401 modo,
2956 5335 3000 5389 si
3048 5334 3173 5405 quis
3218 5344 3428 5389 natura:
3452 5341 3657 5389 nostra:

2068 5441 2214 5497 circa
2245 5433 2607 5499 iracundiam,
2632 5438 2688 5485 et
2724 5427 3227 5499 concupiscentiam
3252 5435 3433 5480 motus
3472 5425 3652 5481 anim-

468 5583 548 5652 (n)
574 5583 707 5650 Qua:
736 5590 1069 5655 sequuntur,
1093 5578 1441 5655 apud‘ipsum
1473 5579 1792 5655 Gregorium
1818 5594 1928 5655 non
1956 5577 2401 5654 continuantur:
2439 5570 2533 5625 sed
2570 5584 2648 5655 ea.
2668 5566 2977 5655 Philippus.
2996 5563 3400 5655 noster-Anteius
3420 5561 3653 5655 identi-

394 5639 1217 5723 dent'vErsibus'prmtermis'sis
1239 5639 1407 5723 (quod
1432 5665 1511 5703 ea:
1538 5639 1630 5723 ré's
1661 5650 1727 5703 ad
1756 5650 2071 5706 institutum
2104 5662 2265 5722 suutu
2302 5644 2485 5698 minus
2511 5639 2876 5711 pertinerent)
2909 5639 2980 5690 ila
3008 5639 3285 5705 congessit
3317 5644 3374 5688 ct
3416 5639 3661 5693 eousuit,

397 5735 459 5780 ut
486 5725 791 5781 orationem
820 5720 1195 5779 continentem
1233 5720 1495 5776 cllicerct.
1537 5720 1836 5775 Ροετλευε.
