4088 6214
400 187 506 254 ’191

1631 190 1970 249 PH!LIPPI
2011 189 2401 252 SOLITARII

3556 191 3681 258 ’792

403 303 663 367 advertit,
715 319 825 356 non
865 302 1031 356 etiam
1087 310 1235 354 recte
1269 300 1652 358 deﬁnitionem
1679 317 1980 376 oppugnet,
2016 314 2056 364 Α
2091 318 2204 362 tum
2237 309 2463 365 artiﬁcis
2524 308 2711 362 animo
2774 308 3029 362 voluntas
3073 307 3459 372 destinaverit.
3500 309 3569 364 ad
3618 311 3676 365 id

405 407 468 451 ut
522 411 644 466 quae
691 395 874 448 minus
925 393 1260 449 sufﬁcienter
1335 405 1587 450 naturam
1653 401 1982 455 ostenderit.

406 491 592 544 Palam
627 498 722 565 est
747 502 896 557 ergo,
931 485 1077 556 quod
1130 503 1195 541 ex
1251 487 1341 554 iis,
1379 506 1501 559 quze
1536 491 1878 548 extrinsecus
1931 493 1984 547 in

410 583 577 636 rebus
609 579 1048 644 considerantur,
1084 581 1198 634 hinc
1261 581 1368 636 sint
1412 583 1644 638 allectus
1678 593 1736 639 et
1774 594 1992 654 pertur-

410 675 659 728 bationes
683 682 912 736 natum,
947 683 997 727 et
1037 689 1144 727 non
1192 683 1411 729 natura.
1439 675 1571 730 Nam
1605 677 1722 732 haec
1764 679 1986 748 quidem

409 777 512 830 est,
544 765 689 835 quod
723 775 807 819 est
837 784 850 820 :
885 767 1163 820 iracundia
1200 777 1382 821 autem
1436 769 1599 839 vulgo
1627 770 1812 824 fervor
1852 788 1948 825 san
1975 801 1992 810 ο

410 862 613 930 guinis,
647 861 738 930 qui
782 860 927 914 circa
961 876 1057 914 eor
1097 869 1200 924 est,
1235 877 1355 916 esse
1405 862 1685 932 plerisque
1722 863 1942 918 videtur
1973 881 1988 928 ;

411 950 536 1005 aliis
579 967 732 1012 vero,
765 950 1030 1020 appetitio
1067 950 1364 1006 ulciscendi
1411 969 1561 1017 eum,
1605 970 1634 1008 a
1675 971 1786 1023 quo
1817 956 1994 1010 laees-

413 1041 572 1106 situs,
603 1051 658 1095 et
705 1050 832 1094 ante
865 1045 1028 1094 iresus
1060 1041 1155 1094 sis.
1206 1041 1311 1095 Sed
1368 1051 1424 1095 ut
1480 1057 1580 1096 nos
1632 1043 1994 1108 arbitramur,

414 1132 698 1187 iracundia
730 1143 815 1188 est
844 1133 1112 1203 appetitio
1153 1133 1388 1189 nocendi
1431 1133 1482 1189 ei
1516 1135 1609 1204 qui
1636 1135 1998 1191 concitaverit

415 1235 472 1280 et
510 1225 576 1279 ad
609 1225 747 1280 iram
774 1225 1176 1296 provocaverit.
1218 1226 1425 1280 [lorum
1471 1236 1656 1280 autem
1693 1227 1832 1281 nihil
1867 1243 1999 1282 con-

415 1317 567 1370 venit
605 1317 800 1370 animae
829 1314 1164 1371 deﬁnitioni.
1202 1315 1452 1385 Itemque
1483 1315 1527 1370 si
1563 1332 1660 1383 per
1701 1332 1760 1372 se
1797 1333 2002 1372 concu-

414 1407 742 1476 piscentiam
779 1406 1131 1473 deﬁniamus,
1160 1407 1559 1476 appetitionem
1594 1423 1714 1462 esse
1751 1408 2002 1462 dicemus

417 1499 558 1567 ejus,
591 1497 738 1566 quod
771 1497 926 1552 deest
957 1497 1076 1552 :vel
1107 1497 1446 1552 desiderium
1477 1497 1721 1552 fruendae
1753 1499 2004 1568 volupta-

419 1591 492 1644 tis
517 1632 530 1653 ,
571 1591 655 1644 vel
682 1591 925 1644 dolorem
952 1589 1022 1644 ob
1067 1589 1120 1642 id
1153 1590 1298 1659 quod
1328 1605 1434 1643 non
1469 1591 1714 1660 petimur
1759 1606 1825 1644 eo
1857 1591 2002 1661 quod

421 1681 574 1734 cordi
601 1689 707 1745 est,
745 1689 912 1750 atque
937 1679 1124 1734 animo
1178 1689 1392 1750 gratum
1436 1659 1491 1733 et
1542 1689 1829 1751 acceptum
1859 1659 1888 1736 εὴ
1913 1691 2006 1735 aut
2038 1659 2080 1714 Β

421 1773 661 1842 aliquam
689 1772 1036 1827 affectionem
1067 1772 1132 1826 ad
1160 1773 1209 1825 id
1235 1772 1382 1841 quod
1414 1782 1496 1827 est
1529 1787 1696 1826 suave
1724 1783 1780 1827 et
1805 1773 2006 1843 jucun-

421 1865 576 1924 dum.
616 1880 724 1934 quo
767 1865 1018 1938 frui'non
1053 1866 1200 1919 licet.
1254 1864 1378 1920 llzec
1430 1865 1577 1919 enim
1626 1875 1682 1920 et
1734 1867 2007 1938 ejusmodi

421 1958 604 2010 omnia
637 1957 1000 2026 cupiditatem
1063 1958 1312 2028 quidem.
1347 1960 1675 2020 ostendunt,
1710 1960 1774 2013 ad
1806 1960 2007 2015 deﬁni-

422 2049 633 2103 tionem
670 2058 852 2104 autem
912 2051 1107 2104 animae
1160 2067 1268 2105 non
1334 2054 1632 2121 pertinent.
1659 2052 1802 2119 Quin
1840 2053 2008 2108 etiam

425 2140 516 2194 alii
543 2154 784 2210 quoque,
850 2157 972 2210 qnze
1013 2142 1160 2196 circa
1221 2144 1459 2198 animam
1521 2155 1852 2208 cernuntur,
1889 2161 2011 2211 qua:

425 2233 529 2288 sibi
563 2233 795 2288 invicem
827 2249 894 2288 ex
927 2233 1163 2289 adverso
1216 2236 1394 2306 posita
1453 2236 1734 2301 videntur,
1761 2237 1912 2291 velut
1943 2238 2010 2292 ti-

423 2325 650 2380 miditas
705 2334 761 2380 et
803 2327 1054 2390 audacia,
1114 2326 1272 2381 dolor
1317 2339 1372 2383 et
1407 2329 1681 2398 voluptas,
1730 2339 1910 2384 metus
1956 2339 2012 2383 et

425 2425 798 2486 contemptus,
844 2427 900 2471 et
951 2433 1295 2487 quaecunque
1349 2419 1478 2473 talia
1525 2429 1676 2484 sunt,
1773 2435 2010 2488 quorum

425 2511 861 2580 unumquodque
886 2522 1174 2582 cognatum
1206 2512 1430 2583 quidem
1475 2529 1599 2567 esse
1632 2513 1853 2567 videtur
1883 2528 2010 2568 cum

427 2603 702 2658 irascendi
733 2616 789 2658 et
821 2605 1251 2674 concupiscendi
1282 2605 1356 2668 vi,
1400 2605 1668 2676 peculiari
1697 2615 1882 2660 autem
1915 2605 2013 2659 de.-

429 2695 681 2750 ﬁnitione
712 2712 865 2751 suam
899 2697 1192 2766 designant
1221 2708 1495 2751 naturam.
1544 2697 1897 2766 Qumcunque
1931 2705 2013 2749 ta-

427 2784 505 2838 lia
528 2784 673 2838 circa
707 2786 944 2839 animam
973 2796 1124 2848 sunt,
1148 2787 1330 2839 anima
1355 2803 1463 2840 non
1493 2797 1623 2841 sunt
1667 2805 1680 2840 :
1718 2788 1815 2842 sed
1844 2787 2012 2840 veluti

430 2876 681 2946 quadam
713 2893 956 2932 verrucae
985 2895 1050 2932 ex
1075 2878 1396 2948 eogitatricc
1430 2890 1582 2948 parte
1629 2880 1824 2934 animze
1880 2895 2015 2932 ena-

2092 403 2257 454 etiam
2289 401 2559 454 formatur
2588 419 2600 453 :
2641 408 2696 453 et
2718 397 2802 453 vel
2829 398 3064 468 gladius,
3097 398 3180 452 vel
3209 398 3403 453 rustici
3437 398 3679 470 alicujus

2093 495 2280 562 operis
2300 492 2729 547 instrumentum
2755 490 2834 554 ﬁt,
2862 497 3010 543 metu
3029 488 3248 558 quidem
3269 488 3677 555 obedientiam,

2097 585 2176 638 ira
2217 599 2348 638 vero
2389 583 2796 644 fortitudinem,
2826 581 3122 636 timiditate
3157 580 3471 635 cautionem
3505 593 3678 649 atque

2096 674 2447 729 securitatem
2485 673 2838 743 ingenerante
2891 689 2900 722 :
2941 669 3261 740 cupiditatis
3294 669 3424 723 item
3466 669 3682 738 impetu

2097 767 2338 821 divinam
2367 765 2552 829 simul,
2604 772 2662 820 et
2721 761 3090 817 immortalem
3121 762 3284 815 nobis
3335 762 3682 831 voluptatem

2099 859 2454 914 conciliante.
2495 857 2591 912 Sin
2643 865 2830 910 autem
2875 855 3018 908 ratio
3059 854 3303 907 habenas
3351 853 3580 913 amittit.
3624 865 3686 908 et

2102 957 2360 1018 tanquam
2389 946 2579 1017 auriga
2603 946 2806 1016 aliquis
2839 944 3145 1014 implicitus
3186 945 3373 998 currui
3432 955 3583 1000 retro
3611 948 3685 1000 ab

2100 1057 2167 1096 eo
2212 1041 2488 1104 trahatur,
2536 1039 2742 1108 illoque
2783 1039 3116 1107 abripiatur,
3149 1055 3484 1110 quocunque
3533 1057 3662 1093 eum

2103 1134 2336 1188 rationis
2365 1148 2566 1202 expers
2593 1131 3174 1200 motusjumentorum
3199 1131 3432 1192 auferat.
3461 1143 3590 1186 tunc
3625 1133 3682 1187 in

2103 1225 2579 1295 perturbationem
2627 1222 3002 1292 appetitiones
3049 1231 3452 1277 convertuntur
3497 1223 3688 1292 (quale

2105 1317 2368 1372 nimirum
2392 1316 2559 1370 etiam
2589 1315 2642 1368 in
2681 1315 2861 1368 brutis
2898 1314 3090 1368 videre
3113 1314 3266 1378 licet,
3301 1315 3566 1384 quoniam
3601 1331 3690 1368 ra-

2108 1411 2183 1465 tio
2212 1409 2542 1463 naturaliter
2570 1409 2653 1463 eis
2685 1407 2862 1462 insita:
2887 1406 3118 1460 motioni
3156 1423 3267 1460 non
3300 1407 3543 1476 praaest),
3589 1410 3691 1462 sel

2107 1503 2331 1573 quando
2381 1509 2566 1556 motus
2617 1515 2813 1556 eorum
2859 1499 2924 1554 ad
2970 1498 3177 1553 bonum
3223 1499 3472 1563 inclinat,
3508 1499 3698 1554 laudis

2111 1593 2338 1648 materia
2363 1591 2523 1656 ﬁunt,
2561 1601 2622 1646 ut
2646 1590 2856 1646 Danieli
2889 1590 3187 1659 cupiditas,
3231 1605 3296 1644 ac
3345 1590 3692 1645 desiderium

2109 1694 2165 1738 ct
2189 1683 2408 1739 Phinea:
2441 1683 2612 1747 zelus,
2651 1695 2708 1737 et
2743 1681 2882 1736 bene
2919 1681 3127 1751 lugenti
3165 1681 3345 1735 dolor.
3368 1681 3463 1736 Sin
3497 1691 3690 1737 autem

2109 1777 2177 1830 ad
2204 1776 2447 1831 deterius
2476 1777 2841 1845 propendent,
2878 1783 3008 1828 tunc
3039 1775 3155 1828 haec
3191 1774 3423 1829 aﬂ‘ectus
3455 1790 3519 1828 ac
3560 1791 3696 1844 per-

2114 1871 2452 1926 turbationes
2499 1879 2555 1923 et
2600 1879 2750 1933 sunt,
2809 1876 2866 1922 et
2912 1867 3290 1921 nominantur.
3337 1866 3696 1936 Speculandi,

2111 1979 2176 2018 ac
2197 1959 2538 2032 dijudicandi
2581 1960 2665 2014 vis
2713 1957 2936 2029 prepria
2966 1968 3052 2012 est
3098 1958 3219 2027 ejus
3254 1958 3451 2011 anima:
3496 1957 3694 2026 partis,

2113 2072 2233 2126 qua:
2258 2055 2369 2109 Deo
2399 2053 2597 2107 similis
2631 2061 2736 2114 est,
2761 2052 3024 2120 quoniam
3057 2050 3223 2104 etiam
3281 2049 3531 2103 divinum
3589 2066 3700 2102 nu-

2115 2164 2239 2202 men
2281 2162 2380 2216 per
2442 2147 2559 2199 haec
2605 2143 3148 2213 comprehendimus.
3193 2142 3250 2196 Si
3308 2141 3474 2211 igitur
3505 2141 3695 2196 anima

2114 2241 2184 2294 ab
2227 2239 2376 2293 omni
2407 2237 2704 2292 vitiositate
2735 2252 2870 2304 pura
2896 2235 3081 2296 fuerit,
3113 2237 3165 2288 in
3198 2235 3343 2288 bono
3369 2243 3424 2288 et
3459 2234 3699 2288 honesto

2116 2346 2341 2402 prorsus
2365 2330 2492 2384 erit.
2523 2328 2732 2382 Bonum
2759 2335 2942 2380 autem
2969 2336 3025 2380 et
3049 2325 3341 2380 honestum
3378 2342 3442 2380 ex
3477 2325 3562 2380 sui
3601 2343 3700 2379 na-

2119 2432 2240 2476 tura
2283 2435 2487 2475 numen
2527 2418 2773 2473 divinum
2808 2425 2913 2477 est.
2945 2430 3071 2470 eum
3107 2431 3218 2486 quo
3257 2432 3351 2483 per
3401 2416 3699 2486 puritatem

2117 2514 2299 2568 anima
2329 2511 2776 2581 conjunctionem
2831 2507 3076 2572 habebit,
3134 2507 3338 2578 quippe
3392 2523 3517 2562 cum
3566 2522 3701 2576 pro-

2119 2608 2236 2676 prio
2268 2606 2557 2660 cohaerens
2585 2611 2751 2670 atque
2787 2601 3126 2655 coalescens.
3171 2599 3226 2654 Si
3262 2599 3433 2669 igitur
3468 2598 3576 2652 hoc
3602 2613 3698 2650 ac-

2115 2699 2335 2760 ciderit,
2359 2713 2468 2750 non
2493 2695 2729 2764 amplius
2753 2693 3073 2763 cupiditatis
3097 2701 3248 2746 motu
3278 2707 3417 2760 opus
3439 2690 3571 2755 erit,
3599 2688 3698 2760 qui

2117 2780 2281 2843 nobis
2315 2794 2518 2856 praeeat
2541 2799 2606 2838 ae
2635 2784 2742 2838 dux
2765 2783 2837 2838 sit
2862 2783 2928 2836 ad
2953 2783 3006 2836 id
3033 2783 3180 2852 quod
3213 2782 3420 2836 bonum
3455 2780 3702 2835 cthone-

2120 2892 2264 2938 stum
2295 2889 2399 2935 est.
2435 2879 2572 2933 Nam
2619 2878 2712 2947 qui
2751 2878 2806 2930 in
2845 2876 3094 2930 tenebris
3130 2875 3296 2929 vitam
3345 2874 3573 2944 degens,
3605 2872 3702 2926 lu-

432 2973 690 3021 scentes:
719 2982 841 3035 qua:
875 2976 1058 3036 partes
1089 2967 1309 3036 quidem
1363 2968 1537 3038 ipsius
1569 2985 1712 3034 esse,
1761 2985 1829 3024 eo
1867 2969 2016 3039 quod
2045 3000 2086 3054 ρ
2121 2991 2239 3032 cem
2271 2972 2668 3030 desideraverit
2700 2988 2713 3024 :
2744 2970 2862 3040 qui,
2897 2971 2944 3024 si
2978 2969 3032 3022 in
3058 2970 3235 3023 lucem
3261 2968 3577 3037 pervenerit
3605 2981 3696 3020 ea-

434 3068 646 3130 agnatae
678 3060 808 3122 sint,
835 3075 944 3114 non
976 3067 1157 3116 tamen
1192 3059 1242 3114 id
1271 3075 1392 3115 esse
1425 3060 1834 3126 existimantur,
1869 3061 2015 3131 quod

435 3151 618 3206 anima
640 3167 707 3206 ex
745 3151 831 3206 sui
868 3161 1060 3207 natura
1106 3163 1274 3223 atque
1322 3152 1565 3207 essentia
1611 3163 1716 3208 est.
1775 3154 2021 3210 Dicimus

434 3242 581 3298 enim
614 3244 808 3298 animae
833 3245 1057 3314 quidem
1103 3245 1527 3316 speculatricem
1567 3257 1621 3302 et
1673 3248 2018 3318 tlijndicatri-

434 3349 576 3401 cem,
609 3349 908 3406 rerumque
954 3339 1340 3408 inspectriccm
1399 3340 1509 3394 vim
1571 3342 1692 3412 ejus
1746 3341 2020 3410 prOpriam

433 3439 558 3481 esse
589 3440 652 3480 ac
683 3427 989 3482 naturalem
1026 3445 1039 3482 :
1078 3430 1309 3500 ejusque
1345 3431 1531 3501 gratize
1576 3447 1684 3500 qua
1717 3432 1828 3486 Deo
1857 3430 2013 3484 simi-

432 3517 506 3571 lis
539 3525 647 3582 est,
676 3533 776 3585 per
809 3518 928 3571 haec
968 3519 1114 3573 illam
1151 3521 1446 3590 imaginem
1499 3537 1620 3576 sese
1661 3537 2018 3576 conservare.

435 3609 711 3675 Quoniam
772 3611 1196 3668 ratiocinatione
1243 3624 1299 3668 et
1351 3618 1670 3684 conjectura
1714 3615 2019 3681 colligitur,

436 3700 688 3752 divinum
717 3715 937 3768 quoque
957 3701 1173 3756 Numen
1207 3702 1602 3772 (quodcunque
1631 3701 1853 3756 tandem
1877 3702 1929 3754 id
1955 3716 2023 3754 ex

437 3791 526 3846 sui
562 3802 755 3846 natura
777 3794 882 3861 est)
912 3791 965 3845 in
990 3791 1077 3846 bis
1107 3804 1438 3864 occupatum
1467 3809 1588 3848 esse
1630 3811 1644 3847 :
1680 3809 1876 3863 nempe
1908 3803 2022 3848 tum

437 3885 498 3940 in
530 3885 874 3955 inspiciendo
906 3886 1112 3948 omnia,
1146 3893 1260 3940 tum
1295 3886 1349 3941 in
1399 3886 1769 3942 discernendo
1817 3886 2023 3941 bonum

438 3994 472 4032 a
495 3979 659 4034 malo.
701 3978 1056 4050 Quaecunque
1079 3987 1264 4032 autem
1300 3977 1353 4031 in
1390 3977 1586 4032 animm.
1636 3979 1878 4033 conﬁnio
1923 3994 2024 4049 po-

440 4071 545 4126 sita
577 4081 727 4136 sunt,
764 4072 831 4126 ad
875 4072 1204 4126 alterutrum
1255 4087 1321 4125 ex
1360 4072 1660 4125 contrariis
1695 4072 2024 4141 propensio-

438 4181 566 4219 nem
594 4174 651 4218 et
674 4165 1084 4219 inclinationem
1130 4166 1285 4235 juxta
1326 4163 1411 4218 sui
1466 4172 1722 4219 naturam
1771 4163 2027 4230 habent;

440 4271 676 4326 quorum
704 4263 890 4310 certus
909 4256 1132 4324 quidam
1158 4271 1290 4310 usus
1317 4256 1402 4310 vel
1434 4255 1502 4310 ad
1534 4255 1586 4310 id
1613 4257 1758 4326 quod
1795 4255 2023 4320 bonum,

439 4348 529 4404 vel
568 4348 715 4402 bono
762 4349 1101 4402 contrarium
1150 4358 1255 4413 est,
1311 4348 1466 4404 ducit
1499 4357 1758 4404 eventum
1796 4367 1808 4402 :
1848 4347 2020 4402 veluti
2053 4335 2098 4386 ι)

442 4440 526 4495 ira
546 4438 632 4493 vel
662 4449 860 4498 metus,
892 4454 955 4493 ac
999 4441 1042 4493 si
1083 4439 1216 4509 quid
1251 4450 1554 4504 mortuum,
1589 4438 1684 4508 qui
1729 4439 1784 4492 in
1837 4439 2019 4492 anima

440 4544 591 4598 sunt,
646 4536 916 4606 ejusmodi
956 4547 1061 4599 est,
1103 4536 1222 4590 sine
1275 4536 1479 4605 quibus
1519 4536 1760 4589 humana
1826 4543 2024 4587 natura

443 4631 781 4688 considerari
814 4646 926 4685 non
957 4639 1160 4700 potest,
1194 4630 1245 4683 id
1275 4630 1624 4684 extrinsecus
1646 4627 1694 4682 ei
1721 4626 2024 4682 accessisse

443 4725 842 4788 existimamus,
871 4733 1164 4792 pr0pterea
1203 4723 1354 4792 quod
1410 4722 1464 4775 in
1502 4719 1795 4791 principali
1824 4726 1879 4772 et
1913 4716 2026 4770 ori-

444 4818 608 4888 ginali
645 4814 1060 4886 pulchritudine
1094 4814 1307 4868 nullum
1335 4813 1605 4884 ejusmodi
1643 4813 1862 4881 signum
1897 4824 2023 4862 cer-

443 4919 632 4964 natur.
689 4908 819 4974 Qute
881 4922 990 4960 non
1083 4906 1308 4960 omnino
1360 4906 1488 4958 mali
1558 4903 1792 4974 alicujus
1850 4915 2030 4955 causa:

444 5002 698 5056 bumanze
723 4997 1036 5052 contributa
1069 5005 1278 5051 natura:
1303 5006 1435 5051 sunt
1465 4996 1614 5063 (nam
1636 4991 1846 5062 alioqui
1870 4990 2033 5046 Crea-

447 5093 555 5147 tori
586 5106 751 5146 causa
775 5091 1040 5144 malorum
1077 5089 1344 5160 assignari
1377 5096 1585 5157 potest,
1632 5087 1677 5140 si
1721 5086 1872 5139 illinc
1897 5099 2028 5153 pec-

449 5196 695 5239 catorum
722 5186 1047 5241 necessariae
1067 5199 1246 5239 causm
1275 5181 1438 5235 simul
1460 5181 1515 5233 in
1535 5188 1786 5233 naturam
1815 5178 2029 5232 collata:

449 5279 678 5346 essent),
708 5275 804 5330 sed
831 5286 984 5329 certo
1025 5277 1264 5346 quodam
1320 5289 1423 5328 usu
1459 5272 1762 5328 voluntatis
1789 5281 1845 5326 et
1881 5269 2030 5324 arbi-

452 5366 543 5420 trii
577 5367 662 5420 vel
698 5366 943 5428 virtutis,
995 5366 1077 5420 vel
1115 5365 1234 5419 vitii
1278 5366 1649 5419 instrumenta
1700 5362 1824 5418 talis
1856 5359 2028 5414 animi

453 5468 634 5512 motus
667 5459 962 5512 exsistunt.
1004 5458 1475 5522 Quemadmodum
1541 5457 1771 5518 ferrum,
1804 5455 1935 5508 dum
1963 5470 2028 5507 ex

454 5549 722 5603 sententia
752 5549 980 5603 artificis
1006 5550 1248 5616 cuditur,
1301 5550 1673 5620 quodcunque
1718 5547 2024 5602 ferramen-

524 5641 565 5670 "
599 5637 733 5692 Rom
764 5653 876 5704 vui,
901 5641 988 5696 2i.

2119 3085 2226 3140 que
2253 3067 2360 3121 frui
2411 3064 2662 3134 cceperit,
2715 3061 3108 3132 concupiscere
3168 3068 3333 3130 atque
3386 3058 3705 3113 desiderant:

2118 3158 2358 3214 desinet.
2390 3154 2646 3210 Facultas
2673 3151 2820 3206 enim
2845 3161 3013 3220 atque
3044 3158 3288 3220 potestas
3333 3149 3577 3218 potiendi
3614 3155 3702 3201 at-

2118 3268 2228 3322 que
2261 3247 2502 3311 fruendi,
2538 3261 2733 3300 vanam
2755 3253 2812 3298 et
2835 3244 3087 3298 inutilem
3105 3241 3272 3297 eﬂicit
3294 3241 3652 3310 cupiditatem
3686 3255 3703 3293 :

2119 3344 2214 3400 sed
2247 3341 2406 3397 nobis
2425 3339 2672 3411 quidem,
2701 3345 2992 3406 propterea
3041 3334 3190 3404 quod
3232 3332 3362 3388 boni
3393 3348 3563 3403 egena
3595 3340 3705 3394 est,

2121 3446 2319 3492 natura
2354 3449 2571 3503 semper
2607 3432 2802 3494 fertur,
2833 3440 2998 3499 atque
3047 3427 3335 3482 contendit
3367 3425 3434 3481 ad
3476 3425 3529 3478 id
3555 3423 3702 3494 quod

2122 3528 2299 3590 deest,
2330 3540 2394 3579 ac
2415 3523 2752 3578 desiderium
2783 3521 2904 3591 ejus
2923 3519 3070 3590 quod
3093 3511 3302 3581 deﬁcit,
3341 3517 3457 3586 ipse
3492 3525 3703 3569 natura:

2122 3628 2326 3672 nostra:
2361 3613 2790 3683 concupiscendi
2839 3611 3075 3666 aﬁ‘ectus
3111 3617 3197 3664 est
3238 3629 3251 3664 :
3280 3609 3374 3678 qui
3425 3607 3508 3661 vel
3542 3607 3707 3660 aber-

2122 3718 2230 3773 rat,
2267 3714 2493 3777 propter
2518 3704 2806 3758 sinistrum
2858 3700 3130 3771 judicium
3173 3699 3244 3752 ab
3277 3713 3347 3751 eo
3387 3695 3536 3766 quod
3573 3710 3703 3748 vere

2122 3800 2329 3855 bonum
2353 3807 2410 3853 et
2445 3797 2736 3851 honestum
2765 3802 2886 3856 est;
2913 3793 2997 3846 vel
3024 3789 3190 3845 etiam
3235 3786 3598 3856 consequitur
3648 3795 3709 3840 et

2122 3891 2447 3963 adipiscitur
2486 3889 2541 3944 id
2571 3903 2682 3958 quo
2718 3885 2881 3956 potiri
2924 3884 3140 3938 bonum
3174 3890 3280 3936 est.
3317 3881 3386 3934 At
3439 3895 3526 3944 ea,
3586 3893 3709 3946 qua:

2125 3998 2350 4058 superat
2378 3998 2597 4055 omnem
2623 3983 2822 4036 bonam
2851 3978 3265 4048 cogitationem,
3306 3982 3526 4037 natura,
3559 3987 3712 4042 qua:-

2125 4095 2232 4151 que
2263 4094 2430 4148 super
2471 4089 2691 4129 omnem
2717 4071 3020 4142 potentiam
3065 4069 3293 4132 eminet,
3346 4076 3405 4121 ut
3435 4082 3557 4136 qu:e
3588 4063 3716 4118 nul-

2125 4175 2234 4229 lius
2274 4169 2518 4239 indigeat
2558 4180 2753 4220 earum
2802 4179 3013 4226 rerum,
3053 4176 3178 4231 quae
3231 4160 3377 4214 circa
3418 4157 3623 4212 bonum
3655 4164 3714 4209 et

2126 4266 2418 4320 honestum
2451 4257 2856 4333 intelliguntur,
2886 4270 3010 4310 cum
3037 4254 3152 4322 ipsa
3182 4253 3254 4306 sit
3281 4252 3551 4305 bonorum
3588 4247 3712 4318 ple-

2128 4352 2344 4417 nitudo,
2369 4365 2550 4420 neque
2589 4358 2848 4417 tanquam
2892 4345 3173 4415 particeps
3219 4341 3454 4411 alicujus
3481 4339 3613 4392 boni
3646 4345 3705 4391 et

2130 4444 2347 4500 honesti
2401 4443 2458 4497 in
2492 4443 2640 4497 bono
2686 4447 2954 4502 versetur,
2990 4437 3085 4492 sed
3124 4438 3237 4506 ipsa
3289 4435 3361 4489 sit
3387 4433 3559 4503 ipsius
3584 4429 3712 4484 boui

2127 4542 2186 4588 et
2215 4533 2432 4587 honesti
2465 4539 2663 4585 natura
2695 4527 3088 4600 (quodcunque
3144 4525 3366 4580 tandem
3406 4524 3574 4578 etiam
3614 4521 3716 4575 bo-

2130 4641 2261 4680 num
2319 4631 2376 4679 et
2419 4623 2715 4677 honestum
2754 4633 2876 4674 esse
2925 4633 3083 4672 mens
3146 4617 3347 4687 ponit),
3386 4630 3564 4684 neque
3585 4629 3716 4683 spe-

2130 4715 2288 4771 randi
2329 4723 2539 4769 motum
2583 4711 2640 4765 in
2691 4725 2812 4765 sese
2873 4709 3118 4764 admittit
3172 4709 3323 4777 (spes
3353 4707 3499 4760 enim
3543 4705 3611 4759 ad
3655 4703 3713 4757 id

2131 4807 2278 4878 quod
2311 4822 2420 4860 non
2451 4805 2626 4865 adest,
2659 4801 2928 4856 duntaxat
2964 4800 3268 4855 adhibetur
3309 4819 3322 4854 :
3359 4819 3378 4851 ε
3417 4798 3572 4865 Quod
3614 4815 3713 4852 an-

2133 4911 2240 4955 tem
2269 4897 2395 4969 quis
2419 4897 2604 4958 habet,
2649 4911 2751 4949 cur
2779 4894 2947 4948 etiam
2995 4900 3179 4962 sperat
3204 4893 3290 4946 ἠ
3324 4909 3342 4942 ο
3379 4891 3558 4960 inquit
3585 4889 3717 4944 bea-

2134 5005 2224 5047 tus
2261 4987 2606 5060 Apostolus),
2651 5001 2831 5055 neque
2865 4982 3255 5038 reminiscendi
3285 4998 3351 5036 ac
3388 4979 3716 5035 recordandi

2129 5083 2422 5138 eﬁicicntia
2465 5080 2530 5134 ad
2569 5092 2753 5134 rerum
2794 5075 3083 5131 scientiam
3127 5091 3268 5144 opus
3297 5074 3524 5128 habent.
3555 5071 3714 5138 Quod

2131 5178 2278 5232 enim
2304 5175 2547 5237 videtur,
2582 5171 2963 5226 recordatione
3029 5184 3138 5222 non
3175 5167 3406 5237 indiget.
3435 5165 3714 5232 Quoniam

2135 5269 2303 5338 igitur
2351 5266 2540 5320 divina
2589 5273 2786 5318 natura
2837 5275 3004 5330 supra
3054 5275 3218 5313 omne
3259 5259 3467 5313 bonum
3499 5266 3603 5320 est,
3653 5269 3717 5308 ac

2134 5361 2340 5414 bonum
2377 5357 2522 5411 bono
2547 5369 2775 5426 prorsus
2821 5353 3061 5407 amicum
3099 5363 3205 5415 est,
3241 5351 3452 5405 idcirco
3484 5364 3608 5404 cum
3657 5363 3716 5401 se

2139 5451 2312 5520 ipsam
2353 5447 2622 5508 intuetur,
2662 5442 2890 5514 etquod
2928 5443 3098 5496 habet.
3144 5441 3282 5506 vult,
3321 5451 3377 5494 et
3407 5439 3552 5510 quod
3600 5438 3715 5491 vult

2121 5540 2309 5604 habet,
2341 5537 2484 5592 nihil
2507 5545 2796 5592 externum
2821 5536 2874 5590 in
2907 5549 2962 5589 se
2987 5533 3306 5588 admittens.
3336 5532 3504 5588 Extra
3530 5539 3714 5592 autem
