4102 6200
326 217 440 282 793

1756 225 2115 289 DIOPTRA.

3484 221 3624 295 79"

326 351 451 394 eam
485 335 644 401 nihil,
672 343 1038 406 praeterquam
1067 336 1182 392 sola
1213 337 1486 395 vitiositas
1518 346 1624 406 est,
1647 356 1770 410 quae
1790 342 1914 409 (etsi
1944 343 1993 402 Α
2019 343 2196 396 etiam
2257 341 2642 398 universarum
2706 340 2985 398 actionum
3030 356 3153 412 qua:
3219 356 3343 397 cum
3386 343 3598 400 virtute

330 428 482 483 dictu
509 427 834 491 absurdum,
862 437 920 485 et
949 444 979 482 a
1004 429 1216 498 vulgari
1250 430 1512 499 opinione
1538 431 1776 486 alienum
1803 433 1907 501 est)

331 521 388 577 in
425 536 494 576 eo
520 523 668 591 quod
695 536 803 574 non
860 530 966 583 est,
1025 537 1188 576 suum
1223 539 1344 578 esse
1381 524 1565 578 habet.
1611 525 1729 578 Non
1759 526 1908 580 enim

328 615 444 670 ulla
476 614 581 668 alia
612 615 897 684 generatio
937 615 1255 670 vitiositatis
1279 626 1384 678 est,
1409 631 1573 684 quam
1607 617 1728 686 ejus
1763 617 1910 686 quod

328 714 416 760 est
446 704 699 776 privatio.
732 703 890 770 Quod
932 714 1118 758 autem
1165 706 1384 774 proprie
1413 716 1518 768 est,
1555 705 1683 759 boni
1714 717 1908 760 natura

329 808 436 853 est.
462 796 619 864 Quod
653 796 822 867 igitur
853 796 906 850 in
952 806 1082 863 cute
1106 813 1214 850 non
1246 806 1352 858 est,
1391 797 1444 849 in
1498 813 1565 850 co
1618 798 1763 866 quod
1801 814 1908 852 non

328 900 434 954 est,
467 905 697 960 prorsus
729 898 836 944 est.
888 888 1182 957 Postquam
1238 889 1407 958 igitur
1454 889 1634 944 anima
1669 905 1910 959 quoque,

331 983 632 1053 segregatis
660 982 920 1037 omnibus
944 981 1115 1036 variis
1151 992 1360 1036 namrae
1393 981 1658 1043 motibus,
1692 982 1803 1034 Deo
1838 980 1882 1033 si

331 1076 480 1132 milis
513 1075 708 1130 effecta
739 1074 929 1138 fuerit,
983 1083 1149 1143 atque
1208 1082 1468 1142 superata
1521 1071 1824 1142 cupiditate
1857 1071 1910 1125 in

333 1168 430 1222 illo
459 1167 647 1227 fuerit,
689 1165 756 1219 ad
791 1163 942 1235 quod
979 1165 1112 1219 olim
1151 1163 1455 1233 cup’ditate
1489 1162 1806 1233 erigebatur
1857 1169 1914 1215 et

335 1259 696 1323 incitabatur,
724 1274 833 1311 non
862 1257 1099 1327 amplius
1125 1255 1463 1312 consistendi
1492 1255 1674 1310 locum
1712 1254 1764 1307 in
1792 1266 1912 1307 sese

337 1353 454 1415 dat,
493 1367 672 1421 neque
709 1350 846 1420 spei,
895 1366 1078 1420 neque
1133 1349 1531 1404 recordationi.
1576 1346 1712 1401 Nam
1763 1343 1910 1415 quod

336 1445 562 1517 quidem
631 1445 976 1514 sperabatur,
1034 1444 1202 1498 habet
1257 1460 1272 1494 :
1325 1441 1686 1511 occupatione
1726 1447 1912 1492 autem

334 1539 695 1594 fruendarum
724 1538 1018 1603 bonorum,
1043 1533 1362 1591 memoriam
1387 1550 1416 1588 a
1440 1542 1623 1587 mente
1646 1537 1912 1591 removet,

335 1648 401 1688 ac
424 1631 642 1686 missam
676 1630 806 1685 facit
833 1647 846 1682 :
876 1638 1040 1699 atque
1063 1629 1138 1684 ita
1160 1628 1328 1682 vitam
1352 1642 1630 1697 superam,
1651 1634 1708 1680 et
1729 1622 1914 1678 excel-

2012 433 2378 505 perflciuntur
2416 446 2583 506 atque
2626 435 2796 490 etiam
2829 435 2968 504 legis
2996 445 3401 504 praceptorum
3434 436 3591 505 prin-

2012 527 2254 598 cipatum
2285 538 2454 584 tenet.
2493 529 2549 583 Si
2580 528 2746 598 igitur
2778 526 2846 580 ad
2902 528 3053 581 hunc
3087 528 3251 582 linem
3281 528 3464 582 anima
3499 527 3620 581 ali--

2012 621 2233 690 quando
2261 622 2535 691 pervenit,
2567 620 2802 674 aliarum
2836 634 3024 672 rerum
3060 618 3328 672 nimirum
3373 619 3598 672 univcr-

2013 728 2195 765 sarum
2224 711 2936 780 plenitudinemjcomplexa
2968 722 3073 765 est.
3127 710 3260 764 Nam
3302 726 3428 764 cum
3460 711 3592 773 vita,

2013 819 2176 871 quam
2231 804 2284 856 iu
2331 801 2623 872 pratsentia
2664 801 3044 871 transigimus,
3075 802 3226 856 varie
3272 801 3482 871 pariter
3530 817 3594 856 ac

2015 893 2372 947 multifariam
2408 909 2436 946 a
2483 893 2644 946 nobis
2677 892 2952 961 exigatur.
3001 893 3187 946 multae
3241 891 3465 961 quidem
3507 907 3596 947 res

2014 992 2166 1048 sunt,
2200 999 2436 1052 quarum
2470 998 2698 1053 egemus
2721 991 2778 1037 et
2799 983 3099 1052 participes
3123 998 3336 1047 smnus,
3369 991 3430 1036 ut
3453 991 3593 1037 tem-

2017 1075 2186 1145 poris,
2212 1084 2272 1128 ut
2298 1075 2466 1138 aeris,
2506 1085 2567 1128 ut
2589 1075 2717 1139 loci,
2751 1074 2972 1143 cibique
3014 1089 3078 1129 ac
3113 1082 3300 1140 potus,
3331 1083 3392 1128 ut
3429 1084 3590 1141 tegu-

2015 1177 2353 1231 mentorum,
2384 1176 2446 1220 ut
2496 1166 2649 1230 solis,
2693 1168 3188 1235 lucernarumque,
3242 1175 3304 1219 ut
3357 1166 3592 1219 aliarum

2015 1276 2198 1315 rerum
2227 1260 2524 1313 multarum
2552 1258 2616 1312 ad
2641 1273 2799 1312 usum
2818 1257 2943 1312 vita:
2965 1255 3424 1311 necessariarum.
3458 1256 3598 1311 Bea-

2017 1353 2194 1408 titudo
2216 1367 2346 1407 vero
2373 1367 2496 1421 qua:
2515 1366 2580 1405 ex
2601 1359 2904 1420 spectatur.
2926 1349 3132 1403 nullius
3155 1349 3380 1417 quidem
3402 1349 3592 1402 barmn

2019 1459 2206 1500 rerum
2243 1458 2414 1514 egena
2443 1452 2528 1497 est
2553 1459 2569 1508 ;
2595 1441 2778 1495 omnia
2799 1453 2981 1494 autem
3002 1448 3179 1504 RODIS,
3205 1440 3436 1509 locoque
3467 1454 3591 1492 om-

2014 1540 2168 1593 nium
2192 1538 2302 1592 erit
2347 1535 2532 1590 divina
2559 1545 2778 1599 natura,
2821 1532 2889 1587 ad
2940 1547 3161 1587 omnem
3204 1546 3370 1586 usum
3408 1545 3472 1584 ac
3501 1543 3599 1583 nec

2015 1623 2326 1686 cessitatem
2360 1628 2509 1683 illius
2528 1627 2654 1681 vita:
2683 1641 2808 1681 sese
2831 1623 3228 1680 convenienter
3255 1630 3311 1678 et
3337 1631 3464 1692 apte
3496 1622 3597 1675 im-

334 1741 476 1786 sum,
508 1723 804 1778 informata
839 1722 1038 1776 divinae
1062 1731 1276 1776 naturre
1307 1718 1744 1790 proprietatibus
1780 1715 1902 1769 imi-
1950 1712 1990 1770 Β
2016 1724 2282 1793 partiens.
2315 1721 2500 1790 Atque
2553 1719 2608 1773 id
2653 1719 2880 1788 planum
2928 1732 2993 1771 ac
3019 1716 3375 1771 manifestum
3419 1727 3503 1770 est
3531 1730 3600 1768 ex

337 1825 486 1871 tatur
516 1833 532 1869 :
557 1816 697 1870 adeo
730 1823 790 1868 ut
841 1813 977 1868 nihil
1014 1812 1162 1867 aliud
1195 1813 1246 1867 ei
1275 1812 1644 1878 relinquatur,
1677 1815 1906 1878 prmter-

336 1925 497 1978 quam
530 1907 846 1962 dilectionis
879 1905 1132 1970 aﬂ‘ectus,
1162 1905 1256 1974 qui
1305 1902 1631 1957 naturaliter
1674 1901 1726 1954 ei
1762 1898 1910 1968 quod

336 1997 542 2052 bonum
563 2006 620 2052 et
639 1997 933 2051 honestum
965 2004 1072 2059 est,
1121 1995 1386 2049 adbzeret.
1426 1993 1482 2048 Id
1509 1992 1655 2046 enim
1689 1989 1913 2045 dilectio

335 2094 443 2151 est,
478 2087 663 2140 animo
689 2086 944 2141 videlicet
979 2085 1178 2140 insitus
1202 2084 1425 2139 habitus
1449 2083 1517 2138 ad
1543 2083 1594 2138 id
1619 2081 1766 2152 quod
1799 2082 1915 2150 pla-

335 2189 428 2235 cet
464 2191 626 2249 atque
649 2179 802 2234 cordi
831 2188 939 2234 est.
972 2178 1113 2233 Cum
1143 2177 1311 2248 igitur
1336 2176 1592 2245 simplex,
1615 2184 1673 2229 et
1700 2175 1914 2229 unifor-

337 2272 463 2336 mis,
496 2285 562 2325 ac
593 2271 753 2340 plane
791 2269 988 2324 similis
1019 2270 1131 2324 Deo
1161 2268 1342 2322 anima
1364 2267 1531 2326 facta.
1555 2275 1716 2322 nacta
1745 2265 1914 2320 fuerit

337 2361 472 2416 illud
497 2375 624 2414 vere
638 2361 890 2430 simplex,
906 2368 963 2414 et
979 2361 1217 2414 materia:
1233 2359 1453 2428 dolique
1472 2373 1666 2428 expers
1684 2358 1912 2423 bonum,

337 2454 484 2524 quod
503 2453 683 2508 solum
704 2469 887 2508 revera
907 2453 1202 2508 dilectione
1223 2453 1448 2523 dignum
1473 2460 1526 2507 et
1546 2452 1782 2506 amabile
1807 2459 1911 2517 est,

337 2560 467 2601 cum
515 2544 761 2600 adhaeret
796 2544 1002 2608 eidem,
1052 2554 1166 2598 tum
1198 2559 1302 2598 una
1329 2543 1720 2598 commiscetur
1751 2550 1916 2611 atque

337 2649 805 2709 contemperatur,
827 2655 927 2709 per
954 2637 1268 2693 dilectionis
1297 2646 1506 2691 motum
1540 2646 1596 2690 et
1639 2634 1914 2690 actionem

338 2733 408 2787 ad
440 2733 495 2788 id
529 2732 677 2802 quod
722 2748 943 2802 semper
971 2741 1027 2786 et
1067 2730 1562 2800 comprehenditur
1609 2737 1667 2782 et
1697 2726 1915 2781 inveni-

340 2836 452 2890 tur,
473 2840 596 2881 sese
615 2824 881 2882 formans.
916 2834 1080 2894 atque
1124 2824 1176 2877 id
1213 2838 1310 2892 per
1333 2820 1755 2877 similitudinem
1785 2819 1914 2874 boni

339 2917 598 2982 evadens,
635 2918 780 2988 quod
811 2920 932 2985 ejus
956 2917 1103 2988 quod
1130 2916 1495 2987 participatur
1540 2923 1708 2984 atque
1739 2913 1920 2984 perci-

339 3014 494 3081 pitur
531 3021 723 3064 natura
754 3020 857 3065 est.
898 3010 1035 3064 Cum
1067 3017 1249 3064 autem
1278 3009 1333 3063 in
1375 3010 1469 3063 illo
1495 3008 1776 3076 cupiditas
1807 3022 1915 3061 non

2021 1815 2225 1870 divinis
2253 1813 2515 1873 oraculis,
2553 1811 2699 1880 quod
2726 1812 2872 1866 Deus
2895 1819 2952 1864 et
2973 1810 3129 1864 locus
3155 1809 3372 1863 exsistit
3407 1808 3474 1860 iis
3503 1805 3600 1876 qui

2021 1908 2170 1980 digni
2201 1916 2349 1968 sunt,
2382 1915 2437 1960 et
2460 1905 2681 1970 domus,
2721 1913 2778 1959 et
2805 1903 3216 1966 indumentum,
3243 1909 3299 1955 et
3330 1900 3514 1961 cibus,
3543 1909 3604 1953 et

2021 2013 2204 2073 potus,
2225 2009 2282 2056 et
2300 2001 2510 2064 lumen,
2533 2008 2589 2054 et
2611 1997 2844 2060 divitiae,
2871 2003 2928 2050 et
2955 2010 3210 2067 regnum,
3242 2007 3306 2047 ac
3328 1990 3602 2062 quidquid

2021 2095 2106 2149 vel
2135 2102 2318 2148 mente
2339 2092 2576 2162 concipi,
2606 2091 2690 2145 vel
2717 2087 2991 2144 nominari
3018 2094 3224 2158 potest.
3257 2084 3403 2155 quod
3442 2081 3601 2138 nobis

2021 2186 2292 2252 conferat,
2326 2195 2381 2240 et
2410 2183 2687 2240 conducat
2715 2182 2780 2236 ad
2811 2182 3010 2235 bonam
3033 2180 3226 2232 vitam.

2091 2282 2257 2338 Cano.
2288 2281 2404 2336 Hoc
2451 2282 2616 2335 etiam
2666 2277 2984 2332 mandatum
3029 2284 3186 2329 tuum
3210 2272 3449 2344 explevi,
3500 2272 3602 2326 do-

2022 2374 2190 2440 mina,
2219 2384 2274 2429 et
2298 2373 2677 2442 probationem
2706 2370 2864 2424 attuli
2903 2367 3368 2439 probatissimam,
3396 2375 3453 2419 et
3482 2365 3604 2434 qui-

2022 2469 2146 2524 dem
2189 2467 2255 2521 iis
2282 2466 2486 2526 verbis.
2526 2465 2728 2534 quibus
2760 2462 2964 2532 scripta
2998 2469 3210 2526 exstat,
3246 2468 3307 2513 ut
3354 2458 3600 2511 voluisti.

2022 2559 2408 2630 Etplurimum
2437 2557 2661 2627 fatigata
2685 2571 2830 2620 sum,
2866 2552 3277 2622 elaboravique,
3319 2559 3374 2606 et
3403 2549 3608 2618 ubique

2023 2651 2352 2722 conquisivi,
2418 2660 2475 2705 et
2541 2657 2781 2704 scrutata
2832 2662 2977 2711 sum,
3033 2643 3442 2715 qua'rendoque
3497 2655 3608 2694 non

2023 2762 2230 2817 paucos
2255 2745 2430 2799 libros
2465 2742 2670 2807 evolvi,
2703 2755 2836 2811 quo,
2873 2754 2997 2810 qua:
3030 2738 3273 2793 dicerem
3315 2735 3488 2789 ﬁrmis
3517 2749 3608 2788 ar-

2023 2839 2299 2909 gumentis
2355 2847 2411 2891 et
2469 2834 2801 2891 testimoniis
2855 2831 3186 2888 confirmare
3242 2844 3481 2900 possem.
3540 2825 3612 2881 Ut

2026 2933 2194 3002 igitur
2221 2930 2364 3001 apud
2401 2940 2680 2984 auctorem
2716 2927 2893 2997 ipsum
2930 2924 3106 2995 posita
3143 2921 3353 2984 inveni,
3395 2920 3474 2975 sic
3511 2918 3607 2973 tibi

2029 3025 2308 3096 proposui,
2341 3022 2762 3094 przeelarissimc
2795 3020 2987 3090 utique
3019 3033 3143 3073 cum
3188 3015 3276 3070 his
3307 3015 3376 3070 de
3405 3013 3608 3083 quibus

341 3105 416 3160 sit
441 3106 756 3174 (propterea
789 3103 940 3173 quod
973 3118 1075 3158 nec
1128 3103 1294 3156 ullius
1327 3101 1549 3170 quidem
1597 3099 1726 3154 boni
1768 3098 1918 3153 defe-

2024 3117 2205 3186 agitur
2255 3111 2696 3172 consentientia;
2733 3124 2833 3162 nec
2866 3109 2919 3162 in
2947 3104 3265 3161 elocutione
3303 3102 3606 3172 quidquam

341 3207 469 3252 ctus
496 3197 550 3249 in
583 3210 652 3250 eo
681 3195 801 3258 sit),
838 3207 1186 3263 consequens
1217 3192 1401 3248 fuerit.
1440 3190 1602 3245 etiam
1653 3190 1918 3252 animam,

341 3302 470 3341 cum
491 3301 558 3340 eo
579 3284 837 3347 evaserit,
861 3283 956 3338 ubi
991 3282 1066 3337 rei
1102 3282 1309 3336 nullius
1335 3288 1553 3348 egestas
1571 3285 1677 3340 est,
1703 3292 1768 3330 ex
1794 3290 1919 3330 sese

342 3377 544 3448 ejicere
583 3390 807 3446 quoque
862 3371 1294 3442 concupiscendi
1347 3379 1560 3423 motum
1596 3377 1761 3436 atque
1787 3363 1924 3419 aﬂ‘e—

345 3479 516 3526 ctum.
549 3468 699 3524 Talis
724 3476 909 3522 autem
939 3466 1204 3522 doctrinae
1238 3472 1403 3532 atque
1458 3458 1749 3516 sententia:
1779 3457 1925 3512 divi-

345 3578 456 3616 nus
487 3576 706 3631 quoque
735 3559 895 3614 nobis
925 3558 1226 3628 Apostolus
1253 3563 1447 3610 auctor
1475 3560 1579 3607 est.
1606 3551 1744 3606 Cum
1775 3549 1924 3603 enim

346 3654 594 3709 omnium
627 3669 830 3713 rerum.
854 3669 1086 3722 quarum
1108 3651 1332 3705 nuncin
1361 3647 1522 3703 nobis
1546 3646 1674 3699 boni
1698 3656 1922 3714 quoque

346 3761 540 3811 causa,
567 3746 747 3801 studia
771 3747 974 3816 vigent,
997 3744 1356 3798 abolitionem
1381 3749 1438 3795 et
1467 3738 1709 3808 quietem
1739 3750 1904 3806 quam

346 3840 498 3906 dam,
527 3847 692 3908 atque
717 3837 1057 3892 sedationem
1092 3844 1148 3889 et
1185 3833 1348 3888 linem
1395 3833 1644 3885 futurum
1674 3837 1802 3882 ante
1827 3826 1925 3880 de-

349 3931 681 3994 nuntiasset,
705 3929 878 3984 solius
901 3928 1215 3982 dilectionis
1234 3934 1289 3980 et
1315 3924 1606 3979 cbaritatis
1626 3922 1921 3976 terminum

349 4039 460 4079 non
497 4022 710 4076 invenit
737 4038 750 4074 :
774 4039 792 4072 ι
826 4021 962 4074 Nam
987 4019 1289 4090 prophetia:
1311 4017 1701 4079 abolebuntur,
1722 4013 1922 4082 inquit,

347 4127 406 4171 et
434 4114 667 4171 scientia
695 4113 1022 4167 destruetur
1056 4128 1070 4164 :
1104 4111 1347 4164 Charitas
1370 4117 1552 4162 autem
1606 4114 1662 4158 et
1697 4104 1926 4158 dilectio

347 4224 632 4278 nunquam
663 4206 885 4263 excidit.
913 4225 930 4256 ι
954 4203 1109 4271 Quod
1130 4202 1356 4274 perinde
1377 4211 1482 4262 est,
1513 4215 1576 4253 ac
1593 4199 1638 4252 si
1661 4197 1926 4251 dixisset:

351 4304 586 4371 Semper
629 4299 823 4354 eadem
873 4309 978 4352 est.
1035 4296 1179 4362 Quin
1233 4295 1422 4357 etiam,
1476 4285 1811 4346 cum'iidem
1866 4303 1930 4342 ac

348 4411 504 4464 spem
546 4409 654 4447 una
679 4406 827 4446 'cum
853 4391 1122 4445 cbaritate
1164 4399 1331 4457 atque
1385 4387 1681 4442 dilectione
1711 4397 1929 4454 perma-

2023 3205 2368 3257 immutatum
2415 3211 2520 3255 est.
2578 3200 2735 3253 Nunc
2783 3205 2840 3250 tu
2892 3212 3059 3265 super
3117 3196 3203 3248 bis
3235 3195 3502 3264 judicium
3546 3200 3603 3246 et

2023 3294 2351 3349 sententiam
2378 3305 2616 3361 expone,
2650 3297 2838 3342 utrum
2872 3302 2938 3341 ea
2973 3301 3198 3355 scopum
3228 3284 3498 3338 orationis
3524 3293 3613 3338 at-

2025 3385 2233 3454 tingere
2267 3392 2447 3453 putes.

2094 3478 2284 3529 ΑΝιιιΑ.
2311 3473 2662 3538 Congruunt,
2686 3470 3050 3534 conveniunt,
3078 3479 3135 3524 et
3155 3468 3534 3532 consentiunt,
3557 3474 3615 3520 et

2025 3568 2159 3623 mihi
2188 3566 2457 3638 dogmatis
2493 3565 2702 3619 firmam
2728 3578 2792 3618 ac
2820 3563 3049 3617 solidam
3076 3561 3238 3616 ﬁdem
3272 3561 3505 3626 faciunt,
3557 3569 3614 3614 et

2027 3659 2080 3714 in
2113 3659 2314 3714 tabulis
2354 3656 2541 3712 cordis
2578 3655 2724 3710 notis
2754 3653 3148 3709 indelebilibus
3171 3653 3434 3723 inscripta
3464 3661 3614 3716 sunt,

2026 3765 2316 3826 postquam
2364 3750 2751 3823 probationem
2801 3748 3098 3820 insignem,
3151 3745 3615 3818 quemadmodum

2028 3848 2304 3918 petebam,
2356 3845 2585 3915 accepi:
2631 3843 2718 3899 cui
2776 3858 2878 3898 nec
2911 3843 3294 3897 contentiosus
3344 3839 3615 3908 quispiam

2029 3940 2411 4011 refragabitur.
2441 3938 2544 4004 Qui
2565 3937 2730 4008 igitur
2753 3936 3006 4006 quaesivit
3033 3935 3253 3988 discere
3279 3931 3612 3999 tripartitam

2030 4032 2297 4085 rationem
2316 4030 2530 4092 animae,
2557 4045 2671 4082 rem
2695 4028 2920 4081 inventu
2940 4035 2995 4079 et
3017 4024 3294 4092 explicatu
3316 4019 3616 4080 diﬂicilem,

2031 4134 2092 4176 ut
2121 4123 2329 4182 dixisti,
2361 4122 2526 4174 homo
2554 4119 2888 4180 industrius,
2917 4125 2974 4172 ct
3007 4117 3248 4184 sapiens,
3277 4121 3336 4166 ut
3363 4121 3617 4181 apparet,

2032 4214 2161 4268 fuit.
2199 4213 2456 4267 Arbitror
2484 4221 2669 4265 autem
2708 4224 2817 4263 non
2856 4209 3011 4276 plura
3033 4207 3167 4259 mier
3199 4202 3613 4275 interroganda,

2034 4311 2087 4356 et
2115 4299 2493 4371 cognoscenda
2543 4300 2596 4350 in
2650 4295 2870 4366 negotio
2897 4293 3158 4363 perplexo
3193 4303 3250 4344 et
3295 4290 3526 4345 diﬂicili.
3559 4286 3620 4342 Si

2035 4394 2168 4464 quid
2218 4408 2348 4463 ergo
2407 4391 2644 4460 amplius
2681 4389 2875 4451 babes,
2913 4388 3019 4441 hoc
3055 4386 3175 4440 sine
3223 4400 3374 4438 mora
3407 4382 3542 4437 aﬂ'er
3564 4380 3619 4434 in

347 4501 484 4542 nere
511 4486 745 4548 diceret,
782 4499 972 4538 rursus
999 4498 1119 4536 eam
1152 4480 1262 4535 illis
1304 4479 1524 4549 prmfert
1574 4488 1736 4546 atque
1792 4490 1918 4545 prae-

2042 4487 2279 4540 medium
2306 4484 2372 4540 ad
2399 4485 2662 4545 fructum,
2684 4483 2749 4536 ad
2772 4481 3063 4536 utilitatem
3107 4488 3163 4532 ct
3183 4477 3396 4531 lucrum
3420 4488 3624 4528 meum.

348 4576 529 4648 ponit,
557 4589 736 4645 neque
771 4575 991 4645 injuria.
1018 4573 1152 4628 Nam
1211 4587 1336 4641 spes
1380 4569 1603 4624 interim
1655 4577 1928 4630 movetur,

349 4671 487 4726 dum
519 4686 630 4724 non
662 4670 796 4723 licet
822 4668 930 4721 frui
961 4677 1128 4734 atque
1152 4665 1314 4736 potiri
1345 4664 1413 4718 iis
1449 4663 1640 4724 rebus,
1669 4677 1790 4730 qure
1818 4675 1936 4730 spe-

351 4767 569 4815 rantur.
616 4759 683 4813 Et
739 4758 932 4812 itidem
985 4756 1121 4810 fides
1170 4753 1609 4810 sustentaculum
1660 4766 1723 4805 ac
1756 4749 1938 4803 firma-

351 4862 602 4907 mentum
649 4860 734 4906 est
771 4849 1184 4905 incertitudinis
1217 4863 1407 4902 earum
1434 4861 1620 4901 rerum
1647 4860 1769 4916 qua:
1804 4858 1934 4914 spe-

354 4956 569 4999 rantur.
605 4943 740 4998 Nam
763 4952 819 4999 et
847 4943 921 4997 ita
954 4957 1073 4998 eam
1095 4941 1365 5007 definivit,
1386 4955 1510 4996 cum
1531 4939 1761 5001 diceret,
1796 4958 1813 4990 ι
1843 4937 1944 4992 Et

353 5041 541 5087 autem
591 5032 729 5087 fides
773 5032 1170 5104 sperandarum
1219 5047 1406 5086 rerum
1451 5029 1758 5086 substantia
1807 5029 1874 5082 ’³.
1915 5047 1934 5078 ι

353 5123 495 5178 Cum
526 5135 710 5179 autem
743 5125 961 5179 venerit
994 5124 1046 5178 id
1093 5124 1240 5195 quod
1284 5132 1563 5194 speratur,
1601 5122 1725 5176 aliis
1753 5120 1937 5174 omni-

355 5217 462 5271 bus
486 5217 927 5287 quiescentibus,
951 5218 1240 5274 cbaritatis
1273 5234 1338 5273 ac
1364 5218 1680 5273 dilectionis
1701 5215 1938 5272 eilicien-

355 5307 433 5361 tia
463 5318 688 5376 manet;
724 5309 929 5380 quippe
959 5326 1084 5365 cum
1114 5327 1222 5366 non
1283 5311 1548 5376 inveniat,
1602 5310 1748 5380 quod
1805 5325 1926 5364 eam

353 5398 620 5472 excipiat,
671 5411 730 5457 et
765 5402 820 5456 in
858 5403 1044 5458 locum
1091 5405 1213 5476 ejus
1243 5404 1528 5460 succedat.
1562 5403 1936 5471 Quamobrem

428 5608 476 5640 "
505 5607 673 5664 Hebr.
722 5625 799 5675 λι,
832 5610 880 5664 l.

2033 4578 2189 4646 Quod
2219 4578 2261 4632 si
2298 4586 2358 4630 ut
2387 4577 2572 4647 segnis
2609 4584 2666 4630 et
2721 4590 2910 4629 socors
2960 4570 3416 4641 tergiversabere,
3443 4577 3496 4620 et
3533 4581 3628 4620 oc-

2043 4670 2302 4733 cultabis,
2340 4669 2718 4724 frustrationis
2760 4677 2816 4722 et
2842 4667 3026 4722 damni
3063 4667 3166 4721 mei
3204 4665 3342 4720 ultio
3374 4663 3427 4717 in
3465 4668 3632 4734 caput

2050 4773 2204 4820 tuum
2239 4763 2472 4817 recidat.

2117 4853 2282 4908 Cano.
2325 4853 2458 4918 Qua:
2495 4854 2584 4907 ille
2623 4868 2791 4922 super
2814 4851 2998 4906 anima
3047 4849 3428 4919 interrogavit,
3459 4855 3515 4901 et
3545 4845 3632 4900 di-

2042 4944 2196 5007 dicit,
2246 4945 2482 5015 plurima
2527 4944 2852 4998 admiranda
2903 4954 2959 4998 et
3012 4942 3166 4997 utilia
3208 4952 3356 4996 sunt.
3403 4941 3634 4997 Verum-

2041 5045 2224 5089 tamen
2269 5051 2438 5089 unum
2474 5033 2694 5092 accine.
2755 5035 2918 5104 idque
2972 5035 3140 5088 etiam
3173 5034 3330 5088 utile.
3379 5029 3526 5099 quod
3565 5028 3634 5082 ad

2042 5128 2291 5190 verbum,
2328 5136 2386 5182 ut
2412 5137 2517 5189 cst,
2555 5127 2822 5181 recitabo.
2853 5127 2956 5190 Tu,
2990 5127 3033 5179 si
3083 5125 3360 5180 desiderio
3419 5139 3626 5192 cogno~

2039 5217 2227 5271 sceudi
2249 5217 2473 5280 teneris,
2497 5216 2628 5270 mihi
2653 5215 2894 5281 attende,
2918 5215 3010 5286 qui
3031 5225 3087 5268 et
3104 5215 3294 5285 quales
3312 5214 3365 5267 in
3388 5223 3636 5266 extremo

2039 5305 2525 5377 die.resurrecturi
2561 5306 2756 5367 simus.
2811 5306 3036 5376 quando
3087 5304 3305 5361 venerit
3337 5301 3631 5371 Dominus,

2037 5409 2092 5456 et
2120 5401 2186 5455 ad
2211 5400 2568 5472 judicandum
2598 5399 2934 5456 conscdcrit.
