4088 6214
453 267 580 338 *ηε

1035 385 1261 442 CAPUT
1305 384 1470 441 XVII.

479 503 555 555 De
587 503 962 555 resurrectione
982 501 1190 554 uberior
1219 500 1518 555 dissertatio
1563 503 1828 557 exiis'dcm
1861 505 2029 570 Crch

547 574 614 625 rii
658 570 1217 642 Nysscnidlncrineia,
1259 581 1316 624 ut
1358 581 1542 625 auctor
1585 584 1761 625 noster
1793 575 2053 642 appellnt.

544 643 626 695 Ad
651 639 830 692 sacros
881 639 1041 692 libros
1094 640 1398 694 evolvendos
1438 645 1750 703 cohortatio,
1783 639 1838 696 et
1867 639 1935 696 ad
1969 663 2059 698 sa-

544 717 873 762 crosanctam
906 708 1213 763 Trinitatem
1243 712 1544 780 gratiarum
1573 714 1730 766 actio.

547 846 704 912 Quod
752 846 1088 901 resurrectio
1119 846 1418 915 aliquando
1462 846 1643 901 futura
1678 848 1772 911 sit,
1815 858 1871 902 et
1915 848 2060 916 quod

479 940 645 992 homo
701 939 1024 1008 incorrupto
1071 939 1285 1008 judicio
1345 939 1596 1003 sistetur,
1653 954 1780 994 cum
1837 949 2064 1008 propter

477 1031 889 1100 Scripturarttm
915 1030 1439 1092 demonstrationes,
1461 1039 1576 1084 tum
1607 1038 1830 1098 propter
1850 1044 1914 1083 ea
1945 1045 2066 1097 qute

478 1123 584 1191 iam
613 1131 740 1177 ante
763 1123 1045 1192 exquisita
1077 1132 1241 1191 atque
1264 1137 1496 1177 excussa
1522 1131 1672 1182 sunt,
1699 1121 1947 1190 plerique
1969 1137 2069 1174 au-

478 1215 750 1269 dientium
827 1215 1221 1269 asscntientur.
1285 1214 1579 1282 Reliquum
1640 1224 1824 1266 autem
1903 1213 2070 1267 fuerit

482 1305 856 1366 considerare,
917 1323 984 1359 an
1039 1316 1204 1373 prout
1255 1314 1348 1359 est
1375 1305 1451 1366 id,
1485 1305 1630 1375 quod
1655 1321 1804 1358 nunc
1833 1316 1937 1367 est,
1993 1307 2065 1358 ita

482 1397 647 1450 etiam
687 1397 834 1465 quod
865 1407 1141 1466 speratur,
1171 1398 1416 1451 futurum
1449 1398 1542 1452 sit.
1567 1398 1722 1462 Quod
1757 1398 1800 1452 si
1838 1398 1914 1451 ita
1941 1398 2066 1451 fuc-

492 1491 588 1553 rit,
642 1490 957 1561 fugiendam
993 1507 1116 1547 esse
1167 1491 1398 1545 dixerim
1440 1506 1592 1560 spem
1617 1491 2064 1546 resurrectionis.

488 1579 626 1634 Nam
650 1581 696 1635 si
719 1582 902 1650 qualia
917 1581 1162 1636 evadunt
1184 1581 1426 1636 humana
1450 1597 1702 1651 corpora,
1725 1582 1854 1636 dum
1885 1582 2070 1636 vivere

487 1672 786 1735 desinunt,
809 1674 938 1727 talia
975 1689 1193 1728 rursum
1222 1675 1348 1728 vita:
1377 1674 1744 1728 restituuntur
1765 1714 1781 1737 ,
1808 1673 2066 1727 nimirum

1700 253 2052 338 PHILIPPIQ
2085 256 2478 336 SOLlTARlI

2089 394 2136 451 Λ
2165 389 2339 444 rectio
2369 386 2568 441 eximie
2613 381 2911 438 stabiliter.
2969 381 3082 451 Age
3128 379 3220 435 dic
3265 379 3396 450 quid
3426 374 3656 447 sentias,
3686 393 3746 438 et

2167 498 2235 535 an
2285 481 2382 534 tibi
2431 477 2790 533 satisfaciant.

3632 269 3744 333 796

2237 577 2433 628 Amm.
2461 573 2646 626 Dicam
2675 582 2889 629 verum,
2919 574 2975 621 et
3005 566 3152 635 quod
3183 565 3386 620 sentio.
3420 565 3620 620 Multos
3650 580 3714 619 su
3733 595 3751 606 ο

2171 685 2270 738 per
2305 669 2410 720 hoc
2439 670 2767 734 argumento
2816 660 3153 712 disserentes
3179 655 3388 716 audivi,
3443 658 3748 710 multorum

2172 758 2378 826 scripta
2397 756 2526 824 legi,
2551 763 2664 808 orat
2677 751 2830 805 ioncs
2849 749 3115 818 plurimas
3132 747 3310 802 evolvi
3334 765 3348 801 :
3368 756 3753 802 verumtamen

2169 845 2306 898 nihil
2341 845 2520 898 simile
2541 856 2781 911 unquam
2820 839 3002 892 inveni
3040 855 3054 891 :
3106 837 3470 891 admiratione
3520 836 3752 906 dignum

2176 935 2458 1005 ingenium
2497 933 2666 997 illius,
2702 929 3091 985 ornatissimus
3121 943 3322 982 sermo.
3353 927 3559 981 Tamen
3593 927 3758 986 doce.

2171 1027 2266 1096 qui
2299 1028 2429 1085 sint.
2458 1035 2514 1080 et
2542 1040 2606 1079 ex
2637 1037 2747 1092 quo
2782 1035 3002 1091 genere,
3029 1021 3123 1089 qui
3157 1020 3274 1073 hate
3325 1017 3526 1073 litteris
3565 1033 3762 1087 persa-

2170 1119 2386 1188 pienter
2417 1114 2941 1182 accommodateque
2969 1111 3442 1180 conscripserunt.

2241 1209 2407 1264 Cano.
2437 1208 2541 1274 Qui
2573 1207 2703 1271 sint,
2731 1221 2838 1258 non
2873 1204 3051 1258 dicam
3076 1204 3175 1257 tibi
3203 1220 3218 1256 ε
3249 1217 3433 1271 quaere
3473 1211 3531 1255 et
3553 1215 3762 1270 cogno-

2171 1317 2310 1357 sces.
2341 1300 2474 1354 Nam
2507 1309 2562 1354 et
2582 1313 2823 1368 egoq-tie
2843 1297 2964 1358 sivi,
2992 1306 3050 1351 et
3073 1296 3163 1350 vix
3193 1310 3318 1349 cum
3340 1295 3526 1348 labore
3547 1293 3759 1347 iuveni.

2179 1393 2259 1448 Tu
2284 1407 2506 1463 quoque
2544 1391 2588 1446 si
2611 1389 2922 1460 quiesieris,
2947 1389 3223 1443 invenies:
3249 1388 3291 1442 si
3309 1385 3588 1457 petiveris,
3609 1387 3730 1440 acci
3749 1419 3767 1426 -

2177 1487 2316 1556 pies,
2345 1492 2400 1539 et
2431 1499 2556 1537 cum
2587 1483 2751 1552 hujus
2771 1479 3164 1550 disputationis
3191 1489 3492 1538 auctorem,
3521 1487 3636 1531 tum
3668 1492 3764 1546 ge—

2180 1595 2283 1632 nus
2306 1577 2472 1636 illius.
2493 1585 2787 1636 etnomen.
2811 1583 2868 1630 et
2897 1575 3064 1628 vitam
3089 1572 3156 1626 ad
3183 1587 3419 1642 unguem
3441 1585 3764 1640 cognosces.

2181 1669 2282 1725 Ubi
2302 1667 2578 1737 cognoris,
2596 1681 2720 1721 cum
2734 1664 2902 1718 animi
2921 1663 2997 1717 tui
3013 1662 3192 1716 fructu
3211 1659 3770 1716 conﬁrmabere.Non

491 1771 756 1831 perpetua
787 1766 1035 1832 quaedam
1063 1765 1347 1819 calamitas
1383 1765 1454 1819 ab
1498 1766 1817 1820 hominibus
1849 1781 1945 1835 per
1976 1781 2067 1820 re-
2107 1754 2146 1807 Β
2173 1761 2318 1816 enim
2351 1760 2416 1814 ad
2462 1759 2753 1827 ingenuam
2790 1756 3160 1826 cognitionem
3195 1752 3406 1807 tardam
3428 1767 3493 1804 ac
3530 1750 3768 1821 pigram,

492 1856 896 1910 surrectionem
952 1866 1230 1925 speratur.
1284 1857 1441 1924 Quod
1499 1858 1646 1913 enim
1700 1857 2076 1912 miserabilius

492 1948 872 2015 spectaculum
901 1950 1086 2015 fuerit,
1117 1966 1278 2019 quam
1302 1966 1426 2005 cum
1449 1951 1501 2004 in
1525 1957 1770 2004 extrema
1792 1958 2076 2004 senectute

498 2037 785 2092 incurvata
814 2048 980 2108 atque
1011 2050 1292 2094 contracta
1312 2057 1548 2110 corpora
1572 2040 1639 2095 ad
1671 2040 2074 2110 turpitudinem

500 2143 567 2182 ac
617 2128 1025 2184 deformitatem
1081 2131 1304 2186 redacta
1355 2132 1595 2192 iuerint,
1639 2147 1806 2186 carne
1851 2130 2077 2200 quidem

495 2233 690 2274 eorum
729 2228 977 2290 tempore
1009 2233 1363 2292 consumpta,
1409 2239 1610 2293 rugosa
1629 2231 1812 2276 autem
1843 2234 1900 2277 et
1927 2222 2082 2275 arida

498 2321 628 2367 cute
664 2315 884 2368 ossibus
915 2316 1266 2370 adhmrente?
1304 2316 1520 2370 Etenim
1549 2317 1757 2381 nervis,
1798 2316 1946 2385 quod
1979 2329 2078 2368 na-

499 2404 664 2458 turali
711 2405 922 2460 scilicet
965 2407 1196 2460 humore
1243 2406 1480 2473 amplius
1531 2421 1640 2459 non
1671 2405 1989 2458 imbuantur
2021 2417 2086 2458 ac

498 2495 884 2565 pinguescant,
913 2497 1216 2560 convulsis,
1249 2507 1304 2551 et
1330 2497 1537 2551 idcirco
1568 2506 1934 2564 toto-corpore
1954 2510 2089 2548 con-

501 2596 696 2653 tracto,
724 2605 813 2645 res
836 2589 1086 2659 quautam
1119 2589 1338 2644 inﬁrma
1391 2605 1454 2644 ac
1479 2597 1729 2659 spectatu
1755 2587 2089 2642 miserabilis

499 2681 736 2744 exsistit,
761 2696 884 2735 cum
915 2681 1319 2751 caputquidem
1348 2682 1402 2737 in
1425 2697 1604 2752 genua
1633 2681 1958 2736 inclinatum
1987 2680 2087 2740 sit.

502 2768 697 2825 manus
725 2779 912 2826 autem
942 2772 1203 2842 utrinque
1225 2772 1294 2826 ad
1327 2773 1632 2828 naturalem
1667 2771 1887 2841 quidem
1917 2785 2080 2824 usum

509 2857 768 2914 invalida:
802 2861 914 2915 sint
948 2862 1048 2930 (α),
1077 2872 1186 2916 etc.

577 2947 744 3003 Cano.
769 2948 988 3005 Audisti
1008 2953 1391 3021 qumstionem,
1415 2962 1470 3007 et
1492 2953 1733 3008 vicissim
1762 2971 2086 3026 responsum

506 3056 638 3097 vere
672 3043 844 3098 divini
878 3059 944 3100 ac
973 3044 1240 3114 sapientis
1268 3045 1415 3102 illius
1443 3047 1639 3115 Patris,
1667 3049 1872 3118 quibus
1897 3064 2088 3103 resur-

605 3187 723 3220 ""”
742 3187 904 3244 Joan.
924 3205 978 3254 v,
1025 3190 1114 3245 39.

2180 1853 2272 1906 sed
2297 1852 2501 1906 laboris
2520 1859 2575 1905 et
2593 1849 2856 1905 doctrinae
2887 1848 3186 1902 studiosam
3207 1862 3352 1905 esse.
3386 1853 3442 1899 et
3463 1843 3772 1913 prmsertitu

2182 1943 2351 2013 (quod
2375 1942 2561 2013 cupio)
2580 1941 2894 2010 Scripturas
2915 1938 3232 2009 perdiscere
3255 1951 3470 2006 (equum
3488 1945 3592 1990 est.
3621 1934 3773 1990 Utile

2182 2037 2331 2090 enim
2375 2042 2710 2104 praeceptum
2760 2049 2773 2085 :
2821 2050 2840 2082 ι
2868 2030 3204 2086 Scrutamini
3247 2016 3769 2097 Seripturas."~”i

2188 2129 2292 2190 Me,
2327 2134 2517 2195 utpote
2538 2127 2649 2196 jam
2674 2123 3047 2195 defatigatam,
3070 2137 3140 2176 ne
3171 2136 3363 2180 onera,
3399 2135 3526 2188 qua:
3551 2134 3651 2187 pro
3687 2118 3776 2170 his

2185 2219 2297 2271 Deo
2327 2215 2630 2285 rependere
2659 2213 2882 2267 laudum
2931 2213 3139 2281 gratias
3176 2212 3320 2263 volo.
3355 2208 3544 2263 Sol-nm
3580 2206 3774 2260 Trini-

2189 2320 2356 2364 tatem
2386 2305 2636 2361 vencrari
2671 2305 2807 2368 scio,
2831 2305 3071 2366 Patrem,
3098 2311 3433 2358 coaeternqu
3464 2299 3686 2359 Filium,
3717 2309 3776 2351 et

2188 2401 2435 2456 divinum
2470 2399 2772 2466 Spiritum';
2819 2405 2931 2450 tres
2979 2396 3300 2468 hypostases
3349 2391 3613 2464 gluriiico,
3662 2399 3777 2445 tres

2191 2508 2457 2562 personas
2489 2508 2504 2555 ;
2544 2490 2774 2544 omnino
2800 2501 2983 2542 autem
3038 2503 3201 2541 unam
3256 2484 3572 2543 essentiam.
3609 2498 3776 2536 unam

2192 2586 2513 2655 potentiam.
2550 2593 2607 2637 et
2638 2597 2802 2636 unam
2860 2591 3140 2642 naturam,
3172 2578 3532 2636 individuam,
3577 2576 3774 2629 incon-

2197 2677 2418 2740 l'usam,
2451 2684 2506 2730 ct
2561 2674 3098 2744 incomprehensam,
3151 2673 3398 2726 omnium
3449 2686 3631 2726 rerum
3693 2669 3780 2723 in-

2195 2770 2550 2840 spectricem,
2588 2770 2972 2823 universorum
3005 2766 3456 2836 procreatricem,
3502 2764 3776 2818 bonorum

2193 2873 2492 2925 amantem,
2515 2864 2690 2932 ipsam
2717 2862 3046 2925 bonitatem,
3077 2861 3324 2917 omnium
3347 2860 3620 2914 bonorum
3640 2872 3776 2912 cau-

2193 2971 2331 3019 sam,
2354 2970 2476 3024 qua:
2497 2954 2680 3009 omnia
2713 2953 2982 3015 condidit,
3006 2953 3300 3024 gubernat,
3325 2951 3584 3012 sustinet,
3611 2963 3782 3019 quam

2192 3047 2454 3118 praedico,
2487 3046 2680 3104 adoro.
2717 3046 2865 3109 colo,
2898 3044 3172 3116 gloriﬁco.

583 3322 1154 3404 (alEloquentissime
1203 3340 1490 3394 arcgortus
1520 3326 1807 3404 (estenim
1832 3339 2029 3404 orator_
2073 3340 2324 3404 magnus)
2365 3327 2636 3404 adversus
2664 3328 3131 3404 resurrectionem
3155 3329 3280 3404 agit
3319 3329 3373 3383 in
3401 3344 3470 3385 eo
3510 3329 3759 3404 dialogo,

511 3392 602 3468 cui
634 3392 873 3468 Macri-na
900 3394 1053 3468 virgp
1080 3404 1135 3448 et
1167 3392 1346 3458 soror,
1382 3392 1548 3468 quam
1585 3406 1645 3449 ut
1670 3399 1985 3468 magistram
2019 3392 2346 3460 introducit,
2379 3397 2699 3452 doctissime
2745 3399 3016 3468 occurrit,
3053 3392 3453 3468 veritatemque
3481 3392 3759 3468 copiosisé

513 3465 669 3539 sitne
689 3465 966 3539 explanat.
999 3463 1686 3539 Cmterum'quiaANysseni
1718 3463 1892 3520 codex
1925 3471 1976 3520 iu
2023 3478 2277 3534 promptu
2307 3477 2411 3530 est,
2445 3477 2523 3520 tot
2556 3471 2782 3539 paginas
2813 3482 2877 3520 ca
2917 3466 3288 3539 disputatione
3309 3463 3377 3523 ad
3407 3463 3667 3539 verbum,
3690 3476 3750 3539 et

515 3543 577 3609 et
599 3532 997 3609 ihi_continens
1025 3535 1243 3609 visitur,
1279 3532 1640 3609 describenda
1663 3532 2230 3609 consumere,'operir
2259 3539 2494 3603 pretium
2537 3532 2652 3592 om;
2681 3540 2921 3609 videtur.
2950 3532 3019 3591 Si
3046 3539 3264 3609 legeris,
3295 3555 3400 3592 nou
3443 3537 3754 3609 pmnitebit.

515 3602 649 3678 Quae
685 3602 850 3678 igitur
873 3604 1022 3658 hisce
1050 3605 1344 3678 Macrinejs
1369 3606 1618 3658 recitatis
1646 3607 1789 3675 apud
1818 3607 2128 3677 Philippum
2153 3602 2483 3675 sequuntur,
2508 3611 2822 3678 quibusque
2853 3606 2994 3661 liber
3016 3602 3409 3665 hicvsecundus
3435 3602 3759 3673 absolvitur,

515 3668 724 3724 Latina'
738 3672 914 3726 facere
940 3675 1239 3742 pergimus.
1278 3675 1580 3728 Posrauus.

527 3865 3724 3900 ._.___________________________________________________________

1331 4081 1900 4174 DIOPTRIE
1978 4086 2334 4176 LIBER
2408 4088 2553 4176 TE
2580 4090 2764 4176 RTI
2793 4089 2965 4179 US.

1159 4473 1384 4531 CAPUT
1424 4475 1468 4530 l.

525 4567 753 4626 Mentem
799 4570 933 4625 citra
978 4585 1165 4640 corpus
1217 4571 1386 4624 multa
1428 4587 1704 4642 perperam
1739 4572 2103 4627 committere:

2127 4482 2172 4538 C
2205 4470 2496 4549 conjuncta
2523 4487 2672 4535 sunt.
2717 4462 2953 4552 Corpus'
2973 4497 3072 4554 per
3101 4499 3183 4552 se,
3213 4486 3322 4542 nisi
3349 4503 3380 4543 a
3417 4497 3600 4546 mente
3625 4488 3786 4562 adju-

2204 4576 2386 4636 vetur,
2419 4571 2555 4625 nihil
2579 4574 2826 4639 omnino,
2856 4576 3108 4645 quamvis
3135 4579 3454 4648 parviSsiini
3488 4583 3778 4648 momenti,

593 4643 826 4710 corporis
873 4657 992 4694 cum
1037 4645 1219 4695 anima
1271 4643 1386 4694 sola
1436 4642 1627 4712 absque
1676 4651 1849 4695 mente
1894 4641 2103 4696 nullam

592 4727 701 4764 esse
755 4713 1094 4780 (unctionem.
1130 4713 1379 4767 Animam
1409 4713 1616 4780 justam
1647 4727 1710 4765 ca:
1729 4713 1840 4775 hac;
1866 4712 2106 4766 custodia

592 4781 856 4840 eductam.
893 4782 1185 4836 simulcum
1224 4783 1424 4848 angelis
1457 4781 1766 4835 collaudare
1797 4781 2100 4846 Dominum,

597 4867 775 4904 rerum
801 4852 959 4921 hujus
999 4856 1115 4908 vita!
1140 4854 1500 4905 immemorem
1525 4869 1544 4906 :
1575 4851 1911 4922 peccatricem
1943 4853 1996 4906 in
2022 4854 2104 4906 itt-

596 4921 744 4988 ferno
773 4937 988 4975 auorum
1024 4923 1280 4975 scelerum
1307 4921 1590 4988 reminisci.

600 5028 796 5085 ANIMA.
825 5027 884 5084 lu
935 5029 1177 5086 secunda
1201 5030 1570 5100 disputatione
1615 5045 1778 5100 supra
1822 5031 2102 5088 ailtrmasti

525 5119 763 5174 animam
799 5123 917 5176 sine
945 5122 1298 5178 tabernaculo
1331 5137 1451 5185 suo,
1485 5121 1589 5176 hoc
1611 5132 1694 5177 est
1731 5139 1981 5193 corpore,
2011 5125 2101 5178 ni-

528 5209 603 5263 hil
641 5225 820 5280 neque
851 5211 1150 5275 mediocre,
1210 5228 1388 5283 neque
1430 5230 1710 5284 magnum,
1760 5217 1814 5271 in
1865 5233 2099 5282 summa,

526 5301 663 5355 nihil
703 5305 1008 5373 proprium,
1033 5305 1170 5360 nihil
1209 5321 1498 5362 commune
1531 5319 1626 5362 aut
1657 5309 1894 5364 medium
1920 5326 2100 5380 agere.

527 5388 669 5444 Num
719 5390 884 5460 igitur
909 5392 1136 5462 perinde
1181 5411 1239 5452 se
1288 5411 1462 5460 mens,
1496 5405 1556 5451 ut
1589 5397 1789 5460 anima,
1837 5397 2021 5466 habet,
2050 5410 2106 5456 et

531 5481 648 5550 ipsa
691 5499 910 5554 quoque
932 5485 1069 5541 citra
1104 5502 1304 5559 corpus
1333 5506 1492 5558 agere
1520 5489 1656 5544 nihil
1681 5491 1894 5559 potest?

601 5573 765 5631 Cano.
795 5577 946 5632 Mens
974 5580 1092 5635 sine
1123 5583 1372 5652 corporis
1401 5599 1505 5652 ope
1528 5583 1699 5636 multa
1730 5597 2106 5652 sirpcuumcro

531 5667 663 5737 agit,
703 5685 890 5726 eorum
919 5675 1121 5742 partim
1149 5692 1272 5732 eum
1309 5676 1543 5740 virtute,
1580 5674 1777 5743 partim
1813 5691 1938 5729 tum
1971 5677 2106 5729 vitio

2207 4661 2388 4719 facere
2411 4672 2616 4735 potest.

2275 4755 2469 4810 Amm.
2503 4755 2558 4810 ld
2590 4771 2723 4812 vero
2757 4773 2996 4828 quonam
3033 4769 3214 4832 pacto,
3242 4774 3300 4821 et
3346 4763 3492 4820 unde
3530 4764 3646 4825 ﬁat.
3697 4765 3784 4820 vi-

2205 4850 2336 4906 dere
2367 4864 2601 4920 nequeo.

2274 4939 2438 4996 Cano.
2465 4941 2592 4994 Mihi
2614 4940 2681 4994 da
2699 4957 2944 5011 operam,
2969 4951 3026 4998 et
3046 4943 3280 5000 videbis.
3301 4943 3622 5016 Culparum,
3641 4947 3790 5004 deli-

2205 5040 2529 5102 ctorumque
2556 5040 2893 5096 nostrorum,
2920 5047 3039 5102 qum
3063 5043 3252 5089 noctes
3278 5043 3334 5089 ct
3359 5035 3476 5092 dies
3492 5038 3794 5094 conscisci-

2211 5139 2352 5187 mus,
2387 5121 2632 5192 quaedam
2650 5123 2858 5188 verbis,
2897 5124 3144 5195 quaedam
3168 5124 3502 5193 actionibus,
3537 5128 3792 5198 quaedam

2213 5212 2641 5282 cegitationibus
2664 5213 2780 5286 (qui
2809 5225 2938 5269 sunt
2964 5215 3250 5271 intrinseci
3273 5223 3579 5286 sermones)
3606 5220 3793 5274 conti-

2213 5314 2433 5360 nentur.
2461 5305 2666 5359 llorutn
2699 5307 2864 5361 trium
2900 5324 3166 5379 generum
3217 5309 3550 5366 divisionem
3599 5327 3795 5366 rursus

2214 5394 2421 5463 accipe.
2450 5395 2581 5460 Quae
2610 5409 2775 5464 apere
2805 5395 3066 5464 etverbis
3095 5407 3414 5466 peccantur,
3446 5399 3500 5452 in
3523 5398 3610 5452 his
3634 5411 3795 5452 mens

2215 5487 2371 5542 carni
2395 5488 2602 5541 sociam
2652 5503 2773 5542 sese
2796 5490 3024 5558 prmhct.
3055 5488 3185 5554 Qua!
3210 5491 3569 5562 cogitatione,
3597 5505 3791 5548 eorum

2214 5581 2464 5650 contagia
2486 5580 2552 5635 ad
2581 5597 2746 5635 unam
2773 5590 2828 5637 et
2858 5581 3027 5636 solam
3056 5582 3294 5637 animam
3328 5584 3625 5652 pertinent.

2286 5680 2479 5729 Amm.
2507 5671 2581 5731 ne
2611 5675 2791 5729 anima
2825 5691 2992 5745 porro
3020 5675 3150 5746 quid
3186 5676 3310 5732 ais?
3337 5692 3467 5731 num
3500 5675 3542 5731 si
3573 5689 3639 5729 ex
3679 5673 3792 5730 hoc
