4102 6200
338 250 446 320 ’19⁸1

1798 259 2154 322 ῸῑΟῐνίἪᾹ.

3491 273 3605 341 798

338 365 624 422 domicilio
655 364 923 432 discedat,
948 365 1066 422 sine
1128 367 1499 426 instrumento
1552 380 1610 426 et
1661 373 1925 426 membris
1956 380 2001 437 Α
2036 374 2392 444 per-transibit
2445 376 2497 435 in
2544 377 2659 440 illo,
2716 386 2908 435 etnon
2962 354 3243 443 subsistet,
3294 388 3351 435 et
3381 395 3609 436 nonco-

340 458 678 513 funetionem
730 460 1043 528 quampiam
1075 460 1230 515 obire
1270 463 1451 516 valet?
1494 460 1632 517 Num
1676 474 1925 534 separata

342 559 401 603 et
433 547 548 602 sola
580 548 864 618 quidpiam
901 564 1061 619 agere
1088 552 1300 620 potest?

401 639 566 694 Cano.
600 638 796 692 Anima
827 641 1044 695 carneis
1075 642 1319 697 exsoluta
1349 641 1606 705 vinculis,
1640 654 1694 697 et
1728 643 1794 696 ad
1818 644 1925 696 Do-

342 731 553 784 minum
600 744 762 785 suum
791 745 1009 800 egressa
1054 732 1174 786 sine
1230 733 1343 787 ullo
1398 733 1508 787 line
1545 749 1665 787 cum
1717 734 1924 804 angelis

347 821 628 891 tripudiat,
686 820 1011 891 divinosque
1070 823 1261 878 laudes
1304 824 1643 890 modulatur,
1687 825 1920 879 Vocibus

344 928 454 966 non
486 927 606 983 qua:
629 911 778 967 foras
808 913 1187 983 proferuntur,
1235 914 1329 970 sed
1363 915 1510 969 intus
1547 924 1757 970 tantum
1786 930 1921 969 con-

344 1005 629 1074 cipiuntur
673 1022 689 1059 :
728 1005 908 1075 quoad
935 1006 1124 1076 iudicii
1165 1006 1286 1061 dies
1334 1006 1638 1062 advenerit.
1684 1007 1918 1069 Anima‘,

346 1097 592 1166 inquam,
643 1111 767 1166 quae
824 1097 989 1150 vitam
1043 1097 1183 1151 hanc
1230 1098 1554 1153 innocenter
1609 1099 1779 1169 degit,
1813 1098 1921 1152 ista

347 1185 587 1239 beatitas
615 1186 908 1256 contingit.
941 1185 1073 1253 Quae
1105 1201 1165 1241 se
1194 1186 1453 1241 vitiorum
1490 1187 1743 1241 sordibus
1788 1201 1921 1253 con-

352 1274 607 1336 taminat,
635 1282 690 1328 et
713 1274 911 1328 rationi
956 1275 1252 1329 reddenda:
1271 1283 1356 1330 est
1386 1274 1640 1339 obnoxia,
1670 1275 1790 1344 ejus
1814 1274 1920 1328 alia

350 1375 435 1419 est
463 1366 731 1430 conditio,
764 1381 886 1435 quze
933 1376 989 1420 et
1014 1368 1259 1421 locorum
1309 1375 1366 1422 et
1407 1382 1768 1437 personarum
1800 1381 1923 1421 me-

352 1458 539 1523 minit,
590 1461 645 1514 in
677 1459 897 1529 quibus,
933 1469 1146 1514 etcum
1197 1459 1397 1528 quilms
1446 1458 1678 1529 alicujus
1720 1458 1925 1514 nefarie

353 1551 630 1605 commissi
657 1550 991 1606 conscientia
1018 1559 1260 1619 urgetur.
1305 1550 1497 1607 Omnia
1526 1560 1768 1621 reputat,
1799 1565 1923 1606 om-

353 1643 508 1696 nium
532 1643 745 1713 species
775 1659 957 1699 secum
989 1646 1153 1716 gerit,
1189 1652 1244 1699 et
1272 1658 1465 1698 eorum
1496 1644 1766 1699 imbiberc
1824 1644 1924 1698 ob-

2028 482 2060 535 g
2086 473 2250 519 oscet
2278 466 2509 533 amplius
2535 468 2714 521 locum
2746 483 2905 523 suum
2931 470 2993 523 ¹⁷.
3043 488 3061 521 ι
3094 471 3226 536 Qua:
3250 470 3498 540 subjecta
3522 478 3607 525 est

2031 557 2116 611 bis
2146 558 2435 618 sententia,
2478 559 2760 628 eloquere,
2792 571 2850 613 et
2876 560 3011 615 doce
3037 575 3142 615 me.

2100 645 2264 702 Cano.
2335 644 2676 702 Exteriorem
2709 649 3014 715 hominem,
3069 652 3298 721 ejusque
3374 650 3605 720 gloriam

2030 736 2228 790 ﬂuxam
2284 745 2341 791 et
2393 738 2656 793 caducam
2701 753 2824 794 cum
2879 740 3006 793 feno
3054 756 3082 794 a
3115 740 3317 795 Davide
3366 739 3607 795 conferri

2027 833 2241 877 eertum
2299 833 2403 878 cst.
2458 824 2527 881 Ut
2554 826 2653 880 ﬂos
2705 826 2837 889 feni,
2888 828 3061 896 gloria
3113 838 3168 881 et
3213 830 3384 884 decus
3414 844 3603 883 rerum

2029 908 2280 972 istarum,
2325 910 2392 964 ad
2421 910 2586 966 breve
2642 922 2857 983 tempus
2901 915 3241 980 durantium,
3278 918 3477 986 inquit.
3537 918 3608 973 Ει

2030 1004 2410 1071 unu~quisque
2436 1002 2602 1058 homo
2633 1005 2806 1059 instar
2825 1006 2974 1061 ﬂoris
3002 1008 3311 1070 eﬂlorescit,
3338 1008 3608 1078 facileque

2031 1091 2342 1146 deﬂorescit
2400 1109 2464 1147 ac
2537 1097 2847 1157 marcescit.
2898 1107 2955 1151 et
2991 1097 3208 1151 fervore
3241 1098 3370 1152 solis
3412 1098 3607 1152 iterum

2026 1182 2316 1247 exarescit,
2353 1194 2407 1237 et
2429 1183 2641 1248 deﬂuit,
2672 1196 2729 1240 et
2763 1184 2991 1253 decidit,
3025 1203 3357 1257 rursumque
3406 1188 3460 1241 in
3496 1197 3608 1242 lcr-

2027 1290 2141 1328 ram
2170 1276 2333 1330 redit.
2374 1274 2587 1347 Carpus
2634 1278 2841 1341 fenum,
2879 1280 3116 1333 animam
3171 1294 3301 1334 vero
3349 1280 3606 1349 spiritum

2032 1363 2391 1432 nuncupavit.
2434 1363 2489 1419 Si
2522 1364 2575 1419 in
2609 1381 2795 1433 carne,
2829 1382 2925 1422 seu
2959 1383 3188 1437 corpore
3213 1369 3377 1422 fuerit
3403 1371 3604 1431 anima,

2029 1463 2183 1508 motu
2231 1456 2469 1525 agitatur
2502 1472 2724 1527 corpus,
2760 1473 2935 1528 eaque
2986 1460 3251 1521 motione,
3308 1476 3429 1529 qua:
3487 1459 3612 1528 ejus

2030 1554 2241 1601 natura:
2280 1558 2648 1602 consentanea
2677 1558 2828 1614 sunt,
2892 1550 3235 1619 exsequitur.
3262 1550 3317 1604 Si
3349 1549 3439 1604 illa
3484 1550 3613 1605 inde

2025 1637 2230 1694 evolet.
2267 1653 2466 1709 corpus
2508 1641 2718 1694 nullum
2753 1650 2859 1704 est,
2890 1640 3118 1710 perinde
3165 1651 3224 1695 ut
3256 1640 3299 1695 si
3332 1655 3611 1711 nunquam

354 1735 616 1788 livionem
669 1734 988 1804 neutiquam
1015 1744 1195 1806 potest
1232 1753 1247 1788 :
1277 1735 1372 1789 sed
1419 1743 1665 1789 actorum
1702 1748 1929 1788 suorum
1962 1728 2003 1781 Β
2032 1727 2280 1792 vixisset,
2307 1729 2480 1783 neciu
2503 1730 2612 1783 vita
2646 1730 2748 1783 ista
2783 1728 3060 1785 ﬂoruisset
3090 1749 3102 1784 :
3136 1745 3237 1785 nec
3263 1730 3369 1784 dici
3397 1739 3599 1799 potest,

355 1824 703 1881 indelebilem
721 1827 1041 1881 memoriam
1060 1828 1281 1889 retinet,
1310 1825 1551 1896 indeque
1574 1825 1855 1895 aﬂligitur,
1880 1832 1936 1879 et

355 1916 733 1981 cruciatur,et
756 1932 970 1988 pteuam
993 1919 1247 1983 sustinet,
1274 1932 1437 1989 quam
1462 1917 1643 1973 verbis
1660 1933 1819 1972 nemo
1842 1932 1937 1971 ex-

356 2008 672 2079 plicaverit,
700 2025 824 2080 quae
853 2011 1092 2080 plurium
1119 2011 1591 2080 illustriormnque
1626 2009 1694 2064 de
1722 2009 1930 2065 sanctis

357 2102 612 2155 Patrittus
628 2101 876 2155 doctrina
896 2111 983 2156 est
1011 2106 1049 2157 '.

342 2217 353 2221 «
429 2188 486 2244 Si
513 2190 680 2261 igitur
695 2191 766 2243 ob
787 2193 1286 2261 eogitationessuas
1300 2201 1610 2264 torquetur,
1631 2202 1692 2247 ut
1707 2193 1935 2249 Litteris

363 2280 538 2334 sacris
577 2279 856 2349 proditum
902 2291 1010 2345 est,
1061 2283 1250 2353 utique
1292 2285 1614 2337 memoriam
1665 2285 1852 2347 habet,
1883 2292 1941 2338 et

2032 1820 2320 1888 cujusnam
2353 1819 2539 1877 fuerit.
2562 1836 2664 1873 nec
2696 1820 2843 1874 istud
2874 1819 3041 1885 illius,
3073 1822 3204 1876 illud
3234 1821 3399 1890 hujus
3433 1822 3610 1875 nomi-

2032 1910 2177 1964 nari.
2231 1907 2378 1964 Nihil
2414 1925 2444 1963 a
2493 1910 2744 1973 ﬂoribus,
2793 1910 2926 1964 nihil
2960 1929 2990 1963 a
3044 1910 3209 1976 foliis,
3260 1910 3397 1965 nihil
3427 1926 3457 1965 a
3487 1911 3616 1964 feno
3682 1924 3685 1927 ‘

2029 1999 2358 2054 diﬂ'erimus.
2410 2000 2589 2054 Verno
2621 2009 2870 2069 tempore
2908 2000 3036 2054 folia
3083 2001 3284 2062 virent,
3338 2010 3607 2054 autumno

2030 2092 2312 2153 decidunt,
2369 2091 2713 2162 dispereunt.
2755 2090 2870 2147 Hoc
2904 2108 3028 2147 cum
3095 2092 3214 2155 alii,
3271 2101 3386 2147 tum
3442 2091 3617 2163 Chry-

2033 2192 2337 2237 εοεῐοῐηιις.

2102 2277 2299 2330 Amm.
2322 2275 2461 2342 Quid
2497 2290 2600 2345 ego
2640 2275 2708 2331 de
2740 2276 2921 2331 anima
2948 2276 3047 2331 abs
3080 2288 3132 2332 te
3164 2277 3366 2333 audio?
3390 2278 3536 2332 Bona
3559 2287 3617 2333 et

358 2371 547 2440 aliquo
591 2372 775 2434 modo,
812 2383 867 2427 et
888 2373 1143 2429 alicunde
1181 2375 1411 2445 patitur.
1461 2374 1517 2429 Si
1569 2376 1871 2430 secundum
1905 2391 1934 2430 a
2026 2366 2195 2437 iusta.
2241 2382 2475 2437 corpm'e
2504 2377 2783 2439 exempla.
2827 2369 3098 2423 malorum
3128 2373 3185 2424 ει
3222 2386 3250 2423 ³
3280 2386 3338 2424 se
3376 2384 3499 2423 cum
3534 2368 3620 2424 νῖο

360 2478 493 2516 vero
524 2463 710 2528 distat,
746 2469 912 2519 etiam
944 2467 1206 2535 primum.
1243 2467 1469 2532 Contra,
1504 2468 1551 2523 si
1586 2468 1767 2538 primo
1795 2468 1938 2523 inest

365 2552 592 2614 veritas,
626 2553 773 2607 inest
802 2554 932 2609 item
965 2555 1231 2611 secundo.

431 2640 629 2694 ANIIIA.
657 2641 799 2708 Quid
830 2643 999 2713 igitur
1023 2645 1190 2698 David
1232 2659 1392 2701 secus
1414 2646 1650 2701 scribit?
1698 2664 1717 2694 ι
1755 2646 1812 2700 ln
1847 2645 1940 2700 illo

363 2732 474 2792 die,
543 2733 740 2803 inquit.
825 2736 1084 2805 peribunt
1156 2754 1349 2793 omnes
1419 2739 1781 2807 cogitationes
1848 2755 1944 2792 eo-

363 2840 484 2879 rum
501 2824 646 2887 ⁸ου.»
667 2842 779 2897 quo
798 2828 1301 2899 videlicet'spiritus
1328 2846 1356 2885 a
1385 2846 1547 2887 carne.
1572 2831 1939 2899 separabitur.

434 2915 731 2971 Cano.Non
750 2918 826 2972 ait
847 2919 1206 2987 cogitationes
1218 2921 1477 2992 ψυχικὰς,
1502 2923 1608 2977 hoc
1641 2934 1724 2977 est
1747 2923 1942 2977 animae

366 3007 641 3076 proprias.
674 3023 798 3064 esse
828 3011 1127 3079 perituras,
1174 3013 1269 3067 sed
1318 3028 1480 3068 curas
1506 3022 1562 3067 et
1613 3012 1942 3068 sollicitudi-

364 3109 470 3149 nos
493 3096 654 3165 hujus
674 3097 818 3161 vitae,
844 3112 942 3152 seu
973 3114 1110 3168 quas
1134 3100 1247 3153 ham
1274 3100 1384 3153 vita
1412 3115 1609 3170 parere
1629 3101 1938 3164 consuevit,

367 3185 731 3248 de-externis,
757 3188 823 3241 de
855 3189 1194 3250 domesticis,
1230 3190 1299 3245 de
1329 3192 1593 3261 cognatis,
1626 3193 1690 3245 de
1725 3192 1938 3257 liberis,

369 3277 440 3331 de
471 3279 614 3341 aliis,
637 3294 758 3348 qua:
789 3281 947 3351 longe
982 3282 1234 3359 plurima.)
1251 3283 1307 3336 in
1331 3283 1498 3335 rebus
1539 3281 1790 3335 humanis
1817 3297 1945 3335 ver-

370 3377 582 3433 santur,
605 3371 673 3422 de
702 3369 1057 3439 plantatione,
1086 3370 1152 3424 de
1178 3370 1592 3439 agricolatione,
1613 3369 1682 3421 de
1705 3369 1942 3423 aedifica-

372 3457 541 3521 tione,
568 3458 637 3512 de
668 3460 890 3516 vestitu.
913 3461 1115 3516 Horum
1143 3462 1347 3519 anima,
1372 3476 1495 3515 cum
1524 3476 1592 3514 ex
1624 3460 1729 3513 hoc
1760 3458 1946 3512 taber-

369 3550 570 3605 naculo
624 3552 933 3617 recesserit,
994 3554 1152 3621 plane
1218 3552 1424 3606 nullius
1484 3550 1929 3605 recordationem

370 3638 629 3693 habitura
655 3650 760 3698 est.
788 3643 918 3709 Qua:
945 3652 1128 3698 autem
1165 3659 1289 3697 cum
1328 3652 1550 3711 peccato
1581 3652 1638 3697 et
1667 3642 1937 3712 improbi-

374 3734 512 3793 tate,
532 3728 870 3799 voluptatum
895 3731 1170 3787 illecebris
1194 3732 1405 3787 irretita
1425 3732 1713 3797 factitavit,
1739 3732 1938 3785 horum

373 3832 622 3882 prorsus,
655 3828 711 3875 et
758 3823 1135 3877 tantummodo
1190 3832 1322 3877 tunc
1372 3838 1583 3877 memor
1627 3831 1830 3878 manet.
1866 3824 1942 3878 De

372 3907 462 3963 his
487 3910 913 3979 cogitationibus
941 3913 1081 3969 scito
1107 3914 1366 3969 Davidem
1396 3914 1570 3984 loqui.

440 4001 636 4056 Annia.
664 4004 967 4059 Assentior.
995 4006 1114 4060 Jam
1146 4006 1252 4060 hoc
1279 4022 1498 4075 quoque
1528 4007 1799 4076 superiori
1826 4022 1936 4061 non

372 4091 662 4156 dissimile,
715 4104 773 4149 et
799 4110 954 4165 teque
984 4111 1053 4150 ex
1105 4096 1332 4152 Psalmis
1383 4099 1768 4167 depromptum
1810 4098 1945 4152 mihi

377 4183 642 4252 explanes
687 4185 852 4239 velim
896 4202 910 4241 :
947 4205 966 4237 ι
1002 4187 1201 4254 ilomo,
1239 4188 1382 4243 sicut
1412 4188 1597 4243 fenum
1654 4190 1773 4244 dies
1807 4192 1951 4261 ejus,

381 4278 640 4343 tanquam
670 4274 771 4330 ﬂos
806 4276 950 4345 agri,
983 4277 1062 4332 sic
1083 4277 1375 4334 eﬂlorebit.
1409 4277 1679 4346 Quoniam
1725 4282 1953 4351 spiritus

466 4395 561 4427 ¹·¹⁸
590 4394 731 4449 Psal.
760 4410 913 4460 cxcv,
939 4396 995 4451 4.
1074 4397 1116 4428 ¹⁷
1138 4397 1281 4453 Psal.
1304 4412 1398 4460 cu.
1424 4398 1615 4465 14,15.

2031 2455 2107 2510 tio
2140 2469 2417 2526 gestorum
2449 2472 2557 2510 non
2597 2457 2850 2511 meminit
2882 2474 2897 2511 :
2929 2459 3026 2512 sed
3082 2458 3228 2514 inter
3254 2459 3478 2529 angelos
3507 2459 3618 2520 Do:-

2033 2546 2243 2601 minum
2275 2546 2535 2600 laudibus
2560 2547 2828 2616 pr:edicat

2103 2638 2202 2693 Ast
2231 2654 2354 2706 qum
2381 2640 2622 2707 peccatis
2648 2639 2892 2694 involuta
2927 2640 3060 2696 hinc
3084 2643 3405 2708 excesserit,
3440 2644 3531 2699 illa
3561 2650 3619 2699 et

2038 2732 2311 2785 malorum
2349 2745 2599 2794 suorum,
2630 2743 2687 2785 et
2716 2732 2987 2797 locorum,
3024 2742 3082 2787 et
3113 2749 3474 2802 personarum
3505 2752 3621 2791 me-

2036 2820 2218 2885 minit,
2263 2830 2320 2874 et
2360 2821 2609 2890 improbe
2667 2822 2939 2878 factorum
2990 2840 3214 2879 suorum
3273 2826 3616 2882 recordatur.

2035 2911 2193 2978 Quod
2223 2912 2268 2966 si
2304 2912 2450 2982 justa
2479 2923 2537 2968 et
2567 2929 2802 2983 nequam
2841 2917 3021 2970 anima
3058 2918 3384 2972 substantia:
3410 2917 3618 2973 intelli-

2045 3014 2238 3075 gentes
2272 3012 2422 3069 sunt,
2452 3005 2735 3074 ambarque
2766 3006 2959 3060 iisdem
2997 3017 3204 3061 natura?
3243 3007 3448 3062 divitiis
3481 3023 3623 3076 pm-

2048 3096 2196 3157 dilaz,
2237 3095 2291 3149 in
2324 3106 2553 3166 utraque
2596 3097 2860 3152 similiter
2893 3100 3141 3153 eamdem
3178 3099 3495 3154 memoriam
3532 3114 3621 3153 re-

2039 3188 2208 3257 periri
2263 3190 2573 3257 oportebat.
2630 3190 2808 3251 Nunc,
2859 3200 2919 3242 ut
2976 3200 3030 3242 tu
3088 3190 3310 3258 quidem
3361 3190 3620 3253 aﬂirmas,

2041 3282 2222 3336 anima
2252 3282 2499 3350 improba
2539 3290 2747 3335 tantum
2781 3295 3006 3333 suorum
3050 3280 3318 3334 scelerum
3349 3279 3619 3333 meminit.

2042 3371 2205 3441 Atqui
2254 3385 2598 3440 consequens
2648 3378 2787 3433 erat,
2838 3370 3039 3424 bonam
3091 3385 3309 3440 quoque
3355 3371 3619 3424 malortnn

2045 3460 2308 3515 memoria
2339 3462 2507 3531 tangi.

2114 3553 2273 3610 Cano.
2311 3553 2717 3610 Dnbitationem
2765 3564 2913 3611 tuam
2945 3555 3070 3611 vide
3113 3554 3390 3625 quomodo
3415 3554 3622 3609 solvam

2046 3645 2170 3699 tibi.
2218 3647 2359 3700 Pura
2409 3646 2566 3717 puris
2608 3645 2817 3717 angelis
2871 3648 3203 3710 consociata,
3251 3646 3413 3701 sicuti
3457 3659 3622 3720 supra

2051 3737 2418 3800 ostendimus,
2467 3745 2524 3792 et
2561 3737 2706 3793 bona
2753 3739 2844 3793 illa
2885 3737 3170 3810 splendida
3222 3737 3622 3808 contemplans.

2048 3827 2204 3882 illam
2240 3830 2441 3889 lucem.
2474 3829 2625 3884 illius
2665 3830 2962 3901 voluptatis
3000 3830 3348 3899 elegantiam,
3383 3838 3439 3885 et
3481 3829 3626 3884 divi-

2044 3920 2297 3984 nitatem,
2328 3921 2421 3976 illa
2463 3922 2782 3979 dulcissima
2815 3923 3060 3977 carmina
3092 3922 3290 3976 festum
3337 3921 3628 3975 celebran-

2042 4012 2205 4068 tium.
2254 4013 2513 4076 exsultat,
2558 4014 2883 4077 delectatur,
2936 4024 2993 4069 et
3045 4012 3246 4083 gaudio
3301 4011 3623 4080 triumphat.

2044 4103 2162 4158 Alia
2210 4120 2279 4159 ex
2322 4106 2425 4159 alia
2474 4106 2734 4174 voluptas
2782 4105 3044 4175 gignitur,
3100 4113 3156 4157 et
3195 4117 3387 4158 omnes
3429 4100 3629 4156 divinat

2045 4204 2208 4259 sunt;
2243 4210 2307 4249 ac
2343 4196 2699 4250 molestorum
2728 4197 2951 4266 quidem
3000 4196 3381 4250 universorum
3426 4192 3629 4248 oblivi-

2049 4285 2225 4340 scitur
2257 4286 2369 4357 (itl
2406 4302 2421 4340 :
2466 4287 2778 4342 animarum
2825 4296 3006 4343 autem
3037 4288 3091 4341 in
3122 4287 3227 4342 hac
3251 4287 3384 4350 vita,
3421 4286 3624 4356 quibus

1641 4519 1857 4580 Jacobi
1893 4520 2173 4582 Gretsori
2212 4528 2404 4583 notos.

455 4638 573 4711 (ll)
602 4638 906 4711 commodo
935 4654 1097 4695 sensu
1131 4639 1513 4711 accipiendum
1546 4651 1631 4697 est
1658 4643 1805 4711 quod
1841 4643 1940 4703 ait.

382 4709 622 4762 animam
655 4709 866 4762 beatam
896 4712 1272 4764 immemorem
1312 4710 1426 4767 fore
1450 4728 1644 4766 eorum
1677 4709 1943 4766 malorum

380 4792 506 4850 qua;
528 4776 580 4829 in
607 4778 708 4831 hac
749 4779 859 4831 vita
884 4780 1071 4847 gessit.
1097 4781 1302 4833 Asserit
1328 4782 1451 4840 hoc,
1474 4784 1598 4850 quia
1620 4783 1798 4835 anima
1827 4783 1949 4835 talis

384 4847 656 4901 scelerum
699 4862 926 4901 suorum
968 4863 1181 4902 memor
1224 4864 1332 4903 non
1366 4847 1633 4906 erit'cum
1669 4852 1857 4905 dolore
1890 4862 1949 4905 et

2047 4647 2299 4702 cruciatu
2336 4648 2481 4703 sicut
2517 4660 2793 4700 memores
2819 4654 2985 4700 erunt
3014 4644 3209 4700 animae
3235 4645 3523 4698 damnatae.
3554 4642 3628 4697 Et

2051 4717 2193 4771 hanc
2216 4733 2338 4771 esse.
2366 4733 2521 4771 suam
2548 4726 2808 4775 mentem.
2838 4717 2973 4770 satis
2994 4730 3260 4784 expresse
3283 4714 3489 4770 iudicat
3511 4713 3631 4783 ipsa

2052 4786 2278 4855 Diaptra
2307 4788 2372 4841 ad
2402 4789 2564 4842 tinctu
2595 4802 2720 4855 cap.
2747 4788 2769 4839 1
2803 4787 2929 4841 libri
2961 4801 3046 4839 ιιι.

1860 4963 2044 5025 Schol
2058 4963 2138 5024 ia.

450 5085 470 5103 ⁹
503 5080 810 5156 Sciendum,
846 5100 937 5139 nos
976 5102 1138 5154 usque
1184 5088 1254 5140 ad
1278 5088 1419 5142 nuda
1461 5089 1616 5142 verba.
1664 5096 1711 5141 ct
1748 5073 1946 5156 cogit'a-
1979 5087 2031 5146 D
2057 5096 2127 5143 et.
2162 5105 2181 5137 σ
2217 5086 2471 5140 Incumbit
2508 5086 2754 5154 cogitatio
2771 5083 3004 5156 _I:ominis
3034 5081 3318 5156 diligenter
3337 5077 3408 5131 ad
3431 5076 3630 5132 malum

380 5154 549 5224 tiones
577 5155 838 5207 rationem
866 5157 1179 5210 reddituros.
1210 5158 1278 5211 Et
1306 5173 1370 5211 ea:
1423 5160 1591 5211 verbis
1634 5154 1825 5211 nostris
1859 5159 1954 5224 ju~

377 5222 699 5296 stiﬁcamnr,
732 5224 1264 5296 condemnamurquc,
1301 5236 1357 5278 ut
1399 5226 1653 5280 Pharisa'i
1686 5235 1734 5279 et
1770 5222 1955 5280 Publi-

380 5291 507 5345 ιταηὶ
529 5291 785 5360 parabola
801 5294 966 5365 docet.
996 5291 1317 5365 (Lua-mn.
1343 5296 1453 5359 10.)
1478 5296 1549 5348 Dc
1561 5298 1956 5365 cogitationibus

382 5370 629 5434 ρον-ποιεῖ
683 5363 915 5434 con_s_iliis
952 5364 1075 5432 quid
1131 5365 1261 5417 Dens
1310 5383 1400 5434 per
1443 5363 1750 5434 prop/ictam
1809 5368 1951 5426 dicit,

381 5427 626 5504 ausculta
652 5445 672 5484 :
709 5449 728 5481 ε
763 5431 872 5501 Ego
898 5427 1073 5504 autem
1096 5427 1318 5502 cperant
1346 5446 1391 5488 ct
1414 5427 1752 5504 cogitationes
1775 5453 1953 5489 eorum

381 5499 535 5571 venio
560 5508 616 5571 ut
641 5499 968 5571 congregem.
1002 5499 1137 5571 tlsa.
1166 5519 1304 5566 LXVI,
1334 5507 1440 5563 18.)
1475 5499 1542 5557 lit
1567 5504 1731 5558 David
1760 5520 1776 5557 :
1809 5505 1952 5558 Dixit

381 5569 526 5642 enim
558 5568 791 5642 in_corde
821 5568 938 5642 suo,
974 5569 1085 5624 Non
1132 5577 1356 5640 requiret
1392 5574 1565 5642 (l’ml.
1607 5591 1658 5631 χ.
1701 5575 1825 5637 Ιῦ);
1879 5585 1947 5635 et,

386 5635 756 5709 Unusquisque
778 5641 967 5709 cogitat
990 5643 1040 5693 in
1062 5635 1215 5694 corde
1234 5660 1328 5695 sno
1350 5635 1490 5696 mala
1510 5635 1863 5712 (f‘salxxirv,
1880 5645 1946 5709 it;

2055 5158 2121 5210 ab
2154 5157 2505 5211 adolescentia
2533 5173 2652 5208 sun.
2683 5173 2701 5204 ο
2732 5154 2881 5215 (Cen.
2907 5153 3161 5213 vm,9.l.t

2126 5229 2165 5249 "
2202 5227 2501 5292 Gregorius
2519 5223 2816 5294 Nyssenus.
2839 5222 3063 5294 Omnino
3084 5222 3274 5288 :Imjus
3296 5222 3414 5275 vitm
3428 5226 3633 5294 eventa,

2053 5306 2108 5347 ut
2134 5289 2357 5353 sanitas,
2385 5289 2600 5353 divitiré,
2635 5293 2853 5353 delicim,
2881 5291 3076 5362 gloria,
3106 5299 3431 5362 paupertas,
3466 5289 3632 5341 tribu-

2055 5365 2205 5427 latio,
2234 5375 2281 5417 et
2305 5382 2625 5433 quotcunque
2663 5368 2848 5433 horum
2879 5361 3095 5425 similia,
3129 5371 3252 5414 tunc
3280 5361 3348 5433 ab‘
3368 5362 3492 5433 ipsis
3523 5374 3632 5433 rue-

2055 5438 2221 5488 ntoria
2253 5429 2354 5487 non
2387 5444 2468 5486 ten
2504 5429 2714 5487 buntur.
2751 5431 2867 5485 Non
2900 5435 3038 5503 quod
3063 5433 3270 5503 animus
3300 5429 3485 5503 obliuio
3514 5430 3628 5503 ttin-

2056 5516 2140 5556 mt
2171 5514 2221 5557 ct
2244 5528 2255 5554 ‹
2276 5517 2450 5573 ('t‘upel
2488 5518 2506 5555 :
2527 5504 2617 5555 sed
2649 5504 2785 5571 quod
2814 5496 3040 5573 pra'sens
3071 5502 3216 5569 regni
3240 5499 3458 5573 ctclcstis
3484 5496 3630 5573 colu.

2060 5586 2176 5639 ptas
2223 5569 2398 5627 rerum
2437 5569 2671 5626 tristium
2716 5571 3125 5624 recordationem
3171 5569 3438 5629 excludat,
3465 5570 3628 5638 juxta

2058 5643 2190 5696 illud
2215 5659 2228 5694 :
2265 5663 2281 5694 ς
2319 5647 2376 5697 In
2416 5645 2498 5695 die
2530 5642 2984 5696 lmzoramoblirie
3009 5642 3289 5694 malorum.
3336 5660 3353 5683 ι
