4088 6214
489 321 600 388 799

1740 326 1841 386 PH
1855 326 2087 387 [LIPPI
2128 327 2522 389 SOLITARII

3647 333 3762 398 800

489 435 591 492 Dei
621 431 852 504 gratiam
883 430 1157 501 implorat,
1186 429 1430 501 legitime
1464 434 1785 489 memoriam
1822 447 2074 508 usurpat.
2106 449 2153 506 Α
2254 438 2447 493 Astus.
2480 438 2635 494 Unde
2661 439 2767 495 hoc
2798 440 3060 496 noscam?
3081 441 3208 511 quis
3235 441 3468 499 auctor?

491 525 564 580 At
593 539 723 579 vero
754 523 993 592 peccatis
1037 522 1435 586 contaminata,
1470 523 1633 578 simul
1674 540 1875 596 corpus
1903 527 2073 582 relin-

491 615 633 685 quit,
659 613 821 669 simul
846 613 915 666 ad
945 612 1221 667 infernum
1248 611 1504 668 damnata
1535 615 1849 683 abducitur,
1874 627 1932 673 ct
1951 633 2075 674 cum

492 706 722 760 horrore
756 703 989 772 rapitur,
1021 703 1227 757 ibidem
1258 704 1549 768 ultionem,
1583 706 1912 770 cruciatum,
1946 723 2078 777 sup-

491 796 716 866 plicium
758 797 986 864 reperit,
1029 797 1397 852 calamitatem
1441 797 1891 868 inexSpectatam,
1921 799 2071 853 dolo-

490 905 607 942 rem
638 891 1358 960 immensumgtabescitque
1395 892 1651 962 lacrymis
1674 899 1728 946 et
1759 893 2075 961 gemitibus.

487 979 635 1034 Tum
681 981 908 1050 cogitat,
947 981 1280 1046 considerat,
1309 998 1497 1036 secum
1531 982 1808 1052 disquirit,
1855 985 2078 1052 quinam

490 1073 548 1127 in
579 1081 791 1126 tantam
823 1089 1125 1127 aerumnam
1149 1082 1205 1128 et
1247 1075 1301 1128 in
1334 1075 1454 1129 illas
1511 1075 1768 1130 tenebras
1801 1076 2078 1142 inciderit,

490 1165 754 1234 illicoque
783 1164 853 1218 ab
900 1180 959 1220 se
1014 1175 1136 1219 acta
1178 1173 1502 1228 occurrunt,
1565 1175 1623 1220 et
1692 1166 1966 1233 meminit,
2023 1173 2082 1222 et

488 1258 713 1312 conscia
743 1267 849 1321 est,
878 1266 934 1312 et
970 1257 1087 1328 ipsa
1117 1258 1456 1313 conscientia
1495 1268 1784 1328 torquetur
1808 1264 1852 1312 θ.

566 1349 892 1418 Exemplum
942 1350 1020 1404 rei
1060 1349 1400 1405 illustrandm
1442 1351 1615 1420 gratia
1659 1351 1984 1421 producam.
2025 1351 2083 1408 Si

489 1440 766 1510 quispiam
813 1441 1096 1498 maleﬁcus
1127 1449 1184 1496 et
1221 1441 1497 1496 homicida
1524 1451 1720 1512 captus
1747 1443 1935 1510 fuerit,
1983 1444 2083 1499 ad-

493 1531 608 1587 huc
637 1533 853 1588 stillans
880 1535 1171 1604 sanguine,
1204 1542 1262 1589 et
1294 1544 1525 1590 cruento
1551 1536 1778 1605 pulvere
1802 1536 2082 1604 sordidus,

498 1623 822 1695 habensque
867 1642 1065 1680 manus
1108 1636 1165 1682 et
1214 1627 1383 1696 pedes
1413 1638 1701 1683 currentes
1749 1629 1815 1683 ad
1858 1629 2086 1694 malum,

497 1714 594 1783 qui
630 1715 685 1768 in
716 1716 865 1786 ligno
898 1718 1192 1773 maledicto
1218 1727 1304 1773 est
1329 1719 1773 1789 suspendendus,
1805 1721 2085 1790 cognoscit

2254 529 2412 585 Cano.
2443 530 2671 600 Magnus
2691 531 2988 603 Dionysius
3019 548 3088 588 ex
3111 534 3395 605 Areopago
3428 541 3536 588 tam
3573 532 3765 588 decan-

2183 630 2317 685 tato,
2343 620 2540 675 doctus
2568 636 2598 674 a
2629 637 2825 692 magno
2851 623 3022 678 Paulo
3054 622 3333 688 videlicet,
3354 625 3449 694 qui
3475 624 3531 678 in
3566 624 3772 679 ccelum

2183 712 2405 768 tertium
2435 721 2646 782 raptus,
2685 721 2747 767 ut
2769 714 3004 784 ipsemet
3030 716 3226 770 scribit
3255 717 3325 781 ³⁸,
3347 725 3403 771 et
3425 715 3633 770 auditis
3654 715 3774 769 illic

2179 805 2365 859 verbis
2399 806 2634 870 arcanis,
2652 814 2709 861 et
2736 805 3026 863 institutus
3055 808 3307 863 doctrina
3331 823 3494 871 nova,
3519 817 3573 861 et
3599 807 3674 860 ob
3710 806 3771 860 id

2179 913 2398 967 quoque
2427 898 2544 952 avis
2575 898 2895 955 ccelivolans
2924 901 3261 964 nominatus,
3290 915 3414 970 quae
3444 899 3534 969 ibi.
3550 898 3776 958 didicit.

2180 991 2303 1045 aliis
2323 991 2632 1062 lrevelavit.
2669 993 3128 1050 Tradiditautem
3169 994 3414 1050 ctelestis
3452 1009 3518 1048 ac
3561 993 3780 1063 princi-

2181 1084 2266 1154 pis
2297 1084 2445 1140 illius
2479 1085 2688 1141 militia:
2725 1103 2926 1143 novem
2963 1102 3088 1143 esse
3118 1087 3363 1146 ordines.
3393 1087 3488 1157 qui
3520 1101 3781 1142 commu-

2183 1177 2330 1232 niter
2355 1178 2534 1248 angeli
2561 1179 2910 1249 appellantur
2945 1198 2962 1236 :
2993 1180 3091 1236 sed
3129 1179 3324 1235 ordine
3364 1188 3422 1234 et
3449 1187 3594 1234 statu
3625 1177 3781 1233 inter

2182 1282 2241 1323 se
2287 1266 2585 1332 differunt,
2632 1283 2934 1341 omnesque
2971 1269 3027 1326 in
3083 1279 3193 1328 tres
3233 1270 3460 1326 ordines
3489 1279 3622 1327 sunt
3649 1269 3778 1324 dis-

2186 1358 2377 1413 tributi
2405 1360 2468 1414 “.

2259 1449 2484 1506 Primus
2515 1453 2792 1508 ternarias
2813 1452 3286 1518 Cherubinorum,
3309 1452 3776 1522 Seraphinorum,

2185 1552 2242 1599 et
2284 1543 2636 1599 Thronorum
2669 1555 2920 1602 vocatur.
2966 1547 3036 1602 Et
3063 1547 3116 1600 hi
3169 1548 3429 1618 hymnum
3468 1545 3784 1601 concinnat

2187 1637 2560 1692 venerandum
2589 1655 2606 1692 :
2635 1657 2652 1691 ι
2698 1639 2997 1695 Benedicta
3047 1640 3221 1710 gloria
3255 1638 3471 1694 Domini
3510 1639 3781 1708 omnipo-

2191 1727 2360 1783 tentis
2391 1728 2459 1783 de
2496 1729 2620 1784 loco
2650 1738 2844 1786 sancto
2875 1745 3000 1786 suo.
3037 1750 3056 1782 ι
3087 1729 3302 1785 Medius
3336 1729 3779 1795 Domittationes,

497 1823 606 1876 qua
633 1807 701 1862 de
735 1824 900 1864 causa
943 1819 1153 1865 tantum
1189 1812 1292 1866 sibi
1325 1812 1658 1881 supplicium
1705 1811 1999 1883 irrogetur,
2029 1821 2086 1868 et
2118 1811 2158 1868 Β
2194 1818 2432 1873 Virtutes
2454 1858 2468 1882 ,
2529 1820 2838 1875 Potestates
2890 1819 3298 1889 complectitur,
3341 1819 3436 1888 qui
3459 1817 3782 1891 κτρισάγιον

497 1899 774 1967 quomodo
806 1899 874 1954 ad
907 1909 1139 1955 mortem
1172 1901 1404 1955 maxime
1424 1901 1793 1956 miserabilem
1820 1901 2083 1957 condem-

497 2001 662 2046 natus
709 1992 804 2047 sit.
852 1992 991 2048 Hinc
1038 2004 1094 2049 et
1141 1996 1373 2048 aliarum
1420 1994 1650 2050 cautium
1698 1995 2082 2066 redarguitur;

498 2082 629 2138 hinc
678 2083 1032 2140 conscientiae
1082 2086 1205 2141 telis
1257 2087 1456 2141 iterum
1507 2087 1915 2152 consauciatur,
1959 2104 2084 2158 quae

496 2173 651 2228 illum
689 2175 1075 2231 universorum
1119 2180 1393 2233 scelerum
1445 2194 1672 2233 suorum
1707 2180 2087 2236 commonefa-

497 2265 610 2320 cit:
633 2267 714 2322 sic
738 2275 793 2322 tu
827 2269 964 2323 mihi
995 2270 1229 2325 animam
1260 2287 1482 2341 quoque
1500 2273 1785 2343 suppliciis
1807 2271 2085 2328 addictam

497 2372 558 2413 se
596 2357 804 2416 habere
831 2361 1093 2434 ittlellige.

1118 2477 1346 2535 CAPUT
1386 2479 1452 2534 11.

497 2563 724 2640 Angelos
784 2569 923 2640 sine_
951 2569 1302 2640 instrumento
1343 2586 1596 2640 corporeo
1653 2571 1857 2624 divinas
1901 2569 2087 2625 laudes

571 2635 856 2690 celebrare.
878 2638 982 2690 Eos
1005 2646 1084 2690 ter
1109 2639 1275 2692 tribus
1294 2635 1536 2694 constare
1565 2641 1862 2695 ordinibus.
1892 2641 2085 2696 Unius-

567 2706 822 2777 cujusque
851 2709 1073 2762 ternarii
1097 2709 1271 2776 qualis
1300 2710 1547 2780 hymnus.

569 2823 761 2878 ANIIA.
790 2825 867 2878 De
899 2835 1097 2880 caetero
1129 2825 1196 2880 de
1227 2826 1507 2880 mentibus
1530 2826 1763 2881 dissere.
1800 2825 2086 2895 Scriptura

502 2927 637 2967 sane
670 2927 764 2968 eas
795 2913 958 2970 docet
1007 2931 1204 2971 vacare
1237 2917 1586 2986 corporibus,
1619 2927 1676 2971 et
1723 2917 2086 2987 intelligentia

503 3012 845 3073 constantes,
875 3015 929 3061 et
958 3007 1240 3062 ministras
1269 3023 1332 3063 ac
1358 3007 1632 3061 ﬂammam
1667 3007 1829 3077 ignis,
1861 3019 1918 3062 et
1946 3008 2088 3062 divi-

503 3112 626 3164 nas,
676 3097 893 3170 linguae,
944 3100 1078 3164 oris,
1119 3100 1390 3154 labiorum
1431 3109 1709 3168 expertes.
1763 3098 1878 3165 Qua
1923 3098 2090 3169 igitur

504 3190 721 3246 ratione
749 3189 1040 3246 Dominum
1072 3191 1388 3246 collaudare
1415 3207 1526 3245 non
1552 3190 1878 3247 desiuunt?’

573 3281 734 3341 Cano.
777 3282 1022 3348 Montes,
1072 3297 1170 3336 seu
1221 3281 1475 3338 caelestes
1525 3282 1602 3336 illi
1655 3281 1846 3347 animi,
1894 3290 2090 3335 natura

504 3375 787 3446 simplices
819 3384 948 3431 sunt
980 3374 1176 3439 creati,
1205 3382 1268 3429 ut
1305 3388 1335 3428 a
1369 3373 1660 3444 Scriptura
1698 3383 1886 3428 sancta
1921 3372 2087 3427 doce-

506 3485 630 3523 mur
656 3470 722 3535 “,
764 3469 1056 3539 ethymnis
1104 3470 1276 3523 Deum
1327 3469 1508 3523 colere
1535 3483 1645 3522 non
1678 3475 1897 3522 cessant
1930 3483 1944 3520 :
1979 3481 2089 3520 non

506 3559 665 3629 quasi
707 3560 944 3628 quodam
993 3574 1198 3628 organo
1243 3574 1341 3613 seu
1387 3559 1756 3612 instrumento
1799 3567 2092 3627 eorporato

507 3651 663 3705 illum
711 3649 1106 3719 compellantes
1152 3666 1166 3702 :
1213 3649 1310 3704 scd
1352 3649 1522 3702 alium
1564 3649 1857 3717 quemdam
1893 3663 2089 3702 sonum

506 3741 759 3805 edentes,
809 3741 947 3794 citra
985 3755 1212 3809 pausam
1247 3741 1521 3795 canticum
1560 3739 1845 3808 τρισάγιον
1889 3741 1941 3795 ei
1971 3755 2088 3794 mo-

507 3830 793 3885 dulantur.
844 3830 1275 3887 Subtilissimam
1331 3842 1515 3886 autem
1569 3833 1754 3888 sortiti
1811 3840 2088 3894 naturam,

511 3935 770 3995 tanquam
811 3933 1045 3988 mentes,
1087 3931 1306 3978 cantum
1354 3932 1410 3978 Cl.
1455 3937 1620 3981 V0685
1665 3934 2094 3982 suavesonantcs

508 4022 650 4077 mire
683 4032 891 4084 amant,
926 4029 982 4074 et
1016 4019 1146 4074 hinc
1178 4019 1587 4089 quodammodo
1607 4021 1840 4075 vocibus
1861 4017 2096 4074 internis

508 4115 743 4174 Domino
771 4122 999 4180 canunt,
1033 4124 1094 4169 ut
1124 4113 1252 4169 inde
1273 4113 1344 4169 ad
1364 4129 1490 4169 eum
1519 4113 1756 4170 melodia
1779 4112 2094 4176 dulcissima

509 4209 820 4281 perveniat.
869 4207 976 4263 Sed
1025 4206 1188 4276 hujus
1238 4207 1486 4263 melodis:
1532 4222 1728 4262 sonum
1782 4204 1920 4260 nihil
1969 4220 2094 4260 cum

509 4314 748 4370 corpore
765 4315 1057 4355 commune
1079 4298 1285 4357 habere
1300 4299 1572 4364 existima,
1598 4298 1690 4368 qui
1715 4313 1823 4352 non
1841 4297 2095 4360 auribus,

512 4409 624 4451 non
657 4409 773 4458 ore,
804 4409 915 4448 non
937 4394 1122 4464 lingua
1142 4393 1626 4464 indigeat:verum
1655 4392 1864 4461 absque
1881 4390 2098 4460 prolato

511 4487 862 4556 formatoque
883 4503 1160 4554 sermone,
1212 4487 1493 4541 voluntate
1515 4494 1572 4539 et
1600 4485 1813 4539 ratione
1857 4485 2002 4538 inter
2039 4497 2098 4536 se

513 4579 1019 4647 communicant,et
1041 4578 1394 4649 trigeminum
1435 4575 1565 4629 illud
1596 4575 1826 4628 Sanctus
1850 4573 2103 4642 omnipo-

516 4673 656 4730 tenti
671 4672 927 4727 Trinitati
946 4671 1269 4731 concinunt,
1289 4668 1537 4723 dicentes
1561 4665 1911 4721 :tBenedicta
1931 4665 2102 4736 gloria

517 4765 736 4820 Domini
779 4766 832 4820 in
846 4766 1030 4820 omnia
1049 4763 1249 4820 smcula
1272 4762 1340 4816 de
1357 4762 1478 4815 loco
1493 4775 1592 4814 suo
1615 4758 1963 4813 sanctissimo
1984 4757 2048 4810 ¹⁹.
2077 4775 2094 4808 ι

516 4858 616 4915 His
657 4860 836 4915 tribus
869 4859 1054 4914 verbis
1084 4856 1271 4928 hymni
1317 4852 1552 4924 angelici
1583 4851 1961 4906 continentur.

586 4977 630 5011 ³⁸
659 4978 825 5033 Hebr.
859 4991 896 5042 ι,
939 4974 1039 5041 H;
1065 4972 1207 5028 Psal.
1235 4985 1348 5034 CIII,
1378 4969 1428 5022 l.

2186 1911 2364 1965 solent
2393 1926 2628 1979 ,canere.
2680 1913 2922 1969 Ultimus
2967 1913 3342 1982 Principatus,
3376 1910 3780 1982 Archangelos,

2188 2005 2427 2074 Angelos
2474 2006 2920 2076 comprehendit,
2953 2020 3188 2076 quorum
3215 2005 3458 2077 hymnus
3487 2013 3574 2060 est
3607 2004 3786 2073 trige-

2188 2097 2398 2152 minum
2427 2097 2685 2163 Alleluia,
2738 2114 2904 2170 quem
2956 2098 3142 2154 divine
3175 2107 3233 2154 et
3259 2097 3380 2153 sine
3413 2099 3519 2152 line
3543 2095 3784 2162 vocibus

2185 2202 2296 2242 non
2315 2188 2598 2244 vocalibus
2637 2190 2961 2246 concinunt.
3007 2189 3134 2245 Haec
3167 2188 3280 2244 duo
3315 2185 3784 2260 prophetai,divi-

2186 2292 2293 2334 nus
2326 2278 2600 2346 Ezechiel,
2627 2289 2684 2336 et
2717 2297 2945 2352 magnus
2970 2281 3136 2336 Isaias
3164 2280 3544 2336 testiﬁcantur.

2803 2394 3032 2452 CAPUT
3067 2395 3164 2450 lll.

2190 2505 2496 2582 Humanam
2548 2521 2800 2566 naturam
2861 2512 3126 2582 dignitate
3179 2509 3381 2582 angelis
3431 2508 3778 2572 antecellere,

2263 2580 2465 2652 duabus
2509 2585 2838 2652 potissimum
2877 2580 2940 2634 de
2983 2581 3176 2652 causis.
3210 2581 3406 2634 Christi
3445 2595 3697 2652 sponsam
3728 2590 3782 2652 et

2262 2648 2651 2775 rl'eginam'esse.
2689 2651 3029 2723 Quantopere
3053 2650 3286 2721 Sponsus
3307 2650 3545 2704 eamdem
3567 2651 3621 2702 in
3650 2648 3779 2704 ctelo

2285 2729 2625 2776 tonoraverit.
3142 2773 3150 2776 _

2265 2839 2460 2890 ANlllA.
2497 2835 2842 2905 Obstupesco
2889 2849 3059 2904 super
3093 2834 3201 2899 his,
3229 2833 3562 2903 obstupesco
3609 2845 3778 2900 super

2199 2927 2307 2984 illis
2329 2942 2452 2997 qua:
2472 2938 2775 2996 congressu
2805 2925 3169 2981 antecedente
3198 2923 3528 2987 disseruisti,
3567 2922 3623 2976 in
3653 2923 3779 2992 qui-

2196 3016 2320 3082 bus,
2355 3015 2533 3086 capite
2566 3015 2655 3079 15,
2680 3014 2750 3070 de
2783 3013 3029 3071 secundo
3053 3013 3262 3069 Christi
3305 3011 3548 3066 adventu
3589 3009 3782 3080 dispu.

2200 3115 2345 3172 lans.
2394 3114 2713 3162 sanctorum
2761 3115 3008 3161 catervas
3039 3105 3210 3176 gloria
3244 3105 3394 3174 ipsos
3422 3102 3644 3173 angelos
3680 3116 3780 3156 an-

2115 3186 2160 3248 C
2194 3208 2506 3255 tecessuros
2546 3196 2852 3252 asseruisti.
2876 3196 3010 3262 Quae
3036 3196 3215 3249 oratio
3239 3201 3330 3248 tua
3366 3195 3610 3247 nondum
3642 3189 3780 3244 mihi

2200 3291 2258 3345 ﬁt
2283 3289 2587 3345 credibilis.
2631 3289 2823 3358 itaque
2862 3296 3058 3358 przesta
3105 3286 3240 3341 mihi
3292 3285 3400 3340 hoc
3430 3284 3694 3349 ollicium,
3725 3292 3784 3340 et

2199 3381 2523 3451 scrupulum
2552 3381 2756 3436 exime.

2268 3472 2432 3530 Cano.
2469 3474 2617 3529 Nihil
2664 3473 3028 3543 inopinatum,
3074 3486 3178 3526 nec
3203 3486 3236 3527 e
3269 3469 3500 3526 cerebro
3539 3483 3662 3523 meo
3699 3467 3781 3523 di-

2197 3582 2340 3633 cam,
2376 3581 2446 3622 ne
2486 3577 2542 3620 tu
2573 3581 2887 3621 sermonem
2926 3578 3109 3619 meum
3143 3578 3243 3634 pro
3286 3562 3462 3617 nihilo
3493 3560 3685 3624 ducas,
3725 3568 3784 3615 et

2198 3659 2435 3729 rejicias.
2507 3658 2897 3713 Probationem
2951 3672 2982 3712 e
3029 3655 3206 3711 sacris
3261 3656 3492 3726 petitam
3557 3652 3782 3708 Litteris

2198 3747 2490 3807 adducam,
2522 3745 2760 3815 indeque
2812 3745 3187 3801 difﬁcultatem
3215 3759 3435 3799 omnem
3464 3743 3777 3798 discutiam.

2201 3841 2279 3894 Ex
2319 3839 2576 3894 Patrihus
2608 3838 2756 3893 enim
2807 3837 3054 3907 antiquis
3097 3839 3401 3907 interrogat
3427 3835 3653 3905 quidam
3685 3833 3782 3887 ali-

2198 3932 2326 3988 cubi
2386 3933 2594 3997 alium,
2642 3931 2823 3988 eidem
2868 3930 2994 3985 vitae
3062 3930 3316 3985 instituto
3379 3938 3438 3983 et
3499 3925 3783 3996 sapientiae

2200 4034 2582 4080 consecratum
2618 4023 2706 4078 his
2733 4022 2919 4078 verbis
2948 4040 2962 4076 :
2992 4021 3092 4077 Dic
3127 4021 3287 4086 mihi,
3315 4016 3637 4074 honorande
3677 4016 3778 4071 Pa-

2198 4125 2302 4181 ter,
2335 4124 2696 4185 promptoque
2725 4128 2788 4168 ac
2810 4113 3209 4168 lihentianitno
3237 4111 3396 4166 crudi
3429 4124 3535 4173 me,
3562 4107 3778 4179 qualia-

2204 4222 2328 4262 nam
2359 4217 2490 4260 sunt
2514 4205 2656 4260 bona
2681 4205 2772 4258 illa
2796 4219 2825 4258 a
2847 4202 3071 4259 Christo
3101 4203 3261 4259 nobis
3285 4203 3502 4265 donata,
3531 4218 3551 4250 ι
3585 4198 3640 4253 in
3662 4213 3784 4268 qua:

2203 4309 2262 4355 ct
2290 4299 2471 4368 angeli
2509 4297 2826 4367 prospicere
2855 4296 3173 4351 desiderant
3204 4296 3271 4357 “,
3307 4313 3325 4346 ο
3359 4294 3503 4349 sicut
3528 4291 3785 4362 princeps

2202 4390 2579 4459 apostolorum
2635 4389 2832 4444 Petrus
2887 4388 2985 4443 ait.
3036 4385 3344 4458 Respondit
3387 4383 3478 4439 ille
3525 4382 3580 4437 in
3637 4381 3787 4434 hunc

2205 4481 2429 4536 modum
2465 4497 2478 4532 :
2517 4478 2726 4550 Opinor
2754 4493 2878 4550 ego,
2911 4477 3230 4532 desiderare
3261 4474 3484 4546 angelos
3508 4482 3570 4527 ut
3601 4472 3657 4525 in
3683 4485 3784 4524 na-

2209 4570 3094 4642 turaipsorum,quemadmodum
3123 4569 3287 4623 etiam
3314 4568 3368 4621 in
3391 4574 3575 4620 nostra
3595 4577 3784 4622 carne,

2204 4664 2507 4720 secundum
2535 4664 2898 4718 substantiam
2921 4676 3072 4716 suam
3103 4661 3250 4714 Deus
3271 4657 3513 4713 Verbum
3539 4655 3786 4724 ipsorum

2207 4757 2460 4814 conditor
2492 4756 2784 4811 inhabitet.
2813 4753 3138 4809 Desiderattt
3185 4764 3404 4806 rursum
3439 4755 3500 4802 ut
3543 4747 3787 4815 ipsorum

2207 4865 2429 4919 quoque
2460 4857 2659 4903 natura
2689 4862 2720 4900 a
2749 4845 2911 4900 nobis
2949 4843 3211 4898 adoretur
3241 4851 3295 4897 et
3331 4837 3697 4912 gloriﬁcetur,
3734 4831 3792 4886 in

1511 4969 1553 5001 ¹¹⁹
1586 4967 1789 5022 Ezech.
1834 4983 1913 5032 ttt,
1952 4966 2038 5021 ω.
2114 4966 2160 4998 ²⁰
2187 4965 2230 5020 ll
2257 4963 2389 5020 Cor.
2416 4979 2509 5029 xtt,
2550 4961 2605 5016 Ξ.
2681 4960 2770 5014 ’⁸1
2808 4959 2950 5015 Petr.
2979 4976 3015 5022 t,
3045 4959 3126 5012 l2.

2024 5082 2298 5144 Schoha.

593 5220 612 5240 "
655 5217 848 5271 Anima
894 5215 1179 5285 peccatoris
1218 5221 1267 5267 et
1301 5211 1464 5281 ipsius
1519 5210 1718 5282 peccati
1761 5209 2005 5289 speciem,
2060 5213 2107 5289 et

523 5288 693 5342 locum
734 5289 928 5357 ipsum,
988 5296 1037 5339 et
1086 5301 1365 5352 personam
1407 5299 1634 5357 quacum
1681 5285 1932 5349 peccavit,
1982 5285 2108 5357 post

523 5354 786 5412 excessum
807 5373 834 5410 e
854 5360 962 5410 vita
986 5357 1219 5410 meminit
1245 5371 1263 5408 :
1286 5363 1356 5416 et,
1372 5354 1417 5406 si
1449 5361 1716 5422 peccantes
1757 5365 1848 5402 cor
1877 5355 2113 5401 nostrum

524 5429 886 5491 volueramus,
918 5435 967 5479 et
1004 5426 1168 5479 latere
1202 5424 1574 5479 conscientiam
1604 5431 1972 5491 nostram_non
1998 5431 2115 5491 pos-

523 5514 724 5564 sumus,
765 5485 964 5568 quanto
1004 5497 1173 5551 minus
1210 5502 1480 5568 peccantes
1511 5492 1786 5563 quidpiam
1827 5485 2004 5542 Deum
2028 5485 2114 5538 la-

527 5575 637 5619 tcre
673 5569 999 5636 poterimus?

598 5638 639 5656 “
673 5629 1226 5701 Sciendum,uostram
1258 5649 1460 5705 quoque
1488 5631 1774 5709 Ecclesium
1802 5629 1989 5709 habere
2018 5645 2111 5680 no-

529 5724 643 5761 vem
690 5710 919 5774 ordines,
962 5699 1036 5764 ad
1080 5699 1425 5763 imitationem
1465 5703 1718 5756 virtutum
1767 5699 2052 5774 ewlcstium
2092 5712 2109 5748 :

535 5780 884 5848 patriarchas,
909 5772 1306 5850 'mctmpolitas,
1346 5775 1780 5844 archiepiscottos,
1823 5772 2108 5840 episcopos,

2210 5206 2525 5268 sacerdotes,
2577 5204 2846 5266 diaconos,
2882 5199 3570 5273 hypodiaconos,_lectores,
3606 5215 3797 5252 mana.

2210 5276 2352 5338 chos,
2391 5285 2439 5328 et
2473 5291 2685 5329 sacrum
2737 5270 2992 5328 laicorum
3032 5280 3239 5326 coetum.
3284 5270 3488 5326 Alicubi
3522 5270 3597 5323 sic
3639 5277 3690 5321 et
3721 5277 3799 5321 tot

2214 5337 2644 5415 legi’recensitos
2697 5342 3164 5415 ecclesiasticarum
3216 5342 3536 5415 dignitatum
3575 5337 3798 5415 _gradus

2215 5410 2358 5486 apud
2381 5415 2587 5470 Graecos
2609 5431 2626 5468 :
2655 5410 3799 5486 patriarcha.metropolita,archiepiscopus,

2217 5482 2504 5555 episcopus,
2533 5482 2986 5543 hieromonachus,
3018 5482 3285 5552 presbyter
3323 5497 3416 5535 seu
3449 5495 3639 5555 papas,
3690 5494 3804 5555 me:

2220 5546 2438 5619 n'achu's,
2464 5558 2734 5616 diaconus,
2763 5546 3803 5623 ΙοωιοάξαεὸηΜίαηααηοδίεεζ-Μοηαεήἰ

2219 5643 2427 5695 quoque
2461 5625 2586 5696 τοὺς
2626 5620 2982 5696 ἡγουμένους,
3023 5624 3353 5694 prtepositos,
3403 5637 3494 5677 seu
3529 5620 3801 5690 ἀρχιμαν-

2219 5694 2403 5767 agna;
2424 5694 2701 5750 habebant.
