4088 6214
323 233 424 300 801

1745 236 2101 296 DIOPTRA.

3448 239 3560 305 802

322 350 518 405 throno
548 346 879 409 Cherubico,
915 355 970 401 et
999 346 1055 400 in
1093 344 1215 400 sinu
1248 347 1426 402 Patris
1451 347 1667 411 sedens,
1699 364 1893 418 quem-
1923 360 1966 413 Α
2007 366 2025 398 ι
2060 345 2246 401 Astitit
2295 344 2481 415 regina
2511 361 2540 399 a
2575 343 2787 401 dextris
2823 344 2933 401 tuis
2960 346 3016 401 in
3040 347 3240 403 vestitu
3268 348 3558 415 deaurato,

322 438 616 491 admodum
653 446 838 492 nostra
874 447 1065 491 natura
1105 437 1161 491 in
1196 436 1415 493 Christo
1453 438 1523 491 ab
1557 439 1709 508 ipsis,
1740 438 1889 492 etab

322 529 472 582 omni
518 528 830 597 aspectabili
866 528 1351 598 inaspectabilique
1397 537 1648 584 creatura
1696 528 1893 582 adora-

327 630 435 672 tur.
474 619 795 672 Desiderant
830 618 1034 673 habere
1086 618 1266 673 claves
1309 619 1461 688 regni
1499 618 1787 680 caelorum,
1836 626 1893 672 et

277 736 282 741 -
324 711 513 765 sedere
533 726 697 778 super
718 709 1007 763 duodecim
1024 709 1251 764 thronos
1265 724 1388 762 cum
1407 707 1626 763 Christo
1644 707 1896 778 judican-

330 810 410 855 tes
439 801 505 863 ",
536 800 678 854 sicut
707 801 760 853 in
792 801 879 855 die
902 800 1093 870 judicii
1126 800 1424 869 piscatores
1449 814 1573 853 cum
1593 799 1785 855 eodem
1806 799 1896 867 ju-

326 891 558 946 dicaturi
601 902 730 947 sunt
773 893 842 946 ”.
879 892 1198 945 Desiderant
1243 899 1391 945 tanta
1424 891 1571 960 apud
1613 889 1891 946 Christum

328 982 490 1052 potiri
509 982 787 1045 libertate,
814 994 1017 1053 quanta
1042 983 1245 1051 potitus
1275 995 1378 1045 est,
1403 984 1494 1053 qui
1520 999 1685 1051 super
1702 992 1894 1052 pectus

325 1076 445 1142 ejus
493 1076 752 1129 recubuit
795 1077 864 1129 ".
908 1076 1092 1129 Dicam
1140 1076 1236 1129 tibi
1275 1075 1420 1145 quod
1474 1077 1650 1146 majus
1692 1084 1779 1129 est
1808 1075 1896 1129 his

326 1166 602 1220 omnibus.
634 1165 880 1220 Affirmat
905 1165 1175 1221 Christus.
1207 1181 1330 1222 cum
1360 1167 1574 1221 venerit
1612 1168 1665 1219 in
1690 1166 1779 1221 die
1807 1167 1897 1236 ju-

325 1252 481 1317 dicii,
526 1254 756 1309 virtutes
781 1255 1044 1308 cmlorum
1080 1266 1413 1311 commotum
1452 1256 1516 1309 iri
1551 1272 1661 1325 prae
1701 1256 1896 1311 timore

327 1343 474 1398 illius
501 1346 580 1407 ";
609 1346 779 1410 iustos
806 1355 987 1398 autem
1024 1345 1218 1400 «faciet
1248 1346 1617 1408 discumbere.
1644 1355 1699 1401 et
1723 1355 1896 1402 trans-

329 1434 447 1488 iens
487 1433 820 1488 ministrabit
863 1436 970 1489 ills
992 1437 1057 1489 ⁸⁸.
1090 1456 1108 1488 ι
1152 1437 1275 1491 Ηωο
1305 1447 1358 1491 et
1382 1438 1582 1493 similia
1611 1454 1639 1492 a
1674 1436 1895 1492 Christo

331 1525 528 1579 donata
552 1537 679 1579 sunt
706 1527 866 1580 nobis
887 1527 1051 1591 dona,
1067 1528 1119 1581 in
1146 1545 1266 1598 qua:
1288 1539 1342 1583 et
1367 1530 1542 1598 angeli
1558 1530 1893 1599 prospicere,

330 1617 384 1670 id
418 1628 518 1681 est,
569 1618 771 1672 intrare
819 1619 1154 1675 desiderant.
1199 1622 1338 1675 Tum
1386 1624 1526 1677 alter
1575 1622 1665 1677 ille
1702 1635 1896 1677 rursus

336 1709 659 1778 interrogat,
695 1710 824 1781 quid
858 1710 929 1764 ita
967 1712 1181 1766 tandem
1216 1712 1473 1767 Christus
1511 1723 1762 1768 naturam
1797 1728 1897 1766 no-
1928 1689 1972 1749 Β

331 1811 497 1855 stram
525 1803 812 1870 plusquam
855 1802 1079 1871 angelos
1121 1802 1444 1873 gloriﬁcavlt
1476 1812 1531 1856 et
1557 1802 1771 1872 diligit?
1799 1801 1902 1857 0c-

331 1891 505 1946 currit
548 1892 936 1962 interrogatus.
982 1893 1210 1947 Paulum
1253 1894 1402 1956 audi,
1448 1893 1540 1963 qui
1578 1903 1630 1948 te
1681 1893 1901 1947 modum

333 1984 728 2040 incarnationis
752 1986 977 2047 Christi.
1012 1996 1067 2041 et
1095 1986 1280 2041 multa:
1321 1986 1584 2042 bonitatis
1615 1989 1734 2058 ejus
1774 2002 1900 2057 erga

333 2089 434 2126 nos
472 2074 713 2128 docebit.
763 2074 854 2128 Ait
889 2076 1035 2128 enim
1066 2076 1134 2142 ι’,
1180 2076 1522 2147 mysterium,
1568 2076 1715 2146 quod
1761 2093 1903 2146 pra--

332 2164 630 2219 destinavit
667 2166 811 2220 Deus
853 2175 980 2221 ante
1029 2167 1226 2222 saecula
1281 2168 1334 2222 in
1365 2168 1592 2239 gloriam
1636 2178 1900 2230 nostram,

333 2271 456 2311 esse
503 2255 747 2326 ejusdem
782 2258 848 2311 ad
894 2272 998 2311 nos
1036 2257 1289 2312 homines
1327 2258 1619 2313 adventum
1660 2267 1716 2312 et
1751 2258 1907 2312 heni-

334 2348 621 2418 gnitatem.
663 2349 829 2403 Favet
870 2348 1055 2418 itaque
1097 2357 1153 2403 et
1199 2349 1586 2420 complectitur
1632 2349 1774 2403 Deus
1799 2348 1902 2402 hu-

337 2455 557 2493 manum
596 2455 770 2510 genus
801 2440 920 2509 plus
961 2455 1123 2509 quam
1169 2440 1333 2493 ullam
1367 2449 1695 2504 creaturam,
1743 2440 1905 2509 idque

335 2530 551 2586 duabus
566 2532 634 2587 de
658 2533 843 2586 causis
868 2550 881 2586 :
914 2533 1149 2602 primum
1180 2532 1307 2601 quia
1330 2542 1414 2587 est
1437 2534 1662 2602 plasma,
1692 2541 1748 2587 et
1769 2548 1907 2602 opus

338 2636 599 2676 manuum
636 2636 882 2685 suarum,
928 2630 985 2678 et
1018 2623 1280 2693 quiddam
1332 2624 1910 2695 prazformatummcu-

340 2709 535 2763 nomiaa
561 2724 673 2764 sua:
689 2710 909 2775 animal,
927 2711 1072 2781 quod
1090 2712 1193 2766 sub
1206 2723 1484 2783 aspectum
1514 2713 1687 2775 venit,
1711 2723 1768 2768 et
1795 2729 1904 2768 non

339 2800 509 2865 venit,
539 2801 763 2856 mortale
798 2810 853 2856 et
882 2801 1209 2869 immortale,
1253 2803 1482 2873 perinde
1528 2812 1586 2859 ιιι
1615 2802 1901 2872 ChriStus;

343 2891 545 2948 deinde
576 2892 705 2963 quia
744 2902 1009 2965 cognatus
1044 2894 1223 2959 nobis,
1267 2903 1322 2949 et
1374 2893 1617 2964 ejusdem
1648 2896 1906 2951 substan-

343 2983 450 3048 tiae,
476 2983 723 3054 ejusdem
742 2985 960 3056 generis
978 3000 1042 3040 ac
1059 2984 1267 3051 forma,
1286 2986 1448 3041 homo
1460 2989 1903 3043 natusvidelicer.
1935 3020 1976 3075 (ε

340 3073 419 3126 Ac
465 3072 692 3142 proinde
722 3074 1049 3129 naturaliter
1094 3075 1314 3131 deditus
1341 3085 1445 3141 est,
1479 3085 1535 3132 et
1572 3078 1783 3148 diligeit
1812 3095 1908 3132 co-
1936 3057 1978 3076 u

342 3177 556 3237 gnatos,
603 3176 658 3222 et
703 3169 922 3238 generis
958 3169 1044 3223 sui
1075 3170 1505 3239 substantiteque
1548 3172 1747 3226 socios.
1786 3172 1912 3226 llaec

346 3260 670 3328 praapositus
714 3260 1030 3314 monasterii
1062 3262 1128 3315 ad
1163 3270 1402 3314 montem
1432 3260 1585 3321 Sina.
1611 3255 1705 3331 qui
1725 3270 1781 3316 et
1815 3278 1912 3316 co-

345 3362 637 3421 gnomento
676 3351 885 3407 Sinaita
914 3352 1139 3416 dicitur,
1170 3368 1336 3421 quem
1373 3353 1420 3419 si
1475 3359 1669 3407 testem
1715 3352 1915 3405 admit-

348 3441 419 3497 tis
444 3444 519 3509 (et
557 3443 758 3513 dignus
785 3451 871 3496 est
918 3443 1185 3512 admitti),
1218 3443 1407 3496 dicito.

422 3535 617 3588 Ama.
651 3532 872 3587 Testem
904 3532 1058 3586 hunc
1090 3532 1413 3601 amplector,
1459 3532 1701 3602 suscipio
1736 3543 1791 3587 et
1816 3548 1916 3603 ap-

348 3623 525 3693 probo
566 3640 581 3679 :
630 3631 874 3677 meretur
931 3622 1183 3691 inprimis
1231 3622 1416 3684 tidem,
1489 3634 1545 3679 et
1588 3627 1916 3680 auctoritate

351 3713 519 3768 valet.
560 3711 715 3778 Quod
754 3711 799 3766 si
827 3712 1130 3767 secundum
1165 3726 1437 3782 apposner
1460 3726 1506 3773 s,
1545 3711 1641 3765 tibi
1686 3727 1749 3767 ea
1794 3727 1920 3781 pro-

350 3815 473 3873 pter
512 3802 742 3873 gratiam
774 3801 1013 3857 habebo.
1045 3801 1179 3856 Nam
1203 3800 1418 3855 duobus
1449 3801 1652 3869 potius,
1685 3809 1779 3854 aut
1819 3801 1921 3854 tri-

352 3897 478 3961 bus,
504 3909 668 3965 quam
697 3893 794 3948 uni
822 3893 1157 3949 credendum
1184 3892 1371 3947 audio.
1436 3912 1439 3915 ν

416 3988 581 4045 Cano.
614 3986 731 4042 Non
753 3987 988 4041 alterum
1010 3985 1210 4049 solum,
1240 3984 1293 4038 id
1322 3983 1467 4053 quod
1501 3983 1662 4053 petis,
1694 3982 1788 4037 sed
1813 3993 1922 4038 ter-

354 4082 488 4134 tium
519 4078 827 4150 quoque,si
860 4077 1118 4146 requiris,
1148 4083 1205 4130 et
1227 4075 1412 4145 plures
1443 4074 1641 4128 addam
1680 4090 1694 4127 :
1724 4088 1921 4144 nempe

355 4171 603 4233 Paulum,
641 4167 922 4232 Davidem,
960 4166 1432 4237 Chrysostomum.
1471 4164 1607 4219 Tres
1648 4164 1708 4218 hi
1736 4163 1923 4219 divino

356 4259 570 4329 probati
600 4257 931 4320 testimonio,
962 4266 1018 4310 et
1050 4254 1151 4308 tria
1187 4269 1283 4308 ora
1310 4253 1500 4320 Verbi,
1531 4256 1676 4309 clare
1701 4253 1921 4317 docent,

1992 438 2298 494 cicumdata
2339 436 2603 491 varietate
2626 436 2672 469 ³⁸
2704 436 2878 505 (veste
2899 437 3113 493 scilicet
3156 453 3322 494 aurea
3348 450 3406 494 et
3445 440 3564 495 fitn-

1995 530 2215 599 briata).
2276 528 2442 584 Visne
2482 528 2648 583 etiam
2694 527 2862 597 hujus
2912 529 3281 583 calceamenta
3338 530 3567 587 videre?

1993 620 2220 674 Paulum
2266 620 2704 690 nymphagogum
2750 619 2877 673 audi
2905 637 2920 672 :
2948 636 2968 669 ι
3005 618 3242 674 Caleeati
3274 621 3461 690 pedes,
3506 622 3566 677 in

1993 712 2444 784 praeparationem
2476 710 2757 780 Evangelii
2776 710 2928 780 pacis
2958 711 3025 764 “.
3048 712 3564 771 rPlacetneiutueri

1994 802 2297 872 cingulum,
2326 810 2389 855 ut
2421 816 2451 854 a
2486 801 2718 856 veritate
2746 801 3180 857 circumdatum?
3231 824 3249 852 σ
3286 805 3566 861 Succincti

1996 892 2214 947 lumbos
2251 902 2468 948 vestros
2501 892 2556 946 in
2584 893 2814 948 veritate
2842 892 2914 946 ³³.
2940 910 2959 944 ι
2995 892 3209 950 Avesne
3228 895 3393 951 etiam
3420 898 3571 967 aspi-

1995 998 2121 1038 cere
2155 984 2275 1055 ejus
2306 984 2818 1053 pulehritudinem?
2847 1004 2866 1037 ι
2897 985 3018 1040 Non
3049 985 3342 1042 habentem
3378 1004 3569 1043 macu-

1995 1074 2125 1139 lam,
2151 1092 2331 1146 neque
2361 1091 2573 1146 rugam,
2608 1092 2788 1146 neque
2827 1077 2978 1131 aliud
3009 1078 3323 1148 hujusmodi
3353 1078 3418 1133 ⁸³.
3452 1097 3472 1131 ι
3497 1107 3572 1119 -
3667 1060 3689 1068 ”

2000 1165 2138 1219 Tota
2166 1166 2399 1234 pulchra
2427 1181 2508 1230 es,
2539 1166 2715 1221 amica
2752 1180 2893 1231 mea,
2928 1175 2984 1221 et
3013 1168 3228 1223 macula
3260 1184 3373 1222 non
3398 1180 3482 1224 est
3508 1171 3569 1224 in

1998 1266 2049 1313 te
2084 1257 2149 1313 ³⁸.
2186 1277 2205 1310 ι
2240 1258 2406 1313 Visne
2449 1272 2676 1313 cernere
2707 1258 2915 1328 pedes?
2948 1278 2966 1310 ι
2997 1259 3173 1325 Quam
3207 1261 3440 1330 speciosi
3469 1276 3569 1330 pe-

1998 1347 2097 1404 des
2137 1349 2631 1419 evangelizantium
2680 1362 2870 1417 pacem
2903 1348 2985 1401 "3
3020 1367 3040 1399 ι
3072 1349 3140 1403 Ει
3178 1363 3305 1403 cum
3338 1348 3414 1403 ita
3445 1363 3570 1403 eam

1996 1440 2299 1503 ornaverit,
2328 1454 2438 1493 non
2465 1439 2618 1493 venit
2659 1447 2840 1493 tamen
2881 1437 2955 1493 ita
2980 1448 3041 1492 ut
3069 1439 3345 1502 ostendat,
3381 1448 3440 1495 et
3470 1456 3573 1496 ex.

2001 1530 2190 1586 hibeat
2218 1531 2296 1585 illi
2326 1530 2555 1602 gloriam
2590 1545 2778 1596 suam,
2824 1545 2894 1593 ne
2925 1530 3294 1586 immensitate
3323 1532 3572 1601 pulchri-

2000 1620 2210 1675 tudinis
2244 1635 2356 1675 sua:
2386 1619 2559 1690 ipsam
2592 1620 2876 1689 percellat,
2901 1629 2958 1675 et
2985 1636 3016 1676 a
3044 1630 3229 1677 mente
3260 1621 3578 1687 dimoveat;

2001 1712 2097 1767 sed
2146 1711 2299 1765 venit
2337 1711 2669 1765 vestimento
2708 1721 3021 1781 coopertus,
3067 1713 3213 1768 sicut
3249 1728 3451 1783 sponsa
3476 1728 3581 1768 ωε

2001 1811 2191 1869 operta
2224 1810 2329 1855 est.
2358 1800 2476 1855 Non
2517 1800 2665 1855 illam
2695 1816 2915 1856 sursum
2946 1803 3199 1867 accersit,
3238 1804 3334 1858 sed
3359 1805 3475 1874 ipse
3504 1803 3580 1859 ad

2000 1908 2121 1947 eam
2156 1893 2462 1960 descendit,
2502 1892 2558 1947 in
2589 1892 2697 1948 hoc
2723 1907 2946 1963 quoque
2987 1894 3177 1967 sponsi
3206 1895 3354 1964 leges
3379 1894 3575 1950 obser-

2002 2000 2156 2049 vans,
2193 2000 2300 2055 qua
2335 1985 2429 2041 ille
2456 2000 2713 2056 sponsam
2737 1985 2964 2053 jubetur
2997 1987 3328 2051 convenire;
3356 1987 3500 2042 sicut
3520 1996 3586 2043 et

2006 2074 2210 2129 Paulus
2236 2074 2314 2129 ait
2344 2093 2357 2130 :
2398 2093 2417 2126 t
2456 2075 2688 2144 Propter
2717 2077 2823 2129 hoc
2871 2074 3150 2146 relinquet
3176 2075 3347 2131 homo
3365 2086 3583 2146 patrem

2003 2174 2061 2220 et
2085 2174 2320 2222 matrem
2344 2178 2586 2230 suam,et
2607 2166 2913 2222 adharebit
2934 2167 3092 2222 uxori
3115 2166 3585 2224 suae.Sacramen-

2007 2269 2119 2312 tum
2154 2258 2259 2313 hoc
2285 2273 2542 2330 maguum
2582 2268 2667 2314 est
2702 2275 2718 2312 :
2748 2274 2850 2329 ego
2888 2267 3073 2314 autem
3107 2259 3235 2315 dico
3272 2258 3330 2314 in
3359 2258 3584 2315 Christo

2004 2360 2061 2406 et
2093 2350 2150 2405 in
2187 2350 2430 2406 Ecclesia
2460 2350 2526 2406 ³⁸.
2561 2369 2579 2402 ι
2619 2349 2757 2406 Cum
2792 2351 3035 2406 venisset
3058 2350 3225 2421 igitur
3249 2349 3306 2406 in
3343 2350 3465 2422 ejus
3488 2351 3579 2406 di-

2005 2444 2337 2509 versorium,
2364 2443 2775 2513 invenissetque
2800 2443 2951 2513 rugis
2970 2443 3231 2506 obsitam,
3245 2442 3579 2513 squalidam,

2006 2534 2235 2599 nudam,
2286 2535 2555 2605 sanguine
2592 2534 2958 2605 inquinatam,
3003 2533 3158 2599 lavit,
3200 2532 3376 2597 unxit,
3412 2535 3588 2589 vesti—

2006 2637 2193 2683 mento
2234 2626 2437 2690 induit,
2469 2627 2559 2683 cui
2608 2626 2790 2682 simile
2821 2641 2931 2682 non
2978 2633 3065 2682 est
3095 2626 3359 2697 reperire,
3403 2625 3591 2681 factus-

2007 2717 2239 2788 ipsemet
2274 2718 2325 2772 ei
2371 2718 2786 2782 vestimentum,
2834 2726 2892 2772 et
2930 2717 3010 2773 sic
3050 2732 3171 2772 eam
3201 2716 3308 2772 sibi
3353 2717 3587 2786 copula-

2007 2819 2115 2866 tam
2166 2811 2223 2865 in
2268 2810 2470 2866 calum
2511 2809 2785 2873 subvexit,
2824 2817 2881 2863 et
2917 2809 2972 2863 in
3017 2808 3233 2878 superis
3257 2808 3581 2864 collocavit:

2016 2921 2035 2955 ι
2066 2902 2242 2973 Supra
2272 2902 2638 2974 principatus,
2676 2901 2933 2964 virtutes,
2971 2909 3293 2971 potestates,
3320 2909 3379 2955 et
3418 2914 3592 2970 supra

2009 3008 2172 3048 omne
2210 3008 2435 3053 nomen.
2466 2991 2617 3062 quod
2660 2991 2981 3046 nominatur
3020 3006 3131 3046 non
3173 2991 3350 3046 solum
3392 2990 3449 3045 in
3482 2989 3595 3045 hoc

2018 3084 2242 3148 saeculo,
2268 3100 2458 3138 verum
2486 3084 2652 3138 etiam
2686 3084 2742 3138 in
2771 3084 2960 3138 futuro
2983 3082 3052 3136 θ’.
3081 3103 3099 3134 ι
3137 3082 3340 3138 Vidisti»
3362 3081 3597 3136 honoris

2017 3174 2451 3244 magnitudinem
2484 3190 2499 3226 :
2529 3174 2716 3228 vidisti
2740 3173 3023 3243 dignitatis
3060 3175 3431 3244 maiestatem.
3457 3171 3597 3237 Qua

2018 3265 2252 3334 pedibus
2273 3264 2575 3328 ferebatur,
2602 3278 2723 3331 quae
2746 3278 2844 3332 per
2865 3272 3068 3317 terram
3100 3263 3441 3326 trahebatur,
3467 3277 3594 3316 eam

2022 3353 2077 3406 in
2115 3361 2320 3407 tantam
2350 3351 2698 3405 altitudinem
2727 3351 2974 3411 sustulit,
3005 3364 3065 3405 ut
3095 3350 3146 3404 ei
3168 3351 3344 3421 angeli
3372 3363 3599 3419 quoque

2021 3443 2302 3498 assistant.
2336 3441 2433 3496 Illa
2455 3441 2692 3511 captiva,
2724 3441 2817 3496 illa
2842 3441 3171 3503 abalienata,
3195 3441 3285 3495 illa
3310 3441 3597 3505 meretrix,

2023 3531 2114 3586 illa
2148 3532 2385 3601 impura,
2416 3530 2596 3586 vidisti
2630 3531 2685 3585 in
2722 3537 2982 3600 quantam
3011 3529 3356 3584 altitudinem
3403 3545 3599 3584 ascen-

2024 3623 2126 3677 dit.
2161 3622 2431 3689 Quoniam
2457 3624 2605 3677 enim
2638 3630 2803 3692 caput
2830 3631 3075 3675 nostrum
3105 3635 3324 3675 sursqu
3348 3630 3455 3684 est,
3487 3620 3601 3674 ibi-

2025 3730 2133 3785 que
2167 3713 2391 3779 residet,
2425 3729 2526 3768 nos
2567 3728 2770 3782 corpus
2810 3712 2951 3783 ejus,
2983 3712 3227 3782 ejusdem
3258 3713 3442 3783 gloriae
3474 3726 3607 3781 par-

2026 3804 2222 3873 ticipes
2265 3817 2479 3867 sumus,
2525 3802 2571 3857 si
2619 3810 2799 3856 tamen
2845 3811 3074 3855 stamus.
3126 3800 3340 3864 Cernis,
3386 3811 3445 3855 ut
3476 3816 3608 3871 quae

2025 3909 2227 3964 sponsa
2275 3903 2382 3960 est,
2428 3894 2621 3949 eadem
2670 3894 2782 3946 tilia
2828 3912 2841 3947 :
2888 3901 2944 3946 et
2980 3908 3103 3962 qua:
3143 3893 3276 3957 filia,
3302 3893 3493 3946 eadem
3543 3901 3610 3947 et.

2027 4002 2227 4056 sponsa
2264 3986 2372 4041 sit?
2397 3986 2543 4055 quod
2585 4000 2716 4039 sane
2763 3984 2817 4037 in
2852 3983 3180 4052 corporibus
3208 3982 3461 4036 humanis
3492 3998 3600 4037 non

2029 4073 2237 4128 datur:
2283 4073 2382 4128 ubi
2422 4072 2571 4127 aliud
2605 4073 2731 4132 hoc.
2781 4070 2932 4124 aliud
2967 4070 3122 4123 illud.
3159 4070 3220 4124 in
3265 4070 3377 4125 Deo
3418 4079 3609 4127 autem

2031 4175 2328 4232 utrumque
2362 4162 2656 4232 reperitur.
2690 4160 2811 4229 ipse
2840 4159 3112 4229 siquidem
3145 4175 3243 4229 per
3273 4160 3608 4231 baptismum

2031 4272 2171 4326 aqua
2198 4257 2471 4326 perfusam
2512 4253 2884 4322 regeneravitg
2917 4253 3034 4322 ipse
3055 4267 3175 4308 eam
3214 4251 3320 4308 sibi
3348 4253 3612 4322 conjuga-

360 4362 608 4405 naturam
634 4350 928 4405 humanam
953 4362 1074 4402 esse
1096 4361 1376 4416 sponsam,
1402 4354 1460 4400 et
1479 4347 1720 4416 reginam
1750 4354 1929 4399 astan-
1962 4363 2005 4417 ι)
2034 4344 2142 4406 vit;
2178 4342 2294 4412 ipse
2332 4341 2409 4394 illi
2464 4350 2642 4411 pater,
2691 4348 2748 4394 et
2797 4356 3058 4411 sponsus.
3102 4351 3158 4394 et
3191 4341 3455 4397 Dominus
3490 4341 3611 4398 fieri

354 4452 469 4503 tem
497 4441 758 4496 adextris
780 4439 971 4510 sponsi
1005 4437 1249 4509 mystici,
1280 4452 1345 4491 ac
1376 4436 1616 4490 Domini.
1655 4436 1934 4506 Gaiusque
2028 4433 2237 4498 voluit;
2266 4433 2375 4487 imo
2421 4447 2556 4486 vero
2600 4432 2743 4487 istuc
2771 4432 2949 4502 ipsum
2980 4432 3124 4502 quod
3153 4431 3207 4487 ei
3241 4432 3505 4488 Dominus
3529 4432 3610 4487 fa-

360 4535 559 4588 horum
596 4533 742 4587 dicta
771 4542 828 4588 et
871 4532 1163 4588 sententiae
1186 4529 1252 4583 ad
1288 4529 1542 4595 verbum,
1586 4536 1655 4585 et‘
1671 4529 1740 4584 ab
1776 4529 1938 4584 initio
2032 4536 2155 4582 ctus
2181 4534 2287 4589 est,
2321 4524 2506 4579 multa:
2529 4524 2795 4581 adversus
2823 4539 2946 4580 eam
2983 4539 3133 4579 cura:
3160 4531 3218 4578 et
3255 4523 3620 4593 benignitatis

365 4626 661 4681 recitandae
709 4634 861 4680 sunt.
894 4624 1096 4678 Paulus
1143 4624 1330 4694 itaque
1377 4623 1446 4678 de
1491 4622 1595 4677 hac
1627 4636 1828 4690 sponsa
1860 4621 1940 4675 sie
2036 4616 2301 4671 indicium
2337 4625 2444 4676 est,
2473 4616 2807 4685 mancipium
2837 4614 3167 4676 daemonum,
3194 4612 3495 4668 ludibrium
3523 4627 3621 4667 se-

366 4718 444 4772 ait
475 4737 490 4773 :
529 4736 548 4768 ι
581 4715 863 4787 Despondi
899 4730 999 4770 vos
1042 4716 1134 4770 uni
1206 4717 1364 4778 viro,
1412 4715 1683 4785 virginem
1732 4722 1938 4767 castam
2037 4708 2308 4773 ductoris,
2335 4705 2441 4762 sibi
2474 4707 2527 4760 in
2553 4705 2832 4776 propriam
2862 4705 3309 4776 peculiaremque
3348 4704 3617 4776 deligere.

364 4810 626 4864 exhibere
660 4808 883 4863 Christo
912 4807 982 4861 ⁸⁸.
1026 4826 1050 4858 ι
1099 4807 1167 4861 Ει
1194 4807 1440 4862 Joannes
1468 4804 1737 4875 Baptista,
1768 4804 1942 4859 idem-

364 4916 475 4970 que
507 4900 822 4954 Praecursor
864 4896 1168 4952 Salvatoris
1196 4914 1212 4950 :
1245 4917 1269 4948 ι
1301 4897 1404 4964 Qui
1447 4896 1614 4950 habet
1661 4909 1940 4964 Sponsam,

368 4993 567 5063 inquit,
617 5005 858 5064 sponsus
877 4999 964 5044 est
1021 4988 1089 5043 “.
1134 5006 1153 5039 ι
1188 4987 1294 5044 Sed
1332 5003 1567 5058 sponsus
1602 4987 1822 5057 quidem
1856 5000 1947 5041 ea-

368 5083 546 5138 ducus
573 5083 857 5151 aliquanto
889 5090 1014 5151 post
1043 5083 1262 5151 nuptias
1295 5079 1364 5135 de
1393 5088 1533 5134 ωειιι
1571 5079 1781 5134 amoris
1805 5078 1948 5131 mul-

372 5182 488 5224 tum
524 5169 791 5233 remittit;
840 5178 1029 5223 noster
1057 5176 1242 5222 autem
1274 5183 1514 5237 sponsus
1532 5183 1777 5222 amorem
1804 5183 1951 5224 sem-

370 5275 470 5329 per
485 5259 725 5317 intendit
739 5268 795 5313 et
807 5268 989 5330 auget.
1004 5259 1252 5314 neminit
1276 5260 1405 5314 item
1432 5258 1599 5313 David
1629 5259 1717 5313 his
1733 5259 1946 5314 verbis:

439 5415 487 5448 ⁸¹
538 5414 727 5470 Matth.
777 5411 1002 5468 XVI.19.
1071 5412 1120 5445 ³³
1160 5412 1351 5468 Matth.
1392 5413 1614 5475 “3,28.
1682 5413 1906 5467 "Joan.
1940 5415 2167 5474 χιι,Ξᾶ

799 5485 845 5515 ³⁸
878 5483 925 5539 ll.
953 5483 1081 5537 Cor.
1106 5498 1182 5546 xi,
1209 5486 1266 5536 2.

374 5556 422 5631 ξ
442 5552 665 5631 gntes?
680 5571 736 5620 v,
970 5553 1016 5583 "
1038 5552 1195 5608 Cant.
1216 5568 1290 5618 tv,
1307 5552 1361 5609 7.

375 5624 420 5658 ³⁹
452 5624 591 5681 PSal.
619 5639 740 5690 ειν,
762 5624 847 5678 12.

372 5501 443 5548 ιι,
466 5484 492 5538 1
530 5501 685 5555 seqq.
799 5485 845 5515 "
878 5483 925 5539 ll.
953 5483 1081 5555 Cor}
1106 5498 1182 5546 xi,
1209 5486 1266 5536 Ξ.
1308 5552 1335 5555 _
1367 5485 1412 5515 "
1445 5485 1604 5555 Joan.
1666 5499 1744 5546 ιιι,
1785 5482 1883 5555 29.

1448 5555 1495 5586 ³⁸
1519 5553 1622 5609 lsa.
1664 5568 1763 5609 ιιι.
1785 5553 1838 5607 7.

2025 5485 2070 5516 ³⁸
2104 5486 2247 5539 Psal.
2272 5500 2415 5541 thv.
2465 5486 2548 5538 19.

1959 5555 2002 5586 ³⁸
2031 5554 2232 5625 Ephes.
2253 5570 2323 5622 tv,
2345 5554 2437 5621 51,
2464 5553 2553 5610 52.

2040 4804 2207 4874 Atqui
2242 4805 2332 4859 ille
2367 4818 2477 4858 non
2517 4803 2680 4857 modo
2711 4802 2968 4858 famulam
3006 4816 3184 4865 suam,
3226 4800 3321 4856 sed
3361 4809 3418 4855 et
3451 4797 3624 4852 tiliam

2042 4905 2099 4950 et
2163 4909 2418 4965 sponsam
2482 4909 2635 4952 suam
2685 4884 2836 4950 fecit.
2903 4890 3040 4949 Vcre
3083 4901 3140 4949 et
3181 4903 3307 4963 apte
3350 4889 3625 4947 exclame-

2044 5002 2202 5041 mus:
2264 5006 2282 5039 ι
2328 4985 2464 5054 Quis
2502 4986 2757 5055 loquetur
2810 4984 3086 5055 potentias
3132 4982 3375 5048 Domini,
3402 4981 3627 5037 auditas

2046 5077 2210 5133 faciet
2246 5093 2441 5133 omnes
2478 5077 2672 5132 laudes
2704 5076 2824 5147 ejus
2859 5076 2948 5129 “'3
2982 5095 3000 5127 ι
3029 5075 3099 5129 Ει
3132 5089 3386 5128 rursum:
3421 5091 3439 5124 ι
3482 5071 3628 5138 Quid

2047 5168 2424 5223 retribuemus
2457 5168 2709 5232 Domino,
2763 5182 2863 5237 pro
2911 5166 3170 5219 onmibus
3210 5177 3331 5234 quae
3368 5162 3632 5217 retribuit

2050 5257 2212 5314 nobis
2242 5258 2328 5313 "1'
2364 5276 2383 5310 ι
2427 5257 2571 5325 Quid
2601 5257 2749 5313 enim
2791 5271 2917 5311 cum
2961 5264 3114 5310 tanto
3154 5254 3364 5309 honore
3393 5251 3631 5308 conferri

2246 5413 2291 5444 ⁸⁵
2312 5413 2503 5469 Matth.
2548 5429 2694 5476 XXIV,
2731 5413 2819 5470 ‘29.
2891 5412 3076 5468 “an.
3098 5428 3195 5476 χιι,
3219 5411 3311 5465 37.
3384 5411 3428 5442 "
3458 5408 3630 5464 lCor.

2689 5486 2730 5518 ³¹
2768 5484 2967 5552 Ephes.
2999 5499 3046 5536 vt
3084 5483 3169 5537 15.
3233 5550 3266 5552 η
3293 5481 3337 5552 'f
3368 5480 3506 5535 Ibid.
3543 5480 3634 5552 η.

2678 5556 2719 5586 ⁸⁷
2753 5550 2955 5623 Ephes.
2979 5570 3017 5620 ι,
3047 5552 3110 5604 21
3227 5550 3271 5583 ³³
3300 5551 3439 5606 Psal.
3464 5565 3549 5612 ev,
3577 5551 3634 5603 2.
