4088 6214
315 287 423 351 805

1739 287 2091 346 D.Ol'T[l.\.

3465 298 3573 362 806

316 413 551 470 sumque
578 399 842 452 artilicem
877 397 1201 460 ostenderit,
1245 397 1348 450 hoc
1385 411 1614 461 novum,
1643 397 1886 449 admira-

2013 411 2272 465 tunquam
2295 395 2480 451 audivi
2496 397 2564 452 ab
2583 397 2768 470 aliquo
2787 400 3112 471 φιλάγγελον
3126 413 3394 458 amantem
3409 422 3576 476 ange—

317 491 450 555 bile,
493 497 549 546 et
580 490 874 542 maximum
909 489 1184 542 videbitur
1208 526 1223 550 ,
1259 502 1455 556 nempe
1483 486 1762 555 plumbum
1797 502 1892 540 sn-

319 599 416 652 pra
463 591 712 635 naturam
745 581 799 633 111
829 595 1024 632 aurum
1052 594 1378 631 C0ll\'Cl°SUl|l
1413 592 1554 638 (“$50,
1585 587 1642 630 ει
1697 590 1891 628 aurum

319 671 500 726 adhuc
549 687 744 724 aurum
773 687 1018 733 manere,
1085 671 1251 724 ctiam
1305 679 1428 738 post
1477 670 1794 728 mixturam,
1839 676 1895 720 et

322 761 866 834 plmnbumevasissc
905 761 980 826 id,
1035 760 1181 831 quod
1211 770 1406 814 natura
1463 775 1559 813 sua
1596 774 1704 810 non
1752 767 1892 811 erat.

322 855 412 908 Sic
445 862 498 908 et
529 853 662 906 mihi
692 852 760 906 de
789 865 982 907 natura
1013 853 1254 905 humana
1279 852 1371 905 vili
1403 861 1456 905 et
1478 850 1691 921 abjecta
1726 849 1894 902 ratio-

320 945 526 1009 cinare,
586 961 706 998 cam
739 961 768 998 a
811 943 986 998 Verbo
1044 944 1098 998 in
1147 953 1398 996 naturam
1446 939 1892 1012 gloriosissimam

323 1046 584 1090 mutatam
613 1052 757 1090 esse.
788 1035 831 1089 Ο
871 1035 1093 1104 pelagus
1149 1032 1432 1095 bonitatis,
1465 1050 1498 1086 υ
1537 1033 1708 1099 gratia
1762 1028 1895 1082 tanti

320 1128 484 1180 donil
517 1127 561 1181 Ο
586 1126 900 1196 magnitudo
931 1125 1302 1194 benignitatis.
1327 1123 1472 1178 Proh
1493 1122 1708 1176 divinas
1733 1120 1898 1174 misc-

323 1221 562 1273 rationes
585 1219 596 1270 l
631 1217 766 1286 proh
791 1216 1114 1270 immensum
1134 1215 1527 1282 amorennfquo
1544 1213 1689 1266 Deus
1711 1211 1901 1262 htuna-

322 1325 447 1361 nam
483 1316 734 1360 naturam
763 1306 1017 1375 dignatus
1073 1317 1155 1358 est
1191 1315 1338 1357 tanta
1387 1305 1578 1374 gloria,
1625 1302 1896 1365 claritate,

321 1401 524 1454 divinis
559 1399 1008 1461 charismatibns,
1041 1407 1095 1452 et
1124 1414 1297 1466 usque
1321 1396 1388 1450 ad
1419 1396 1604 1458 tinctu,
1637 1403 1693 1448 ct
1723 1409 1898 1463 usque

321 1490 388 1544 ad
415 1501 722 1544 extremum
752 1487 1008 1558 dignatur
1028 1489 1065 1540 ’Σ

391 1580 501 1633 Nos
543 1578 820 1647 profanos,
855 1593 1165 1645 perversos,
1197 1587 1252 1630 et
1280 1576 1543 1646 ingratos,
1597 1573 1899 1629 audacissi-

325 1685 464 1734 mos,
519 1668 808 1738 pessimos,
872 1669 1204 1736 petulantes,
1256 1667 1660 1737 perditissimos
1695 1684 1708 1718 :
1741 1684 1840 1720 nos
1869 1682 1898 1718 a

323 1761 524 1830 quibus
556 1759 914 1829 pulchritudo
935 1759 1188 1829 imaginis
1205 1769 1466 1828 corrupta
1505 1768 1613 1821 est,
1643 1758 1901 1827 aquibus

324 1851 589 1916 (utsimul
629 1860 683 1905 et.
708 1850 876 1904 semel
906 1849 1110 1920 dicam)
1138 1849 1277 1903 nihil
1301 1850 1406 1902 nisi
1451 1849 1740 1918 turpitudo
1774 1865 1904 1918 per-

325 1954 534 2016 petrata
565 1952 672 2004 est,
707 1958 803 2012 per
851 1941 1115 1996 invidiam
1175 1941 1324 1995 illius
1370 1941 1541 1995 invidi
1580 1941 1816 2011 tyranni,
1851 1953 1904 1997 ct

326 2035 577 2090 inaleliei.
615 2034 718 2100 Qui
776 2034 931 2104 prius
959 2033 1164 2086 fuimus
1214 2031 1452 2101 inglorii,
1488 2032 1580 2100 qui
1617 2048 1779 2086 canes
1814 2048 1902 2084 ra-

328 2125 496 2191 biosi,
522 2125 615 2194 qui
652 2125 930 2178 ferocibus
979 2122 1169 2177 bcsdiis
1219 2121 1564 2184 immitiorcs,
1594 2133 1648 2175 et
1699 2121 1903 2175 donum

327 2217 654 2285 recepimus,
696 2225 752 2269 ct
786 2215 954 2282 gratis
975 2213 1180 2278 omnia,
1211 2221 1267 2266 et
1301 2211 1472 2282 gloria
1496 2212 1707 2282 angelis
1747 2227 1908 2280 supc-

326 2309 502 2361 riarcs
530 2305 658 2360 facti
682 2320 896 2367 sumus,
931 2303 1077 2373 quod
1131 2302 1451 2366 niaximum,
1500 2311 1558 2356 et
1609 2301 1902 2372 Optimum,

326 2409 382 2452 ct
406 2399 524 2452 sine
554 2395 967 2464 comparatione
995 2393 1532 2464 priestantissimum.
1569 2392 1670 2459 Qui
1698 2392 1904 2447 vcnditi

325 2506 544 2546 eramus
574 2487 994 2552 iuservitutcm,
1050 2486 1104 2538 in
1149 2485 1460 2539 libertatem
1510 2484 1768 2538 vindicati
1817 2501 1903 2538 su-

330 2599 473 2637 mus.
521 2582 624 2647 Qui
689 2594 910 2633 eramus
958 2577 1344 2643 inimicissimi,
1403 2577 1664 2631 declarati
1717 2591 1908 2630 sumus

329 2675 426 2728 filii
451 2685 505 2728 et
540 2673 806 2734 Ιιωιράυε.
842 2682 898 2726 et
954 2691 971 2722 ι
1001 2670 1248 2724 lneredes
1288 2670 1511 2739 quidem
1566 2669 1660 2722 Dei
1692 2668 1908 2738 Opiﬁcis

330 2779 384 2822 et
409 2766 734 2827 conditoris,
768 2764 1087 2819 cohzeredcs
1127 2773 1308 2818 autem
1337 2761 1540 2816 Christi
1573 2761 1641 2827 ⁸⁸,
1667 2780 1683 2810 ι
1710 2777 1903 2831 quem-

331 2856 630 2910 admodum
684 2867 966 2909 ostmsum
1004 2863 1108 2918 est,
1141 2862 1196 2920 ct
1246 2852 1576 2914 conformes,
1614 2861 1669 2906 et
1701 2852 1905 2912 throni,

329 2957 385 3002 et
432 2947 624 3018 gloriae
684 2962 953 3016 suprema:
1009 2955 1311 2999 consortes.
1344 2945 1486 2997 Deus
1525 2943 1687 2996 homo
1730 2942 1908 2996 factus

1999 488 2170 538 lorum
2226 486 2520 551 nominari,
2575 491 2790 545 tametsi
2850 493 3080 562 angelus
3141 505 3226 550 cst
3269 494 3576 549 substantia

1996 577 2222 639 nobilis,
2286 588 2339 632 et
2401 591 2783 634 creaturarum
2839 584 3321 650 excellentissima,
3384 587 3577 642 deitati

1996 668 2280 722 familiaris
2301 680 2358 723 et
2384 680 2636 739 cognata,
2669 683 2726 726 et
2749 684 2932 727 mente
2953 675 3220 731 duntaxat
3251 676 3577 745 percipitur.

2000 755 2180 811 Etiam
2216 757 2330 810 [nec
2365 758 2660 827 Scriptum:
2682 770 2810 814 sunt
2845 762 2912 815 ad
2973 764 3206 833 gloriam
3271 765 3577 832 hominum,

1998 863 2100 901 nos
2129 862 2322 901 omnes
2379 859 2569 916 aperte
2620 850 2713 904 Dei
2752 853 2893 907 lilios
2925 853 3260 910 nominantis
3292 873 3304 908 :
3343 875 3362 908 ι
3415 857 3582 913 Filios

1997 937 2181 1004 genui,
2225 938 2425 1006 inquit,
2454 950 2509 993 et
2549 943 2784 996 exaltari
2811 944 2875 997 ".
2907 963 2926 995 ι
2982 945 3048 998 Et
3081 946 3315 1002 iterum:
3356 968 3373 998 ι
3410 947 3581 1002 Filius

2000 1045 2154 1083 meus
2185 1031 2588 1098 prlmogenitus
2625 1034 2790 1088 Israel
2819 1035 2884 1089 “.
2919 1055 2936 1086 ι
2976 1037 3242 1107 Angelum
3264 1049 3449 1093 autem
3474 1056 3580 1094 nec

1999 1121 2185 1184 demn,
2212 1137 2310 1176 nec
2349 1123 2540 1189 lilium,
2564 1135 2656 1178 aut
2687 1129 2930 1180 sobolem
2954 1145 3180 1198 usquam
3209 1131 3578 1199 appellavit“.

1999 1211 2402 1267 Tantummodo
2449 1215 2721 1269 flammam
2767 1218 2928 1286 ignis,
2979 1230 3036 1274 et
3081 1221 3584 1275 administratorios

2001 1302 2229 1370 spiritus
2253 1305 2492 1372 appellat
2525 1305 2590 1359 ".
2627 1307 3042 1376 Huiuscemodi,
3072 1319 3220 1364 ettot
3247 1311 3580 1374 testimonia,

2001 1393 2408 1449 firmamentum
2433 1397 3069 1468 dcmonstrationcmquc
3099 1402 3328 1454 solidam
3352 1402 3428 1454 rei
3452 1417 3584 1470 pro-

2001 1489 2192 1556 positre
2217 1488 2458 1553 attuli,et
2487 1491 2680 1558 dogma
2703 1491 2969 1561 istucjam
2998 1492 3065 1545 ad
3094 1493 3257 1547 tidem
3285 1493 3584 1547 confirma-

2005 1590 2119 1633 tum
2147 1591 2234 1636 est
2264 1579 2524 1646 satis.Qni
2545 1591 2726 1634 autem
2751 1582 2848 1635 has
2864 1583 3310 1638 conlirmalioncs
3329 1598 3588 1652 asperna-

2007 1677 2116 1732 tur,
2135 1677 2189 1722 ct
2220 1669 2460 1722 nondum
2489 1671 2816 1739 recipit,non
2852 1681 2937 1726 est
2962 1671 3052 1726 ille
3077 1671 3336 1739 ﬁdelis,ct
3363 1673 3584 1743 desipit.

2629 1825 2854 1883 CAPUT
2889 1830 2977 1884 Vl.

2006 1938 2322 1993 Creaturum
2347 1939 2601 2007 cujusque
2643 1941 2878 2011 generis,
2911 1940 3104 1994 sa'culo
3151 1957 3287 2011 quoa
3318 1950 3590 2005 exspecta-

2079 2025 2210 2065 mus.
2240 2025 2425 2060 noram
2463 2012 2594 2074 fore.
2636 2008 2974 2073 l'uradisuni,
3004 2008 3377 2064 t'etus‘Adami
3432 2011 3586 2065 habi-

2077 2080 2334 2141 taculum,
2371 2079 2804 2146 peraclojudicio
2836 2078 3041 2132 nullum
3063 2082 3196 2148 fore.

2077 2213 2268 2266 ANIMA.
2293 2213 2560 2266 Accurate
2585 2229 2696 2266 rem
2716 2215 2944 2283 cognovi
2963 2229 3386 2284 sermonemque
3411 2224 3585 2281 tuum,

2005 2313 2062 2358 ct
2091 2303 2292 2358 divina:
2315 2303 2709 2358 misericordiae
2745 2305 2967 2376 pelagus
3024 2306 3375 2375 obstupesco.
3421 2306 3592 2361 Video

2006 2395 2154 2450 cnim
2195 2395 2248 2450 iu
2274 2403 2534 2464 quantam
2561 2396 2791 2466 gloriam
2829 2398 3081 2452 sublatus
3111 2399 3183 2452 sit
3203 2399 3390 2462 homo,
3418 2414 3592 2467 quan-

2009 2497 2234 2556 tumque
2260 2486 2499 2541 cmlcstis
2532 2488 2736 2541 militiae
2765 2490 3044 2558 principes
3103 2490 3414 2545 antecellat.
3443 2491 3593 2556 Quo-

2007 2577 2154 2630 niam
2185 2588 2369 2631 autcm
2402 2579 2648 2632 secundo
2680 2580 2957 2650 colloquio
2983 2581 3052 2636 de
3083 2581 3353 2651 tripartita
3385 2581 3589 2645 anima,

2007 2683 2102 2721 seu
2154 2667 2355 2737 triplici
2392 2667 2444 2720 vi
2469 2678 2524 2721 et
2577 2677 2849 2738 potestate
2913 2671 3111 2724 animm
3162 2669 3592 2740 disputationem

2007 2757 2241 2812 feliciter
2303 2757 2610 2823 absolvisti,
2673 2770 2730 2814 et
2772 2769 2829 2814 ut
2852 2777 2910 2814 se
2955 2769 3077 2829 post
3131 2761 3592 2816 resurrectionem

2009 2849 2192 2904 anima
2240 2849 2518 2912 habitura,
2551 2851 2831 2919 quomodo
2883 2851 3138 2906 videlicet
3189 2854 3302 2906 sda
3361 2851 3502 2906 ratio
3535 2852 3594 2906 in

2007 2957 2069 2995 ca
2115 2956 2474 3010 permansura
2501 2941 2573 2996 sit
2626 2943 2762 3010 liii),
2795 2943 3220 2998 demonstrasti:
3267 2951 3323 2998 et
3393 2943 3448 2997 in
3491 2943 3595 2997 hoc

329 3049 433 3104 est,
460 3049 516 3094 ut
547 3038 825 3093 hominem
843 3053 1005 3107 quem
1037 3037 1295 3090 manibus
1316 3035 1684 3089 iuunaculatis
1706 3034 1903 3087 forma-
1934 3069 1976 3126 ς
2011 3031 2197 3097 tertio,
2230 3032 2376 3101 quod
2403 3032 2472 3086 de
2503 3034 2708 3087 sanctis
2736 3035 2984 3103 qua:sivi,
3035 3035 3314 3104 quomodo
3349 3035 3595 3104 majores

330 3132 430 3196 vit,
459 3131 621 3186 deum
658 3131 882 3184 faceret.
935 3129 1052 3183 lloc
1100 3139 1183 3183 est
1215 3127 1347 3181 illud
1380 3143 1632 3197 magnum
1685 3140 1910 3196 prorsus

331 3224 689 3292 divinumque
719 3220 1062 3292 mysterium,
1083 3218 1226 3287 quod
1260 3232 1476 3270 omnem
1498 3216 1908 3286 cogitationem,

333 3313 750 3381 scientiamque,
795 3326 892 3364 seu
917 3309 1236 3372 humanam,
1259 3323 1353 3361 sou
1389 3306 1548 3359 aliam
1567 3304 1910 3372 superiorem

331 3414 575 3476 superat.
613 3403 752 3458 illud
780 3418 912 3456 vero
962 3410 1045 3456 est
1077 3398 1422 3461 admirabile,
1476 3405 1532 3449 et
1567 3394 1913 3447 animadver-

333 3498 560 3552 tendqu
589 3515 601 3548 :
639 3493 952 3548 Dcl'ecimus
983 3507 1012 3543 a
1041 3489 1338 3543 Conditorc
1370 3503 1399 3539 a
1426 3501 1534 3554 quo
1558 3485 1711 3554 prius
1740 3483 1916 3538 desci-

330 3589 410 3640 vit
473 3587 686 3654 primus
719 3581 1076 3650 angelorum;
1112 3594 1220 3630 non
1261 3586 1439 3629 tamen
1495 3589 1639 3627 cura."
1671 3571 1774 3626 fuit
1807 3571 1914 3626 L‘eo

333 3687 393 3729 ut
421 3677 466 3728 is
494 3675 562 3729 ad
590 3690 647 3727 se
685 3680 1075 3734 reverteretur,
1140 3682 1243 3721 nec
1270 3663 1526 3721 reversus
1557 3675 1660 3727 est,
1719 3679 1820 3716 nec
1847 3661 1914 3716 ad

333 3770 626 3837 pristinum
658 3766 842 3818 locum
872 3763 1104 3818 revenit.
1144 3759 1358 3813 llomini
1395 3767 1578 3812 autem
1611 3755 1764 3825 lapso
1790 3770 1916 3811 suc-

330 3859 529 3920 currit,
560 3867 616 3912 et
639 3856 704 3910 ad
740 3855 979 3925 primum
1007 3861 1234 3912 statum,
1263 3865 1439 3920 coque
1466 3849 1729 3919 majorem
1758 3846 1911 3900 illum

336 3949 579 4004 reduxit.
613 3946 776 4002 Aliud
810 3947 856 4001 si
878 3945 1089 4005 dixero,
1129 3944 1328 3998 iterum
1387 3940 1766 4008 obstupesces.
1801 3936 1913 3990 Au-

332 4045 423 4098 dio
465 4043 622 4111 plane
657 4040 1000 4109 Srripturam
1034 4049 1252 4102 seraper
1280 4033 1450 4086 Deum
1500 4029 1910 4098 prtedieantem,

333 4147 392 4192 ut
453 4135 771 4193 hominum,
831 4131 1158 4189 animarum,
1218 4137 1517 4194 pauperum
1589 4132 1908 4186 amantem;

436 4251 482 4284 ⁸¹
514 4253 674 4307 ltum.
692 4265 813 4313 vin,
836 4247 924 4300 17.
1005 4243 1050 4276 ⁸³
1075 4243 1178 4297 lsa.
1201 4241 1313 4306 1,2.

1394 4239 1440 4273 ⁸⁵⁵
1473 4239 1644 4292 Exod.
1668 4255 1744 4302 tv,
1769 4238 1860 4292 ‘22.
1909 4237 1956 4272 ⁸⁸
1976 4241 2148 4299 Hebr.
2174 4262 2213 4308 ι,
2240 4245 2324 4298 Η.

2009 3123 2218 3192 angelis
2243 3124 2408 3178 futuri
2435 3135 2562 3178 sunt
2591 3126 2914 3194 explicasti:
2984 3126 3114 3180 hinc
3157 3128 3269 3196 jam
3316 3127 3450 3180 mihi
3486 3127 3592 3181 hoc

2006 3231 2328 3284 exsequere,
2361 3219 2638 3285 quomodo
2683 3219 2908 3280 cmlum,
2937 3229 3081 3272 terra
3137 3229 3194 3272 et
3241 3221 3346 3274 alia
3391 3221 3588 3274 immu-

2011 3307 2176 3359 tanda
2213 3308 2358 3371 sint;
2407 3316 2461 3360 et
2488 3322 2598 3377 quo
2631 3317 2791 3376 pacto
2819 3309 3004 3362 omnia
3022 3308 3090 3362 ad
3116 3310 3284 3362 alium
3308 3310 3595 3365 meliorem

2014 3398 2878 3463 habitumredacta,novatient,
2932 3400 3011 3454 uti
3069 3401 3336 3470 scriptum
3393 3411 3479 3455 est
3528 3402 3594 3454 ⁸⁸.

2013 3485 2275 3540 lndicasti
2328 3487 2476 3540 cnim
2523 3487 2591 3541 de
2643 3489 2926 3543 schemate
2969 3490 3292 3545 mutationis
3343 3500 3471 3544 tunc
3517 3490 3600 3545 fa-

2015 3588 2207 3631 ctum.
2263 3578 2422 3633 Nunc
2479 3579 2778 3635 dilucidius
2816 3581 2980 3652 hujus
3012 3583 3280 3636 rationem
3333 3583 3597 3649 edissere,

2011 3669 2211 3740 ecquid
2245 3686 2437 3726 omnes
2464 3682 2730 3726 creatura:
2753 3675 3072 3736 immutate,
3095 3689 3313 3729 rursum
3339 3683 3597 3729 ornatum

2011 3775 2172 3814 suum
2210 3761 2349 3815 citra
2376 3763 2734 3818 mutationem
2765 3765 2924 3818 aliam
2956 3780 3289 3834 possessum:
3309 3766 3438 3830 sint,
3463 3783 3603 3836 quas

2012 3851 2183 3905 David
2216 3854 2627 3908 cuumcravit"
2653 3855 2932 3925 sigillatim
2987 3858 3212 3912 hortans
3261 3873 3425 3912 omne
3459 3874 3601 3928 opus

2011 3943 2130 4008 Dei,
2167 3961 2386 3999 omnem
2437 3959 2687 4000 naturam
2717 3948 2785 4001 ad
2843 3948 3184 4002 laudandum
3242 3948 3536 4001 Dominum
3576 3987 3590 4001 .

2023 4048 2078 4089 et
2106 4053 2243 4106 quas
2292 4037 2566 4094 ternarias
2623 4055 2922 4108 puerorum
2972 4040 3028 4092 in
3084 4040 3207 4110 igne
3269 4039 3602 4093 salvatorqu

2014 4125 2247 4193 inducit,
2289 4130 2511 4193 cadum,
2544 4138 2599 4184 ct
2639 4131 2749 4183 duo
2779 4119 3072 4183 luminaria
3102 4129 3271 4184 solem
3307 4139 3363 4183 ct
3391 4129 3604 4209 lunam,

2405 4248 2451 4277 ⁴⁶
2471 4247 2643 4314 Apoc.
2671 4262 2781 4309 ut,
2806 4245 2856 4299 5.
2957 4245 3000 4277 δ’
3028 4245 3172 4301 Psal.
3219 4262 3380 4302 XLVIII
3420 4257 3474 4302 et
3516 4264 3602 4303 eL.

1571 4329 1790 4390 Jacobi
1823 4330 2110 4393 Gretseri
2184 4345 2370 4397 none.

408 4449 522 4518 (l5)
552 4446 664 4510 Ait,
697 4443 868 4498 solam
903 4439 1172 4518 rationem
1207 4444 1327 4518 post
1361 4433 1826 4518 resurrectionem
1859 4434 1914 4486 in

336 4504 520 4574 anima
550 4504 894 4570 mansuram.
929 4509 1042 4582 lloc
1073 4524 1180 4560 non
1211 4506 1336 4582 ideo
1367 4504 1502 4582 dicit
1529 4504 1909 4582 quasipoten-

338 4573 428 4643 tia:
457 4584 732 4641 sensitiva:
763 4583 817 4636 in
862 4579 1043 4652 anima
1074 4575 1292 4644 corpori
1337 4573 1577 4652 glorioso
1609 4573 1761 4651 unita
1804 4587 1913 4625 non

337 4642 450 4712 sint
475 4657 694 4718 futura,
720 4653 814 4708 sed
847 4650 975 4719 quia
1000 4642 1193 4722 euntes
1221 4661 1345 4698 cum
1371 4642 1588 4722 actibus
1611 4642 1747 4722 suis,
1779 4656 1919 4722 quos

338 4710 697 4789 escirccbunt',
718 4710 958 4794 perfecte
979 4715 1344 4787 subjicientur
1359 4711 1591 4778 rationi;
1613 4718 1670 4764 ct
1688 4710 1918 4779 proinde

2024 4437 2206 4492 ontnis
2233 4439 2462 4493 rebellio
2484 4439 2628 4494 inter
2653 4444 2956 4508 appetltum
2988 4441 3314 4496 scnsitivum
3346 4454 3402 4498 et
3433 4446 3605 4499 ratio-

2027 4522 2154 4560 nem
2186 4509 2466 4564 cessabit:
2518 4511 2675 4579 quasi
2702 4513 2817 4564 sola
2872 4511 3012 4563 ratio
3045 4514 3098 4564 in
3146 4513 3328 4566 anima
3374 4515 3604 4579 inesset,

2025 4579 2153 4645 quia
2181 4579 2296 4646 ipsa
2321 4579 2436 4632 sola
2459 4579 2860 4639 dominabitur,
2885 4596 3064 4648 neque
3095 4582 3202 4635 ulla
3228 4582 3459 4641 facultas
3482 4602 3606 4638 sese

2027 4648 2261 4716 imperio
2289 4649 2409 4718 ejus
2438 4660 2697 4718 opponet,
2727 4661 2786 4702 ut
2817 4651 2928 4720 jam
2965 4651 3083 4703 lteri
3109 4652 3421 4706 consuevit.

1836 4800 2114 4863 Schoha.

417 4927 434 4946 ’
471 4921 912 4989 Chirographum,
931 4915 1067 4984 quod
1089 4912 1228 4967 Deus
1246 4912 1498 4966 adversus
1517 4907 1922 4989 A‘damuniron-
1957 4910 2000 4963 υ
2033 4907 2231 4989 donum
2275 4906 2408 4959 istuc
2435 4907 2728 4989 .iinmoliile,
2759 4912 3140 4971 inconcussum,
3174 4919 3222 4961 et
3247 4909 3422 4975 gratia
3445 4909 3610 4966 stabi-

341 4975 757 5064 scripsitptevmpe
784 4975 908 5049 hoc,
923 4975 1368 5064 (Quocunqueldie
1388 4979 1671 5064 eomedfi‘is
1765 4975 1927 5064 liquo,

346 5046 507 5118 morte
526 5046 785 5121 morie'ris,
813 5076 829 5106 ι
854 5046 1088 5109 diabolus
1108 5046 1361 5126 retinebat
1377 5065 1472 5126 nec
1491 5046 1755 5106 reddebat,
1773 5048 1933 5126 donec

351 5117 588 5191 Christus
629 5117 982 5195 crucia/ﬁxus
1030 5126 1084 5177 id
1104 5126 1275 5193 ipsum
1303 5119 1488 5172 delevit
1508 5127 1664 5185 atque
1681 5117 1926 5172 concidit,

348 5207 518 5270 Quam
535 5201 772 5255 eamdem
789 5199 1100 5270 charitatem
1119 5209 1242 5262 erga
1269 5207 1359 5270 nos
1375 5196 1623 5270 perpetuo
1640 5201 1931 5270 conservat.

335 5258 470 5328 ’λόη
499 5274 638 5325 enim
670 5268 834 5322 nostri
851 5282 1034 5317 curam
1075 5281 1136 5316 ac
1162 5258 1546 5332 providentiam
1568 5258 1766 5309 άὶι›ιὶ.›ἱι
1797 5271 1814 5308 .‘
1836 5260 1935 5332 sed

349 5327 394 5397 et
417 5352 568 5412 rogat
606 5356 701 5409 pro
737 5338 902 5398 nobis,
925 5335 1060 5412 quod
1087 5327 1277 5386 summi
1299 5330 1494 5412 artioris
1515 5336 1610 5384 est.
1639 5341 1741 5377 non
1765 5327 1933 5380 solum

349 5402 574 5483 (μιωέηὲ
606 5402 836 5463 muneris
862 5402 983 5458 sunt
1023 5405 1217 5471 facere,
1247 5404 1337 5454 sed
1366 5402 1533 5453 alium
1588 5412 1788 5465 quoque
1835 5414 1930 5467 pro

357 5484 503 5536 nobis
531 5495 768 5550 rogaret
1087 5544 1102 5550 _
1338 5539 1426 5550 ρ...
1460 5537 1493 5550 ..
1533 5540 1544 5550 .
1574 5541 1593 5550 -
1662 5537 1696 5550 _.

418 5537 701 5621 Chrysost.
733 5546 1051 5621 Quanquam
1069 5544 1299 5621 fortasse
1452 5537 1548 5619 Dei
1566 5537 1696 5621 [acti
1719 5552 1923 5621 sumus,

351 5610 550 5676 tamen'
582 5621 634 5672 id
664 5610 824 5686 usq—ue
871 5610 939 5668 ad
982 5610 1224 5686 ultimum
1248 5612 1493 5686 spiritum
1533 5610 1789 5686 incertum
1814 5617 1923 5686 est.

354 5694 504 5758 Quod
528 5691 663 5744 estsi
704 5677 820 5740 cum
851 5687 984 5739 bona
1032 5699 1123 5753 spe
1177 5681 1338 5732 ritam
1389 5677 1755 5740 clauserimus,
1803 5685 1926 5730 tunc

2037 4977 2100 5029 lis
2129 4986 2240 5038 est;
2265 4977 2476 5049 quando
2504 4978 2753 5049 nimirum
2789 4995 2836 5031 et
2862 4997 3049 5049 corpus
3081 4988 3318 5049 nostrum
3338 4996 3368 5030 a
3423 4992 3610 5045 morie,

2034 5056 2082 5099 et
2125 5047 2418 5118 innumeiis
2455 5048 2676 5100 miseriis
2696 5047 2974 5101 liberatum
2995 5051 3176 5118 fuerit.
3206 5048 3328 5101 Ha‘c
3346 5050 3484 5101 enim
3509 5060 3608 5112 est,

2033 5126 2080 5169 et
2105 5117 2298 5168 dicitur
2323 5116 2628 5184 redemptio.

2106 5191 2142 5206 "
2165 5202 2183 5234 ι
2213 5185 2309 5238 Cui
2339 5188 2634 5256 enimpdixit
2684 5187 3012 5256 angelorum,
3038 5187 3202 5241 Filius
3228 5206 3368 5242 meus
3389 5205 3438 5241 es
3465 5199 3517 5242 tu
3537 5191 3561 5241 .9
3584 5211 3603 5243 ι

2039 5257 2102 5310 Et
2142 5257 2352 5328 iterum,
2399 5254 2555 5308 xNon
2599 5254 2980 5328 enim—angelos
3008 5261 3370 5328 apprehendit.
3394 5261 3485 5312 sed
3531 5277 3610 5315 se.

2036 5343 2154 5380 men
2189 5327 2412 5379 Abrahw
2455 5329 2821 5394 apprehendit.
2849 5346 2868 5379 ι
2904 5327 3085 5386 (Hebr.
3117 5343 3176 5391 ll,
3225 5331 3302 5391 (5.)
3327 5329 3431 5382 Nec
3469 5330 3606 5383 enim

2035 5405 2296 5469 naturam
2317 5395 2514 5464 angeli,
2541 5397 2631 5448 sed
2651 5399 2872 5450 hominis
2902 5401 3144 5468 suscepit.
3172 5398 3380 5451 Natura
3400 5400 3608 5469 quidem

2035 5466 2136 5533 filii
2158 5467 2428 5518 hominum
2452 5481 2472 5519 .'
2503 5469 2698 5518 honore
2730 5477 2927 5526 autem.
2966 5477 3014 5519 et
3052 5466 3236 5536 'gratia
3264 5469 3364 5535 lilii
3393 5466 3485 5520 Dei
3514 5485 3609 5522 su-

2038 5551 2186 5588 mus:
2215 5536 2305 5588 sed
2321 5538 2366 5588 si
2407 5537 2690 5603 imaginem
2721 5541 2833 5603 ejus
2855 5539 2907 5590 in
2931 5538 3120 5590 virtute
3166 5542 3390 5607 positam
3414 5538 3490 5591 illi
3513 5556 3610 5608 pu-

2037 5623 2153 5658 ram
2200 5607 2662 5674 incorruptamque
2699 5611 3200 5675 conservarerimus,
3246 5620 3353 5662 tum
3401 5607 3611 5664 deuiam

2035 5678 2232 5729 donum
2261 5675 2354 5728 hoc
2374 5691 2770 5746 consequemur.
