4088 6214
485 315 590 382 8οΊ

1724 311 2069 372 ΙἨΙΙ.ῙΡΡΙ
2118 311 2511 372 SOLITARII

3638 312 3752 378 803

487 429 691 489 ttieem,
722 424 931 486 stellas,
964 434 1129 484 mare,
1153 417 1491 489 grandinem,
1523 418 1771 487 glaciem,
1797 419 2072 488 pruinam.
2103 427 2144 481 Α
2180 422 2377 490 inquit,
2404 421 2644 476 dicimus
2670 421 2845 486 vobis.
2902 421 2960 475 in
2995 422 3164 476 verbo
3194 423 3433 489 Domini,
3466 426 3594 495 quia
3626 444 3751 493 nos,

488 514 695 576 nivem,
745 512 978 566 imbrem
1022 507 1298 572 .nivalem,
1356 506 1560 576 ignem,
1617 515 1833 569 ventos,
1874 507 2064 571 colles,

492 607 721 669 imbres,
770 601 1006 671 fulgura,
1040 613 1245 663 rorem,
1294 597 1577 658 nebulam,
1619 595 1816 666 frigus,
1846 602 2063 663 aestum,

489 706 731 756 noctem,
768 693 939 757 diem,
968 702 1195 756 terram,
1227 691 1396 760 ligna,
1425 689 1614 754 colles,
1636 688 1828 754 clivos,
1860 688 2063 756 valles;

488 788 649 843 omne
677 784 895 854 reptile,
945 783 1190 847 volatile,
1230 783 1503 852 jumenta,
1535 780 1760 843 bestias,
1817 780 2065 851 abyssos,

489 878 762 940 tenebras,
804 876 1073 930 dracones
1128 890 1143 928 :
1190 882 1247 928 et
1289 871 1559 943 quidquid
1607 871 1762 927 humi
1802 873 2067 939 nascitur,

487 968 741 1031 herbam,
790 967 1038 1032 arbores,
1094 965 1313 1031 fenum;
1367 963 1560 1027 maria,
1626 976 1766 1028 cete,
1819 965 2069 1032 ﬂumina,

490 1059 692 1121 fontes,
722 1058 898 1120 lacus,
951 1065 1009 1111 et
1038 1071 1202 1111 omne
1255 1056 1403 1126 quod
1436 1063 1691 1111 movetur
1714 1058 1770 1111 in
1830 1057 1988 1126 aquis
2017 1065 2072 1111 et

490 1158 643 1203 natat
683 1149 751 1204 ⁸⁸.
786 1150 868 1203 An
923 1149 1090 1219 igitur
1122 1148 1336 1219 singula
1371 1163 1494 1218 quae
1536 1148 1628 1202 hic
1666 1148 2069 1211 recensuimus,

488 1249 545 1293 et
575 1239 737 1294 simul
762 1239 926 1293 etiam
958 1238 1112 1292 locus
1138 1236 1312 1303 Eden,
1343 1244 1404 1291 ut
1449 1245 1580 1291 sunt
1606 1236 1792 1303 modo,
1846 1238 1921 1293 ita
1953 1247 2067 1292 tum

493 1331 677 1385 futura
708 1331 837 1393 sint,
872 1345 968 1401 age
1006 1330 1295 1400 perspicue
1324 1330 1480 1386 doce.

563 1421 728 1476 Cano.
752 1422 932 1475 Etiam
980 1422 1069 1476 hic
1086 1422 1394 1476 doctrinam
1417 1422 1688 1477 sinceram
1714 1420 1814 1475 tibi
1836 1419 2067 1484 tradam,

488 1524 544 1568 et
574 1530 640 1568 ne
675 1514 843 1576 dicta,
871 1524 933 1567 ut
984 1513 1354 1579 incredibilia,
1413 1514 1713 1584 improbes,
1747 1521 1917 1568 testes
1944 1529 2071 1583 pro-

489 1621 630 1660 mam
661 1613 901 1670 sanctos,
953 1606 1272 1675 virtuteque
1329 1607 1599 1676 insignes,
1620 1614 1677 1661 et
1709 1622 1834 1660 mox
1869 1606 2074 1677 proba-

495 1697 700 1751 tionem
722 1696 864 1750 haud
881 1695 1299 1766 disceptabilem
1315 1697 1576 1767 accipies.
1599 1696 1813 1750 Adhibe
1827 1697 2070 1763 animum

494 1788 600 1852 his,
627 1802 748 1857 qua:
774 1786 863 1840 hic
887 1786 951 1840 ad
976 1787 1201 1841 verbum
1232 1803 1298 1842 ex
1332 1787 1400 1841 iis
1426 1804 1454 1842 a
1490 1804 1575 1843 me
1606 1789 1832 1858 repetita
1856 1788 2067 1855 audies,
2098 1759 2145 1819 Β

489 1879 839 1949 ctintelligcs
902 1878 1047 1948 quod
1080 1878 1349 1948 postulas.
1398 1879 1560 1934 Aliud
1597 1879 1875 1949 sapientes
1919 1881 2068 1942 vani,

487 1970 942 2039 occultorumque
977 1971 1361 2041 mysteriorum
1408 1980 1752 2025 scrutatores
1784 1970 2067 2036 dubitant,

484 2072 543 2116 ct
600 2062 760 2116 nobis
814 2062 864 2115 in
920 2062 1223 2131 quaestione
1275 2072 1508 2131 ponunt.
1564 2061 1830 2129 Quaerunt
1882 2079 2070 2124 nosse.

486 2153 649 2223 quale
676 2153 780 2206 hoc
810 2153 1126 2207 universum
1155 2154 1265 2224 jam
1313 2153 1666 2218 dissolutum,
1699 2155 1803 2209 hoc
1827 2165 1911 2209 est
1946 2171 2068 2210 om-

487 2244 654 2299 nibus
716 2243 987 2298 deiectum
1046 2243 1358 2298 viventibus
1415 2244 1661 2298 futurum
1739 2245 2067 2311 credamus;

486 2337 632 2406 quod
665 2336 797 2391 illud
841 2351 1044 2390 novum
1099 2335 1321 2403 cmlum,
1373 2352 1494 2406 qua:
1527 2351 1666 2390 nova
1703 2346 1870 2401 terra,
1916 2338 2075 2393 ntait

487 2428 651 2498 hujus
674 2429 917 2484 seientize
945 2429 1271 2499 coryphaeus
1297 2444 1311 2492 ;
1338 2437 1392 2483 et
1425 2444 1556 2482 num
1586 2429 1638 2482 in
1681 2429 1941 2484 Paradiso
1971 2446 2072 2483 vo-

494 2519 722 2587 luptatis
750 2520 994 2588 plantato
1022 2519 1077 2572 in
1104 2515 1352 2582 Oriente,
1386 2517 1439 2571 in
1466 2533 1576 2586 quo
1603 2517 1846 2572 Adamus
1884 2527 2070 2588 proto-

488 2608 698 2678 plastus
718 2619 796 2663 est
823 2608 1149 2671 collocatus,
1173 2618 1345 2661 sancti
1369 2607 1675 2662 habitaturi
1697 2609 1827 2661 sint.
1853 2608 1919 2663 Et
1940 2624 2071 2663 num

489 2710 544 2764 in
573 2699 666 2753 illa
699 2714 838 2753 nova
880 2709 1022 2753 terra
1055 2709 1375 2768 peccatores
1404 2690 1736 2770 supplicium
1789 2702 2073 2770 experturi

487 2792 619 2853 sint.
646 2793 850 2847 Verum
897 2792 1191 2846 sublimior
1247 2793 1473 2846 istorum
1524 2792 1720 2846 notitia
1752 2808 1919 2861 penes
1947 2808 2072 2846 cum

486 2882 692 2952 estqui
727 2898 796 2937 ex
857 2884 1034 2938 nihilo
1088 2882 1220 2938 fecit
1273 2884 1480 2945 omnia,
1526 2884 1830 2954 eademque
1887 2894 2075 2954 postea

492 2975 889 3029 iunnutaturus
913 2981 992 3029 est
1057 2974 1236 3030 modis
1278 2986 1335 3029 et
1365 2974 1694 3039 rationibus,
1727 2991 1864 3046 quas
1893 2976 2075 3046 lingua

489 3062 638 3117 nulla
693 3065 851 3120 eﬂ‘ari
916 3074 1102 3135 queat.
1155 3066 1363 3122 Tamen
1416 3066 1814 3136 respondemus
1873 3068 1981 3122 illis
2009 3072 2075 3123 ad

488 3158 638 3212 hunc
684 3157 907 3212 modum
942 3175 957 3212 :
988 3157 1267 3229 Quidquid
1300 3158 1500 3214 factum
1557 3171 1643 3215 est
1692 3176 1721 3216 a
1772 3162 2069 3232 principio,

486 3260 711 3320 propter
733 3251 970 3321 aliquam
998 3267 1219 3306 causam
1248 3253 1474 3308 cumino
1510 3254 1714 3309 factum
1735 3263 1821 3309 est
1857 3271 1872 3309 :
1902 3270 2068 3310 causa

487 3340 578 3396 illa
599 3342 704 3396 fuit
730 3342 1218 3416 homo.}0muibus
1239 3345 1424 3416 itaque
1449 3345 1762 3405 hominibus
1790 3356 1913 3417 post
1947 3347 2071 3401 uni-

484 3435 629 3489 \ersi
653 3436 1043 3492 resolutionem
1089 3438 1142 3493 in
1184 3454 1355 3492 unum
1412 3438 1758 3511 congregatis
1800 3439 1867 3494 ad
1915 3439 2068 3513 judi-

485 3525 654 3591 cium,
685 3535 745 3580 ut
776 3529 1013 3598 quisque
1038 3530 1320 3599 praemium
1355 3531 1690 3602 condignum
1733 3531 2067 3603 ferat,juxta

485 3626 737 3670 sanctum
762 3619 1044 3672 oraculum
1070 3636 1085 3683 ;
1111 3619 1290 3688 inquit
1318 3621 1463 3674 enim
1494 3642 1505 3675 :
1531 3640 1549 3671 ‹
1572 3621 1639 3675 Ει
1669 3622 1826 3675 ibunt
1856 3622 1909 3677 bi
1939 3622 2068 3691 qui-

486 3705 611 3764 dem
641 3705 696 3758 in
726 3707 893 3760 vitam
931 3720 1217 3772 :eternam,
1259 3710 1339 3764 illi
1372 3719 1556 3765 autem
1610 3712 1664 3766 in
1705 3713 1887 3782 ignem
1914 3720 2067 3768 exte—

487 3796 688 3851 ’ζοιιειιι
713 3806 768 3850 ει
787 3806 1058 3853 aeternum
1076 3801 1147 3867 δ’,
1171 3819 1190 3852 ι
1213 3817 1322 3856 non
1352 3802 1728 3859 intercedente
1750 3804 1853 3858 alia
1882 3819 2068 3869 causa,

485 3885 591 3942 nisi
626 3887 747 3957 ipso
775 3886 1018 3956 homine,
1062 3892 1222 3962 cujus
1253 3891 1475 3946 tandem
1500 3893 1674 3962 gratia
1704 3893 1810 3946 alia
1847 3909 2068 3949 rursum

485 3990 736 4035 creatura
770 3982 839 4036 ab
873 3982 1103 4052 Opiﬁce,
1140 4000 1303 4051 nova,
1340 3985 1709 4055 aspectabilis,
1743 3999 1800 4042 et
1821 3974 1830 3983 ’
1851 3987 2066 4059 objecta

485 4070 743 4126 sensibus
774 4070 910 4127 ﬁet?
943 4072 1000 4128 Si
1037 4072 1278 4145 namque
1310 4084 1567 4131 creatura
1623 4078 1825 4144 omnis,
1861 4080 1931 4134 ab
1963 4080 2071 4135 ini-

487 4162 564 4216 tio
593 4179 658 4217 ex
682 4179 749 4218 eo
783 4165 929 4233 quod
959 4182 1068 4221 non
1111 4177 1249 4232 erat,
1287 4180 1514 4240 propter
1552 4171 1729 4241 ipsum
1789 4172 2069 4229 hominem

484 4255 749 4311 exsistere
774 4256 926 4323 jussa
950 4269 1073 4314 est:
1109 4260 1154 4313 si
1187 4260 1331 4315 Deus
1360 4261 1558 4316 iterum
1622 4278 1821 4318 novum
1871 4265 2071 4321 cwlum

482 4354 542 4398 et
571 4360 766 4400 novam
803 4356 1004 4403 terram
1034 4350 1337 4408 eﬂ‘ecturus
1369 4362 1475 4418 est,
1506 4353 1561 4409 id
1610 4370 1739 4410 eum
1788 4355 1971 4412 facere
1995 4357 2067 4411 ob

2172 516 2267 582 qui
2309 512 2562 578 vivimus,
2607 514 2701 583 qui
2736 514 3122 582 relinquimur,
3182 516 3341 570 simul
3373 532 3497 571 cum
3533 518 3640 573 illis
3668 536 3755 573 ra-

2168 605 2387 675 piemur
2411 606 2467 660 in
2493 606 2737 662 nubibus
2753 607 2971 662 obviam
2995 607 3216 663 Christo
3242 610 3295 662 in
3327 627 3451 665 aera
3470 610 3543 674 ”,
3583 630 3603 663 ι
3629 613 3753 668 aliis

2169 698 2236 751 ad
2275 714 2466 767 poenas
2523 699 2723 753 inferni
2763 699 2992 763 relictis,
3041 716 3165 770 quae
3193 717 3458 756 novarum
3520 704 3754 757 istarum

2169 802 2549 845 creaturarum
2564 791 3064 856 ntilitas'!Domino,
3089 794 3330 862 inquam,
3348 809 3412 849 ac
3431 795 3541 851 Deo
3560 807 3753 851 nostro

2168 888 2324 935 extra
2356 881 2673 937 universum
2723 882 3042 947 exsistente,
3070 894 3126 939 et
3148 902 3317 955 super
3345 890 3527 940 omnia
3553 888 3605 942 in
3629 889 3754 958 gie-

2169 975 2248 1028 ria
2278 975 2638 1030 beatitudinis
2675 991 2788 1031 suae
2823 976 3118 1031 iiieﬂabilis
3157 995 3171 1032 :
3205 979 3525 1034 hominibus
3566 991 3753 1035 autem

2172 1065 2241 1118 ita
2285 1081 2343 1119 se
2371 1066 2727 1133 habentibus,
2755 1078 2814 1122 ut
2850 1068 2904 1122 hi
2959 1069 3181 1138 quidem
3215 1070 3282 1124 ad
3314 1070 3547 1136 lucidas,
3570 1071 3647 1125 illi
3682 1072 3755 1126 ad

2170 1156 2496 1227 caliginosas
2515 1168 2571 1214 et
2595 1160 2914 1214 tenebrosas
2951 1162 3108 1216 sedes
3139 1162 3361 1225 abeant,
3392 1162 3538 1232 quod
3589 1174 3756 1218 antea

2170 1249 2690 1314 demonstravimus,
2738 1267 3005 1321 quorsum
3040 1252 3132 1306 illa
3167 1255 3478 1323 praestantia
3512 1260 3565 1307 et
3599 1253 3759 1308 novi-

2171 1348 2255 1394 tas
2284 1350 2571 1404 creoturze,
2605 1349 2710 1396 eta
2767 1343 3050 1396 nonnullis
3075 1354 3451 1413 exspectatum
3495 1346 3567 1400 ita
3623 1348 3757 1401 sen-

2169 1430 2330 1485 sibile
2366 1432 2567 1487 etelum
2637 1432 2879 1504 itemque
2932 1435 3211 1490 sensibilis
3260 1446 3315 1490 et
3369 1436 3762 1492 desiderabilis

2182 1529 2355 1583 terra,
2410 1522 2652 1591 quando,
2687 1523 2781 1593 qui
2828 1534 3038 1594 regnet,
3067 1536 3123 1579 et
3153 1525 3368 1579 fruatur
3403 1526 3555 1597 ipsis,
3589 1543 3759 1583 nemo

2169 1613 2278 1667 erit
2302 1614 2415 1684 (14)
2443 1614 2592 1670 ?Sed
2630 1615 2746 1670 haec
2786 1614 3098 1673 infantium.
3130 1626 3186 1671 et
3215 1618 3303 1671 vix
3354 1617 3660 1685 hominum,
3699 1626 3760 1674 et

2173 1715 2204 1755 a
2233 1704 2471 1757 sanitate
2516 1705 2716 1758 mentis
2752 1705 3197 1771 (leturbatorum,
3222 1707 3435 1776 judicio
3464 1719 3761 1777 corrupto-

2178 1810 2322 1859 rum,
2345 1804 2398 1847 et
2430 1810 2459 1848 a
2494 1794 2707 1849 ratione
2739 1796 2878 1850 male
2907 1796 3231 1851 habentium
3258 1807 3568 1852 commenta
3599 1810 3755 1857 sunt.

2176 1886 2318 1952 Quid
2350 1872 2560 1956 igitur?
2590 1886 2793 1957 inquit,
2826 1903 2934 1957 qua
2989 1888 3058 1943 de
3103 1904 3267 1944 causa
3292 1891 3415 1944 cceli
3439 1890 3625 1945 calore
3647 1891 3760 1946 sol-

2177 1991 2395 2043 ventur,
2444 1992 2502 2036 et
2528 1981 2800 2036 elementa
2857 1981 3058 2036 ardore
3108 1982 3416 2052 liquescent
3446 1978 3515 2048 “,
3584 1999 3764 2040 novos

2178 2081 2361 2128 autem
2392 2073 2582 2138 caelos,
2601 2085 2657 2128 et
2692 2082 2893 2128 terram
2918 2088 3138 2137 novam,
3168 2089 3234 2128 ex
3277 2075 3551 2143 promisso
3582 2075 3761 2146 ipsius

2179 2165 2603 2234 exspectamus?
2642 2164 2744 2221 Ubi
2776 2181 2907 2236 ergo
2937 2165 3042 2221 ista
3063 2167 3222 2220 nobis
3244 2167 3520 2236 promisit,
3559 2169 3761 2239 exqui-

2180 2271 2388 2310 ramus.
2427 2255 2660 2322 Quando
2692 2255 2915 2325 pietatis
2963 2255 3166 2325 gradus
3189 2255 3349 2310 nobis
3397 2271 3762 2324 enumerans,

2179 2344 2601 2400 asrensionibus
2631 2361 2849 2411 novem,
2882 2345 3158 2400 decimum
3193 2346 3420 2416 gradum
3475 2350 3758 2417 apposuit,

2182 2436 2323 2490 inter
2352 2437 2471 2492 iilos
2501 2439 2667 2494 etiam
2692 2454 2894 2493 uovmn
2914 2439 3112 2493 caelum
3132 2439 3427 2494 recensuit.
3456 2442 3548 2495 Ait
3567 2442 3716 2496 enim
3742 2461 3759 2499 :

2190 2548 2208 2579 ι
2254 2528 2404 2583 Beati
2449 2545 2720 2600 pauperes
2746 2531 2968 2601 spiritu,
3004 2531 3265 2600 quoniam
3298 2530 3539 2601 ipsorum
3561 2544 3646 2588 est
3670 2551 3763 2590 rc-

2184 2637 2351 2691 gnum
2382 2620 2652 2676 cmlorum
2685 2621 2752 2675 ⁸⁸.
2795 2641 2814 2674 ι
2853 2622 3098 2678 Deinde:
3142 2642 3160 2676 ι
3204 2624 3353 2681 Beati
3384 2628 3568 2692 mites,
3618 2643 3764 2698 quo-

2182 2715 2330 2767 niam
2364 2713 2465 2783 ipsi
2498 2714 2859 2783 possidebunt
2912 2725 3113 2772 terram
3139 2718 3206 2783 ⁸³,
3262 2737 3281 2771 ›
3319 2731 3396 2785 ει,
3457 2729 3520 2774 ιιι
3577 2720 3760 2777 brevis

2182 2807 2285 2860 sim
2336 2822 2352 2861 :
2386 2823 2404 2855 ι
2445 2805 2691 2860 Gaudete
2719 2817 2774 2861 et
2805 2808 3095 2873 exsultate,
3121 2809 3381 2879 quoniam
3406 2826 3619 2867 merces
3661 2830 3760 2867 ve-

2183 2908 2295 2952 stra
2321 2899 2542 2968 copiosa
2560 2908 2643 2953 est
2674 2900 2728 2953 in
2761 2900 2915 2973 cadis
2936 2902 3004 2957 ⁸⁸.
3036 2921 3054 2954 ι
3077 2901 3136 2957 ιιι
3164 2903 3367 2973 quibus
3393 2905 3613 2960 tandem
3641 2921 3759 2965 cm-

2182 2990 2252 3044 lis
2277 2999 2520 3044 nostram
2551 2991 2862 3046 mercedem
2906 2994 3133 3077 multam
3182 2994 3299 3050 fore
3329 2987 3668 3068 spopondit?
3697 3000 3759 3056 In

2108 3094 2155 3158 α
2187 3078 2409 3149 quibus,
2453 3091 2513 3134 ut
2537 3082 2787 3138 meminit
2836 3085 2981 3140 Petri
3012 3087 3298 3142 oraculum
3321 3088 3391 3153 ",
3421 3090 3634 3159 iustitia
3662 3093 3762 3148 ha-

2178 3169 2332 3224 bitat.
2351 3170 2485 3237 Quis
2527 3173 2693 3241 igitur
2746 3183 2830 3230 est
2880 3175 3133 3246 iustitia?
3192 3179 3356 3233 Deus.
3387 3180 3443 3236 Si
3473 3198 3606 3251 ergo
3659 3184 3756 3240 Sol

2173 3259 2402 3331 jnstitize
2426 3261 2481 3315 in
2540 3263 2700 3317 novis
2754 3263 2859 3335 illis
2904 3265 3063 3320 caelis
3109 3265 3320 3323 habitat
3344 3268 3425 3340 (ut
3478 3271 3763 3339 Scriptura

2179 3351 2390 3418 docet),
2427 3353 2571 3409 Deus
2601 3364 2785 3409 autem
2836 3365 2991 3410 extra
3026 3373 3188 3413 omne
3219 3370 3323 3425 est,
3383 3360 3764 3434 dissolutaque

2179 3452 2430 3498 creatura
2464 3445 2517 3498 in
2549 3445 2730 3515 seipse
2758 3455 2960 3511 manet,
2989 3448 3249 3504 similiter
3281 3460 3339 3506 et
3369 3466 3588 3522 semper
3616 3457 3763 3511 exsi-

2180 3544 2353 3601 stcns,
2380 3547 2436 3591 et
2455 3555 2734 3608 nunquam
2771 3556 2890 3596 esse
2922 3540 3200 3609 desinens,
3255 3559 3359 3600 nec
3412 3545 3469 3599 in
3504 3547 3611 3600 illis
3652 3549 3763 3603 alio

2180 3628 2416 3696 quodam
2444 3631 2606 3684 tnodo
2639 3643 2909 3688 creatura
2939 3633 3231 3701 habitabit,
3271 3637 3516 3695 divinius
3543 3640 3759 3711 utique,

2179 3735 2343 3788 quam
2378 3722 2432 3774 in
2466 3722 2674 3778 lumine
2716 3724 3018 3791 inaccesso,
3073 3728 3263 3797 inquo
3303 3730 3559 3786 habitans
3592 3734 3758 3797 Deus,

2178 3812 2436 3867 amicitur
2457 3814 2662 3870 lumine
2695 3825 2955 3888 tanquam
3001 3820 3331 3877 vestimento
3363 3823 3429 3886 ⁸⁸,
3452 3832 3508 3878 ει
3543 3833 3763 3882 sanctos

2178 3918 2309 3959 suos
2326 3905 2545 3961 divinos
2583 3908 2785 3964 reddit.
2837 3910 3045 3969 Deinde
3076 3914 3231 3984 juxta
3264 3914 3606 3986 Scripturam
3640 3935 3762 3972 mu-

2180 4003 2290 4049 tata
2321 4006 2379 4052 et
2406 3998 2635 4053 alterata
2657 4009 2932 4066 creatura,
2995 4003 3467 4074 incorruptionem
3495 4007 3762 4078 suscipiet

2180 4097 2240 4142 ut
2266 4105 2389 4155 nos,
2421 4107 2522 4146 nec
2548 4093 2799 4148 interibit
2821 4096 3074 4164 amplius.
3105 4107 3312 4151 mutata
3353 4108 3407 4153 et
3436 4114 3466 4152 a
3496 4103 3761 4157 servitute

2178 4177 2412 4234 liberata
2442 4181 2698 4237 videlicet
2727 4202 2739 4237 :
2779 4202 2797 4235 ι
2838 4185 3353 4242 Liberabiturenim
3377 4197 3434 4242 et
3461 4190 3577 4259 ipsa
3603 4206 3761 4245 crea-

2183 4278 2304 4323 tura
2334 4286 2366 4324 a
2394 4272 2662 4328 servitute
2711 4277 3103 4347 corruptionis,
3139 4280 3191 4333 in
3233 4279 3544 4335 libertatem
3571 4282 3763 4352 gloria:

2186 4359 2424 4415 (iliorum
2458 4362 2558 4418 Dei
2613 4366 2681 4420 ".
2729 4384 2747 4417 ι
2784 4367 2937 4433 Quod
2962 4370 3007 4424 si
3036 4371 3264 4427 libertas
3329 4374 3631 4428 electorum
3667 4376 3762 4430 Dei

486 4434 724 4505 aliquam
746 4452 968 4494 causam
997 4452 1218 4510 oportet
1246 4461 1259 4497 :
1300 4444 1416 4500 hinc
1449 4455 1639 4500 autem
1677 4457 1761 4502 est
1787 4447 1975 4514 homo,
2002 4456 2063 4502 ut
2096 4486 2138 4540 υ
2163 4452 2350 4507 divina
2378 4464 2483 4521 est,
2510 4465 2566 4511 et
2588 4458 3031 4528 splendidissima
3062 4464 3274 4536 gloria:
3321 4486 3339 4518 ‹
3377 4468 3552 4521 Erunt
3583 4469 3757 4543 enim,

486 4529 751 4590 diximus.
781 4534 921 4588 Aliis
943 4551 1110 4606 porro
1160 4537 1246 4606 (ut
1299 4538 1461 4591 aliter
1492 4539 1594 4593 ista
1626 4541 2060 4607 consideremus)

486 4624 660 4694 raptis
685 4624 739 4679 in
776 4642 903 4682 aera
946 4629 1014 4683 ad
1051 4643 1339 4684 occursum
1366 4629 1595 4698 Christi,
1626 4640 1683 4687 et
1724 4632 1805 4688 sic
1854 4647 2071 4702 semper

483 4724 611 4764 cum
670 4713 904 4770 Domino
956 4716 1179 4784 futuris,
1210 4728 1270 4772 ut
1300 4719 1505 4775 Paulus
1530 4720 1608 4776 ait
1642 4738 1655 4774 :
1692 4740 1709 4771 ι
1751 4721 1867 4777 Ηοε
1897 4722 2067 4787 ειιίιιι,

564 4828 611 4902 ζα
657 4827 901 4902 Damin,
927 4830 983 4902 fl
1023 4846 1180 4902 seqq.
1268 4834 1311 4865 "
1351 4833 1545 4888 Matth.
1575 4851 1700 4897 xxv,
1728 4835 1816 4890 i6.

483 4913 536 4957 ν.
552 4896 606 4952 ὃ.
679 4898 728 4930 ⁸³
755 4898 888 4955 Ibid.
909 4901 964 4958 4.

1971 4836 1992 4891 1
2025 4838 2223 4898 Thess.
2253 4863 2327 4913 tv,
2354 4850 2442 4905 16.

1043 4903 1090 4935 ⁸⁵
1120 4902 1262 4959 Ibid.
1296 4905 1383 4960 l2.
1469 4905 1515 4937 ”
1543 4904 1564 4960 ι
1594 4907 1742 4960 Petr.
1770 4921 1855 4969 ιιι,
1888 4908 1975 4963 l3.
2059 4913 2069 4943 ¹

2174 4918 2289 4973 ’sal.
2316 4902 2521 4983 ἒῖιίξὲ.
2585 4902 2820 4983 ίί
2851 4902 3456 4991 ’θἰἶιξνέίίηλῖίθῖίίι.

2180 4545 2380 4614 inquit,
2414 4549 2560 4605 sicut
2585 4554 2767 4624 angeli
2800 4555 2896 4610 Dei
2929 4558 3000 4624 ⁸⁸,
3040 4577 3060 4610 ι
3096 4561 3287 4630 utique
3322 4561 3549 4618 libertas
3603 4578 3763 4618 creao

2182 4647 2320 4695 tura:
2345 4640 2541 4700 similis
2585 4646 2713 4702 erit.
2746 4647 2864 4702 Non
2893 4660 3075 4705 tamen
3132 4667 3256 4709 sors
3288 4664 3602 4709 sanctorum
3634 4671 3763 4709 rur-

2179 4746 2274 4788 sus
2308 4734 2362 4788 in
2385 4735 2502 4806 ipsa
2521 4739 2650 4806 erit,
2705 4741 3231 4813 quandoquidemse
3271 4760 3394 4801 cum
3418 4746 3639 4803 Christo
3668 4763 3760 4801 re-

2522 4853 2569 4886 ⁸⁸
2597 4852 2642 4907 ll
2673 4855 2821 4909 Petr.
2851 4873 2931 4920 ιιι,
2976 4857 3042 4913 10
3068 4860 3208 4923 ;isa.
3243 4878 3315 4922 Li.
3335 4862 3389 4917 6.
3489 4864 3534 4896 υ
3561 4864 3755 4923 Matth.

1707 5002 1928 5066 Jacobi
1963 5008 2239 5074 Gretseri
2276 5026 2462 5081 notes.

558 5097 671 5167 (l4)
698 5098 797 5154 Hic
815 5110 880 5176 et
906 5101 960 5157 in
988 5103 1169 5173 capite
1196 5106 1447 5173 sequenti
1474 5105 1721 5176 disputat
1741 5109 1810 5164 de
1834 5127 2071 5170 renova-

485 5167 634 5253 tione
660 5172 920 5253 mundiet
946 5167 1322 5253 creaturarum
1349 5167 1956 5253 postext'remum‘diem
1977 5167 2071 5253 ju-

487 5240 642 5295 dicii.
675 5241 744 5319 Et
775 5254 921 5299 recte
967 5243 1212 5319 quidem.
1246 5240 1366 5299 Non
1401 5247 1549 5319 enim
1585 5262 1747 5319 negat
1788 5251 1932 5308 hanc
1977 5240 2067 5311 in-

486 5313 897 5383 staurationem
928 5331 942 5368 :
974 5314 1079 5368 etsi
1112 5324 1273 5383 negat
1316 5317 1583 5371 niundum
1615 5313 1761 5375 hunc
1808 5325 2066 5380 sensibus

485 5383 819 5457 expositum,
849 5382 974 5457 ideo
1020 5393 1342 5438 renovatum
1396 5389 1486 5450 iri,
1522 5390 1669 5457 quod
1716 5391 1789 5445 sit
1843 5393 2065 5450 futurus

487 5447 827 5533 domicilium
853 5454 1172 5533 beatorum:
1200 5470 1308 5533 non
1333 5447 1482 5533 enim
1500 5447 1554 5533 in
1579 5460 1663 5533 his
1677 5463 1845 5533 terris
1863 5447 2064 5533 degerit

490 5521 659 5602 beati,
692 5524 791 5602 _se_d
817 5540 946 5602 cum
969 5524 1191 5579 Christo
1220 5524 1275 5579 in
1305 5527 1480 5602 cretis.
1512 5528 1628 5583 Sub
1669 5529 1831 5602 linem
1861 5521 2059 5602 capitis

488 5591 707 5668 septimi
737 5594 967 5649 dubium
996 5606 1199 5668 nmvet,
1226 5598 1491 5668 nominee
1511 5609 1747 5667 quatuor
1764 5591 2059 5668 elementa,

487 5674 554 5714 ex
582 5661 783 5730 quibus
812 5680 959 5741 nunc
986 5665 1344 5741 ni_undus_h_ic
1367 5661 1596 5741 interior
1622 5661 2057 5741 conginetttatur,

487 5735 1003 5809 permansurasint.
1030 5736 1332 5810 Necﬁsolvit
1355 5738 1610 5807 dubium,
1636 5735 2057 5799 sed'insolutum

2174 5121 2457 5206 relinquit:
2482 5126 2758 5206 Caeterum
2787 5131 3102 5188 communis
3122 5134 3507 5206 theologorum
3530 5145 3757 5191 senten-

2172 5198 2245 5273 t_ia
2269 5198 2679 5273 est,_elementa
2706 5203 2804 5256 ista
2840 5212 2898 5256 ut
2923 5214 2980 5258 et
3009 5220 3242 5273 corpora
3277 5198 3525 5261 cfelestia
3554 5223 3757 5262 secun-

2167 5261 2685 5342 dunt_su_b_stantiam
2707 5286 2864 5327 suam
2884 5261 3152 5342 perpetuo
3179 5291 3439 5331 mansura
3463 5294 3477 5337 ;
3510 5285 3755 5331 tantum-

2165 5346 2273 5400 que
2294 5336 2346 5388 in
2373 5336 2462 5390 illa
2474 5343 2756 5412 communi
2781 5336 2965 5397 rerum
2983 5336 3332 5412 reparatione
3353 5336 3757 5401 accidentaliter

2165 5415 2439 5480 mutatum
2473 5407 2563 5461 iri.
2599 5411 2673 5464 De
2698 5426 2821 5480 quo‘
2853 5412 2974 5466 fuse
3002 5407 3059 5467 et
3099 5414 3262 5469 docte
3302 5416 3496 5471 scribit
3526 5417 3755 5471 Franci-

2168 5486 2298 5556 διε-ηε
2333 5476 2545 5556 S_t_tare_z
2580 5476 2731 5533 tom:
2752 5480 2794 5534 ll
2833 5484 2886 5536 in
2913 5497 2969 5535 ιιι
2998 5492 3212 5556 partem
3245 5483 3300 5540 S.
3329 5484 3574 5549 Thomas,
3607 5487 3750 5554 disp.

2170 5544 2260 5623 ᾔὸ,
2303 5546 2405 5623 ubi
2447 5547 2919 5623 etiain__accurate
2968 5544 3203 5623 explicat
3249 5556 3432 5610 locum
3512 5544 3665 5611 illum
3699 5544 3753 5611 ’11

2169 5612 2317 5669 Petri
2369 5630 2470 5695 tu;
2520 5617 2647 5695 ϐφέὶ
2702 5631 2882 5695 autem
2929 5612 3216 5692 qni'num:
3265 5635 3415 5693 sunt,
3468 5640 3602 5692 etc.,
3643 5627 3756 5695 igni

2168 5687 2422 5740 reservati
2453 5689 2508 5742 in
2539 5690 2677 5745 diem
2704 5691 2917 5761 judicii,
2940 5687 3056 5749 etc.
3397 5687 3403 5715 ⁵
