4088 6214
288 288 395 351 8R9

1723 268 1936 330 ΒῘΟΡΊ
1956 265 2080 326 ῘῖΑ.

3432 257 3542 322 sm

286 406 554 471 gnaturos
583 386 980 461 exspectabnnt
1014 385 1081 439 ⁸⁵.
1130 382 1386 439 Christus
1412 379 1559 435 enim
1591 388 1652 433 ut
1701 378 1869 442 Deus,
1901 386 1943 438 Α
1976 371 2255 443 ruptihilis
2284 378 2493 435 creata,
2514 376 2742 440 propter
2786 369 3073 424 hominum
3100 377 3325 440 peccata
3358 386 3521 426 corrc
3541 399 3557 409 ο

290 470 349 546 ct
379 503 544 558 quem
577 484 724 538 nulla
749 476 1192 547 circumscriptio
1238 474 1453 561 deﬁnit,
1507 472 1577 526 ab
1631 470 1714 526 eis
1758 485 1868 524 non

291 579 638 653 separabitur
660 573 787 629 :sed
820 572 914 626 ubi
938 571 1028 625 ille
1045 579 1151 634 est,
1172 569 1238 622 ad
1267 567 1546 623 dexteram
1563 564 1659 619 Dei
1689 562 1871 617 Patris

294 676 513 737 sedens,
537 669 648 724 illic
683 668 811 721 item
834 678 1045 725 omnes,
1073 661 1167 731 qui
1197 660 1477 718 Christum
1505 658 1560 712 in
1599 671 1658 711 se
1685 655 1871 709 viven-

295 777 405 823 tem
438 774 493 820 et
526 765 842 832 loquentem
896 760 1229 820 habuerunt,
1255 771 1352 826 per
1375 753 1630 824 spiritum
1680 757 1868 811 erunt,

290 858 436 913 sicut
492 855 723 924 ipsemet
786 850 928 904 Deus
986 848 1225 903 Verbum
1283 846 1349 900 ad
1412 844 1629 899 Patrem
1681 843 1869 897 dixit:

299 967 318 998 ι
363 946 541 1008 Pater,
577 959 717 1014 quos
745 941 944 997 dedisti
970 939 1126 1004 mihi,
1155 938 1279 992 volo
1302 946 1362 991 ut
1391 935 1487 991 ubi
1517 950 1620 1005 ego
1649 948 1791 995 sum,
1817 941 1874 987 et

298 1040 401 1110 ipsi
433 1039 543 1093 sint
576 1052 811 1098 meeum,
846 1043 906 1089 ut
949 1033 1175 1087 videant
1204 1031 1431 1102 gloriam
1479 1043 1680 1089 meam,
1705 1040 1869 1096 quam

295 1132 499 1186 dedisti
553 1130 709 1183 mihi.
767 1126 1007 1182 Gloriam
1050 1125 1220 1185 enim.
1252 1137 1415 1193 quam
1467 1121 1667 1177 dedisti
1716 1117 1874 1183 mihi,

297 1221 426 1275 dedi
462 1220 564 1282 eis,
598 1228 661 1271 ut
716 1216 829 1271 sint
890 1229 1085 1278 unum,
1119 1203 1283 1268 sicut»
1306 1226 1409 1267 nos
1434 1225 1607 1266 unum
1665 1223 1875 1263 sumus.

297 1309 420 1364 Non
452 1324 553 1377 pro
594 1306 665 1360 iis
712 1312 896 1358 autem
928 1317 1061 1371 rogo
1092 1308 1346 1355 tantum:
1402 1300 1497 1354 sed
1522 1308 1585 1354 et
1633 1312 1735 1369 pro
1786 1297 1875 1359 iis,

300 1399 394 1470 qui
427 1414 523 1467 per
560 1396 787 1451 verbum
828 1394 1076 1463 ipsorum
1104 1393 1160 1447 in
1194 1407 1280 1447 me
1303 1390 1569 1447 credituri
1602 1399 1731 1445 sunt
1756 1388 1823 1441 “.
1852 1405 1873 1437 ι

300 1492 454 1557 Quod
488 1490 532 1545 si
574 1490 694 1556 tibi,
725 1505 758 1543 ο
789 1490 984 1552 homo,
1011 1488 1158 1542 clara
1206 1494 1290 1540 est
1331 1482 1571 1554 paradisi
1627 1481 1881 1552 voluptas

302 1586 507 1654 potius.
549 1581 773 1636 miseret
802 1596 888 1635 me
912 1578 1254 1635 infelicitatis
1291 1586 1418 1632 tute.

377 1675 552 1729 Habes
577 1674 811 1742 primum
847 1688 912 1727 ac
941 1671 1177 1727 solidum
1203 1668 1583 1724 testimonium
1616 1683 1632 1721 :
1684 1680 1883 1721 secuno

1975 466 2180 537 ptibilis
2206 465 2404 527 evasit,
2435 462 2655 533 quando
2693 473 2749 517 et
2807 477 2911 517 nos
2951 478 3015 516 ex
3049 463 3560 534 incorruptibilibus

1974 556 2366 629 corruptibiles
2403 553 2529 609 facti
2576 569 2786 609 sumus.
2815 555 2943 609 Vult
2969 553 3134 623 igitur
3159 564 3435 620 creatura,
3470 557 3558 612 in-

1976 650 2120 720 quit,
2166 647 2448 702 hominem
2489 646 2544 701 in
2598 661 2754 701 suam
2810 647 3283 718 incorruptionem
3313 649 3557 715 restitui,

1976 743 2121 812 quod
2152 742 2207 795 in
2249 738 2655 795 resurrectione
2680 737 2927 793 futurum
2955 749 3060 806 est,
3083 750 3141 796 et
3169 740 3231 796 ut
3255 741 3374 812 ipsa
3402 757 3557 798 suam

1977 835 2160 888 denuo
2181 833 2532 902 adipiscatur.
2561 830 2817 895 Homine,“
2840 833 3131 902 siquidem.
3155 845 3380 905 propter
3393 851 3557 906 quem

1978 934 2235 980 creatura
2289 932 2469 993 empta
2518 931 2603 977 est
2641 927 2942 994 corrumpi,
2990 926 3055 981 ad
3082 927 3557 997 incorruptionem

1978 1029 2222 1079 reverso,
2288 1014 2406 1083 ipsa
2468 1028 2690 1085 quoque
2750 1014 2818 1070 ad
2867 1031 3024 1069 suam
3070 1008 3559 1086 incorruptionem

1980 1105 2328 1160 revocabitur
2348 1110 2388 1159 θ.

2052 1196 2251 1250 Totum
2284 1205 2470 1253 autem
2499 1200 2882 1270 prosopopoeia
2923 1211 3171 1269 quamam
3211 1207 3318 1262 est,
3354 1207 3411 1255 et
3458 1199 3560 1254 bo-

1979 1299 2177 1338 norum
2204 1287 2622 1356 amplitudinem
2666 1290 2927 1353 declarat,
2958 1290 3311 1360 ostenditque
3334 1305 3434 1345 nos
3458 1291 3564 1346 hoc

1985 1379 2157 1449 magis
2176 1380 2401 1435 studere
2453 1380 2679 1448 debere,
2714 1390 2777 1434 ut
2802 1381 3030 1451 gloriam
3062 1383 3220 1438 istam
3262 1394 3322 1438 et
3380 1384 3567 1439 incor-

1985 1469 2300 1539 ruptionem
2355 1486 2716 1541 assequamur
2748 1488 2762 1524 :
2798 1472 3073 1542 siquidem
3114 1482 3171 1528 et
3209 1482 3463 1529 creatura
3509 1474 3564 1529 id

1962 1562 2283 1617 'desiderat.
2329 1563 2472 1619 Cave
2508 1564 2655 1619 enim
2710 1564 3013 1629 existimes,
3064 1565 3384 1631 inanimem,
3437 1581 3567 1620 scn-

1987 1669 2189 1723 susque
2227 1664 2507 1724 expertem
2542 1665 2851 1711 creaturam
2880 1670 3013 1710 vere
3072 1657 3191 1711 haec
3247 1665 3567 1727 exspectare

303 1767 433 1821 dum
459 1775 514 1821 et
542 1740 767 1820 tertium
797 1779 1042 1834 quoque,
1069 1771 1132 1817 ut
1154 1762 1333 1830 cupis,
1387 1761 1601 1829 accipe.
1652 1758 1881 1828 Magnus

2002 1748 2265 1802 :tscntire
2292 1764 2308 1813 ;
2337 1747 2752 1818 ἀποκαραδοκία
2803 1755 2987 1803 autem
3038 1747 3420 1803 vehementem
3464 1762 3568 1803 ex-

285 1850 525 1928 quippe,
564 1866 621 1911 et
644 1856 1085 1926 sapientissimus
1105 1853 1552 1924 Chrysostomus.
1573 1850 1687 1919 ipsa
1727 1849 1882 1904 testi-
1979 1840 2377 1910 spectationem
2413 1840 2682 1910 signiﬁcat

306 1951 464 2013 vitas,
490 1965 554 2003 ea
584 1964 705 2019 qua
743 1948 945 2003 Paulus
973 1946 1040 2001 ad
1070 1946 1347 2001 Romanos
1379 1943 1619 2014 scripsit,
1664 1943 1883 2012 sapien-

307 2052 391 2098 ter
418 2058 725 2112 exponens.
791 2040 866 2095 ita
897 2040 1080 2095 docet.
1114 2038 1255 2094 Sunt
1309 2046 1493 2092 autem
1546 2035 1713 2091 verba
1767 2034 1883 2105 ipsa

304 2135 607 2198 recitando,
644 2142 704 2188 ut
723 2147 782 2188 se
807 2133 1032 2188 habent.

880 2262 1107 2319 CAPUT
1152 2262 1262 2319 VII.

308 2375 476 2432 Locus
498 2375 635 2429 beati
663 2374 821 2428 Pauli
847 2376 917 2431 ad
969 2376 1233 2429 Iiomanos
1275 2392 1290 2429 :
1324 2392 1343 2426 ο
1383 2374 1527 2429 Nam
1569 2375 1888 2444 exspectatio

380 2456 640 2499 creatura!
670 2445 906 2512 ﬁliorum
942 2445 1035 2498 Dei
1081 2445 1446 2499 reuelationem
1483 2454 1745 2515 exspectat
1774 2446 1838 2505 "‘,
1860 2463 1880 2495 ›

380 2525 430 2569 et
452 2532 569 2587 gnte
607 2526 923 2581 sequuntur,
952 2530 1014 2567 ea:
1052 2515 1109 2587 ξ.
1127 2516 1335 2569 Joanne
1361 2516 1730 2587 Chrysostomo
1763 2530 1889 2583 pro-

378 2586 660 2655 pemodum
687 2588 1029 2653 explanatur.
1060 2586 1272 2640 Statum
1296 2587 1532 2654 corporis
1557 2586 1695 2639 beati
1716 2587 1770 2637 in
1794 2587 1892 2638 hac

382 2659 488 2709 vita
532 2656 756 2725 perfecte
789 2672 893 2709 non
927 2657 1184 2727 cognosci.

385 2767 543 2823 llunc
582 2782 804 2822 sensum
843 2767 1031 2833 habet,
1092 2766 1238 2837 quod
1275 2766 1389 2821 ait:
1418 2766 1682 2822 luteritus
1723 2781 1895 2836 capax

314 2868 569 2913 creatura
600 2858 739 2913 facta
759 2865 867 2923 est,
893 2857 1004 2912 Deo
1031 2859 1104 2912 ita
1136 2858 1355 2913 volente
1398 2857 1761 2928 jubenteque.
1793 2855 1898 2911 Vo-

314 2952 419 3006 luit
451 2960 636 3005 autem
687 2955 859 3007 nostri
892 2965 1077 3007 causa.
1122 2950 1390 3017 Quoniam
1423 2949 1573 3006 enim
1614 2950 1894 3004 hominem

2054 1930 2212 1998 Quod
2271 1940 2453 1987 autem
2494 1933 2767 2002 sequitur,
2814 1951 2832 1984 ι
2871 1932 3283 1988 Revelationem
3324 1932 3562 1989 ﬁliorum

1985 2023 2081 2078 Dei
2129 2032 2449 2093 exspectat:
2490 2042 2509 2075 ι
2555 2023 2607 2078 id
2648 2031 2753 2086 est,
2788 2023 2974 2090 linem,
3005 2025 3227 2094 quando
3260 2026 3599 2102 apparebits

1985 2113 2210 2186 quinam
2248 2115 2359 2169 sint
2391 2114 2486 2170 ﬁlii
2518 2116 2637 2180 Dei,
2669 2124 2725 2170 et
2757 2116 2856 2199 qui
2879 2117 2974 2170 lilii
3006 2116 3233 2171 diaboli.
3271 2137 3290 2168 ι
3323 2118 3563 2175 Vanitati

1987 2209 2135 2262 enim
2166 2217 2419 2262 creatura
2448 2208 2696 2278 subjecta
2738 2219 2846 2273 est,
2879 2227 2899 2261 ι
2944 2208 2995 2263 id
3044 2218 3149 2274 est,
3198 2214 3566 2281 corruptioni.

1990 2299 2102 2354 Hae
2123 2299 2273 2354 enim
2300 2299 2662 2354 condemnata
2703 2310 2789 2355 est
2821 2309 3047 2369 propter
3095 2310 3316 2371 peccata
3357 2313 3567 2359 nostra.

1998 2409 2017 2440 ι
2053 2390 2168 2444 Νυη
2210 2392 2420 2445 volens.
2455 2410 2474 2444 ι
2499 2390 2710 2447 Ἑιιτὶςιὶ
2753 2394 3013 2462 potentia:
3054 2395 3241 2448 ethoc
3273 2411 3571 2466 argumen-

1995 2490 2108 2536 tum
2134 2492 2239 2544 est,
2279 2482 2506 2536 invitam
2534 2481 2831 2551 subjicere.
2863 2500 2883 2533 ι
2923 2483 3030 2538 Sed
3061 2494 3287 2554 propter
3315 2503 3442 2542 eum
3476 2491 3571 2560 qui

1994 2574 2233 2644 subjecit
2262 2588 2382 2628 eam
2414 2574 2470 2627 in
2504 2588 2622 2642 spe,
2666 2573 2929 2645 quoniam
2962 2584 3020 2630 ct
3057 2575 3172 2645 ipsa
3204 2586 3456 2635 creatura
3502 2581 3573 2636 li-

1994 2668 2280 2724 berabitur
2321 2683 2351 2722 a
2403 2669 2669 2723 servitute
2737 2669 3181 2739 corruptionis.»
3236 2673 3333 2736 Ita,
3371 2673 3573 2744 inquit,

1995 2770 2052 2816 et
2082 2761 2197 2830 ipsa
2228 2760 2613 2815 liberationem
2641 2768 2941 2830 exspectat.
2973 2761 3087 2817 Sub
3110 2778 3206 2833 spe
3244 2763 3410 2835 igitur
3432 2765 3573 2821 libe-

1998 2853 2232 2907 rationis
2270 2853 2514 2924 subjecta
2549 2860 2654 2908 est.
2692 2852 2901 2908 Deinde
2949 2853 3053 2908 hoc
3080 2857 3256 2925 ipsum
3302 2857 3577 2928 interpre-

1999 2954 2167 3009 tatur,
2198 2946 2476 3015 quomodo
2503 2946 2558 3000 in
2588 2961 2707 3017 spe.
2743 2964 2762 2998 ι
2803 2946 2941 3014 Quia
2970 2956 3026 3002 et
3057 2946 3173 3018 ipsa
3211 2960 3466 3005 creatura
3505 2951 3573 3005 Ii-

319 3043 675 3098 interiturum
700 3043 977 3098 nutritura
1005 3051 1143 3107 erat,
1176 3044 1348 3111 ipsam
1379 3056 1600 3112 quoque
1636 3042 1895 3113 hujusee-
1923 3079 1968 3139 Ο
1999 3039 2305 3101 berabitur,
2360 3038 2558 3108 inquit,
2622 3040 2678 3094 in
2735 3038 3044 3095 libertatem
3099 3042 3283 3113 gloria:
3336 3044 3573 3100 ﬁliorum

316 3136 468 3192 modi
501 3152 622 3191 esse
666 3139 975 3206 oportebat.
1005 3137 1194 3206 Neque
1242 3137 1391 3192 enim
1423 3150 1658 3206 corpora
1694 3151 1891 3190 corru-

319 3228 495 3298 ptioni
520 3227 787 3298 subjecta,
815 3242 845 3281 a
868 3235 1144 3292 creatura,
1167 3241 1287 3295 quae
1311 3234 1461 3281 esset
1484 3241 1515 3280 a
1539 3226 1894 3295 corruptione

320 3317 520 3375 aliena.
569 3316 925 3371 sustentanda
955 3324 1133 3370 erant.
1191 3316 1581 3371 Verumtamen
1630 3329 1739 3368 non
1773 3315 1897 3368 talis

321 3407 588 3470 manebit,
627 3407 835 3478 inquit:
868 3405 965 3461 sed
998 3414 1052 3460 et
1092 3406 1210 3474 ipsa
1234 3412 1489 3459 creatura
1510 3404 1838 3458 liberabitur
1866 3418 1897 3456 a

321 3503 588 3557 servitute
640 3500 871 3565 inimici,
925 3499 981 3553 id
1026 3506 1134 3562 est,
1197 3512 1226 3548 a
1261 3496 1634 3566 corruptione.
1690 3495 1901 3569 Deinde

321 3595 660 3664 signiﬁcans,
686 3591 908 3661 quando
960 3589 1087 3652 hoc,
1113 3596 1169 3643 et
1198 3604 1298 3658 per
1325 3602 1488 3657 quem
1531 3588 1776 3643 futurum
1806 3588 1899 3653 sit,

323 3682 597 3755 adiunxit,
640 3701 658 3733 ι
690 3682 749 3737 ιη
776 3681 1080 3736 libertatem
1131 3678 1317 3748 gloriae
1348 3677 1584 3734 ﬁliorum
1648 3678 1747 3733 Dei
1781 3679 1847 3732 ".
1876 3697 1894 3729 ι

324 3777 465 3831 Cum
494 3776 639 3829 enim
675 3775 1160 3833 resurrexerimus.
1192 3771 1393 3841 inquit,
1414 3780 1470 3825 et
1491 3786 1720 3840 corpora
1760 3788 1903 3826 nun-

326 3884 493 3939 quam
521 3867 589 3921 de
611 3875 812 3922 caetero
836 3867 1100 3921 moritura
1125 3864 1495 3926 induerimus,
1525 3871 1638 3919 tum
1668 3872 1726 3919 et
1754 3865 1903 3929 cwli,

329 3971 385 4015 tl.
424 3971 603 4024 terrae,
643 3968 700 4015 et
723 3962 989 4031 cujusque
1020 3967 1287 4015 creatura:
1338 3973 1542 4029 corpus
1568 3958 1906 4030 incorrupti-

333 4054 443 4108 bile
490 4062 545 4107 et
572 4053 886 4108 immortale
936 4053 1066 4107 erit.
1120 4052 1188 4106 Et
1240 4052 1355 4106 haec
1407 4051 1629 4121 quidem
1667 4052 1907 4107 Joannes

335 4144 427 4200 ille
459 4144 643 4215 lingua
672 4160 896 4199 aureus.
944 4144 1084 4198 Audi
1115 4159 1281 4213 porro
1300 4143 1585 4213 hnjusloci
1626 4151 1683 4198 et
1738 4143 1905 4199 alium

339 4236 727 4306 interpretem.
761 4236 1114 4306 Exspectatio
1171 4234 1319 4289 enim
1368 4244 1635 4289 creaturae
1668 4235 1776 4290 hoc
1802 4236 1908 4289 sibi

337 4328 456 4381 vult
491 4328 598 4382 :Et
633 4329 746 4399 ipsa
797 4336 1071 4388 creatura,
1122 4326 1323 4395 inquit,
1378 4324 1616 4380 futuram
1681 4327 1908 4397 gloriam

1999 3134 2116 3188 Dei.
2147 3152 2166 3185 ι
2224 3132 2382 3197 Puta,
2428 3141 2654 3202 propter
2688 3132 3001 3189 libertatem
3056 3136 3262 3204 gloriae,
3314 3137 3419 3193 hoc
3467 3149 3577 3204 est,

1997 3232 2225 3295 propter
2255 3240 2359 3279 nos
2390 3226 2500 3279 erit
2531 3233 2587 3278 et
2622 3233 2877 3279 creatura
2922 3225 3380 3295 incorruptibilis.
3422 3230 3579 3287 Sicut

1998 3316 2148 3370 enim
2179 3325 2406 3384 propter
2437 3329 2539 3368 nos
2588 3324 2675 3369 est
2720 3324 2999 3381 corrupta,
3055 3318 3137 3370 sic
3164 3317 3405 3374 vicissim
3455 3336 3584 3390 pro-

2001 3415 2126 3476 pter
2159 3420 2262 3459 nos
2290 3406 2399 3460 erit
2427 3406 2771 3474 incorrupta.
2807 3405 3079 3471 Quoniam
3121 3407 3176 3461 in
3211 3407 3521 3465 libertatem
3548 3429 3579 3467 a

2002 3496 2358 3567 corruptione
2391 3496 2785 3562 vindicabitur,
2818 3504 3009 3567 utpote
3045 3502 3457 3572 corruptionem
3499 3505 3584 3560 in-

2004 3589 2360 3659 corruptione
2406 3599 2645 3644 mutans.
2701 3606 2722 3641 c
2768 3587 2985 3645 Scimus
3016 3591 3162 3645 enim
3211 3597 3355 3664 quod
3403 3598 3586 3654 omnis

2007 3693 2259 3737 creatura
2293 3681 2605 3753 ingemiscit
2632 3689 2688 3736 et
2733 3683 2969 3752 parturit
3008 3698 3181 3753 usque
3222 3685 3422 3743 adhuc.
3456 3708 3477 3742 ι
3525 3690 3582 3745 Si

2006 3784 2257 3851 creatura
2289 3774 2450 3829 simul
2478 3774 2807 3844 ingemiscit,
2837 3776 3029 3831 volens
3060 3780 3469 3850 corruptionem
3496 3782 3587 3837 dc-

2007 3881 2235 3937 ponere,
2267 3876 2478 3936 quanto
2503 3867 2673 3938 magis
2700 3883 2802 3923 nos
2833 3867 2937 3923 hoc
2964 3869 3104 3923 velle
3129 3869 3431 3926 debemus?

2076 3958 2143 4013 Et
2167 3960 2263 4013 has
2281 3959 2503 4029 quidem
2530 3962 2962 4029 persecutiones,
3007 3962 3425 4033 solutionesque
3463 3982 3589 4036 pro-

2011 4063 2134 4143 pter
2167 4062 2477 4107 creaturam
2511 4053 2580 4106 ab
2608 4053 2801 4108 illustri
2838 4054 2931 4106 illo
2963 4053 3371 4124 Scripturarum
3398 4044 3590 4127 expla-

2012 4142 2206 4198 notore
2243 4142 2638 4214 Chrysostomo
2693 4142 2947 4196 inductas
3006 4145 3264 4200 audivisti
3309 4161 3323 4199 :
3368 4162 3587 4218 nempe,

2013 4235 2289 4305 quodnam
2312 4249 2514 4289 novum
2537 4233 2757 4297 cmlum,
2792 4250 2915 4303 qua:
2952 4251 3093 4290 nova
3148 4248 3313 4304 terra,
3343 4248 3400 4294 et
3449 4257 3590 4311 quo—

2016 4327 2182 4380 modo
2204 4326 2367 4379 etiam
2394 4326 2510 4379 haec
2553 4324 2770 4379 tandem
2799 4327 3266 4397 incorruptionem
3297 4342 3591 4389 consecuta

338 4428 583 4473 nostram
613 4418 969 4473 vehementer
999 4425 1298 4485 exspectat.
1328 4415 1552 4481 Quare?
1590 4417 1717 4487 quia
1739 4419 1913 4471 incor-
1940 4411 1991 4469 D
2019 4420 2148 4474 sint.
2193 4419 2336 4473 Nihil
2379 4418 2547 4488 igitur
2571 4418 2807 4487 ambige,
2843 4434 2947 4475 nec
3002 4429 3456 4480 controversarc:
3494 4426 3591 4481 sed

404 4533 452 4563 ”
503 4532 712 4587 Coloss.
765 4548 848 4596 ιιι,
874 4534 927 4585 4.
996 4532 1041 4563 ⁸⁸
1073 4531 1229 4585 Joan.
1252 4547 1384 4592 xvu,
1409 4530 1500 4597 20,
1525 4532 1617 4587 ‘25.

1704 4534 1746 4565 "
1780 4535 1941 4588 Rom.
1971 4552 2089 4597 vm,
2125 4534 2206 4588 l9.
2282 4535 2326 4564 δ’
2367 4533 2503 4588 Ibid.
2545 4534 2636 4588 2|.

1829 4650 2107 4710 Scholia.

417 4776 438 4798 ⁶
467 4791 484 4823 t
516 4772 578 4825 Et
604 4785 784 4824 omnes
813 4769 943 4822 sicut
965 4769 1328 4822 vestimentum
1360 4776 1699 4829 veterasceut,
1725 4776 1774 4821 et
1794 4771 1926 4822 sicut

348 4843 697 4917 opertorium_
736 4841 1100 4917 mu_tabis_eos,
1132 4846 1183 4917 et
1223 4841 1567 4917 mutabuntur
1595 4875 1609 4891 .
1642 4837 1812 4898 (Psul.
1853 4854 1925 4899 ct,

346 4907 463 4984 ετ.)
495 4932 513 4964 ι
548 4910 733 4965 Omnia
751 4911 886 4961 enim
909 4910 1002 4961 sub
1024 4907 1199 4984 oculos
1228 4908 1472 4984 cadentia
1529 4918 1815 4984 senescant,
1840 4925 1925 4984 ue-

353 4978 718 5041 stimentorum
748 4987 1061 5032 uetustatem
1087 4979 1377 5032 imitantia.
1398 4978 1471 5031 Tu
1494 4986 1671 5031 autem
1694 4980 1809 5045 ipsa
1832 4982 1933 5032 im-

354 5054 602 5109 mutabis.
628 5059 674 5103 et
701 5048 993 5107 renovabis,
1019 5058 1066 5101 ct
1084 5046 1507 5117 incorruptibilia
1542 5049 1704 5114 [acies
1736 5050 1790 5101 in
1841 5064 1927 5101 re-

352 5123 692 5179 surrectione.
728 5117 873 5172 Sicut
901 5122 1039 5171 enim
1082 5135 1303 5179 corpora
1332 5130 1514 5170 nostra
1547 5119 1780 5171 resoluta
1823 5135 1931 5172 esse

355 5195 618 5254 desinent,
637 5204 948 5255 rursumque
967 5189 1036 5240 ad
1062 5185 1515 5240 immortalitatem
1541 5186 1929 5243 instaurabun-

359 5274 455 5317 tur
474 5305 488 5324 ,
520 5264 595 5314 sic
626 5270 673 5311 et
703 5257 930 5311 caelestia
958 5274 1180 5328 corpora
1210 5260 1622 5319 renovabuntur,
1661 5260 1716 5311 iu
1749 5260 1933 5312 melio-

357 5351 470 5387 rem
498 5339 692 5384 sortem
728 5328 908 5395 reﬁcta
930 5327 993 5380 de
1018 5327 1240 5398 integro,
1273 5328 1385 5395 ipsa
1415 5340 1619 5396 quoque
1640 5329 1934 5381 aseroitute

358 5402 706 5469 corruptionis
734 5397 977 5469 liberata.

436 5478 470 5494 "
501 5466 786 5539 Chrysost.
810 5507 822 5517 .
848 5468 1156 5539 Avidissitna
1168 5473 1482 5538 exspectatio
1511 5466 1737 5532 est.Quo
1758 5478 1935 5521 autem

362 5544 536 5597 oratio
560 5537 941 5610 signiﬁcantior
969 5537 1141 5610 ﬁeret,
1172 5540 1423 5593 nunduut
1452 5543 1588 5594 hunc
1633 5541 1933 5592 universum

364 5607 662 5684 mutantem
696 5607 931 5684 inducit;
979 5607 1031 5658 id
1061 5609 1198 5684 quod
1248 5614 1607 5684 et_propheta:
1663 5612 1932 5684 factitant,

367 5677 613 5768 iacientes
644 5688 753 5730 tum
790 5679 973 5745 ﬂuvios
1004 5679 1243 5730 manibus
1267 5677 1597 5747 plaudentes,
1633 5689 1741 5729 tum
1778 5678 1934 5730 colles

568 5831 579 5839 ,
644 5768 914 5829 Parnm.
945 5768 1058 5830 Gn.
1107 5769 1390 5829 CXXVII

2019 4772 2300 4833 saltantes,
2336 4780 2448 4823 tum
2479 4779 2679 4825 montes
2703 4772 3071 4830 subsilientes:
3103 4790 3206 4835 non
3241 4784 3297 4829 ut
3338 4778 3446 4831 lucc
3472 4782 3595 4834 ani-

2026 4854 2169 4896 mata
2227 4850 2626 4914 esseuptttentus,
2659 4859 2824 4912 neque
2854 4853 2908 4895 ut
2940 4846 3045 4899 illis
3072 4846 3440 4914 cogitationem
3495 4850 3599 4903 ali-

2025 4928 2187 4985 quam
2221 4910 2575 4985 attribuantus
2607 4926 2624 4962 :
2652 4910 2745 4964 sed
2762 4921 2818 4964 ut
2838 4914 2958 4985 hinc
2987 4910 3241 4969 bonorum
3275 4918 3601 4985 magnitudi-

2026 4979 2146 5034 nem
2166 4979 2550 5049 intelligamus,
2581 4990 2637 5050 ut
2665 4996 2782 5050 qua:
2813 4984 2895 5036 vel
2925 4985 2995 5037 ad
3035 5000 3245 5038 sensum
3300 4979 3460 5039 etiam
3512 5005 3604 5042 ca.

2028 5051 2202 5103 rentia
2261 5050 2546 5121 pertingat.
2584 5049 2691 5103 Hoc
2722 5052 2892 5121 ipsum
2919 5064 3096 5107 autem
3142 5062 3190 5106 et
3222 5054 3277 5106 in
3308 5054 3457 5109 rebus
3509 5060 3606 5111 tri-

2024 5121 2188 5174 stibus
2215 5134 2446 5187 perswpe
2473 5119 2697 5187 faciunt,
2742 5119 3070 5185 inducentes,
3115 5131 3165 5175 et
3203 5126 3360 5176 vitem
3396 5123 3603 5179 lamen-

2029 5198 2264 5263 tantem,
2309 5200 2357 5240 et
2392 5189 2587 5263 vinum,
2628 5197 2677 5241 et
2727 5199 2946 5253 montes,
2985 5202 3035 5263 et
3088 5192 3270 5262 templi
3323 5194 3605 5263 laquearia

2036 5259 2428 5335 ejulantia;_ut
2459 5268 2510 5335 et_
2527 5260 2646 5310 hinc
2674 5275 2858 5335 rursus
2889 5262 3149 5335 malorum
3175 5259 3493 5335 gravitatem
3521 5284 3607 5319 re—

2038 5339 2302 5398 putemus.
2345 5328 2449 5381 Hos
2493 5329 2673 5396 itaque
2710 5331 2986 5397 Apostolus
3016 5328 3278 5393 imitatus,
3328 5336 3422 5386 hac
3474 5334 3606 5397 loco.

2040 5414 2315 5475 personam
2343 5405 2602 5450 creatura!
2631 5398 3380 5475 afﬁngit,_eamque_suspirare
3402 5414 3450 5455 et
3485 5424 3613 5475 par-

2039 5470 2206 5540 turire
2241 5470 2314 5540 ait
2348 5485 2365 5522 :
2397 5483 2500 5520 non
2542 5478 2680 5540 quoa
2717 5471 3002 5539 suspirium
3053 5472 3268 5540 aliquod
3311 5490 3344 5525 a
3383 5470 3524 5528 terra
3562 5487 3614 5530 et

2040 5539 2166 5593 calo
2196 5538 2391 5611 editum
2411 5540 2525 5611 ipse
2546 5538 2805 5611 audierit;
2831 5544 2921 5593 sed
2951 5548 3006 5593 ut
3040 5538 3332 5611 futurorum
3356 5545 3612 5600 bonorum

2038 5609 2446 5683 immensitatem
2491 5607 2904 5683 desideriumque
2956 5607 3208 5674 declaret,
3244 5615 3382 5682 quod
3429 5619 3609 5683 habet,

2042 5686 2096 5729 ut
2128 5676 2283 5730 malis
2316 5679 2654 5746 prmaentibus
2697 5676 2965 5736 liberetur.

3142 5772 3220 5833 26
