4088 6214
536 264 644 331 8H

1777 266 2124 329 PHILIPPI
2165 267 2487 329 SOLl'l'AR
2500 270 2555 328 lI

3705 282 3837 346 8Ῑὲ
3870 286 3883 293 “

533 397 661 438 cum
694 380 935 437 audieris
979 388 1287 436 creaturam
1341 380 1458 436 lore
1515 379 1988 448 incorruptibilem
2015 419 2029 441 .
2069 388 2129 434 ct
2155 379 2201 439 Α
2229 378 2377 434 enim
2410 382 2801 442 velamentum,
2856 398 3076 438 carnem
3126 401 3213 440 me
3265 387 3496 453 scilicet,
3534 396 3828 460 contines,

534 474 725 535 crede,
757 484 811 529 et
849 482 999 543 puta,
1035 484 1092 528 et
1123 488 1275 542 sape,
1317 483 1375 528 et
1405 473 1517 537 dic,
1567 474 1788 543 penitus
1832 472 1967 528 nihil
2020 472 2120 525 ho-

539 582 660 621 rum
696 582 814 636 (ιυω
844 573 1111 619 creaturae
1131 565 1416 634 COIIlplCXlI
1448 566 1825 629 continentur,
1873 573 1930 619 ει
1972 578 2122 617 nunc

537 666 992 726 corrumpuntur,
1025 656 1191 710 etiam
1218 665 1350 711 tunc
1373 657 1583 713 semina
1612 656 1873 711 interitus
1898 655 2121 709 habitu-

537 766 681 804 rum.
721 750 834 805 Nec
862 748 1012 803 enim
1056 749 1108 803 in
1138 748 1320 803 futura
1348 750 1439 803 illa
1468 748 1599 815 vita,
1631 748 1955 818 gaudiisque
1982 761 2121 799 ven-

536 840 677 895 turis
710 839 856 894 ullus
887 839 994 893 erit
1020 848 1404 894 creaturarum
1436 854 1591 902 usus,
1624 853 1749 893 cum
1802 836 1974 907 ﬁgura
2014 835 2122 890 hu-

530 932 621 1001 jus
644 932 832 987 mundi
870 932 1200 1003 praeteribit,
1247 946 1349 986 nec
1394 931 1677 1002 quidpiam
1709 932 1936 986 omnino
1996 930 2122 992 tale,

535 1026 698 1093 quale
753 1039 904 1079 nunc
934 1034 1041 1089 est,
1082 1024 1446 1094 relinquetur.
1492 1025 1627 1078 Dum
1676 1021 1818 1076 enim
1871 1031 2124 1076 creatura

537 1118 947 1187 corruptionem
1028 1126 1083 1171 et
1138 1125 1480 1172 senectutem
1546 1123 1732 1183 exuet,
1771 1115 1931 1168 simul
1968 1122 2126 1167 vetus

537 1205 732 1259 vitium
785 1214 840 1258 et
880 1205 1157 1259 defectum
1199 1214 1403 1268 exuet;
1438 1221 1614 1274 neque
1645 1219 1784 1273 quos
1831 1219 2124 1258 enumera-

540 1299 741 1362 vimus,
772 1297 855 1351 vel
907 1297 1136 1361 Dav-ide,
1181 1298 1264 1351 vel
1301 1298 1475 1351 tribus
1521 1297 1727 1366 pueris,
1763 1296 1849 1351 vel
1895 1305 1945 1350 te
1980 1296 2125 1350 iudi-

540 1388 711 1456 gchit,
748 1404 779 1443 a
808 1388 1009 1458 quibus
1042 1388 1106 1442 ad
1145 1389 1314 1442 Deum
1342 1388 1676 1443 laudandum
1700 1390 1994 1453 excitetur,
2031 1393 2126 1458 qui

540 1483 691 1536 solus
722 1482 827 1535 erit
865 1481 1050 1536 omnia
1082 1481 1137 1537 in
1168 1482 1429 1535 omnibus
1457 1480 1522 1544 ⁸³,
1562 1492 1618 1535 ct
1648 1481 1943 1536 disuihuet
1976 1481 2127 1536 sulli—

538 1573 773 1636 cienter,
805 1581 861 1626 et
927 1573 1129 1626 eximie
1176 1586 1274 1641 pro
1330 1571 1596 1640 cujusque
1655 1587 1757 1624 usu
1809 1581 1866 1628 et
1928 1573 2127 1627 merito

539 1664 820 1728 omnibus,
866 1664 1168 1720 socundnm
1202 1666 1425 1735 virtutis
1470 1682 1806 1729 mensuram,
1859 1674 1916 1720 et
1957 1666 2123 1720 vitam

539 1758 713 1827 probe
746 1767 1049 1828 peractam,
1105 1774 1205 1828 pro
1252 1758 1569 1812 omnimodo
1643 1758 1983 1828 perfectione
2025 1774 2124 1813 sua

539 1862 603 1902 ac
636 1845 999 1916 plenitudine.
1053 1848 1235 1904 Testis
1272 1858 1356 1903 est
1414 1849 1720 1919 Scriptura,
1757 1858 1813 1902 et
1845 1850 1999 1904 testis
2036 1847 2124 1903 cui

538 1939 842 1994 Contradiri
877 1939 1105 2009 nequit,
1140 1941 1398 2009 quoniam
1433 1953 1487 1995 et
1519 1942 1670 1996 locus
1694 1942 1855 2004 Deus,
1898 1952 1951 1996 et
1975 1956 2122 2005 esca,

537 2042 592 2087 et
626 2043 809 2100 potus,
843 2040 890 2083 et
925 2032 1133 2095 lumen,
1168 2041 1224 2086 et
1257 2033 1543 2098 habitatio,
1584 2042 1639 2087 et
1670 2034 1926 2095 amictus,
1956 2043 2012 2088 et
2041 2033 2126 2088 di-

544 2124 714 2189 vitice,
742 2133 799 2179 et
829 2124 1124 2194 imperium
1168 2125 1286 2179 sine
1328 2129 1699 2190 successione,
1757 2138 1813 2181 et
1872 2127 2126 2182 omnibus

546 2216 654 2270 erit
686 2216 888 2281 omnia,
918 2227 971 2270 et
997 2216 1263 2286 quidquid
1290 2218 1507 2271 tandem
1551 2227 1655 2280 est,
1703 2228 1759 2272 et
1809 2221 2127 2275 nominatur

545 2307 712 2369 Deus,
742 2308 808 2361 ad
844 2308 1010 2363 vitam
1045 2308 1191 2363 illam
1225 2310 1616 2378 sempiternam
1652 2310 1933 2365 idoneum.

601 2397 795 2455 Amm.
833 2397 901 2453 Ut
937 2397 1105 2468 igitur
1133 2398 1426 2452 ostendisti
1459 2399 1883 2469 probationibus
1930 2415 2124 2455 ncces-

537 2488 722 2552 sariis,
760 2503 862 2542 nec
909 2490 1009 2542 ista
1049 2497 1307 2558 quatuor,
1336 2498 1393 2544 et
1426 2490 1600 2560 prima
1637 2491 1883 2546 omnium
1931 2507 2126 2563 corpo-

538 2597 659 2635 rum
695 2582 988 2646 elementa,
1035 2583 1311 2650 videlicet,
1346 2598 1510 2655 aqua,
1548 2593 1714 2651 terra,
1774 2602 1890 2652 aer,
1951 2587 2125 2642 azther

538 2673 653 2728 sive
687 2674 849 2745 ignis,
898 2676 950 2728 in
992 2677 1195 2745 quibus
1235 2684 1292 2730 ct
1345 2692 1443 2746 per
1469 2692 1601 2747 quae.
1628 2688 1738 2733 tota
1764 2679 1955 2733 mundi
2003 2693 2121 2733 ma-

540 2765 702 2819 china
727 2766 998 2830 subsistit,
1021 2768 1459 2839 aSpectabilium,
1485 2770 1846 2832 sensibilium,
1876 2771 2125 2825 animan-

542 2857 702 2918 tium,
738 2859 1128 2927 vegetabilium
1151 2901 1165 2924 ,
1197 2869 1405 2938 ecqua:
1450 2862 1703 2929 ζωόφυτα
1751 2872 2038 2928 vocantur,
2066 2871 2121 2917 et

538 2949 875 3017 plantarum,
938 2950 1389 3015 inaniinatorum,
1446 2952 1871 3017 insensibilium,
1930 2969 2121 3012 mane-

2227 486 2330 525 nec
2355 472 2666 525 claritatem
2699 473 2845 527 illam
2886 476 3324 546 inexplicabilem
3366 493 3664 538 consecuta
3699 485 3835 541 fue-

2226 565 2322 627 ris,
2356 565 2698 635 impossibile
2729 582 2958 637 prorsus
2999 578 3106 633 est,
3159 579 3219 625 ut
3271 587 3329 626 se
3394 574 3493 629 ista
3552 575 3830 643 habeant,

2225 669 2582 723 cognoscere.
2621 655 2673 709 ld
2706 657 2853 725 quod
2886 673 2952 713 ex
2985 659 3135 714 hisee
3165 661 3317 715 Pauli
3366 664 3555 720 verbis
3586 668 3771 736 liquet
3804 688 3821 727 :

2234 762 2252 796 ι
2287 744 2554 800 Videmus
2580 761 2732 802 nunc
2755 748 2907 819 (dum
2926 764 3118 805 sumus
3139 753 3194 806 in
3217 755 3317 809 hac
3342 757 3471 824 vita)
3495 774 3594 827 per
3611 775 3832 829 specu~

2226 836 2362 901 lum,
2394 838 2448 891 in
2473 839 2760 909 aenigmate
2792 859 2806 894 :
2844 851 2976 897 tunc
3000 854 3184 900 autem
3210 846 3345 902 facie
3368 849 3435 903 ad
3468 849 3663 904 faciem
3684 853 3761 916 “’,
3802 873 3826 906 ο

2227 930 2452 999 quando
2488 931 2753 986 nimirum
2782 948 2906 988 cum
2938 944 3134 991 natura
3154 939 3444 997 subtiliore
3471 942 3526 996 in
3556 946 3727 998 vitam
3755 960 3835 1000 ex

2229 1024 2464 1076 mortuis
2493 1024 2822 1080 redierimus
2846 1029 2887 1080 '.

2300 1118 2455 1172 Nunc
2500 1120 2632 1175 mihi
2678 1122 2906 1177 molesta
2944 1132 3000 1179 et
3044 1140 3281 1182 onerosa
3330 1144 3400 1184 ne
3461 1131 3575 1186 sis:
3606 1134 3704 1188 sed
3776 1136 3833 1190 si

2228 1211 2360 1281 quid
2395 1213 2728 1282 gryphorum
2754 1224 2803 1270 et
2856 1214 3163 1272 difﬁcilium
3190 1234 3352 1274 nosse
3409 1223 3583 1287 voles,
3639 1227 3834 1295 magi-

2228 1311 2375 1355 stros
2426 1310 2819 1370 percunctere,
2853 1313 2910 1362 et
2938 1307 3006 1360 ab
3031 1307 3099 1362 iis
3122 1308 3302 1365 discas
3325 1310 3452 1367 licet
3483 1330 3499 1367 :
3534 1330 3620 1369 me
3654 1316 3841 1369 indo-

2228 1402 2370 1448 ctam
2403 1406 2470 1447 ne
2503 1409 2658 1465 urge,
2695 1404 2755 1450 ut
2781 1396 2872 1451 hic
2903 1407 3152 1468 Optatum
3193 1401 3357 1457 linem
3385 1404 3690 1475 disputatio
3719 1424 3836 1464 ac-

2228 1485 2420 1556 cipiat.

2818 1605 3044 1664 CAPUT
3082 1608 3221 1665 Vill.

2159 1723 2197 1776 Β
2233 1692 2411 1776 Finem
2442 1689 2625 1776 mundi
2654 1697 2910 1776 incertum
2932 1716 3042 1752 esse
3067 1716 3363 1776 isnpergeo
3378 1704 3620 1776 plurium
3676 1712 3840 1763 sati-

2299 1767 2588 1842 cinntiones
2613 1777 2663 1821 et
2699 1769 3036 1837 conjectum.
3068 1767 3309 1842 Gregorii

2419 1777 2588 1848 tiones
2613 1777 2663 1821 et
2699 1777 3036 1837 conjectum.
3068 1777 3309 1842 Gregorii
3340 1777 3669 1833 Nazianseni
3695 1799 3838 1839 seno

2298 1845 2486 1891 tentia.

2296 1948 2487 2004 ANIIA.
2516 1950 2620 2004 Per
2648 1965 2750 2021 ego
2781 1959 2833 2006 te
2870 1951 3063 2016 Deum,
3095 1968 3304 2023 perque
3334 1953 3449 2026 ipsa
3472 1957 3568 2012 abs
3588 1968 3641 2014 te
3661 1960 3835 2020 dicta

2225 2055 2348 2104 oro,
2381 2056 2449 2099 ne
2472 2042 2715 2097 silueris.
2748 2042 2924 2099 Etiam
2962 2044 3031 2098 de
3053 2047 3319 2101 extremis
3368 2049 3555 2103 mundi
3588 2060 3833 2122 tempo-

2227 2131 2403 2193 ribus,
2432 2141 2482 2186 et
2518 2132 2820 2201 quomodo,
2854 2143 2907 2186 et
2932 2134 3154 2202 quando
3185 2137 3432 2191 omnium
3480 2149 3711 2195 ventura
3738 2144 3831 2196 sit

2225 2224 2664 2288 consummatio;
2719 2234 2775 2280 et
2814 2226 2979 2291 unde,
3013 2239 3070 2282 et
3116 2230 3337 2297 quando
3401 2230 3659 2287 infandus
3719 2214 3835 2295 ille

2224 2316 2602 2371 Antichristus
2635 2316 2706 2370 sit
2741 2333 3081 2374 emcrsurus.
3143 2321 3333 2375 Timor
3385 2325 3530 2377 enim
3583 2326 3833 2385 vellicat

2224 2423 2335 2472 me,
2398 2408 2632 2479 veloque
2679 2420 2745 2472 et
2798 2410 3053 2467 desidero
3103 2412 3171 2468 de
3233 2429 3301 2468 eo
3343 2430 3681 2487 cognoscere
3742 2437 3833 2477 ne

2225 2499 2367 2556 l'orte
2402 2501 2670 2569 impostor
2705 2519 2792 2558 me
2823 2504 3101 2567 indoctam
3130 2506 3421 2564 inveniens
3452 2510 3701 2565 seducat.

2293 2591 2462 2648 Cano.
2496 2592 2674 2658 Unde,
2721 2603 2775 2649 et
2816 2597 3093 2665 quomodo
3124 2606 3392 2654 venturus
3436 2601 3525 2666 sit,
3568 2605 3829 2660 narrabo

2226 2683 2347 2739 tibi.
2384 2684 2626 2755 Tempus
2658 2698 2843 2745 autem
2884 2692 3396 2758 consummationis,
3437 2703 3497 2748 ut
3534 2695 3824 2753 incertum

2224 2792 2476 2846 prorsus,
2512 2793 2621 2832 non
2664 2779 2841 2834 habeo
2867 2779 3053 2837 dicere
3082 2800 3097 2836 :
3135 2783 3270 2838 nihil
3298 2785 3447 2839 enim
3478 2801 3601 2842 cum
3669 2806 3826 2860 apo.

2225 2863 2384 2925 smlis
2412 2870 2667 2941 Magister
2690 2870 2792 2926 hac
2830 2872 2899 2927 de
2953 2888 3013 2927 re
3057 2878 3506 2944 communicarit,
3552 2896 3614 2935 ac
3661 2899 3825 2953 szepe

2227 2967 2484 3030 rogantes
2537 2961 2755 3017 celavit.
2803 2962 2919 3019 l’loc
2958 2965 3134 3019 solum
3172 2967 3281 3023 illis
3320 2969 3476 3037 dixit,
3525 2975 3820 3028 neminem

541 3041 698 3094 bunt.
738 3041 873 3095 Nam
921 3056 990 3095 ex
1029 3042 1117 3096 his
1160 3051 1400 3112 quatuor
1453 3043 1688 3100 conﬂata
1728 3054 1858 3100 sunt
1911 3048 2118 3100 omnia.
2146 3056 2191 3118 (ς
2226 3052 2444 3106 novisse
2488 3051 2637 3107 diem
2682 3054 2838 3112 illum
2870 3072 3051 3126 neque
3085 3057 3315 3114 horam:
3350 3077 3457 3116 non
3499 3064 3818 3131 hominem,

539 3132 595 3187 Si
630 3133 797 3200 igitur
831 3149 954 3189 cum
989 3133 1112 3189 aliis
1140 3143 1195 3190 et
1222 3135 1341 3190 haec
1368 3136 1702 3203 transibunt,
1748 3136 1954 3208 quibus
1997 3148 2117 3193 tan-

539 3238 700 3293 quam
732 3222 1040 3294 principiis,
1077 3231 1137 3279 ut
1171 3222 1379 3278 dictum
1408 3233 1515 3288 est,
1548 3225 1804 3279 universa
1836 3226 2123 3279 contincnv

540 3325 649 3378 tur,
680 3314 825 3368 unde
853 3328 954 3384 ego
998 3329 1201 3383 corpus
1239 3313 1308 3369 ad
1358 3315 1753 3386 resurgendum
1809 3312 2121 3370 inveniam?

538 3403 826 3471 Quomodo
851 3403 1018 3460 etiam
1053 3420 1253 3476 expers
1292 3404 1667 3477 corruptionis
1690 3405 1819 3470 erit,
1863 3413 1923 3460 ut
1953 3419 2121 3475 supra

539 3496 818 3552 docuisti?
845 3498 965 3564 Quo
1004 3508 1165 3570 pacto
1201 3498 1470 3564 divinum,
1512 3507 1568 3553 et
1592 3514 1622 3552 a
1647 3498 1758 3553 Deo
1779 3507 2117 3568 reparatum,

540 3595 601 3643 ut
627 3596 911 3643 ostensum
955 3590 1073 3642 est?
1118 3589 1397 3658 quomodo
1445 3590 1678 3660 simplux
1723 3590 1986 3659 quiddam
2025 3605 2122 3643 ria-

542 3684 665 3730 tura
694 3683 751 3728 et
786 3685 1059 3744 spectatu,
1104 3677 1545 3735 consideratione
1587 3679 1956 3748 splendidum,
2022 3695 2121 3741 na-

541 3775 664 3820 tura
692 3766 1226 3835 splendidissimum,
1252 3777 1310 3823 et
1340 3778 1465 3823 ante
1499 3769 1683 3826 omnia
1708 3786 1738 3823 a
1765 3771 2119 3840 corruptione

538 3854 808 3916 alienum,
864 3855 1200 3920 immortale,
1255 3858 1558 3912 senectutis
1586 3873 1799 3924 exsors,
1851 3860 1897 3913 si
1946 3860 2000 3914 iu
2052 3875 2119 3915 eo

540 3945 775 4014 qualitas
820 3945 1068 4015 quaedam
1098 3954 1155 4000 et
1189 3948 1490 4016 quantitas,
1534 3959 1590 4004 et
1644 3951 1963 4021 magnitudo
2003 3969 2119 4009 ma-

539 4038 735 4093 nifesta
762 4038 1017 4093 exstitit?
1052 4038 1131 4095 Ad
1162 4039 1277 4095 haec
1303 4041 1593 4110 responde.

607 4130 778 4186 Cano.
810 4131 963 4186 Ultra
1002 4132 1119 4191 haec
1152 4149 1221 4190 ne
1251 4133 1384 4204 quid
1428 4134 1669 4205 discepta
1717 4135 1958 4204 avidius,
2019 4152 2120 4195 nec

540 4225 759 4279 curiose
779 4240 846 4279 ex
870 4241 956 4280 me
972 4236 1216 4283 scrutare
1238 4226 1509 4297 profunda
1529 4225 1787 4299 Spiritus.
1820 4230 1940 4285 Non
1972 4231 2119 4286 enim

541 4325 700 4386 potes
725 4317 846 4372 istis
872 4318 1437 4375 commentationibus
1465 4334 1529 4375 ea
1552 4320 1762 4390 liquido
1784 4324 2114 4393 perspicere,

540 4409 785 4478 quandiu
821 4425 1023 4481 corpus
1051 4421 1254 4481 gestas,
1317 4427 1438 4481 qua:
1507 4427 1823 4468 sermonum
1883 4416 2112 4470 istorum
2147 4389 2193 4447 θ

538 4502 823 4558 auditione
860 4518 1149 4572 corporea,
1178 4512 1234 4556 et
1259 4503 1421 4558 luteas
1452 4504 1718 4566 materize.
1746 4515 1803 4560 et
1836 4522 1943 4561 uno
1974 4523 2114 4578 quo-

540 4593 664 4648 dam
695 4594 764 4649 de
809 4594 1065 4650 sensibus
1093 4594 1339 4662 corporis
1371 4610 1482 4648 non
1516 4597 1832 4665 capiuntur.
1852 4597 2104 4664 Quandiu

620 4710 668 4743 ⁸³
700 4711 718 4764 l
751 4709 880 4765 Cor.
921 4726 1011 4774 xv,
1032 4709 1124 4767 28.
1215 4709 1262 4740 ”
1293 4710 1314 4767 ι
1345 4710 1472 4765 Cor.
1492 4726 1615 4773 xui,
1637 4712 1721 4769 12.

2218 3160 2334 3204 non
2393 3146 2670 3215 angelum,
2707 3146 2801 3201 sed
2839 3148 3053 3203 Patrem
3106 3152 3282 3206 solum
3311 3154 3376 3207 ".
3426 3153 3579 3221 Quod
3635 3158 3821 3227 igitur

2222 3237 2521 3291 occultavit
2544 3237 2833 3302 Dominus,
2859 3255 2958 3310 ego
2990 3243 3262 3311 quomodo
3291 3246 3472 3315 eloqui
3502 3248 3771 3317 possim“
3790 3252 3821 3305 ?

2293 3329 2447 3383 Multi
2476 3347 2641 3400 porro
2680 3333 2915 3402 plurima
2946 3351 3013 3390 ex
3054 3337 3177 3392 aliis
3207 3354 3375 3408 super
3422 3341 3525 3396 hoc
3567 3344 3814 3399 collecta

2222 3420 2595 3492 disputarunt.
2624 3425 2756 3479 Nam
2778 3427 3048 3490 nonnulli,
3082 3443 3268 3483 secum
3303 3442 3637 3500 reputantes,
3662 3450 3813 3502 quo-

2222 3514 2369 3567 niam
2402 3516 2547 3571 Deus
2578 3531 2672 3570 sex
2718 3517 2917 3572 diebus
2969 3520 3022 3572 iu
3080 3519 3259 3576 \‘erbo
3302 3533 3473 3577 totum
3534 3528 3813 3583 mundum

2222 3608 2554 3674 procreavit,
2600 3616 2657 3661 et
2690 3607 2898 3677 Spiritu
2935 3624 3037 3667 suo
3087 3611 3371 3680 superiora
3427 3623 3484 3667 et
3542 3615 3812 3672 inferiora

2223 3697 2501 3765 produxit,
2530 3712 2595 3751 ac
2633 3710 2820 3768 postea
2870 3700 2960 3755 die
2993 3704 3229 3771 septimo
3279 3704 3348 3757 ab
3393 3707 3655 3775 operibus
3690 3711 3813 3764 suis

2225 3788 2514 3856 requievit,
2550 3791 2822 3859 completo
2856 3803 3022 3848 sexus
3073 3794 3326 3849 chiliadis
3374 3811 3643 3852 annorum
3696 3818 3809 3854 nu-

2224 3893 2398 3943 mero,
2431 3878 2556 3933 vitae
2589 3879 2753 3950 hujus
2784 3881 2944 3935 linem
3007 3892 3062 3938 et
3116 3888 3644 3942 consummationem
3685 3889 3809 3944 [Ore

2225 3978 2575 4039 putaverunt.
2608 3972 2765 4036 Nam,
2795 3981 2855 4027 ut
2876 3975 3042 4029 David
3073 3978 3224 4031 canit
3259 3997 3272 4032 :
3315 3997 3333 4031 ‹
3365 3979 3507 4035 Mille
3528 3983 3808 4038 anniaute

2224 4062 2414 4116 oculos
2453 4073 2578 4118 tuos
2608 4074 2865 4136 tanquam
2913 4068 3031 4123 dies
3063 4070 3345 4136 hesterna,
3399 4088 3522 4142 quas
3576 4085 3809 4143 praeter.

2225 4152 2289 4207 iit
2317 4154 2382 4207 “.
2415 4173 2433 4205 ι
2470 4152 2650 4221 Quare
2694 4158 2966 4227 completa
3015 4175 3285 4216 annorum
3334 4173 3484 4217 sexta
3544 4165 3806 4228 chiliade.

2223 4244 2390 4299 etiam
2416 4247 2585 4301 totius
2606 4248 2793 4302 mundi
2830 4260 3043 4321 tempus
3080 4254 3344 4322 compleri
3375 4265 3433 4310 et
3465 4255 3670 4310 absolvi
3709 4274 3809 4312 ne-

2224 4351 2379 4392 cesse
2428 4346 2532 4392 est.
2570 4337 2676 4393 Sed
2711 4339 2801 4395 isti
2834 4356 2941 4399 non
2983 4344 3117 4397 satis
3160 4345 3227 4398 ad
3279 4361 3506 4415 scopum
3548 4349 3809 4404 collinea—

2225 4437 2376 4492 runt,
2408 4437 2468 4484 ut
2500 4432 2754 4501 equidem
2783 4434 3046 4490 arbitror.
3081 4437 3216 4492 A-liis
3243 4439 3487 4507 cogitare
3534 4441 3588 4494 in
3644 4458 3805 4496 men-

2224 4527 2333 4573 tem
2378 4520 2565 4585 venit,
2596 4522 2854 4591 quoniam
2886 4523 2991 4578 hoc
3019 4527 3300 4592 saaculum,
3360 4538 3420 4582 ut
3479 4530 3655 4589 aiunt.
3718 4540 3805 4586 est

2221 4607 2463 4665 humano
2508 4612 2693 4680 generi
2730 4614 3049 4682 septimum,
3106 4626 3316 4675 sextam
3363 4619 3682 4685 cbiliadem,
3745 4629 3804 4677 et

1801 4714 1845 4745 ⁸⁸
1865 4713 2058 4773 Matth.
2100 4735 2250 4785 xxxv,
2280 4722 2367 4776 '56.
2413 4724 2456 4755 ⁸⁵
2494 4723 2634 4777 Psal.
2677 4739 2897 4790 LXXXIX,
2923 4725 2978 4781 4.

2038 4835 2315 4898 Scholia.

611 4935 674 5003 '_a
712 4929 871 4985 Nunc
892 4944 1142 5003 cognosco
1179 4946 1243 4985 ea:
1273 4939 1476 4999 parte,»
1511 4933 1683 5002 inquit
1715 4943 1930 4987 sanctus
1980 4935 2122 5003 Apo-

538 5001 725 5063 stolus.
774 5000 1003 5055 sentiens
1041 5000 1206 5055 Deum
1249 5003 1408 5055 etiam
1462 5003 1545 5055 hic
1582 5000 1936 5057 ostensurum
1965 5000 2123 5072 fuisse

538 5074 857 5144 sapientiam
882 5088 1060 5147 suam,
1090 5073 1135 5126 si
1157 5073 1270 5140 quis
1296 5072 1408 5141 ejus
1437 5087 1607 5147 capax
1633 5072 1765 5147 foret
1787 5076 2119 5147 cognitionis,

540 5143 660 5215 qua:
722 5158 867 5215 nunc
919 5143 1129 5215 quidem
1180 5158 1290 5215 non
1341 5144 1571 5215 capitur,
1624 5143 1868 5215 capietur
1922 5154 2120 5212 autem,

540 5211 801 5284 quantum
832 5211 1025 5284 licebit,
1070 5213 1124 5266 in
1161 5214 1340 5284 futuro
1376 5211 1568 5284 sacculo
1605 5212 1862 5284 uidelicet.

611 5286 651 5306 “
677 5280 1169 5352 Theopbylaetusi
1210 5280 1342 5338 Cum
1391 5282 1543 5336 vellet
1595 5281 1848 5336 Dominus
1887 5285 2124 5339 cohibere

540 5351 824 5422 discipulos
852 5350 1291 5422 ab‘indagat‘ione’
1313 5352 1417 5406 diei
1445 5352 1588 5407 illius
1636 5352 1984 5418 ultima‘,~ait.
2022 5373 2118 5409 ne-

541 5440 641 5492 que
664 5420 899 5492 angelos,
930 5420 1097 5490 neque
1126 5420 1315 5475 Filium
1349 5423 1573 5477 hominis
1604 5422 1756 5477 illam
1784 5427 1932 5478 scire.
1977 5424 2115 5481 Nam

542 5495 588 5547 si
620 5495 855 5557 dixisset,
884 5508 940 5546 se
965 5492 1175 5562 quidem
1208 5507 1377 5562 nosse,
1403 5493 1702 5562 patefacere
1736 5503 1909 5548 autem
1952 5495 2114 5560 nolle,

543 5510 587 5547 st
620 5508 855 5557 uixisset,
884 5508 940 5546 se
1002 5508 1175 5545 utaem
1208 5508 1377 5556 nosse,
1403 5508 1702 5562 patelacere
1736 5508 1909 5548 autem
1952 5508 2114 5560 noue,

543 5564 760 5634 tristitia
805 5579 890 5616 eos
922 5508 1193 5634 agecisset.
1222 5561 1376 5616 Nunc
1399 5564 1667 5633 sapienter
1699 5566 1828 5634 agit,
1859 5574 1908 5618 et
1934 5582 2019 5618 eos
2052 5567 2117 5619 ab

540 5632 643 5686 ista
675 5634 870 5686 sciendi
889 5632 1200 5701 cupiditate,
1244 5642 1292 5687 et
1331 5651 1363 5688 a
1418 5632 1656 5689 molestia
1686 5632 1784 5687 sibi
1830 5637 2116 5689 exhibenda

542 5702 699 5775 plane
721 5711 949 5772 revocat,
983 5703 1105 5757 dum
1132 5720 1224 5758 nec
1258 5703 1491 5776 angelos,
1527 5720 1621 5760 nec
1644 5720 1699 5760 se
1741 5706 1875 5771 scire
1925 5707 2119 5774 conﬁr~

2221 4950 2354 4997 mat.
2402 4941 2484 4995 Ea:
2507 4943 2764 5025 paratiola
2796 4961 2951 5015 porro
2988 4963 3098 5002 rem
3126 4949 3252 5025 [axe
3300 4950 3587 5023 intelligas.
3623 4951 3803 5025 Sis-pe—

2222 5027 2442 5090 nurnero
2464 5014 2673 5090 pueruli
2703 5014 2882 5090 patres
2912 5034 3033 5072 suos
3058 5014 3332 5090 quidpiam
3362 5014 3602 5077 manvibns
3623 5014 3802 5081 tcn'cre

2219 5082 2419 5163 vident,
2450 5082 3011 5163 quod_concupiscu_nt.
3047 5082 3141 5163 Illi
3181 5082 3311 5163 dare
3346 5092 3585 5163 abnuunt
3620 5111 3635 5147 :
3666 5112 3771 5163 pue

2221 5151 2327 5232 ηιίὶ
2359 5151 2606 5232 frustrati
2637 5151 2870 5222 plorant.
2906 5157 3137 5213 Tandem
3168 5161 3491 5215 abscondunt
3521 5151 3678 5232 quod.
3715 5173 3799 5217 te-

2221 5221 2437 5302 nebant,
2473 5221 2683 5293 illisque
2707 5243 2894 5279 manus
2926 5244 3123 5302 vacuas
3163 5240 3449 5302 ostentant,
3510 5221 3667 5302 (itque
3722 5236 3799 5290 ita

2219 5293 2604 5373 ﬂetumeorun}
2623 5308 2970 5373 compescunt.
3004 5299 3229 5373 Perinde
3254 5293 3508 5373 Dominus
3535 5293 3800 5373 apostolos

2217 5369 2436 5438 tractat,
2466 5371 2514 5414 et
2541 5362 2679 5416 diem
2711 5362 2864 5419 illum
2887 5368 3132 5423 occultat.
3167 5370 3307 5426 Nam
3336 5372 3381 5425 si
3408 5362 3643 5438 dixisset,
3675 5371 3799 5428 Scio

2217 5432 2475 5512 equidem,
2506 5447 2607 5512 non
2626 5438 2955 5512 tamenvobis
2982 5439 3113 5512 dico,
3133 5442 3467 5512 constristati
3489 5432 3707 5512 fuissent
3731 5460 3798 5499 ea

2216 5504 2279 5552 de
2297 5516 2487 5584 consil,
2514 5503 2637 5584 quia
2662 5504 2716 5556 id
2743 5503 2816 5558 αὔ
2837 5523 2896 5560 eo
2920 5524 3024 5561 non
3053 5510 3370 5584 didicissent.
3406 5503 3525 5566 Non
3548 5516 3800 5584 ignorare

2216 5580 2393 5655 quiem
2424 5570 2726 5655 Dominum,
2775 5592 2839 5629 ea:
2888 5593 2946 5655 eo
2975 5580 3324 5655 manifestum
3370 5590 3467 5655 est,
3500 5570 3640 5655 quod
3684 5583 3800 5655 ipse

2217 5639 2335 5708 fecit
2365 5640 2582 5698 δίκαια.
2614 5641 2716 5711 Qui
2747 5660 2869 5717 ergo
2888 5647 3029 5717 fecit,
3062 5639 3321 5723 quomodo
3368 5639 3622 5724 ignorat?
