4102 6200
536 238 643 303 815

1767 235 2111 297 ΡΗΙΙ.1ΡΡ[
2150 236 2540 297 SOLlTARlI

3695 234 3799 303 8³6

539 357 742 408 ιὶυιιοιη
783 365 891 405 non
931 348 1111 418 rcipsa
1178 345 1520 417 perpetrabit
1578 345 1840 403 miracula
1901 359 1956 404 et
1995 367 2120 421 por-
2146 356 2194 416 Λ
2228 352 2711 423 duntaxatjnstus,
2735 354 2976 423 quietus,
3002 368 3149 409 vera:
3179 352 3367 424 gloria:
3389 354 3620 417 amicus,
3654 355 3798 410 falsa:

534 451 708 497 tenta.
774 439 909 495 Eum
947 438 1297 491 Hebrmorum
1323 437 1475 492 natio
1501 437 1762 509 suspiciet
1793 448 1848 494 et
1877 441 2115 511 comple-

537 539 736 584 cietur.

1170 636 1396 693 CAPUT
1427 636 1494 692 X.

543 724 865 782 l'atiriuium
906 728 1225 793 patriarcha:
1267 726 1429 779 Iacob
1471 726 1534 779 de
1568 726 1895 782 Antichrisfo
1942 729 2115 788 exilii-

605 810 781 869 cqln‘m
809 812 827 860 ;
856 793 1092 869 ejusdem
1143 813 1336 851 mores.
1370 795 1785 869 ultimorumque
1820 806 2116 869 temporum

605 867 822 921 illorum
852 866 1187 920 calamitates
1219 884 1282 921 ac
1317 868 1559 921 miserim.

608 981 803 1036 Amnis.
850 980 927 1035 Ex
963 995 1069 1049 qua
1102 994 1269 1048 porro
1308 980 1476 1045 tribu,
1509 996 1605 1035 seu
1639 996 1704 1036 ex
1746 998 1856 1052 quo
1893 999 2114 1053 genere,

537 1086 592 1129 ct
622 1089 687 1128 ex
723 1088 829 1143 qua
862 1071 1294 1141 patria,fucatus
1323 1082 1378 1127 ct
1407 1074 1786 1128 exsecrandus
1813 1075 1902 1129 ille
1924 1076 2118 1144 planus

538 1176 622 1219 est
653 1163 1017 1235 proditurus?
1047 1163 1218 1218 Narra
1250 1164 1414 1218 etiam
1440 1164 1597 1231 mihi,
1630 1166 1676 1220 si
1701 1167 1826 1236 quis
1850 1172 2117 1237 propheta

539 1266 634 1311 aut
676 1256 899 1311 Palmm
929 1253 1134 1323 aliquid
1159 1254 1228 1309 de
1261 1269 1327 1308 eo
1361 1255 1700 1324 praedixerit.

609 1350 777 1404 Cano.
810 1347 1060 1402 Priscum
1104 1345 1382 1414 quoddam
1411 1348 1734 1403 vaticinium
1778 1350 1874 1404 tibi
1911 1350 2116 1415 dicam,

541 1453 603 1498 ut
642 1443 745 1496 vis:
794 1439 1115 1495 Patriarcha
1148 1440 1321 1494 Jacob
1354 1441 1520 1496 morti
1569 1457 1958 1506 concessurus,
1992 1460 2116 1498 cum

540 1533 833 1588 duodecim
876 1530 1004 1583 ﬁliis
1040 1530 1180 1585 bene
1225 1544 1570 1602 precaretur,
1611 1534 1678 1588 de
1726 1550 1927 1605 genere
1967 1537 2122 1592 Anti-

540 1627 733 1681 christi
769 1637 960 1695 aperte
1004 1630 1057 1682 in
1094 1623 1302 1694 Spiritu
1336 1626 1708 1695 prophetavit.
1734 1626 2029 1683 Oraculum
2064 1628 2116 1681 id

539 1719 891 1790 potissimum
926 1720 992 1774 ad
1028 1721 1143 1774 Dan
1175 1717 1349 1773 filium
1380 1718 1639 1788 pertinet,
1674 1728 1732 1774 et
1762 1727 1849 1773 est
1874 1719 2022 1773 omni
2053 1735 2119 1774 ex
2149 1715 2199 1774 B

540 1820 699 1880 parte
758 1811 995 1878 improbi
1054 1811 1203 1864 illius
1248 1809 1500 1863 moribus
1558 1809 1927 1879 aptissimum.
1986 1811 2121 1865 Nam

541 1903 654 1956 Dan
715 1917 780 1955 ex
827 1903 952 1956 Bala
1007 1903 1266 1956 Rachelis
1311 1902 1510 1956 ancilla
1556 1909 1718 1980 natus
1759 1912 1864 1956 est.
1913 1921 1930 1953 ι
1983 1903 2121 1969 Dan,

540 1991 741 2061 inquit,
764 1992 1036 2063 judicabit
1071 1993 1335 2063 populum
1365 2008 1525 2047 suum
1549 1992 1619 2046 ’³.
1658 2011 1676 2044 ›
1710 1993 1807 2047 Est
1850 1993 2121 2063 siquidem

540 2083 630 2137 illa
668 2100 775 2138 una
808 2085 988 2139 tribus
1034 2100 1099 2139 ex
1143 2085 1460 2139 duodecim.
1509 2083 1615 2139 Sed
1657 2085 2121 2155 quemadmodum

539 2176 795 2232 Christus
826 2192 951 2231 cum
986 2193 1053 2231 ex
1085 2176 1292 2231 familia
1335 2177 1504 2232 David
1536 2177 1891 2243 efﬂoruisset,
1941 2178 2122 2233 homi~

540 2285 669 2325 nem
705 2279 767 2324 ut
797 2269 1094 2326 fabricator
1121 2281 1178 2326 et
1204 2271 1470 2326 Dominus
1496 2271 1751 2337 salvavit,
1806 2273 1888 2328 sic
1912 2288 1978 2328 ex
2009 2272 2123 2327 Dan

542 2378 774 2434 serpens
800 2363 1144 2428 mortiferus,
1183 2362 1564 2419 Antichristus
1586 2363 1826 2418 exitialis
1851 2381 1916 2419 ac
1939 2366 2126 2436 perni-

543 2455 753 2520 ciosus,
787 2454 940 2508 velut
980 2462 1224 2510 cerastes
1258 2453 1491 2509 orietur.
1519 2453 1634 2509 lloc
1672 2454 1818 2509 enim
1844 2465 1951 2522 est,
1977 2459 2125 2527 quod

543 2546 1089 2618 scriptumlegimus:
1117 2565 1135 2597 ‹
1162 2540 1279 2600 Fiat
1295 2545 1407 2600 Dan
1433 2545 1660 2601 coluber
1683 2546 1738 2601 in
1758 2546 1866 2612 via,
1884 2557 2127 2604 cerastes

545 2641 602 2696 in
626 2640 842 2703 semita,
869 2639 1131 2695 mordens
1154 2639 1385 2709 ungulas
1412 2639 1564 2710 equi,
1591 2648 1651 2693 ut
1682 2637 1843 2694 cadat
1867 2655 2127 2696 ascensor

545 2735 664 2803 ejus
697 2740 868 2787 retro.
898 2731 1151 2787 Salutare
1185 2741 1339 2785 tuum
1358 2732 1709 2801 exspectabo,
1742 2732 1973 2787 Domine
2005 2733 2070 2786 ⁷⁸.
2101 2753 2119 2784 ι

551 2822 781 2875 Draconi
832 2831 1027 2875 natura
1076 2820 1270 2875 doloso
1319 2829 1376 2875 et
1421 2820 1644 2885 callido,
1687 2820 1892 2891 quique
1940 2823 2127 2878 multis

546 2911 794 2981 undique
827 2910 1002 2966 utitur
1036 2910 1349 2975 fraudibus,
1382 2922 1440 2965 et
1479 2910 1605 2966 vitae
1644 2911 1809 2982 hujus
1850 2913 1956 2969 iter
2000 2930 2126 2984 per-

547 3006 839 3078 agentibus
858 3013 1092 3059 mortem
1114 3003 1390 3071 afl‘erenti,
1409 3020 1535 3060 cum
1553 3015 1855 3077 comparat.
1877 3006 2043 3062 Plane
2069 3016 2126 3061 ut

548 3115 779 3169 serpens
814 3097 1115 3161 horribilis,
1170 3098 1265 3168 qui
1315 3097 1369 3152 in
1424 3100 1511 3153 via
1558 3099 1613 3155 in
1667 3099 1885 3155 insidiis
1927 3100 2124 3167 latens,

547 3191 910 3247 clandestinis
959 3192 1235 3246 morsibus
1273 3205 1393 3245 eam
1443 3191 1793 3246 ambulantes
1840 3192 2105 3247 interficit

549 3283 656 3342 Sed
686 3299 912 3354 equum,
938 3285 1156 3354 opinor,
1184 3283 1310 3337 inde
1337 3282 1542 3338 cadens
1588 3300 1786 3352 corpus
1807 3287 2123 3355 appellavit.

544 3376 826 3432 Cecidisse
866 3385 1073 3440 autem,
1103 3385 1160 3430 et
1195 3376 1380 3447 jacere
1433 3376 1715 3445 supinum,
1751 3376 1868 3447 ipse
1902 3378 2129 3433 habitus

545 3481 604 3524 ct
634 3471 811 3524 forma
853 3469 1080 3534 mortui,
1115 3480 1176 3523 ut
1223 3468 1487 3533 arbitror,
1530 3470 1793 3525 ostendit.
1835 3472 2125 3527 Rationem

542 3566 679 3634 jam,
718 3571 776 3617 et
834 3562 1254 3627 seductionem,
1307 3578 1409 3633 pro
1453 3563 1763 3620 scductoris
1816 3566 2060 3636 intellige
2110 3584 2123 3620 :

550 3654 769 3722 ungula:
821 3653 969 3705 enim
1024 3652 1342 3722 explicatio,
1416 3667 1800 3725 corruptorem
1860 3658 2123 3713 insinuat.

548 3744 703 3798 Alios
718 3742 943 3813 quidem
964 3744 1227 3799 insidiose
1249 3744 1431 3809 laedet,
1454 3746 1591 3801 alios
1608 3748 1663 3801 in
1680 3750 1924 3804 omnium
1943 3766 2131 3820 asper-

549 3837 709 3901 rima,
755 3843 812 3889 et
857 3833 1073 3888 labores
1122 3834 1588 3890 laboriosissimos
1634 3837 1879 3897 inducet.
1926 3841 2125 3898 Casum

550 3928 722 3999 igitur
767 3926 1129 3993 demonstrat,
1165 3942 1231 3980 ex
1270 3942 1337 3981 eo
1380 3928 1524 3998 quod
1566 3945 1770 3999 equum
1804 3931 1966 4000 dixit,
2016 3951 2126 4005 quo

549 4019 874 4090 gravissime
906 4034 1114 4081 morso,
1141 4019 1509 4089 celeriterque
1533 4033 1819 4093 corrupto,
1845 4025 2125 4096 interitus,

510 4126 511 4129 ‘
548 4122 606 4167 et
630 4111 825 4166 mortis
845 4111 1196 4181 consumptio
1217 4126 1314 4166 eos
1338 4113 1612 4181 sequitur,
1632 4130 1661 4169 a
1678 4115 1887 4185 quibus
1904 4119 2126 4176 caeleste

548 4204 836 4273 praemium
881 4210 937 4257 et
995 4217 1200 4257 corona
1243 4211 1518 4271 speratur.
1566 4204 1799 4262 Fructus
1830 4209 1975 4264 enim
2010 4211 2125 4282 spei

551 4295 696 4363 apud
739 4293 1061 4365 prudentes,
1092 4305 1178 4349 est
1226 4299 1342 4365 ipsa
1380 4296 1550 4357 salus.
1586 4313 1749 4367 quam
1782 4299 2122 4358 desiderant.

2220 441 2501 504 inimicus,
2556 458 2886 512 pauperum,
2936 444 3170 497 fratrum
3202 457 3415 508 amans,
3461 443 3795 511 misericors,

2221 534 2364 604 pius,
2400 534 2793 604 benignitatem
2817 536 3106 601 simulans,
3136 537 3462 608 gravitatem
3490 546 3798 597 ostentans.

2222 626 2501 690 Hebraeos,
2530 636 2587 681 et
2616 643 2791 697 genus
2824 626 3177 683 Hebraeorum
3200 627 3459 683 omnibus
3481 624 3794 698 praeferens.

2220 734 2404 774 mures
2457 720 2686 774 minime
2751 735 2972 786 avaros,
3028 738 3059 775 a
3117 720 3474 776 facultatibus
3528 722 3801 778 habendis

2218 810 2433 865 alienos
2465 812 2754 867 exhibens.
2799 814 3116 868 iucundum
3146 823 3202 867 et
3231 814 3478 884 lepidum
3511 830 3570 869 se
3615 816 3798 880 faciet,

2221 902 2597 957 morositatem
2614 904 2803 974 rugiet.
2822 905 3015 959 Pacem
3035 905 3506 962 videbitureolere
3522 918 3798 971 clamare.

2220 994 2576 1062 pcrturbator
2593 995 2841 1049 onmium
2866 996 3161 1050 maximus.
3188 998 3495 1067 Apparebit
3512 998 3649 1062 ovis,
3675 1015 3801 1054 cum

2220 1087 2295 1141 sit
2317 1087 2477 1156 plane
2500 1087 2685 1157 lupus,
2722 1096 2779 1143 et
2812 1090 2866 1145 in
2899 1106 3138 1154 summa,
3169 1091 3308 1144 nihil
3344 1101 3545 1161 preter
3573 1091 3803 1164 ﬁgmen-

2223 1188 2362 1242 tum,
2395 1179 2703 1235 ludificatio
2741 1192 2799 1236 et
2842 1182 3036 1236 techna
3060 1221 3076 1243 ,
3109 1182 3288 1237 donec
3320 1183 3580 1238 videlicet
3609 1200 3805 1240 oumes

2221 1273 2288 1324 ad
2316 1286 2374 1326 se
2394 1273 2637 1327 attrahat
2658 1283 2716 1328 et
2738 1275 2975 1345 subigat.
3000 1276 3356 1331 Hebmorum
3384 1285 3566 1332 autem
3599 1278 3807 1348 impru-

2220 1363 2416 1418 borum
2439 1382 2615 1435 genus
2648 1368 2975 1437 pessimum,
3008 1369 3300 1425 affectibus
3342 1371 3559 1425 ratione
3607 1386 3803 1425 caren-

2224 1459 2375 1515 tibus
2408 1461 2636 1527 cedens,
2666 1472 2723 1518 ct
2747 1479 2874 1519 eum
2905 1464 3146 1520 clamore
3168 1480 3490 1529 accurrens,
3522 1468 3718 1527 Amen,
3746 1476 3806 1519 et

2222 1552 2403 1619 Moab,
2456 1563 2511 1608 et
2564 1555 2842 1618 Edom,et
2886 1557 3204 1628 hujusmodi
3241 1558 3656 1614 idololatrarum
3709 1559 3805 1613 filii

2223 1648 2600 1716 procidentes,
2641 1665 2770 1703 eum
2803 1658 2864 1703 ut
2905 1666 3091 1721 regem
3124 1660 3179 1706 et
3204 1651 3442 1708 amicum
3474 1652 3805 1715 adorabunt,

2225 1756 2463 1809 quorum
2512 1742 2594 1812 (ut
2642 1742 2745 1797 sibi
2795 1758 2908 1813 pra:
2958 1744 3219 1798 omnibus
3262 1745 3802 1814 acceptissimorum)

2228 1847 2320 1885 rex
2362 1833 2490 1896 erit,
2524 1834 2781 1903 ficteque,
2812 1845 2869 1889 et
2909 1833 2975 1888 ad
3008 1835 3327 1906 opinionem
3366 1844 3577 1891 tantum
3618 1837 3805 1908 provi-

2227 1924 2475 1981 dentiam
2544 1927 2651 1981 loci
2721 1927 3049 1993 ostentabit,
3119 1929 3279 1998 quasi
3341 1929 3605 1998 templum
3670 1929 3808 1999 ipsis

2227 2019 2679 2074 reasdificaturus.
2708 2020 2982 2075 Seductor
3003 2020 3193 2092 igitur.
3221 2021 3696 2093 praestigiatorque
3748 2033 3809 2077 et

2227 2111 2519 2181 impostor,
2546 2122 2768 2182 arrepto
2789 2113 3043 2183 imperio,
3071 2112 3351 2168 daemonas
3376 2114 3565 2184 utique
3588 2129 3646 2168 se
3670 2130 3810 2184 pra:-

2227 2204 2493 2269 dicatum,
2540 2213 2596 2259 et
2649 2205 3096 2260 commendatum
3140 2221 3239 2276 per
3285 2206 3475 2260 orbem
3536 2215 3807 2260 terrarum

2228 2297 2435 2352 mittet.
2478 2297 2756 2363 Surrexit,
2774 2298 2986 2364 dicent,
3009 2315 3243 2369 magnus
3268 2315 3362 2353 rex
3387 2298 3807 2371 Hierosolymis,

2229 2390 2529 2456 humanus,
2545 2406 2736 2446 amans
2752 2407 3078 2462 pauperum,
3099 2406 3291 2446 omnes
3309 2392 3373 2446 ad
3393 2408 3518 2447 eum
3538 2393 3805 2449 accedite.

2233 2482 2309 2536 Eo
2325 2483 2436 2553 jam
2464 2496 2685 2536 omnem
2711 2490 3040 2551 potestatem
3067 2490 3253 2546 nacto,
3285 2480 3623 2535 abominatio
3644 2479 3810 2535 deso-

2230 2574 2455 2629 lationis
2487 2589 2517 2628 a
2554 2574 2779 2629 Daniele
2814 2573 3073 2644 praedicta
3105 2584 3478 2644 consequetur
3505 2576 3523 2594 ⁴
3558 2591 3571 2626 :
3601 2573 3668 2627 de
3701 2588 3808 2642 qua

2228 2672 2286 2717 et
2307 2664 2528 2729 Paulus,
2549 2664 2603 2719 in
2626 2665 2830 2734 templo
2845 2665 2940 2719 Dei
2959 2680 3262 2720 sessuram.
3287 2665 3490 2719 Etcum
3519 2678 3810 2734 personam

2230 2770 2449 2810 omnem
2474 2757 2704 2826 cmperit
2721 2756 3022 2826 deponere,
3049 2757 3424 2827 latentemque
3456 2756 3605 2810 intus
3632 2757 3812 2828 hypo-

2230 2846 2402 2902 crisin
2449 2847 2711 2915 paulatim
2762 2848 3003 2917 aperire,
3046 2848 3285 2921 primum
3326 2847 3549 2918 quidem
3596 2847 3807 2906 Enocb.

2229 2946 2287 2993 et
2348 2938 2545 3004 Eliam,
2601 2948 2662 2993 ut
2714 2940 2973 2996 immanis
3024 2941 3269 2996 carnifex
3333 2941 3630 2996 trueidahit
3684 2958 3699 2994 :
3754 2951 3812 2997 et

2154 3055 2198 3113 ο
2232 3031 2663 3087 fraudulentiam
2726 3049 2959 3100 exuens,
3019 3034 3263 3089 furorem
3323 3045 3506 3089 autem
3553 3043 3612 3088 et
3669 3035 3808 3088 iram

2230 3139 2541 3188 assumens,
2579 3125 2841 3192 crudelis,
2891 3126 3268 3192 inexorabilis,
3314 3142 3596 3199 arrogans,
3640 3126 3810 3196 pesti-

2228 3216 2369 3277 lens,
2419 3216 2736 3286 impudens.
2779 3217 3042 3281 furiosus,
3078 3218 3277 3280 audax,
3318 3234 3419 3273 nec
3471 3218 3639 3288 pilum
3678 3218 3809 3272 boni

2231 3308 2332 3361 viri
2360 3306 2595 3375 habens,
2627 3309 2809 3363 omnis
2837 3310 3098 3379 nequitia:
3137 3311 3525 3375 diversorium,
3564 3313 3803 3367 terricu-

2229 3397 2503 3465 lamentis,
2536 3402 2790 3471 spectris,
2828 3401 3169 3472 imposturis,
3199 3411 3258 3457 ut
3282 3418 3511 3474 magnus
3534 3403 3807 3472 quispiam

2230 3505 2290 3545 se
2330 3500 2636 3550 ostentans.
2671 3501 2731 3546 ut
2763 3500 3048 3565 tyrannus,
3081 3505 3141 3547 ut
3171 3491 3413 3557 invasor,
3462 3500 3523 3546 ut
3562 3493 3806 3546 visorum

2231 3577 2500 3645 inanium,
2560 3592 3019 3647 commentorum,
3072 3591 3128 3638 et
3163 3582 3526 3637 mutationum
3579 3583 3807 3637 mirabi-

2229 3668 2366 3723 lium
2390 3669 2609 3724 artifex.
2636 3669 2780 3737 Quin
2804 3680 2860 3726 et
2884 3670 3205 3741 figurarum,
3229 3682 3285 3726 et
3308 3673 3554 3726 colorum
3577 3687 3808 3727 conver-

2229 3761 2485 3816 sionibus
2531 3763 2759 3817 omnino
2808 3763 2983 3817 instar
3029 3763 3208 3818 Protei
3262 3763 3405 3818 alius
3451 3779 3517 3817 ex
3570 3764 3700 3818 alio.
3752 3764 3806 3816 In

2229 3853 2466 3909 sublime
2479 3856 2667 3910 volans
2685 3855 2982 3926 utangelus
2996 3855 3130 3924 (imo
3149 3867 3207 3912 ut
3222 3857 3479 3926 ila-mon),
3498 3864 3555 3910 et
3574 3866 3809 3911 terrores

2229 3963 2294 4004 ac
2335 3947 2587 4019 prodigia
2628 3947 2694 4001 ad
2729 3947 3113 4017 deccptionem
3158 3948 3438 4020 cflingcns,
3475 3956 3532 4002 ut
3563 3949 3807 4004 inconsi-

2231 4039 2438 4095 deratis
2460 4040 2740 4094 mentibus
2761 4047 2977 4094 montes
3002 4039 3305 4094 transferre
3330 4039 3604 4094 videatur.
3632 4037 3805 4094 Cura-

2233 4138 2402 4197 tores,
2435 4130 2831 4196 mandatorios,
2867 4139 2924 4185 et
2959 4131 3199 4185 curiales
3230 4129 3413 4193 faciet,
3445 4146 3806 4202 agoranomus
3881 4133 3885 4136 ’

2230 4222 2359 4291 (hoc
2377 4232 2462 4276 est
2478 4221 2582 4277 fori
2604 4237 2788 4278 rerum
2811 4225 3086 4279 venalium
3108 4222 3450 4295 przepositos)
3473 4224 3799 4285 constituet.

2230 4328 2527 4383 caupones,
2553 4315 2913 4383 panivendos,
2946 4325 3005 4372 ut
3039 4332 3164 4371 cum
3197 4318 3323 4387 quis
3346 4317 3510 4371 rebus
3535 4314 3603 4370 ad
3637 4315 3800 4370 vitam

549 4386 741 4454 Itaque
782 4397 1049 4441 nascetur
1102 4403 1169 4441 ex
1219 4388 1452 4442 muliere
1499 4387 1815 4455 libidinosa,
1861 4394 2124 4464 Opinione
2159 4374 2202 4430 θ
2233 4374 2581 4470 necessariis,
2613 4414 2670 4459 et
2715 4406 2841 4461 cibo
2883 4374 3127 4478 potuque
3176 4374 3414 4479 eguerit,
3440 4408 3678 4479 sigillum
3707 4422 3801 4461 seu

549 4479 771 4548 quidem
818 4479 1173 4545 incarnatus,
1206 4478 1298 4533 sed
1351 4495 1458 4533 non
1509 4480 1675 4536 etiam
1708 4499 1766 4537 re
1822 4485 1937 4554 ipSa
1987 4488 2120 4558 (l5),

550 4569 1029 4633 mendacissimus,
1055 4568 1454 4638 furacissimus,
1476 4570 1719 4636 dolosus,
1740 4575 1910 4641 vafer,
1938 4581 2120 4647 specie

623 4704 670 4736 ⁷³
714 4703 852 4759 Gen.
891 4720 1036 4770 χιιι,
1080 4702 1172 4758 56.
1250 4702 1295 4736 ⁷⁸
1327 4702 1466 4759 Gen.
1516 4720 1646 4769 xvii,
1677 4702 1764 4762 l8.

2232 4496 2606 4553 characterem
2623 4500 2932 4557 scductoris
2953 4503 3006 4556 in
3029 4502 3229 4567 fronte,
3247 4512 3304 4557 ct
3329 4504 3382 4558 in
3400 4518 3563 4556 manu
3580 4501 3801 4555 dextera

2233 4589 2503 4659 accipiat;
2565 4602 2624 4646 ut
2690 4594 2916 4648 omnino
2971 4596 3153 4650 crucis
3226 4596 3400 4651 forma
3451 4596 3517 4650 ad
3572 4595 3799 4649 salutem

1790 4820 2014 4882 Jacobi
2056 4822 2124 4882 G.
2146 4827 2335 4888 ctscri
2374 4837 2564 4890 notae.

627 4944 744 5015 (l5)
779 4941 1298 5015 InsinuatDioptra:
1347 4951 1541 5015 auctor
1590 4943 1738 4999 illam
1775 4947 2127 5015 sententiam,

556 5013 678 5086 qua:
708 5015 849 5086 dicit
872 5013 1272 5086 Antichristum
1301 5028 1414 5086 non
1445 5014 1563 5086 fore
1595 5030 1786 5086 verum
1820 5014 2125 5086 hominem.

553 5082 649 5140 sed
689 5084 995 5139 daemonem
1035 5082 1140 5138 sub
1175 5083 1430 5153 simulata
1474 5084 1717 5140 hominis
1762 5084 2023 5153 imagine,
2067 5096 2127 5141 ut

554 5155 731 5210 sensit
786 5153 1114 5224 Hippolytus
1166 5152 1381 5224 lihsbe
1425 5152 2124 5212 consummatione’mculi.

548 5227 680 5291 Quae
708 5223 897 5293 opinio
932 5223 1213 5293 communi
1252 5223 1632 5293 theologorum
1663 5238 1936 5293 consensu
1961 5227 2125 5281 refel-

550 5295 702 5357 litur,
719 5291 780 5347 ut
794 5302 850 5347 et
868 5294 958 5347 illa
976 5306 1097 5360 qua:
1109 5291 1224 5346 vult
1240 5291 1640 5350 Antichristum
1659 5292 1775 5349 fore
1793 5294 2120 5359 dazmonem,

550 5366 646 5419 sed
674 5363 836 5418 simul
866 5361 1168 5427 hominem,
1198 5362 1543 5420 incarnatum
1573 5364 1785 5421 scilicet
1810 5364 2118 5422 daemonem

2230 4953 2285 5007 in
2310 4970 2439 5039 vera
2463 4957 2829 5039 humanitate.
2864 4962 3234 5039 Vide_S_uarez
3266 4976 3398 5023 tom.
3424 4968 3493 5039 ll,
3528 4968 3675 5039 disp.
3707 4969 3801 5034 54,

2229 5034 2365 5107 sect.
2389 5041 2428 5092 ι,
2454 5037 2528 5107 etn
2533 5027 2860 5107 Gregorium
2887 5035 2954 5088 de
2971 5034 3228 5107 _Valentia
3260 5051 3392 5094 tom.
3419 5027 3509 5101 Ν,
3535 5027 3678 5107 disp.
3711 5027 3798 5104 lt,

2230 5109 2288 5187 επὶ
2316 5095 2383 5187 2:
2400 5111 2458 5187 p.
2498 5095 2719 5187 ﬁlicet
2754 5102 2870 5171 ipsa
2909 5104 3076 5157 etiam
3098 5106 3342 5187 _Dioptra
3375 5095 3639 5187 sequenti:
3671 5095 3797 5187 cap.

2229 5166 2463 5246 dihnon
2489 5169 2750 5246 obscure
2775 5166 2960 5246 veram
2993 5166 3325 5246 sententiam
3355 5181 3424 5235 de
3455 5166 3802 5233 Antichristi)

2229 5235 2602 5316 indicettfore
2631 5240 2845 5296 scilicet
2873 5244 3147 5316 hominem
3179 5262 3396 5313 verum,
3414 5248 3520 5306 etsi
3540 5248 3802 5304 eximium

2225 5303 2429 5359 diaboli
2461 5308 2887 5367 instrumentum
2916 5322 2971 5366 et
2997 5315 3359 5374 domicilium.

2007 5481 2280 5544 Schoﬁa.

1059 5577 1403 5672 impingam:
1454 5594 1636 5640 vocata
1681 5594 1757 5639 est
1804 5593 1854 5638 et
1907 5590 2112 5651 statua,
2151 5602 2313 5657 quam
2338 5587 2605 5644 Adrianus
2646 5592 2934 5668 imperator
2959 5596 3009 5648 in
3061 5597 3251 5666 templo
3290 5598 3797 5672 Hicrosolymilauo,

555 5649 692 5717 quod
724 5657 846 5700 tunc
878 5658 1013 5714 erat,
1051 5649 1341 5702 constituit.
