  <div class='ocr_page' id='page_1' title='image "/cluster/home/n/w/nwhite01/storage/ocr_20150623/127/hvd.32044073502411/414.png"; bbox 0 0 4102 6200; ppageno 0'>
   <div class='ocr_carea' id='block_1_1' title="bbox 385 359 493 422">
    <p class='ocr_par' dir='ltr' id='par_1_1' title="bbox 385 359 493 422">
     <span class='ocr_line' id='line_1_1' title="bbox 385 359 493 422; baseline -0.009 0"><span class='ocrx_word' id='word_1_1' title='bbox 385 359 493 422; x_wconf 69' lang='grc' dir='ltr'>θη</span> 
     </span>
    </p>
   </div>
   <div class='ocr_carea' id='block_1_2' title="bbox 387 558 1957 633">
    <p class='ocr_par' dir='ltr' id='par_1_2' title="bbox 387 558 1957 633">
     <span class='ocr_line' id='line_1_2' title="bbox 387 558 1957 633; baseline 0.001 -18"><span class='ocrx_word' id='word_1_2' title='bbox 387 581 498 617; x_wconf 86' lang='lat' dir='ltr'><strong>vnn</strong></span> <span class='ocrx_word' id='word_1_3' title='bbox 533 562 729 616; x_wconf 87' lang='lat' dir='ltr'><strong>habeat</strong></span> <span class='ocrx_word' id='word_1_4' title='bbox 756 560 939 614; x_wconf 86' lang='lat' dir='ltr'><strong>divina</strong></span> <span class='ocrx_word' id='word_1_5' title='bbox 965 560 1080 615; x_wconf 61' lang='lat' dir='ltr'><strong>haec</strong></span> <span class='ocrx_word' id='word_1_6' title='bbox 1106 558 1405 626; x_wconf 75' lang='lat' dir='ltr'><strong>armatura,</strong></span> <span class='ocrx_word' id='word_1_7' title='bbox 1433 578 1597 632; x_wconf 80' lang='lat' dir='ltr'><strong>quam</strong></span> <span class='ocrx_word' id='word_1_8' title='bbox 1622 562 1692 617; x_wconf 90' lang='lat' dir='ltr'><strong>sit</strong></span> <span class='ocrx_word' id='word_1_9' title='bbox 1728 566 1957 633; x_wconf 77' lang='lat' dir='ltr'><strong>inexpu-</strong></span> 
     </span>
    </p>
   </div>
   <div class='ocr_carea' id='block_1_3' title="bbox 1828 348 2180 421">
    <p class='ocr_par' dir='ltr' id='par_1_3' title="bbox 1828 348 2180 421">
     <span class='ocr_line' id='line_1_3' title="bbox 1828 348 2180 421; baseline 0.003 -1"><span class='ocrx_word' id='word_1_10' title='bbox 1828 348 2180 421; x_wconf 71' lang='lat' dir='ltr'><strong>DIOP’I‘RA.</strong></span> 
     </span>
    </p>
   </div>
   <div class='ocr_carea' id='block_1_4' title="bbox 386 470 2843 544">
    <p class='ocr_par' dir='ltr' id='par_1_4' title="bbox 386 470 2843 544">
     <span class='ocr_line' id='line_1_4' title="bbox 386 470 2843 544; baseline 0 -18"><span class='ocrx_word' id='word_1_11' title='bbox 386 475 596 544; x_wconf 72' lang='lat' dir='ltr'><strong>signari</strong></span> <span class='ocrx_word' id='word_1_12' title='bbox 631 481 886 541; x_wconf 88' lang='lat' dir='ltr'><strong>nequeat.</strong></span> <span class='ocrx_word' id='word_1_13' title='bbox 913 470 1049 527; x_wconf 86' lang='lat' dir='ltr'><strong>Cum</strong></span> <span class='ocrx_word' id='word_1_14' title='bbox 1085 471 1234 526; x_wconf 89' lang='lat' dir='ltr'><strong>enim</strong></span> <span class='ocrx_word' id='word_1_15' title='bbox 1291 488 1398 528; x_wconf 89' lang='lat' dir='ltr'><strong>non</strong></span> <span class='ocrx_word' id='word_1_16' title='bbox 1437 473 1654 544; x_wconf 89' lang='lat' dir='ltr'><strong>ignoret</strong></span> <span class='ocrx_word' id='word_1_17' title='bbox 1700 482 1959 543; x_wconf 85' lang='lat' dir='ltr'><strong>quantam</strong></span> <span class='ocrx_word' id='word_1_18' title='bbox 1998 484 2035 535; x_wconf 77' lang='grc' dir='ltr'><strong>Α</strong></span> <span class='ocrx_word' id='word_1_19' title='bbox 2071 474 2194 530; x_wconf 66' lang='lat' dir='ltr'><strong>vitae</strong></span> <span class='ocrx_word' id='word_1_20' title='bbox 2248 474 2481 544; x_wconf 86' lang='lat' dir='ltr'><strong>cupidus</strong></span> <span class='ocrx_word' id='word_1_21' title='bbox 2535 474 2843 543; x_wconf 78' lang='lat' dir='ltr'><strong>reperietur</strong></span> 
     </span>
    </p>
   </div>
   <div class='ocr_carea' id='block_1_5' title="bbox 3526 356 3631 420">
    <p class='ocr_par' dir='ltr' id='par_1_5' title="bbox 3526 356 3631 420">
     <span class='ocr_line' id='line_1_5' title="bbox 3526 356 3631 420; baseline -0.019 0"><span class='ocrx_word' id='word_1_22' title='bbox 3526 356 3631 420; x_wconf 81' lang='grc'><strong>818</strong></span> 
     </span>
    </p>
   </div>
   <div class='ocr_carea' id='block_1_6' title="bbox 2896 473 3630 544">
    <p class='ocr_par' dir='ltr' id='par_1_6' title="bbox 2896 473 3630 544">
     <span class='ocr_line' id='line_1_6' title="bbox 2896 473 3630 544; baseline -0.001 -16"><span class='ocrx_word' id='word_1_23' title='bbox 2896 492 2908 528; x_wconf 90' lang='lat'>:</span> <span class='ocrx_word' id='word_1_24' title='bbox 2956 473 3051 529; x_wconf 91' lang='lat' dir='ltr'><strong>sed</strong></span> <span class='ocrx_word' id='word_1_25' title='bbox 3098 482 3157 528; x_wconf 88' lang='lat' dir='ltr'><strong>ut</strong></span> <span class='ocrx_word' id='word_1_26' title='bbox 3209 473 3407 544; x_wconf 84' lang='lat' dir='ltr'><strong>pulvis.</strong></span> <span class='ocrx_word' id='word_1_27' title='bbox 3457 474 3630 543; x_wconf 81' lang='lat' dir='ltr'><strong>palam</strong></span> 
     </span>
    </p>
   </div>
   <div class='ocr_carea' id='block_1_7' title="bbox 2063 567 3630 638">
    <p class='ocr_par' dir='ltr' id='par_1_7' title="bbox 2063 567 3630 638">
     <span class='ocr_line' id='line_1_7' title="bbox 2063 567 3630 638; baseline 0.001 -18"><span class='ocrx_word' id='word_1_28' title='bbox 2063 567 2247 621; x_wconf 84' lang='lat' dir='ltr'><strong>omnia</strong></span> <span class='ocrx_word' id='word_1_29' title='bbox 2277 567 2699 636; x_wconf 90' lang='lat' dir='ltr'><strong>reputabuntur.</strong></span> <span class='ocrx_word' id='word_1_30' title='bbox 2732 568 2835 634; x_wconf 96' lang='lat' dir='ltr'><strong>Qui</strong></span> <span class='ocrx_word' id='word_1_31' title='bbox 2868 568 3034 638; x_wconf 78' lang='lat' dir='ltr'><strong>igitur</strong></span> <span class='ocrx_word' id='word_1_32' title='bbox 3059 568 3385 623; x_wconf 75' lang='lat' dir='ltr'><strong>adversante</strong></span> <span class='ocrx_word' id='word_1_33' title='bbox 3417 570 3630 621; x_wconf 91' lang='lat' dir='ltr'><strong>ratione</strong></span> 
     </span>
    </p>
   </div>
   <div class='ocr_carea' id='block_1_8' title="bbox 385 651 3627 729">
    <p class='ocr_par' dir='ltr' id='par_1_8' title="bbox 385 651 3627 729">
     <span class='ocr_line' id='line_1_8' title="bbox 385 651 3627 729; baseline 0.001 -25"><span class='ocrx_word' id='word_1_34' title='bbox 385 651 619 723; x_wconf 80' lang='lat' dir='ltr'><strong>guabilis</strong></span> <span class='ocrx_word' id='word_1_35' title='bbox 673 660 730 705; x_wconf 83' lang='lat' dir='ltr'><strong>et</strong></span> <span class='ocrx_word' id='word_1_36' title='bbox 808 651 1014 705; x_wconf 88' lang='lat' dir='ltr'><strong>invicta</strong></span> <span class='ocrx_word' id='word_1_37' title='bbox 1065 651 1119 704; x_wconf 91' lang='lat' dir='ltr'><strong>in</strong></span> <span class='ocrx_word' id='word_1_38' title='bbox 1175 652 1456 716; x_wconf 89' lang='lat' dir='ltr'><strong>omnibus,</strong></span> <span class='ocrx_word' id='word_1_39' title='bbox 1519 661 1574 705; x_wconf 91' lang='lat' dir='ltr'><strong>et</strong></span> <span class='ocrx_word' id='word_1_40' title='bbox 1629 668 1794 722; x_wconf 87' lang='lat' dir='ltr'><strong>quam</strong></span> <span class='ocrx_word' id='word_1_41' title='bbox 1845 654 1966 723; x_wconf 82' lang='lat' dir='ltr'><strong>ejus</strong></span> <span class='ocrx_word' id='word_1_42' title='bbox 2061 659 2228 714; x_wconf 87' lang='lat' dir='ltr'><strong>Belial</strong></span> <span class='ocrx_word' id='word_1_43' title='bbox 2259 660 2438 729; x_wconf 88' lang='lat' dir='ltr'><strong>capita</strong></span> <span class='ocrx_word' id='word_1_44' title='bbox 2486 660 2877 723; x_wconf 90' lang='lat' dir='ltr'><strong>submiserint,</strong></span> <span class='ocrx_word' id='word_1_45' title='bbox 2934 660 3193 729; x_wconf 91' lang='lat' dir='ltr'><strong>atheique</strong></span> <span class='ocrx_word' id='word_1_46' title='bbox 3242 659 3389 714; x_wconf 89' lang='lat' dir='ltr'><strong>illius</strong></span> <span class='ocrx_word' id='word_1_47' title='bbox 3432 660 3627 713; x_wconf 74' lang='lat' dir='ltr'><strong>chara-</strong></span> 
     </span>
    </p>
   </div>
   <div class='ocr_carea' id='block_1_9' title="bbox 386 742 1962 813">
    <p class='ocr_par' dir='ltr' id='par_1_9' title="bbox 386 742 1962 813">
     <span class='ocr_line' id='line_1_9' title="bbox 386 742 1962 813; baseline 0.003 -21"><span class='ocrx_word' id='word_1_48' title='bbox 386 753 651 797; x_wconf 67' lang='lat' dir='ltr'><strong>asuntaxat</strong></span> <span class='ocrx_word' id='word_1_49' title='bbox 666 757 923 813; x_wconf 80' lang='lat' dir='ltr'><strong>expressa</strong></span> <span class='ocrx_word' id='word_1_50' title='bbox 941 743 1111 811; x_wconf 74' lang='lat' dir='ltr'><strong>figura</strong></span> <span class='ocrx_word' id='word_1_51' title='bbox 1133 742 1410 798; x_wconf 77' lang='lat' dir='ltr'><strong>dannones</strong></span> <span class='ocrx_word' id='word_1_52' title='bbox 1427 743 1701 808; x_wconf 86' lang='lat' dir='ltr'><strong>debilitet,</strong></span> <span class='ocrx_word' id='word_1_53' title='bbox 1724 743 1824 797; x_wconf 87' lang='lat' dir='ltr'><strong>hac</strong></span> <span class='ocrx_word' id='word_1_54' title='bbox 1847 744 1962 812; x_wconf 88' lang='lat' dir='ltr'><strong>ipsa</strong></span> 
     </span>
    </p>
   </div>
   <div class='ocr_carea' id='block_1_10' title="bbox 385 835 1964 906">
    <p class='ocr_par' dir='ltr' id='par_1_10' title="bbox 385 835 1964 906">
     <span class='ocr_line' id='line_1_10' title="bbox 385 835 1964 906; baseline 0.001 -16"><span class='ocrx_word' id='word_1_55' title='bbox 385 835 683 890; x_wconf 75' lang='lat' dir='ltr'><strong>Christiani</strong></span> <span class='ocrx_word' id='word_1_56' title='bbox 734 835 920 905; x_wconf 84' lang='lat' dir='ltr'><strong>pepuli</strong></span> <span class='ocrx_word' id='word_1_57' title='bbox 984 835 1149 889; x_wconf 81' lang='lat' dir='ltr'><strong>etiam</strong></span> <span class='ocrx_word' id='word_1_58' title='bbox 1197 836 1407 890; x_wconf 75' lang='lat' dir='ltr'><strong>frontes</strong></span> <span class='ocrx_word' id='word_1_59' title='bbox 1455 837 1677 906; x_wconf 84' lang='lat' dir='ltr'><strong>penitus</strong></span> <span class='ocrx_word' id='word_1_60' title='bbox 1729 837 1964 906; x_wconf 71' lang='lat' dir='ltr'><strong>spoiiare</strong></span> 
     </span>
    </p>
   </div>
   <div class='ocr_carea' id='block_1_11' title="bbox 387 926 1964 999">
    <p class='ocr_par' dir='ltr' id='par_1_11' title="bbox 387 926 1964 999">
     <span class='ocr_line' id='line_1_11' title="bbox 387 926 1964 999; baseline 0.001 -18"><span class='ocrx_word' id='word_1_61' title='bbox 387 926 813 981; x_wconf 84' lang='lat' dir='ltr'><strong>machinabitur.</strong></span> <span class='ocrx_word' id='word_1_62' title='bbox 840 926 996 981; x_wconf 80' lang='lat' dir='ltr'><strong>Tunc</strong></span> <span class='ocrx_word' id='word_1_63' title='bbox 1021 944 1166 981; x_wconf 87' lang='lat' dir='ltr'><strong>mare</strong></span> <span class='ocrx_word' id='word_1_64' title='bbox 1186 929 1496 997; x_wconf 82' lang='lat' dir='ltr'><strong>perculsum</strong></span> <span class='ocrx_word' id='word_1_65' title='bbox 1522 928 1754 999; x_wconf 84' lang='lat' dir='ltr'><strong>refugiet</strong></span> <span class='ocrx_word' id='word_1_66' title='bbox 1776 970 1789 992; x_wconf 93' lang='lat'><strong>,</strong></span> <span class='ocrx_word' id='word_1_67' title='bbox 1821 938 1964 983; x_wconf 89' lang='lat' dir='ltr'><strong>terra</strong></span> 
     </span>
    </p>
   </div>
   <div class='ocr_carea' id='block_1_12' title="bbox 383 1018 1963 1087">
    <p class='ocr_par' dir='ltr' id='par_1_12' title="bbox 383 1018 1963 1087">
     <span class='ocr_line' id='line_1_12' title="bbox 383 1018 1963 1087; baseline 0.002 -16"><span class='ocrx_word' id='word_1_68' title='bbox 383 1024 670 1072; x_wconf 76' lang='lat' dir='ltr'><strong>exarescet</strong></span> <span class='ocrx_word' id='word_1_69' title='bbox 695 1059 710 1084; x_wconf 91' lang='lat'><strong>,</strong></span> <span class='ocrx_word' id='word_1_70' title='bbox 753 1019 940 1073; x_wconf 86' lang='lat' dir='ltr'><strong>nullus</strong></span> <span class='ocrx_word' id='word_1_71' title='bbox 992 1018 1233 1087; x_wconf 80' lang='lat' dir='ltr'><strong>desuper</strong></span> <span class='ocrx_word' id='word_1_72' title='bbox 1266 1019 1426 1072; x_wconf 83' lang='lat' dir='ltr'><strong>cadet</strong></span> <span class='ocrx_word' id='word_1_73' title='bbox 1455 1019 1672 1083; x_wconf 86' lang='lat' dir='ltr'><strong>humor,</strong></span> <span class='ocrx_word' id='word_1_74' title='bbox 1709 1035 1819 1073; x_wconf 90' lang='lat' dir='ltr'><strong>non</strong></span> <span class='ocrx_word' id='word_1_75' title='bbox 1852 1036 1963 1083; x_wconf 89' lang='lat' dir='ltr'><strong>ros,</strong></span> 
     </span>
    </p>
   </div>
   <div class='ocr_carea' id='block_1_13' title="bbox 386 1108 1951 1177">
    <p class='ocr_par' dir='ltr' id='par_1_13' title="bbox 386 1108 1951 1177">
     <span class='ocr_line' id='line_1_13' title="bbox 386 1108 1951 1177; baseline 0.001 -15"><span class='ocrx_word' id='word_1_76' title='bbox 386 1124 500 1162; x_wconf 86' lang='lat' dir='ltr'><strong>non</strong></span> <span class='ocrx_word' id='word_1_77' title='bbox 522 1108 711 1177; x_wconf 86' lang='lat' dir='ltr'><strong>pluvia</strong></span> <span class='ocrx_word' id='word_1_78' title='bbox 741 1126 752 1161; x_wconf 87' lang='lat'><strong>:</strong></span> <span class='ocrx_word' id='word_1_79' title='bbox 782 1109 951 1162; x_wconf 88' lang='lat' dir='ltr'><strong>herba</strong></span> <span class='ocrx_word' id='word_1_80' title='bbox 979 1109 1171 1163; x_wconf 83' lang='lat' dir='ltr'><strong>viridis</strong></span> <span class='ocrx_word' id='word_1_81' title='bbox 1190 1118 1247 1162; x_wconf 82' lang='lat' dir='ltr'><strong>et</strong></span> <span class='ocrx_word' id='word_1_82' title='bbox 1272 1108 1529 1163; x_wconf 90' lang='lat' dir='ltr'><strong>arborum</strong></span> <span class='ocrx_word' id='word_1_83' title='bbox 1558 1108 1683 1163; x_wconf 87' lang='lat' dir='ltr'><strong>folia</strong></span> <span class='ocrx_word' id='word_1_84' title='bbox 1717 1111 1951 1164; x_wconf 88' lang='lat' dir='ltr'><strong>morien-</strong></span> 
     </span>
    </p>
   </div>
   <div class='ocr_carea' id='block_1_14' title="bbox 388 1198 1961 1273">
    <p class='ocr_par' dir='ltr' id='par_1_14' title="bbox 388 1198 1961 1273">
     <span class='ocr_line' id='line_1_14' title="bbox 388 1198 1961 1273; baseline 0.004 -24"><span class='ocrx_word' id='word_1_85' title='bbox 388 1206 512 1262; x_wconf 80' lang='lat' dir='ltr'><strong>tur;</strong></span> <span class='ocrx_word' id='word_1_86' title='bbox 546 1213 756 1263; x_wconf 89' lang='lat' dir='ltr'><strong>omnes,</strong></span> <span class='ocrx_word' id='word_1_87' title='bbox 819 1198 960 1253; x_wconf 83' lang='lat' dir='ltr'><strong>alius</strong></span> <span class='ocrx_word' id='word_1_88' title='bbox 1017 1199 1070 1252; x_wconf 93' lang='lat' dir='ltr'><strong>in</strong></span> <span class='ocrx_word' id='word_1_89' title='bbox 1101 1201 1263 1255; x_wconf 88' lang='lat' dir='ltr'><strong>aliam</strong></span> <span class='ocrx_word' id='word_1_90' title='bbox 1317 1203 1599 1271; x_wconf 82' lang='lat' dir='ltr'><strong>regionem</strong></span> <span class='ocrx_word' id='word_1_91' title='bbox 1656 1202 1961 1273; x_wconf 83' lang='lat' dir='ltr'><strong>aufugient.</strong></span> 
     </span>
    </p>
   </div>
   <div class='ocr_carea' id='block_1_15' title="bbox 386 1288 1966 1358">
    <p class='ocr_par' dir='ltr' id='par_1_15' title="bbox 386 1288 1966 1358">
     <span class='ocr_line' id='line_1_15' title="bbox 386 1288 1966 1358; baseline 0.003 -15"><span class='ocrx_word' id='word_1_92' title='bbox 386 1288 628 1358; x_wconf 83' lang='lat' dir='ltr'><strong>Europei</strong></span> <span class='ocrx_word' id='word_1_93' title='bbox 680 1288 733 1341; x_wconf 89' lang='lat' dir='ltr'><strong>in</strong></span> <span class='ocrx_word' id='word_1_94' title='bbox 773 1289 1057 1344; x_wconf 86' lang='lat' dir='ltr'><strong>Orientem</strong></span> <span class='ocrx_word' id='word_1_95' title='bbox 1114 1306 1172 1345; x_wconf 90' lang='lat' dir='ltr'><strong>se</strong></span> <span class='ocrx_word' id='word_1_96' title='bbox 1207 1291 1514 1353; x_wconf 83' lang='lat' dir='ltr'><strong>conferent,</strong></span> <span class='ocrx_word' id='word_1_97' title='bbox 1551 1292 1679 1347; x_wconf 91' lang='lat' dir='ltr'><strong>inde</strong></span> <span class='ocrx_word' id='word_1_98' title='bbox 1723 1294 1777 1347; x_wconf 92' lang='lat' dir='ltr'><strong>in</strong></span> <span class='ocrx_word' id='word_1_99' title='bbox 1810 1294 1966 1348; x_wconf 85' lang='lat' dir='ltr'><strong>Occi-</strong></span> 
     </span>
    </p>
   </div>
   <div class='ocr_carea' id='block_1_16' title="bbox 385 1380 1965 1454">
    <p class='ocr_par' dir='ltr' id='par_1_16' title="bbox 385 1380 1965 1454">
     <span class='ocr_line' id='line_1_16' title="bbox 385 1380 1965 1454; baseline 0.002 -20"><span class='ocrx_word' id='word_1_100' title='bbox 385 1380 631 1443; x_wconf 86' lang='lat' dir='ltr'><strong>dentem,</strong></span> <span class='ocrx_word' id='word_1_101' title='bbox 687 1389 743 1435; x_wconf 91' lang='lat' dir='ltr'><strong>et</strong></span> <span class='ocrx_word' id='word_1_102' title='bbox 792 1380 859 1434; x_wconf 89' lang='lat' dir='ltr'><strong>ad</strong></span> <span class='ocrx_word' id='word_1_103' title='bbox 885 1380 1328 1450; x_wconf 76' lang='lat' dir='ltr'><strong>Septentrionem</strong></span> <span class='ocrx_word' id='word_1_104' title='bbox 1379 1397 1445 1436; x_wconf 86' lang='lat' dir='ltr'><strong>ex</strong></span> <span class='ocrx_word' id='word_1_105' title='bbox 1494 1382 1663 1454; x_wconf 84' lang='lat' dir='ltr'><strong>Libya</strong></span> <span class='ocrx_word' id='word_1_106' title='bbox 1721 1392 1965 1438; x_wconf 87' lang='lat' dir='ltr'><strong>current.</strong></span> 
     </span>
    </p>
   </div>
   <div class='ocr_carea' id='block_1_17' title="bbox 388 1470 1963 1545">
    <p class='ocr_par' dir='ltr' id='par_1_17' title="bbox 388 1470 1963 1545">
     <span class='ocr_line' id='line_1_17' title="bbox 388 1470 1963 1545; baseline 0.003 -20"><span class='ocrx_word' id='word_1_107' title='bbox 388 1470 563 1525; x_wconf 82' lang='lat' dir='ltr'><strong>Totus</strong></span> <span class='ocrx_word' id='word_1_108' title='bbox 596 1471 748 1527; x_wconf 84' lang='lat' dir='ltr'><strong>orbis</strong></span> <span class='ocrx_word' id='word_1_109' title='bbox 774 1472 830 1527; x_wconf 91' lang='lat' dir='ltr'><strong>in</strong></span> <span class='ocrx_word' id='word_1_110' title='bbox 869 1474 1149 1542; x_wconf 79' lang='lat' dir='ltr'><strong>angustias</strong></span> <span class='ocrx_word' id='word_1_111' title='bbox 1194 1474 1476 1545; x_wconf 88' lang='lat' dir='ltr'><strong>redigetur</strong></span> <span class='ocrx_word' id='word_1_112' title='bbox 1506 1492 1521 1529; x_wconf 92' lang='lat'><strong>:</strong></span> <span class='ocrx_word' id='word_1_113' title='bbox 1549 1485 1741 1544; x_wconf 90' lang='lat' dir='ltr'><strong>gentes</strong></span> <span class='ocrx_word' id='word_1_114' title='bbox 1769 1476 1963 1530; x_wconf 80' lang='lat' dir='ltr'><strong>timore</strong></span> 
     </span>
    </p>
   </div>
   <div class='ocr_carea' id='block_1_18' title="bbox 381 1562 1963 1632">
    <p class='ocr_par' dir='ltr' id='par_1_18' title="bbox 381 1562 1963 1632">
     <span class='ocr_line' id='line_1_18' title="bbox 381 1562 1963 1632; baseline 0.001 -15"><span class='ocrx_word' id='word_1_115' title='bbox 381 1563 785 1631; x_wconf 70' lang='lat' dir='ltr'><strong>corripiantur.</strong></span> <span class='ocrx_word' id='word_1_116' title='bbox 819 1562 1036 1626; x_wconf 85' lang='lat' dir='ltr'><strong>Fames,</strong></span> <span class='ocrx_word' id='word_1_117' title='bbox 1092 1564 1284 1632; x_wconf 88' lang='lat' dir='ltr'><strong>pestis,</strong></span> <span class='ocrx_word' id='word_1_118' title='bbox 1330 1573 1699 1627; x_wconf 73' lang='lat' dir='ltr'><strong>terraneotus,</strong></span> <span class='ocrx_word' id='word_1_119' title='bbox 1734 1580 1963 1632; x_wconf 78' lang='lat' dir='ltr'><strong>quassa-</strong></span> 
     </span>
    </p>
   </div>
   <div class='ocr_carea' id='block_1_19' title="bbox 387 1655 1962 1726">
    <p class='ocr_par' dir='ltr' id='par_1_19' title="bbox 387 1655 1962 1726">
     <span class='ocr_line' id='line_1_19' title="bbox 387 1655 1962 1726; baseline 0 -15"><span class='ocrx_word' id='word_1_120' title='bbox 387 1656 587 1719; x_wconf 84' lang='lat' dir='ltr'><strong>tiones,</strong></span> <span class='ocrx_word' id='word_1_121' title='bbox 631 1665 899 1710; x_wconf 90' lang='lat' dir='ltr'><strong>tremores</strong></span> <span class='ocrx_word' id='word_1_122' title='bbox 931 1656 984 1709; x_wconf 82' lang='lat' dir='ltr'><strong>in</strong></span> <span class='ocrx_word' id='word_1_123' title='bbox 1022 1656 1275 1720; x_wconf 83' lang='lat' dir='ltr'><strong>urbibus,</strong></span> <span class='ocrx_word' id='word_1_124' title='bbox 1311 1655 1364 1710; x_wconf 87' lang='lat' dir='ltr'><strong>in</strong></span> <span class='ocrx_word' id='word_1_125' title='bbox 1407 1656 1643 1726; x_wconf 84' lang='lat' dir='ltr'><strong>Oppidis,</strong></span> <span class='ocrx_word' id='word_1_126' title='bbox 1695 1657 1746 1710; x_wconf 92' lang='lat' dir='ltr'><strong>in</strong></span> <span class='ocrx_word' id='word_1_127' title='bbox 1784 1658 1962 1711; x_wconf 82' lang='lat' dir='ltr'><strong>conti-</strong></span> 
     </span>
    </p>
   </div>
   <div class='ocr_carea' id='block_1_20' title="bbox 384 1746 1961 1814">
    <p class='ocr_par' dir='ltr' id='par_1_20' title="bbox 384 1746 1961 1814">
     <span class='ocr_line' id='line_1_20' title="bbox 384 1746 1961 1814; baseline 0.003 -15"><span class='ocrx_word' id='word_1_128' title='bbox 384 1756 555 1799; x_wconf 85' lang='lat' dir='ltr'><strong>nente</strong></span> <span class='ocrx_word' id='word_1_129' title='bbox 626 1755 688 1801; x_wconf 87' lang='lat' dir='ltr'><strong>et</strong></span> <span class='ocrx_word' id='word_1_130' title='bbox 733 1746 790 1801; x_wconf 90' lang='lat' dir='ltr'><strong>in</strong></span> <span class='ocrx_word' id='word_1_131' title='bbox 845 1746 1005 1809; x_wconf 86' lang='lat' dir='ltr'><strong>mari,</strong></span> <span class='ocrx_word' id='word_1_132' title='bbox 1037 1757 1092 1802; x_wconf 91' lang='lat' dir='ltr'><strong>et</strong></span> <span class='ocrx_word' id='word_1_133' title='bbox 1136 1747 1408 1813; x_wconf 81' lang='lat' dir='ltr'><strong>confusio,</strong></span> <span class='ocrx_word' id='word_1_134' title='bbox 1467 1758 1523 1802; x_wconf 92' lang='lat' dir='ltr'><strong>et</strong></span> <span class='ocrx_word' id='word_1_135' title='bbox 1566 1748 1866 1814; x_wconf 81' lang='lat' dir='ltr'><strong>tribulatio,</strong></span> <span class='ocrx_word' id='word_1_136' title='bbox 1906 1757 1961 1803; x_wconf 87' lang='lat' dir='ltr'><strong>et</strong></span> 
     </span>
    </p>
   </div>
   <div class='ocr_carea' id='block_1_21' title="bbox 384 1810 2034 1896">
    <p class='ocr_par' dir='ltr' id='par_1_21' title="bbox 384 1810 2034 1896">
     <span class='ocr_line' id='line_1_21' title="bbox 384 1810 2034 1896; baseline 0.002 -4"><span class='ocrx_word' id='word_1_137' title='bbox 384 1837 608 1892; x_wconf 72' lang='lat' dir='ltr'><strong>atﬁictio</strong></span> <span class='ocrx_word' id='word_1_138' title='bbox 659 1838 717 1892; x_wconf 90' lang='lat' dir='ltr'><strong>in</strong></span> <span class='ocrx_word' id='word_1_139' title='bbox 792 1839 999 1893; x_wconf 87' lang='lat' dir='ltr'><strong>mundo</strong></span> <span class='ocrx_word' id='word_1_140' title='bbox 1058 1839 1388 1893; x_wconf 88' lang='lat' dir='ltr'><strong>sentientur.</strong></span> <span class='ocrx_word' id='word_1_141' title='bbox 1462 1839 1720 1895; x_wconf 86' lang='lat' dir='ltr'><strong>Esurient</strong></span> <span class='ocrx_word' id='word_1_142' title='bbox 1791 1842 1956 1896; x_wconf 83' lang='lat' dir='ltr'><strong>simul</strong></span> <span class='ocrx_word' id='word_1_143' title='bbox 1989 1810 2034 1869; x_wconf 79' lang='grc' dir='ltr'><strong>Β</strong></span> 
     </span>
    </p>
   </div>
   <div class='ocr_carea' id='block_1_22' title="bbox 381 1928 1959 1999">
    <p class='ocr_par' dir='ltr' id='par_1_22' title="bbox 381 1928 1959 1999">
     <span class='ocr_line' id='line_1_22' title="bbox 381 1928 1959 1999; baseline -0.001 -16"><span class='ocrx_word' id='word_1_144' title='bbox 381 1944 602 1994; x_wconf 84' lang='lat' dir='ltr'><strong>onnies,</strong></span> <span class='ocrx_word' id='word_1_145' title='bbox 656 1939 712 1983; x_wconf 90' lang='lat' dir='ltr'><strong>et</strong></span> <span class='ocrx_word' id='word_1_146' title='bbox 742 1929 895 1984; x_wconf 81' lang='lat' dir='ltr'><strong>dives</strong></span> <span class='ocrx_word' id='word_1_147' title='bbox 927 1940 982 1984; x_wconf 92' lang='lat' dir='ltr'><strong>et</strong></span> <span class='ocrx_word' id='word_1_148' title='bbox 1023 1945 1256 1999; x_wconf 88' lang='lat' dir='ltr'><strong>panper.</strong></span> <span class='ocrx_word' id='word_1_149' title='bbox 1310 1928 1531 1994; x_wconf 89' lang='lat' dir='ltr'><strong>Sitient,</strong></span> <span class='ocrx_word' id='word_1_150' title='bbox 1586 1928 1723 1983; x_wconf 88' lang='lat' dir='ltr'><strong>nudi</strong></span> <span class='ocrx_word' id='word_1_151' title='bbox 1774 1939 1959 1995; x_wconf 87' lang='lat' dir='ltr'><strong>erunt,</strong></span> 
     </span>
    </p>
   </div>
   <div class='ocr_carea' id='block_1_23' title="bbox 383 2022 1959 2090">
    <p class='ocr_par' dir='ltr' id='par_1_23' title="bbox 383 2022 1959 2090">
     <span class='ocr_line' id='line_1_23' title="bbox 383 2022 1959 2090; baseline 0.002 -15"><span class='ocrx_word' id='word_1_152' title='bbox 383 2029 626 2090; x_wconf 67' lang='lat' dir='ltr'><strong>egestate</strong></span> <span class='ocrx_word' id='word_1_153' title='bbox 656 2022 1070 2088; x_wconf 88' lang='lat' dir='ltr'><strong>cruciabuntur,</strong></span> <span class='ocrx_word' id='word_1_154' title='bbox 1093 2033 1151 2076; x_wconf 91' lang='lat' dir='ltr'><strong>et</strong></span> <span class='ocrx_word' id='word_1_155' title='bbox 1179 2038 1341 2078; x_wconf 86' lang='lat' dir='ltr'><strong>omne</strong></span> <span class='ocrx_word' id='word_1_156' title='bbox 1370 2023 1515 2079; x_wconf 85' lang='lat' dir='ltr'><strong>aliud</strong></span> <span class='ocrx_word' id='word_1_157' title='bbox 1548 2031 1959 2089; x_wconf 86' lang='lat' dir='ltr'><strong>nocumentum,</strong></span> 
     </span>
    </p>
   </div>
   <div class='ocr_carea' id='block_1_24' title="bbox 378 2113 1962 2182">
    <p class='ocr_par' dir='ltr' id='par_1_24' title="bbox 378 2113 1962 2182">
     <span class='ocr_line' id='line_1_24' title="bbox 378 2113 1962 2182; baseline 0.002 -15"><span class='ocrx_word' id='word_1_158' title='bbox 378 2113 853 2182; x_wconf 77' lang='lat' dir='ltr'><strong>acerbitatemque</strong></span> <span class='ocrx_word' id='word_1_159' title='bbox 897 2114 1198 2182; x_wconf 84' lang='lat' dir='ltr'><strong>patientur.</strong></span> <span class='ocrx_word' id='word_1_160' title='bbox 1240 2115 1514 2170; x_wconf 76' lang='lat' dir='ltr'><strong>Nocentes</strong></span> <span class='ocrx_word' id='word_1_161' title='bbox 1570 2116 1734 2170; x_wconf 88' lang='lat' dir='ltr'><strong>etiam</strong></span> <span class='ocrx_word' id='word_1_162' title='bbox 1773 2115 1962 2173; x_wconf 63' lang='lat' dir='ltr'><strong>bestiae</strong></span> 
     </span>
    </p>
   </div>
   <div class='ocr_carea' id='block_1_25' title="bbox 383 2204 1963 2278">
    <p class='ocr_par' dir='ltr' id='par_1_25' title="bbox 383 2204 1963 2278">
     <span class='ocr_line' id='line_1_25' title="bbox 383 2204 1963 2278; baseline 0.004 -20"><span class='ocrx_word' id='word_1_163' title='bbox 383 2204 703 2259; x_wconf 85' lang='lat' dir='ltr'><strong>hominibus</strong></span> <span class='ocrx_word' id='word_1_164' title='bbox 756 2206 824 2259; x_wconf 88' lang='lat' dir='ltr'><strong>ad</strong></span> <span class='ocrx_word' id='word_1_165' title='bbox 877 2206 1310 2273; x_wconf 87' lang='lat' dir='ltr'><strong>multitudinem,</strong></span> <span class='ocrx_word' id='word_1_166' title='bbox 1374 2209 1857 2278; x_wconf 84' lang='lat' dir='ltr'><strong>amplificationem</strong></span> <span class='ocrx_word' id='word_1_167' title='bbox 1903 2219 1963 2265; x_wconf 89' lang='lat' dir='ltr'><strong>et</strong></span> 
     </span>
    </p>
   </div>
   <div class='ocr_carea' id='block_1_26' title="bbox 386 2297 1963 2356">
    <p class='ocr_par' dir='ltr' id='par_1_26' title="bbox 386 2297 1963 2356">
     <span class='ocr_line' id='line_1_26' title="bbox 386 2297 1963 2356; baseline 0.002 -6"><span class='ocrx_word' id='word_1_168' title='bbox 386 2297 790 2350; x_wconf 82' lang='lat' dir='ltr'><strong>incrementum</strong></span> <span class='ocrx_word' id='word_1_169' title='bbox 847 2297 1176 2352; x_wconf 80' lang='lat' dir='ltr'><strong>calamitatis</strong></span> <span class='ocrx_word' id='word_1_170' title='bbox 1232 2298 1624 2355; x_wconf 86' lang='lat' dir='ltr'><strong>immittentur.</strong></span> <span class='ocrx_word' id='word_1_171' title='bbox 1685 2301 1850 2355; x_wconf 79' lang='lat' dir='ltr'><strong>Extra</strong></span> <span class='ocrx_word' id='word_1_172' title='bbox 1906 2314 1963 2356; x_wconf 86' lang='lat' dir='ltr'><strong>et</strong></span> 
     </span>
    </p>
   </div>
   <div class='ocr_carea' id='block_1_27' title="bbox 388 2386 1963 2459">
    <p class='ocr_par' dir='ltr' id='par_1_27' title="bbox 388 2386 1963 2459">
     <span class='ocr_line' id='line_1_27' title="bbox 388 2386 1963 2459; baseline 0.004 -20"><span class='ocrx_word' id='word_1_173' title='bbox 388 2386 562 2449; x_wconf 86' lang='lat' dir='ltr'><strong>intus,</strong></span> <span class='ocrx_word' id='word_1_174' title='bbox 595 2387 840 2455; x_wconf 83' lang='lat' dir='ltr'><strong>undique</strong></span> <span class='ocrx_word' id='word_1_175' title='bbox 869 2395 1099 2448; x_wconf 88' lang='lat' dir='ltr'><strong>tremor,</strong></span> <span class='ocrx_word' id='word_1_176' title='bbox 1129 2395 1186 2442; x_wconf 87' lang='lat' dir='ltr'><strong>et</strong></span> <span class='ocrx_word' id='word_1_177' title='bbox 1220 2390 1475 2459; x_wconf 78' lang='lat' dir='ltr'><strong>gemitus,</strong></span> <span class='ocrx_word' id='word_1_178' title='bbox 1508 2399 1565 2443; x_wconf 90' lang='lat' dir='ltr'><strong>et</strong></span> <span class='ocrx_word' id='word_1_179' title='bbox 1597 2390 1867 2459; x_wconf 88' lang='lat' dir='ltr'><strong>ploratus,</strong></span> <span class='ocrx_word' id='word_1_180' title='bbox 1905 2400 1963 2446; x_wconf 91' lang='lat' dir='ltr'><strong>et</strong></span> 
     </span>
    </p>
   </div>
   <div class='ocr_carea' id='block_1_28' title="bbox 382 2473 1962 2548">
    <p class='ocr_par' dir='ltr' id='par_1_28' title="bbox 382 2473 1962 2548">
     <span class='ocr_line' id='line_1_28' title="bbox 382 2473 1962 2548; baseline 0.003 -19"><span class='ocrx_word' id='word_1_181' title='bbox 382 2473 709 2529; x_wconf 78' lang='lat' dir='ltr'><strong>lamentatio</strong></span> <span class='ocrx_word' id='word_1_182' title='bbox 751 2490 850 2543; x_wconf 87' lang='lat' dir='ltr'><strong>per</strong></span> <span class='ocrx_word' id='word_1_183' title='bbox 900 2476 1201 2531; x_wconf 82' lang='lat' dir='ltr'><strong>humanum</strong></span> <span class='ocrx_word' id='word_1_184' title='bbox 1240 2493 1434 2548; x_wconf 89' lang='lat' dir='ltr'><strong>genus.</strong></span> <span class='ocrx_word' id='word_1_185' title='bbox 1466 2476 1626 2533; x_wconf 84' lang='lat' dir='ltr'><strong>Pater</strong></span> <span class='ocrx_word' id='word_1_186' title='bbox 1678 2487 1734 2534; x_wconf 92' lang='lat' dir='ltr'><strong>et</strong></span> <span class='ocrx_word' id='word_1_187' title='bbox 1785 2487 1962 2534; x_wconf 86' lang='lat' dir='ltr'><strong>mater</strong></span> 
     </span>
    </p>
   </div>
   <div class='ocr_carea' id='block_1_29' title="bbox 380 2564 1964 2641">
    <p class='ocr_par' dir='ltr' id='par_1_29' title="bbox 380 2564 1964 2641">
     <span class='ocr_line' id='line_1_29' title="bbox 380 2564 1964 2641; baseline 0.004 -23"><span class='ocrx_word' id='word_1_188' title='bbox 380 2564 655 2635; x_wconf 81' lang='lat' dir='ltr'><strong>lugehunt</strong></span> <span class='ocrx_word' id='word_1_189' title='bbox 680 2581 848 2635; x_wconf 88' lang='lat' dir='ltr'><strong>super</strong></span> <span class='ocrx_word' id='word_1_190' title='bbox 882 2566 1010 2622; x_wconf 83' lang='lat' dir='ltr'><strong>filiis</strong></span> <span class='ocrx_word' id='word_1_191' title='bbox 1045 2607 1059 2631; x_wconf 94' lang='lat'><strong>,</strong></span> <span class='ocrx_word' id='word_1_192' title='bbox 1102 2568 1197 2623; x_wconf 87' lang='lat' dir='ltr'><strong>filii</strong></span> <span class='ocrx_word' id='word_1_193' title='bbox 1248 2584 1417 2639; x_wconf 85' lang='lat' dir='ltr'><strong>super</strong></span> <span class='ocrx_word' id='word_1_194' title='bbox 1448 2569 1769 2639; x_wconf 82' lang='lat' dir='ltr'><strong>parantibus</strong></span> <span class='ocrx_word' id='word_1_195' title='bbox 1789 2571 1964 2641; x_wconf 85' lang='lat' dir='ltr'><strong>ejula-</strong></span> 
     </span>
    </p>
   </div>
   <div class='ocr_carea' id='block_1_30' title="bbox 384 2656 1960 2728">
    <p class='ocr_par' dir='ltr' id='par_1_30' title="bbox 384 2656 1960 2728">
     <span class='ocr_line' id='line_1_30' title="bbox 384 2656 1960 2728; baseline 0.004 -18"><span class='ocrx_word' id='word_1_196' title='bbox 384 2656 547 2719; x_wconf 88' lang='lat' dir='ltr'><strong>bunt,</strong></span> <span class='ocrx_word' id='word_1_197' title='bbox 577 2668 781 2714; x_wconf 86' lang='lat' dir='ltr'><strong>matres</strong></span> <span class='ocrx_word' id='word_1_198' title='bbox 828 2674 995 2728; x_wconf 88' lang='lat' dir='ltr'><strong>super</strong></span> <span class='ocrx_word' id='word_1_199' title='bbox 1029 2660 1330 2716; x_wconf 73' lang='lat' dir='ltr'><strong>infantibus</strong></span> <span class='ocrx_word' id='word_1_200' title='bbox 1361 2661 1543 2716; x_wconf 90' lang='lat' dir='ltr'><strong>adhuc</strong></span> <span class='ocrx_word' id='word_1_201' title='bbox 1577 2662 1907 2717; x_wconf 84' lang='lat' dir='ltr'><strong>lactentibus</strong></span> <span class='ocrx_word' id='word_1_202' title='bbox 1943 2703 1960 2728; x_wconf 86' lang='lat'><strong>,</strong></span> 
     </span>
    </p>
   </div>
   <div class='ocr_carea' id='block_1_31' title="bbox 379 2750 1961 2821">
    <p class='ocr_par' dir='ltr' id='par_1_31' title="bbox 379 2750 1961 2821">
     <span class='ocr_line' id='line_1_31' title="bbox 379 2750 1961 2821; baseline 0.003 -17"><span class='ocrx_word' id='word_1_203' title='bbox 379 2750 602 2818; x_wconf 78' lang='lat' dir='ltr'><strong>cognati</strong></span> <span class='ocrx_word' id='word_1_204' title='bbox 636 2765 804 2819; x_wconf 88' lang='lat' dir='ltr'><strong>super</strong></span> <span class='ocrx_word' id='word_1_205' title='bbox 829 2750 1077 2819; x_wconf 77' lang='lat' dir='ltr'><strong>cognatis</strong></span> <span class='ocrx_word' id='word_1_206' title='bbox 1106 2793 1121 2816; x_wconf 92' lang='lat'><strong>,</strong></span> <span class='ocrx_word' id='word_1_207' title='bbox 1148 2766 1317 2821; x_wconf 88' lang='lat' dir='ltr'><strong>super</strong></span> <span class='ocrx_word' id='word_1_208' title='bbox 1346 2751 1539 2806; x_wconf 84' lang='lat' dir='ltr'><strong>amicis</strong></span> <span class='ocrx_word' id='word_1_209' title='bbox 1558 2752 1743 2807; x_wconf 90' lang='lat' dir='ltr'><strong>amici.</strong></span> <span class='ocrx_word' id='word_1_210' title='bbox 1773 2752 1961 2809; x_wconf 87' lang='lat' dir='ltr'><strong>Mutuo</strong></span> 
     </span>
    </p>
   </div>
   <div class='ocr_carea' id='block_1_32' title="bbox 383 2843 1957 2914">
    <p class='ocr_par' dir='ltr' id='par_1_32' title="bbox 383 2843 1957 2914">
     <span class='ocr_line' id='line_1_32' title="bbox 383 2843 1957 2914; baseline 0.005 -22"><span class='ocrx_word' id='word_1_211' title='bbox 383 2853 555 2909; x_wconf 83' lang='lat' dir='ltr'><strong>super</strong></span> <span class='ocrx_word' id='word_1_212' title='bbox 605 2856 665 2895; x_wconf 90' lang='lat' dir='ltr'><strong>se</strong></span> <span class='ocrx_word' id='word_1_213' title='bbox 718 2851 1060 2903; x_wconf 89' lang='lat' dir='ltr'><strong>corrueutes,</strong></span> <span class='ocrx_word' id='word_1_214' title='bbox 1123 2843 1515 2899; x_wconf 84' lang='lat' dir='ltr'><strong>miserabiliter</strong></span> <span class='ocrx_word' id='word_1_215' title='bbox 1577 2844 1957 2914; x_wconf 74' lang='lat' dir='ltr'><strong>exspirabunt.</strong></span> 
     </span>
    </p>
   </div>
   <div class='ocr_carea' id='block_1_33' title="bbox 383 2933 1961 3008">
    <p class='ocr_par' dir='ltr' id='par_1_33' title="bbox 383 2933 1961 3008">
     <span class='ocr_line' id='line_1_33' title="bbox 383 2933 1961 3008; baseline 0.004 -21"><span class='ocrx_word' id='word_1_216' title='bbox 383 2933 578 3005; x_wconf 71' lang='lat' dir='ltr'><strong>Magna</strong></span> <span class='ocrx_word' id='word_1_217' title='bbox 642 2934 927 2989; x_wconf 82' lang='lat' dir='ltr'><strong>tribulatio</strong></span> <span class='ocrx_word' id='word_1_218' title='bbox 967 2936 1098 3003; x_wconf 86' lang='lat' dir='ltr'><strong>erit,</strong></span> <span class='ocrx_word' id='word_1_219' title='bbox 1147 2945 1204 2991; x_wconf 84' lang='lat' dir='ltr'><strong>et</strong></span> <span class='ocrx_word' id='word_1_220' title='bbox 1252 2937 1376 2992; x_wconf 87' lang='lat' dir='ltr'><strong>talis</strong></span> <span class='ocrx_word' id='word_1_221' title='bbox 1427 2937 1731 3003; x_wconf 86' lang='lat' dir='ltr'><strong>tribulatio,</strong></span> <span class='ocrx_word' id='word_1_222' title='bbox 1782 2940 1961 3008; x_wconf 78' lang='lat' dir='ltr'><strong>qualis</strong></span> 
     </span>
    </p>
   </div>
   <div class='ocr_carea' id='block_1_34' title="bbox 384 3029 1959 3100">
    <p class='ocr_par' dir='ltr' id='par_1_34' title="bbox 384 3029 1959 3100">
     <span class='ocr_line' id='line_1_34' title="bbox 384 3029 1959 3100; baseline 0.004 -21"><span class='ocrx_word' id='word_1_223' title='bbox 384 3042 613 3097; x_wconf 82' lang='lat' dir='ltr'><strong>prorsus</strong></span> <span class='ocrx_word' id='word_1_224' title='bbox 659 3044 939 3096; x_wconf 81' lang='lat' dir='ltr'><strong>nunquam</strong></span> <span class='ocrx_word' id='word_1_225' title='bbox 969 3029 1109 3094; x_wconf 88' lang='lat' dir='ltr'><strong>fuit;</strong></span> <span class='ocrx_word' id='word_1_226' title='bbox 1141 3044 1206 3083; x_wconf 79' lang='lat' dir='ltr'><strong>ex</strong></span> <span class='ocrx_word' id='word_1_227' title='bbox 1233 3045 1344 3100; x_wconf 92' lang='lat' dir='ltr'><strong>quo</strong></span> <span class='ocrx_word' id='word_1_228' title='bbox 1366 3030 1605 3085; x_wconf 83' lang='lat' dir='ltr'><strong>mundus</strong></span> <span class='ocrx_word' id='word_1_229' title='bbox 1636 3049 1665 3084; x_wconf 87' lang='lat' dir='ltr'><strong>e</strong></span> <span class='ocrx_word' id='word_1_230' title='bbox 1693 3031 1867 3086; x_wconf 87' lang='lat' dir='ltr'><strong>nihilo</strong></span> <span class='ocrx_word' id='word_1_231' title='bbox 1890 3031 1959 3086; x_wconf 88' lang='lat' dir='ltr'><strong>ab</strong></span> 
     </span>
    </p>
   </div>
   <div class='ocr_carea' id='block_1_35' title="bbox 388 3119 1961 3177">
    <p class='ocr_par' dir='ltr' id='par_1_35' title="bbox 388 3119 1961 3177">
     <span class='ocr_line' id='line_1_35' title="bbox 388 3119 1961 3177; baseline 0.004 -6"><span class='ocrx_word' id='word_1_232' title='bbox 388 3119 771 3173; x_wconf 78' lang='lat' dir='ltr'><strong>universorum</strong></span> <span class='ocrx_word' id='word_1_233' title='bbox 810 3120 920 3174; x_wconf 86' lang='lat' dir='ltr'><strong>Deo</strong></span> <span class='ocrx_word' id='word_1_234' title='bbox 956 3120 1212 3176; x_wconf 88' lang='lat' dir='ltr'><strong>conditus</strong></span> <span class='ocrx_word' id='word_1_235' title='bbox 1246 3128 1303 3177; x_wconf 90' lang='lat' dir='ltr'><strong>et</strong></span> <span class='ocrx_word' id='word_1_236' title='bbox 1333 3122 1665 3177; x_wconf 91' lang='lat' dir='ltr'><strong>constitutus</strong></span> <span class='ocrx_word' id='word_1_237' title='bbox 1702 3131 1805 3177; x_wconf 88' lang='lat' dir='ltr'><strong>est.</strong></span> <span class='ocrx_word' id='word_1_238' title='bbox 1841 3123 1961 3177; x_wconf 78' lang='lat' dir='ltr'><strong>Pul-</strong></span> 
     </span>
    </p>
   </div>
   <div class='ocr_carea' id='block_1_36' title="bbox 381 3210 1959 3285">
    <p class='ocr_par' dir='ltr' id='par_1_36' title="bbox 381 3210 1959 3285">
     <span class='ocr_line' id='line_1_36' title="bbox 381 3210 1959 3285; baseline 0.006 -21"><span class='ocrx_word' id='word_1_239' title='bbox 381 3210 659 3265; x_wconf 80' lang='lat' dir='ltr'><strong>cherrima</strong></span> <span class='ocrx_word' id='word_1_240' title='bbox 704 3220 761 3266; x_wconf 89' lang='lat' dir='ltr'><strong>et</strong></span> <span class='ocrx_word' id='word_1_241' title='bbox 811 3212 1045 3266; x_wconf 76' lang='lat' dir='ltr'><strong>maxima</strong></span> <span class='ocrx_word' id='word_1_242' title='bbox 1094 3213 1387 3269; x_wconf 87' lang='lat' dir='ltr'><strong>luminaria</strong></span> <span class='ocrx_word' id='word_1_243' title='bbox 1435 3222 1602 3285; x_wconf 83' lang='lat' dir='ltr'><strong>atque</strong></span> <span class='ocrx_word' id='word_1_244' title='bbox 1653 3217 1801 3272; x_wconf 83' lang='lat' dir='ltr'><strong>faces</strong></span> <span class='ocrx_word' id='word_1_245' title='bbox 1854 3218 1959 3273; x_wconf 70' lang='lat' dir='ltr'><strong>illa:</strong></span> 
     </span>
    </p>
   </div>
   <div class='ocr_carea' id='block_1_37' title="bbox 384 3300 1961 3365">
    <p class='ocr_par' dir='ltr' id='par_1_37' title="bbox 384 3300 1961 3365">
     <span class='ocr_line' id='line_1_37' title="bbox 384 3300 1961 3365; baseline 0.003 -10"><span class='ocrx_word' id='word_1_246' title='bbox 384 3301 643 3355; x_wconf 59' lang='lat' dir='ltr'><strong>caelestes</strong></span> <span class='ocrx_word' id='word_1_247' title='bbox 698 3300 886 3355; x_wconf 88' lang='lat' dir='ltr'><strong>lumen</strong></span> <span class='ocrx_word' id='word_1_248' title='bbox 943 3301 1153 3355; x_wconf 89' lang='lat' dir='ltr'><strong>nullum</strong></span> <span class='ocrx_word' id='word_1_249' title='bbox 1206 3302 1458 3365; x_wconf 87' lang='lat' dir='ltr'><strong>fundent,</strong></span> <span class='ocrx_word' id='word_1_250' title='bbox 1516 3319 1619 3359; x_wconf 80' lang='lat' dir='ltr'><strong>nec</strong></span> <span class='ocrx_word' id='word_1_251' title='bbox 1679 3305 1961 3359; x_wconf 88' lang='lat' dir='ltr'><strong>micabunt</strong></span> 
     </span>
    </p>
   </div>
   <div class='ocr_carea' id='block_1_38' title="bbox 386 3390 1957 3462">
    <p class='ocr_par' dir='ltr' id='par_1_38' title="bbox 386 3390 1957 3462">
     <span class='ocr_line' id='line_1_38' title="bbox 386 3390 1957 3462; baseline 0.003 -19"><span class='ocrx_word' id='word_1_252' title='bbox 386 3399 533 3444; x_wconf 84' lang='lat' dir='ltr'><strong>astra</strong></span> <span class='ocrx_word' id='word_1_253' title='bbox 557 3391 786 3460; x_wconf 89' lang='lat' dir='ltr'><strong>reliqua.</strong></span> <span class='ocrx_word' id='word_1_254' title='bbox 815 3390 1008 3446; x_wconf 83' lang='lat' dir='ltr'><strong>Frater</strong></span> <span class='ocrx_word' id='word_1_255' title='bbox 1034 3390 1282 3453; x_wconf 79' lang='lat' dir='ltr'><strong>fratrem,</strong></span> <span class='ocrx_word' id='word_1_256' title='bbox 1306 3402 1361 3447; x_wconf 93' lang='lat' dir='ltr'><strong>et</strong></span> <span class='ocrx_word' id='word_1_257' title='bbox 1391 3393 1486 3447; x_wconf 90' lang='lat' dir='ltr'><strong>filii</strong></span> <span class='ocrx_word' id='word_1_258' title='bbox 1518 3404 1797 3462; x_wconf 87' lang='lat' dir='ltr'><strong>parentes,</strong></span> <span class='ocrx_word' id='word_1_259' title='bbox 1822 3402 1879 3448; x_wconf 91' lang='lat' dir='ltr'><strong>et</strong></span> <span class='ocrx_word' id='word_1_260' title='bbox 1902 3395 1957 3448; x_wconf 92' lang='lat' dir='ltr'><strong>hi</strong></span> 
     </span>
    </p>
   </div>
   <div class='ocr_carea' id='block_1_39' title="bbox 385 3480 1962 3555">
    <p class='ocr_par' dir='ltr' id='par_1_39' title="bbox 385 3480 1962 3555">
     <span class='ocr_line' id='line_1_39' title="bbox 385 3480 1962 3555; baseline 0.004 -22"><span class='ocrx_word' id='word_1_261' title='bbox 385 3480 629 3535; x_wconf 77' lang='lat' dir='ltr'><strong>vicissim</strong></span> <span class='ocrx_word' id='word_1_262' title='bbox 660 3480 804 3535; x_wconf 87' lang='lat' dir='ltr'><strong>filios</strong></span> <span class='ocrx_word' id='word_1_263' title='bbox 825 3480 890 3534; x_wconf 89' lang='lat' dir='ltr'><strong>ad</strong></span> <span class='ocrx_word' id='word_1_264' title='bbox 924 3496 1116 3537; x_wconf 88' lang='lat' dir='ltr'><strong>necem</strong></span> <span class='ocrx_word' id='word_1_265' title='bbox 1146 3481 1385 3549; x_wconf 86' lang='lat' dir='ltr'><strong>tradent,</strong></span> <span class='ocrx_word' id='word_1_266' title='bbox 1426 3492 1620 3537; x_wconf 91' lang='lat' dir='ltr'><strong>natura</strong></span> <span class='ocrx_word' id='word_1_267' title='bbox 1651 3493 1710 3537; x_wconf 89' lang='lat' dir='ltr'><strong>et</strong></span> <span class='ocrx_word' id='word_1_268' title='bbox 1740 3485 1962 3555; x_wconf 80' lang='lat' dir='ltr'><strong>sanguis</strong></span> 
     </span>
    </p>
   </div>
   <div class='ocr_carea' id='block_1_40' title="bbox 387 3572 1963 3645">
    <p class='ocr_par' dir='ltr' id='par_1_40' title="bbox 387 3572 1963 3645">
     <span class='ocr_line' id='line_1_40' title="bbox 387 3572 1963 3645; baseline 0.003 -19"><span class='ocrx_word' id='word_1_269' title='bbox 387 3573 551 3642; x_wconf 84' lang='lat' dir='ltr'><strong>plane</strong></span> <span class='ocrx_word' id='word_1_270' title='bbox 596 3572 984 3639; x_wconf 79' lang='lat' dir='ltr'><strong>confundetur,</strong></span> <span class='ocrx_word' id='word_1_271' title='bbox 1031 3584 1086 3630; x_wconf 89' lang='lat' dir='ltr'><strong>et</strong></span> <span class='ocrx_word' id='word_1_272' title='bbox 1130 3572 1398 3639; x_wconf 67' lang='lat' dir='ltr'><strong>tenebrae,</strong></span> <span class='ocrx_word' id='word_1_273' title='bbox 1443 3583 1500 3628; x_wconf 92' lang='lat' dir='ltr'><strong>et</strong></span> <span class='ocrx_word' id='word_1_274' title='bbox 1536 3584 1742 3629; x_wconf 89' lang='lat' dir='ltr'><strong>mortes</strong></span> <span class='ocrx_word' id='word_1_275' title='bbox 1779 3576 1963 3645; x_wconf 85' lang='lat' dir='ltr'><strong>quoti-</strong></span> 
     </span>
    </p>
   </div>
   <div class='ocr_carea' id='block_1_41' title="bbox 385 3661 1958 3735">
    <p class='ocr_par' dir='ltr' id='par_1_41' title="bbox 385 3661 1958 3735">
     <span class='ocr_line' id='line_1_41' title="bbox 385 3661 1958 3735; baseline 0.003 -20"><span class='ocrx_word' id='word_1_276' title='bbox 385 3662 588 3724; x_wconf 70' lang='lat' dir='ltr'><strong>dianm,</strong></span> <span class='ocrx_word' id='word_1_277' title='bbox 635 3669 690 3715; x_wconf 91' lang='lat' dir='ltr'><strong>et</strong></span> <span class='ocrx_word' id='word_1_278' title='bbox 732 3662 909 3717; x_wconf 68' lang='lat' dir='ltr'><strong>caedes</strong></span> <span class='ocrx_word' id='word_1_279' title='bbox 954 3663 1357 3719; x_wconf 82' lang='lat' dir='ltr'><strong>miscebunlur.</strong></span> <span class='ocrx_word' id='word_1_280' title='bbox 1403 3661 1576 3718; x_wconf 89' lang='lat' dir='ltr'><strong>Nemo</strong></span> <span class='ocrx_word' id='word_1_281' title='bbox 1619 3673 1751 3719; x_wconf 88' lang='lat' dir='ltr'><strong>tunc</strong></span> <span class='ocrx_word' id='word_1_282' title='bbox 1797 3681 1958 3735; x_wconf 88' lang='lat' dir='ltr'><strong>opem</strong></span> 
     </span>
    </p>
   </div>
   <div class='ocr_carea' id='block_1_42' title="bbox 389 3752 1959 3825">
    <p class='ocr_par' dir='ltr' id='par_1_42' title="bbox 389 3752 1959 3825">
     <span class='ocr_line' id='line_1_42' title="bbox 389 3752 1959 3825; baseline 0.004 -20"><span class='ocrx_word' id='word_1_283' title='bbox 389 3752 564 3817; x_wconf 86' lang='lat' dir='ltr'><strong>feret;</strong></span> <span class='ocrx_word' id='word_1_284' title='bbox 616 3769 722 3807; x_wconf 90' lang='lat' dir='ltr'><strong>non</strong></span> <span class='ocrx_word' id='word_1_285' title='bbox 749 3755 855 3809; x_wconf 88' lang='lat' dir='ltr'><strong>erit</strong></span> <span class='ocrx_word' id='word_1_286' title='bbox 901 3755 993 3825; x_wconf 88' lang='lat' dir='ltr'><strong>qui</strong></span> <span class='ocrx_word' id='word_1_287' title='bbox 1024 3756 1285 3825; x_wconf 55' lang='lat' dir='ltr'><strong>sepeliat;</strong></span> <span class='ocrx_word' id='word_1_288' title='bbox 1317 3755 1517 3825; x_wconf 86' lang='lat' dir='ltr'><strong>stirpes</strong></span> <span class='ocrx_word' id='word_1_289' title='bbox 1539 3765 1594 3810; x_wconf 93' lang='lat' dir='ltr'><strong>et</strong></span> <span class='ocrx_word' id='word_1_290' title='bbox 1637 3756 1798 3811; x_wconf 83' lang='lat' dir='ltr'><strong>bruta</strong></span> <span class='ocrx_word' id='word_1_291' title='bbox 1840 3758 1959 3812; x_wconf 88' lang='lat' dir='ltr'><strong>ani—</strong></span> 
     </span>
    </p>
   </div>
   <div class='ocr_carea' id='block_1_43' title="bbox 388 3844 1961 3919">
    <p class='ocr_par' dir='ltr' id='par_1_43' title="bbox 388 3844 1961 3919">
     <span class='ocr_line' id='line_1_43' title="bbox 388 3844 1961 3919; baseline 0.003 -21"><span class='ocrx_word' id='word_1_292' title='bbox 388 3844 598 3899; x_wconf 87' lang='lat' dir='ltr'><strong>mantia</strong></span> <span class='ocrx_word' id='word_1_293' title='bbox 627 3845 788 3900; x_wconf 88' lang='lat' dir='ltr'><strong>simul</strong></span> <span class='ocrx_word' id='word_1_294' title='bbox 816 3856 1267 3917; x_wconf 89' lang='lat' dir='ltr'><strong>corrumpentur.</strong></span> <span class='ocrx_word' id='word_1_295' title='bbox 1304 3847 1445 3908; x_wconf 85' lang='lat' dir='ltr'><strong>Vivi,</strong></span> <span class='ocrx_word' id='word_1_296' title='bbox 1480 3848 1669 3903; x_wconf 86' lang='lat' dir='ltr'><strong>beatos</strong></span> <span class='ocrx_word' id='word_1_297' title='bbox 1700 3849 1961 3919; x_wconf 73' lang='lat' dir='ltr'><strong>prtedica-</strong></span> 
     </span>
    </p>
   </div>
   <div class='ocr_carea' id='block_1_44' title="bbox 383 3926 1961 4017">
    <p class='ocr_par' dir='ltr' id='par_1_44' title="bbox 383 3926 1961 4017">
     <span class='ocr_line' id='line_1_44' title="bbox 383 3926 1961 4017; baseline 0.004 -26"><span class='ocrx_word' id='word_1_298' title='bbox 383 3937 527 3991; x_wconf 87' lang='lat' dir='ltr'><strong>bunt</strong></span> <span class='ocrx_word' id='word_1_299' title='bbox 554 3938 685 3992; x_wconf 90' lang='lat' dir='ltr'><strong>olim</strong></span> <span class='ocrx_word' id='word_1_300' title='bbox 722 3926 988 4008; x_wconf 82' lang='lat' dir='ltr'><strong>mortuos,</strong></span> <span class='ocrx_word' id='word_1_301' title='bbox 1023 3956 1080 3997; x_wconf 87' lang='lat' dir='ltr'><strong>et</strong></span> <span class='ocrx_word' id='word_1_302' title='bbox 1119 3958 1246 3997; x_wconf 89' lang='lat' dir='ltr'><strong>cum</strong></span> <span class='ocrx_word' id='word_1_303' title='bbox 1289 3942 1642 4017; x_wconf 73' lang='lat' dir='ltr'><strong>morientium</strong></span> <span class='ocrx_word' id='word_1_304' title='bbox 1671 3943 1961 4012; x_wconf 83' lang='lat' dir='ltr'><strong>putoribus</strong></span> 
     </span>
    </p>
   </div>
   <div class='ocr_carea' id='block_1_45' title="bbox 382 4031 1958 4102">
    <p class='ocr_par' dir='ltr' id='par_1_45' title="bbox 382 4031 1958 4102">
     <span class='ocr_line' id='line_1_45' title="bbox 382 4031 1958 4102; baseline 0.002 -20"><span class='ocrx_word' id='word_1_305' title='bbox 382 4040 835 4099; x_wconf 88' lang='lat' dir='ltr'><strong>computrescent</strong></span> <span class='ocrx_word' id='word_1_306' title='bbox 855 4049 868 4085; x_wconf 91' lang='lat'><strong>:</strong></span> <span class='ocrx_word' id='word_1_307' title='bbox 888 4035 983 4102; x_wconf 86' lang='lat' dir='ltr'><strong>qui</strong></span> <span class='ocrx_word' id='word_1_308' title='bbox 1001 4032 1053 4087; x_wconf 93' lang='lat' dir='ltr'><strong>in</strong></span> <span class='ocrx_word' id='word_1_309' title='bbox 1073 4032 1235 4087; x_wconf 82' lang='lat' dir='ltr'><strong>biviis</strong></span> <span class='ocrx_word' id='word_1_310' title='bbox 1260 4031 1519 4086; x_wconf 83' lang='lat' dir='ltr'><strong>videlicet</strong></span> <span class='ocrx_word' id='word_1_311' title='bbox 1543 4041 1752 4086; x_wconf 86' lang='lat' dir='ltr'><strong>temere</strong></span> <span class='ocrx_word' id='word_1_312' title='bbox 1769 4033 1958 4102; x_wconf 82' lang='lat' dir='ltr'><strong>jacen-</strong></span> 
     </span>
    </p>
   </div>
   <div class='ocr_carea' id='block_1_46' title="bbox 390 4124 1960 4195">
    <p class='ocr_par' dir='ltr' id='par_1_46' title="bbox 390 4124 1960 4195">
     <span class='ocr_line' id='line_1_46' title="bbox 390 4124 1960 4195; baseline 0.004 -21"><span class='ocrx_word' id='word_1_313' title='bbox 390 4131 498 4185; x_wconf 88' lang='lat' dir='ltr'><strong>tes,</strong></span> <span class='ocrx_word' id='word_1_314' title='bbox 535 4138 717 4177; x_wconf 88' lang='lat' dir='ltr'><strong>aerem</strong></span> <span class='ocrx_word' id='word_1_315' title='bbox 746 4124 1119 4195; x_wconf 85' lang='lat' dir='ltr'><strong>graveolentia</strong></span> <span class='ocrx_word' id='word_1_316' title='bbox 1159 4140 1508 4195; x_wconf 88' lang='lat' dir='ltr'><strong>summopere</strong></span> <span class='ocrx_word' id='word_1_317' title='bbox 1545 4124 1817 4179; x_wconf 59' lang='lat' dir='ltr'><strong>infi‘cient.</strong></span> <span class='ocrx_word' id='word_1_318' title='bbox 1864 4125 1960 4180; x_wconf 91' lang='lat' dir='ltr'><strong>Die</strong></span> 
     </span>
    </p>
   </div>
   <div class='ocr_carea' id='block_1_47' title="bbox 389 4209 1962 4286">
    <p class='ocr_par' dir='ltr' id='par_1_47' title="bbox 389 4209 1962 4286">
     <span class='ocr_line' id='line_1_47' title="bbox 389 4209 1962 4286; baseline 0.004 -23"><span class='ocrx_word' id='word_1_319' title='bbox 389 4209 685 4281; x_wconf 64' lang='lat' dir='ltr'><strong>tneipiente</strong></span> <span class='ocrx_word' id='word_1_320' title='bbox 713 4215 1029 4270; x_wconf 86' lang='lat' dir='ltr'><strong>clamabunt</strong></span> <span class='ocrx_word' id='word_1_321' title='bbox 1076 4230 1199 4270; x_wconf 89' lang='lat' dir='ltr'><strong>cum</strong></span> <span class='ocrx_word' id='word_1_322' title='bbox 1235 4216 1439 4286; x_wconf 84' lang='lat' dir='ltr'><strong>gemitu</strong></span> <span class='ocrx_word' id='word_1_323' title='bbox 1472 4233 1485 4269; x_wconf 90' lang='lat'><strong>:</strong></span> <span class='ocrx_word' id='word_1_324' title='bbox 1520 4215 1751 4282; x_wconf 82' lang='lat' dir='ltr'><strong>Quando</strong></span> <span class='ocrx_word' id='word_1_325' title='bbox 1779 4217 1962 4272; x_wconf 87' lang='lat' dir='ltr'><strong>veniet</strong></span> 
     </span>
    </p>
   </div>
   <div class='ocr_carea' id='block_1_48' title="bbox 389 4304 1961 4376">
    <p class='ocr_par' dir='ltr' id='par_1_48' title="bbox 389 4304 1961 4376">
     <span class='ocr_line' id='line_1_48' title="bbox 389 4304 1961 4376; baseline 0.004 -21"><span class='ocrx_word' id='word_1_326' title='bbox 389 4304 661 4371; x_wconf 85' lang='lat' dir='ltr'><strong>vespera?</strong></span> <span class='ocrx_word' id='word_1_327' title='bbox 691 4304 922 4360; x_wconf 78' lang='lat' dir='ltr'><strong>forsitan</strong></span> <span class='ocrx_word' id='word_1_328' title='bbox 949 4321 1052 4361; x_wconf 89' lang='lat' dir='ltr'><strong>nos</strong></span> <span class='ocrx_word' id='word_1_329' title='bbox 1078 4305 1183 4361; x_wconf 91' lang='lat' dir='ltr'><strong>hoc</strong></span> <span class='ocrx_word' id='word_1_330' title='bbox 1212 4307 1400 4361; x_wconf 88' lang='lat' dir='ltr'><strong>dolore</strong></span> <span class='ocrx_word' id='word_1_331' title='bbox 1436 4306 1712 4376; x_wconf 85' lang='lat' dir='ltr'><strong>expediet.</strong></span> <span class='ocrx_word' id='word_1_332' title='bbox 1748 4308 1961 4362; x_wconf 86' lang='lat' dir='ltr'><strong>Rursus</strong></span> 
     </span>
    </p>
   </div>
   <div class='ocr_carea' id='block_1_49' title="bbox 386 4397 1958 4470">
    <p class='ocr_par' dir='ltr' id='par_1_49' title="bbox 386 4397 1958 4470">
     <span class='ocr_line' id='line_1_49' title="bbox 386 4397 1958 4470; baseline 0.005 -22"><span class='ocrx_word' id='word_1_333' title='bbox 386 4412 513 4449; x_wconf 88' lang='lat' dir='ltr'><strong>cum</strong></span> <span class='ocrx_word' id='word_1_334' title='bbox 545 4413 653 4451; x_wconf 75' lang='lat' dir='ltr'><strong>nox</strong></span> <span class='ocrx_word' id='word_1_335' title='bbox 682 4397 884 4462; x_wconf 83' lang='lat' dir='ltr'><strong>aderit,</strong></span> <span class='ocrx_word' id='word_1_336' title='bbox 915 4400 1061 4455; x_wconf 91' lang='lat' dir='ltr'><strong>diem</strong></span> <span class='ocrx_word' id='word_1_337' title='bbox 1098 4401 1387 4470; x_wconf 87' lang='lat' dir='ltr'><strong>optabunt,</strong></span> <span class='ocrx_word' id='word_1_338' title='bbox 1438 4409 1498 4455; x_wconf 90' lang='lat' dir='ltr'><strong>ut</strong></span> <span class='ocrx_word' id='word_1_339' title='bbox 1532 4402 1660 4458; x_wconf 90' lang='lat' dir='ltr'><strong>inde</strong></span> <span class='ocrx_word' id='word_1_340' title='bbox 1705 4402 1762 4456; x_wconf 92' lang='lat' dir='ltr'><strong>in</strong></span> <span class='ocrx_word' id='word_1_341' title='bbox 1796 4402 1958 4457; x_wconf 90' lang='lat' dir='ltr'><strong>aliam</strong></span> 
     </span>
    </p>
   </div>
   <div class='ocr_carea' id='block_1_50' title="bbox 2065 744 3637 825">
    <p class='ocr_par' dir='ltr' id='par_1_50' title="bbox 2065 744 3637 825">
     <span class='ocr_line' id='line_1_50' title="bbox 2065 744 3637 825; baseline -0.001 -22"><span class='ocrx_word' id='word_1_342' title='bbox 2065 758 2269 825; x_wconf 78' lang='lat' dir='ltr'><strong>cterem</strong></span> <span class='ocrx_word' id='word_1_343' title='bbox 2314 750 2650 819; x_wconf 86' lang='lat' dir='ltr'><strong>acceperint,</strong></span> <span class='ocrx_word' id='word_1_344' title='bbox 2688 761 3082 803; x_wconf 84' lang='lat' dir='ltr'><strong>concursantes</strong></span> <span class='ocrx_word' id='word_1_345' title='bbox 3111 760 3300 804; x_wconf 81' lang='lat' dir='ltr'><strong>contra</strong></span> <span class='ocrx_word' id='word_1_346' title='bbox 3327 765 3453 805; x_wconf 88' lang='lat' dir='ltr'><strong>eum</strong></span> <span class='ocrx_word' id='word_1_347' title='bbox 3483 744 3637 802; x_wconf 68' lang='lat' dir='ltr'><strong>mur:</strong></span> 
     </span>
    </p>
   </div>
   <div class='ocr_carea' id='block_1_51' title="bbox 2064 840 3635 911">
    <p class='ocr_par' dir='ltr' id='par_1_51' title="bbox 2064 840 3635 911">
     <span class='ocr_line' id='line_1_51' title="bbox 2064 840 3635 911; baseline 0.001 -17"><span class='ocrx_word' id='word_1_348' title='bbox 2064 840 2381 895; x_wconf 85' lang='lat' dir='ltr'><strong>nnirabunt.</strong></span> <span class='ocrx_word' id='word_1_349' title='bbox 2438 840 2595 906; x_wconf 85' lang='lat' dir='ltr'><strong>llem,</strong></span> <span class='ocrx_word' id='word_1_350' title='bbox 2643 840 2775 911; x_wconf 90' lang='lat' dir='ltr'><strong>quid</strong></span> <span class='ocrx_word' id='word_1_351' title='bbox 2831 840 3098 896; x_wconf 79' lang='lat' dir='ltr'><strong>fecimus?</strong></span> <span class='ocrx_word' id='word_1_352' title='bbox 3144 841 3443 911; x_wconf 89' lang='lat' dir='ltr'><strong>inquient:</strong></span> <span class='ocrx_word' id='word_1_353' title='bbox 3492 842 3635 896; x_wconf 88' lang='lat' dir='ltr'><strong>fame</strong></span> 
     </span>
    </p>
   </div>
   <div class='ocr_carea' id='block_1_52' title="bbox 2062 931 3635 1001">
    <p class='ocr_par' dir='ltr' id='par_1_52' title="bbox 2062 931 3635 1001">
     <span class='ocr_line' id='line_1_52' title="bbox 2062 931 3635 1001; baseline -0.001 -15"><span class='ocrx_word' id='word_1_354' title='bbox 2062 947 2397 997; x_wconf 88' lang='lat' dir='ltr'><strong>enecamur;</strong></span> <span class='ocrx_word' id='word_1_355' title='bbox 2449 932 2633 986; x_wconf 82' lang='lat' dir='ltr'><strong>vivere</strong></span> <span class='ocrx_word' id='word_1_356' title='bbox 2694 931 2986 1001; x_wconf 88' lang='lat' dir='ltr'><strong>nequimus</strong></span> <span class='ocrx_word' id='word_1_357' title='bbox 3051 932 3336 1001; x_wconf 87' lang='lat' dir='ltr'><strong>amplius:</strong></span> <span class='ocrx_word' id='word_1_358' title='bbox 3405 946 3635 1000; x_wconf 88' lang='lat' dir='ltr'><strong>prorsus</strong></span> 
     </span>
    </p>
   </div>
   <div class='ocr_carea' id='block_1_53' title="bbox 2065 1020 3636 1093">
    <p class='ocr_par' dir='ltr' id='par_1_53' title="bbox 2065 1020 3636 1093">
     <span class='ocr_line' id='line_1_53' title="bbox 2065 1020 3636 1093; baseline 0.001 -19"><span class='ocrx_word' id='word_1_359' title='bbox 2065 1020 2370 1076; x_wconf 89' lang='lat' dir='ltr'><strong>deficimus.</strong></span> <span class='ocrx_word' id='word_1_360' title='bbox 2405 1021 2593 1086; x_wconf 75' lang='lat' dir='ltr'><strong>Aufer,</strong></span> <span class='ocrx_word' id='word_1_361' title='bbox 2623 1023 2669 1077; x_wconf 89' lang='lat' dir='ltr'><strong>si</strong></span> <span class='ocrx_word' id='word_1_362' title='bbox 2705 1033 2881 1093; x_wconf 71' lang='lat' dir='ltr'><strong>potes,</strong></span> <span class='ocrx_word' id='word_1_363' title='bbox 2913 1022 3183 1077; x_wconf 86' lang='lat' dir='ltr'><strong>dracones</strong></span> <span class='ocrx_word' id='word_1_364' title='bbox 3208 1022 3513 1076; x_wconf 89' lang='lat' dir='ltr'><strong>hominum.</strong></span> <span class='ocrx_word' id='word_1_365' title='bbox 3540 1022 3636 1076; x_wconf 90' lang='lat' dir='ltr'><strong>llle</strong></span> 
     </span>
    </p>
   </div>
   <div class='ocr_carea' id='block_1_54' title="bbox 2067 1112 3633 1184">
    <p class='ocr_par' dir='ltr' id='par_1_54' title="bbox 2067 1112 3633 1184">
     <span class='ocr_line' id='line_1_54' title="bbox 2067 1112 3633 1184; baseline 0.001 -19"><span class='ocrx_word' id='word_1_366' title='bbox 2067 1113 2310 1183; x_wconf 82' lang='lat' dir='ltr'><strong>perditor</strong></span> <span class='ocrx_word' id='word_1_367' title='bbox 2352 1113 2496 1167; x_wconf 89' lang='lat' dir='ltr'><strong>haud</strong></span> <span class='ocrx_word' id='word_1_368' title='bbox 2527 1114 2691 1183; x_wconf 89' lang='lat' dir='ltr'><strong>potis,</strong></span> <span class='ocrx_word' id='word_1_369' title='bbox 2736 1130 2837 1169; x_wconf 89' lang='lat' dir='ltr'><strong>nec</strong></span> <span class='ocrx_word' id='word_1_370' title='bbox 2863 1114 3071 1170; x_wconf 84' lang='lat' dir='ltr'><strong>habens</strong></span> <span class='ocrx_word' id='word_1_371' title='bbox 3108 1112 3242 1184; x_wconf 88' lang='lat' dir='ltr'><strong>quid</strong></span> <span class='ocrx_word' id='word_1_372' title='bbox 3292 1113 3457 1168; x_wconf 87' lang='lat' dir='ltr'><strong>faciat</strong></span> <span class='ocrx_word' id='word_1_373' title='bbox 3502 1113 3633 1167; x_wconf 85' lang='lat' dir='ltr'><strong>boni</strong></span> 
     </span>
    </p>
   </div>
   <div class='ocr_carea' id='block_1_55' title="bbox 2068 1204 3634 1276">
    <p class='ocr_par' dir='ltr' id='par_1_55' title="bbox 2068 1204 3634 1276">
     <span class='ocr_line' id='line_1_55' title="bbox 2068 1204 3634 1276; baseline 0 -16"><span class='ocrx_word' id='word_1_374' title='bbox 2068 1204 2360 1275; x_wconf 88' lang='lat' dir='ltr'><strong>(siquidem</strong></span> <span class='ocrx_word' id='word_1_375' title='bbox 2393 1206 2522 1259; x_wconf 91' lang='lat' dir='ltr'><strong>boni</strong></span> <span class='ocrx_word' id='word_1_376' title='bbox 2573 1207 2710 1260; x_wconf 90' lang='lat' dir='ltr'><strong>nihil</strong></span> <span class='ocrx_word' id='word_1_377' title='bbox 2743 1207 2936 1262; x_wconf 91' lang='lat' dir='ltr'><strong>didicit</strong></span> <span class='ocrx_word' id='word_1_378' title='bbox 2972 1207 3173 1276; x_wconf 88' lang='lat' dir='ltr'><strong>facere)</strong></span> <span class='ocrx_word' id='word_1_379' title='bbox 3236 1221 3361 1262; x_wconf 90' lang='lat' dir='ltr'><strong>cum</strong></span> <span class='ocrx_word' id='word_1_380' title='bbox 3402 1206 3634 1261; x_wconf 86' lang='lat' dir='ltr'><strong>audacia</strong></span> 
     </span>
    </p>
   </div>
   <div class='ocr_carea' id='block_1_56' title="bbox 2064 1294 3631 1365">
    <p class='ocr_par' dir='ltr' id='par_1_56' title="bbox 2064 1294 3631 1365">
     <span class='ocr_line' id='line_1_56' title="bbox 2064 1294 3631 1365; baseline -0.001 -16"><span class='ocrx_word' id='word_1_381' title='bbox 2064 1294 2341 1349; x_wconf 86' lang='lat' dir='ltr'><strong>crudelem</strong></span> <span class='ocrx_word' id='word_1_382' title='bbox 2364 1297 2449 1350; x_wconf 89' lang='lat' dir='ltr'><strong>sui</strong></span> <span class='ocrx_word' id='word_1_383' title='bbox 2475 1295 2853 1352; x_wconf 76' lang='lat' dir='ltr'><strong>defensionem</strong></span> <span class='ocrx_word' id='word_1_384' title='bbox 2880 1297 3097 1352; x_wconf 72' lang='lat' dir='ltr'><strong>afferet.</strong></span> <span class='ocrx_word' id='word_1_385' title='bbox 3134 1297 3295 1351; x_wconf 79' lang='lat' dir='ltr'><strong>Nulla</strong></span> <span class='ocrx_word' id='word_1_386' title='bbox 3328 1296 3476 1350; x_wconf 88' lang='lat' dir='ltr'><strong>cadit</strong></span> <span class='ocrx_word' id='word_1_387' title='bbox 3507 1298 3631 1365; x_wconf 86' lang='lat' dir='ltr'><strong>plu-</strong></span> 
     </span>
    </p>
   </div>
   <div class='ocr_carea' id='block_1_57' title="bbox 2065 1384 3641 1457">
    <p class='ocr_par' dir='ltr' id='par_1_57' title="bbox 2065 1384 3641 1457">
     <span class='ocr_line' id='line_1_57' title="bbox 2065 1384 3641 1457; baseline 0.002 -20"><span class='ocrx_word' id='word_1_388' title='bbox 2065 1384 2187 1448; x_wconf 89' lang='lat' dir='ltr'><strong>via;</strong></span> <span class='ocrx_word' id='word_1_389' title='bbox 2216 1386 2417 1439; x_wconf 90' lang='lat' dir='ltr'><strong>humus</strong></span> <span class='ocrx_word' id='word_1_390' title='bbox 2443 1401 2555 1440; x_wconf 88' lang='lat' dir='ltr'><strong>non</strong></span> <span class='ocrx_word' id='word_1_391' title='bbox 2579 1385 2839 1456; x_wconf 84' lang='lat' dir='ltr'><strong>irrigatur</strong></span> <span class='ocrx_word' id='word_1_392' title='bbox 2861 1387 3165 1453; x_wconf 86' lang='lat' dir='ltr'><strong>imbribus;</strong></span> <span class='ocrx_word' id='word_1_393' title='bbox 3192 1386 3440 1457; x_wconf 87' lang='lat' dir='ltr'><strong>squalida</strong></span> <span class='ocrx_word' id='word_1_394' title='bbox 3472 1386 3641 1440; x_wconf 88' lang='lat' dir='ltr'><strong>tellus.</strong></span> 
     </span>
    </p>
   </div>
   <div class='ocr_carea' id='block_1_58' title="bbox 2062 1476 3637 1549">
    <p class='ocr_par' dir='ltr' id='par_1_58' title="bbox 2062 1476 3637 1549">
     <span class='ocr_line' id='line_1_58' title="bbox 2062 1476 3637 1549; baseline 0.001 -19"><span class='ocrx_word' id='word_1_395' title='bbox 2062 1476 2321 1531; x_wconf 88' lang='lat' dir='ltr'><strong>alimenta</strong></span> <span class='ocrx_word' id='word_1_396' title='bbox 2344 1492 2453 1531; x_wconf 90' lang='lat' dir='ltr'><strong>non</strong></span> <span class='ocrx_word' id='word_1_397' title='bbox 2473 1477 2805 1547; x_wconf 89' lang='lat' dir='ltr'><strong>suppeditat.</strong></span> <span class='ocrx_word' id='word_1_398' title='bbox 2825 1478 3153 1549; x_wconf 72' lang='lat' dir='ltr'><strong>Quidligitur</strong></span> <span class='ocrx_word' id='word_1_399' title='bbox 3171 1493 3392 1547; x_wconf 88' lang='lat' dir='ltr'><strong>possum</strong></span> <span class='ocrx_word' id='word_1_400' title='bbox 3417 1478 3595 1532; x_wconf 89' lang='lat' dir='ltr'><strong>facere</strong></span> <span class='ocrx_word' id='word_1_401' title='bbox 3612 1479 3637 1531; x_wconf 65' lang='grc' dir='ltr'><strong>Υ</strong></span> 
     </span>
    </p>
   </div>
   <div class='ocr_carea' id='block_1_59' title="bbox 2064 1568 3635 1640">
    <p class='ocr_par' dir='ltr' id='par_1_59' title="bbox 2064 1568 3635 1640">
     <span class='ocr_line' id='line_1_59' title="bbox 2064 1568 3635 1640; baseline 0.003 -19"><span class='ocrx_word' id='word_1_402' title='bbox 2064 1568 2194 1638; x_wconf 87' lang='lat' dir='ltr'><strong>quid</strong></span> <span class='ocrx_word' id='word_1_403' title='bbox 2238 1569 2369 1623; x_wconf 91' lang='lat' dir='ltr'><strong>mihi</strong></span> <span class='ocrx_word' id='word_1_404' title='bbox 2422 1570 2624 1625; x_wconf 88' lang='lat' dir='ltr'><strong>frustra</strong></span> <span class='ocrx_word' id='word_1_405' title='bbox 2676 1568 2892 1626; x_wconf 86' lang='lat' dir='ltr'><strong>molesti</strong></span> <span class='ocrx_word' id='word_1_406' title='bbox 2947 1571 3124 1625; x_wconf 76' lang='lat' dir='ltr'><strong>estis?</strong></span> <span class='ocrx_word' id='word_1_407' title='bbox 3173 1571 3330 1626; x_wconf 87' lang='lat' dir='ltr'><strong>Unde</strong></span> <span class='ocrx_word' id='word_1_408' title='bbox 3379 1572 3635 1640; x_wconf 70' lang='lat' dir='ltr'><strong>prwbcbo</strong></span> 
     </span>
    </p>
   </div>
   <div class='ocr_carea' id='block_1_60' title="bbox 2061 1658 3634 1729">
    <p class='ocr_par' dir='ltr' id='par_1_60' title="bbox 2061 1658 3634 1729">
     <span class='ocr_line' id='line_1_60' title="bbox 2061 1658 3634 1729; baseline -0.001 -17"><span class='ocrx_word' id='word_1_409' title='bbox 2061 1660 2259 1712; x_wconf 87' lang='lat' dir='ltr'><strong>escas?</strong></span> <span class='ocrx_word' id='word_1_410' title='bbox 2286 1658 2431 1713; x_wconf 90' lang='lat' dir='ltr'><strong>unde</strong></span> <span class='ocrx_word' id='word_1_411' title='bbox 2455 1670 2645 1715; x_wconf 70' lang='lat' dir='ltr'><strong>vestrae</strong></span> <span class='ocrx_word' id='word_1_412' title='bbox 2664 1660 2861 1729; x_wconf 65' lang='lat' dir='ltr'><strong>inopia:</strong></span> <span class='ocrx_word' id='word_1_413' title='bbox 2884 1660 3245 1714; x_wconf 82' lang='lat' dir='ltr'><strong>succurram?</strong></span> <span class='ocrx_word' id='word_1_414' title='bbox 3267 1659 3424 1713; x_wconf 89' lang='lat' dir='ltr'><strong>Tunc</strong></span> <span class='ocrx_word' id='word_1_415' title='bbox 3449 1659 3634 1713; x_wconf 92' lang='lat' dir='ltr'><strong>conti-</strong></span> 
     </span>
    </p>
   </div>
   <div class='ocr_carea' id='block_1_61' title="bbox 2062 1748 3636 1821">
    <p class='ocr_par' dir='ltr' id='par_1_61' title="bbox 2062 1748 3636 1821">
     <span class='ocr_line' id='line_1_61' title="bbox 2062 1748 3636 1821; baseline 0.001 -19"><span class='ocrx_word' id='word_1_416' title='bbox 2062 1765 2201 1804; x_wconf 88' lang='lat' dir='ltr'><strong>nens</strong></span> <span class='ocrx_word' id='word_1_417' title='bbox 2252 1760 2308 1804; x_wconf 93' lang='lat' dir='ltr'><strong>et</strong></span> <span class='ocrx_word' id='word_1_418' title='bbox 2347 1765 2498 1806; x_wconf 90' lang='lat' dir='ltr'><strong>mare</strong></span> <span class='ocrx_word' id='word_1_419' title='bbox 2537 1751 2656 1805; x_wconf 89' lang='lat' dir='ltr'><strong>sine</strong></span> <span class='ocrx_word' id='word_1_420' title='bbox 2689 1751 2874 1821; x_wconf 87' lang='lat' dir='ltr'><strong>lingua</strong></span> <span class='ocrx_word' id='word_1_421' title='bbox 2920 1750 3392 1816; x_wconf 81' lang='lat' dir='ltr'><strong>lamentabantur,</strong></span> <span class='ocrx_word' id='word_1_422' title='bbox 3426 1759 3483 1805; x_wconf 91' lang='lat' dir='ltr'><strong>et</strong></span> <span class='ocrx_word' id='word_1_423' title='bbox 3515 1748 3636 1804; x_wconf 73' lang='lat' dir='ltr'><strong>alia:</strong></span> 
     </span>
    </p>
   </div>
   <div class='ocr_carea' id='block_1_62' title="bbox 2062 1841 3634 1920">
    <p class='ocr_par' dir='ltr' id='par_1_62' title="bbox 2062 1841 3634 1920">
     <span class='ocr_line' id='line_1_62' title="bbox 2062 1841 3634 1920; baseline 0 -25"><span class='ocrx_word' id='word_1_424' title='bbox 2062 1851 2350 1906; x_wconf 67' lang='lat' dir='ltr'><strong>creaturae,</strong></span> <span class='ocrx_word' id='word_1_425' title='bbox 2410 1851 2470 1895; x_wconf 92' lang='lat' dir='ltr'><strong>ut</strong></span> <span class='ocrx_word' id='word_1_426' title='bbox 2527 1841 2735 1896; x_wconf 91' lang='lat' dir='ltr'><strong>dictum</strong></span> <span class='ocrx_word' id='word_1_427' title='bbox 2774 1850 2879 1914; x_wconf 78' lang='lat' dir='ltr'><strong>est.</strong></span> <span class='ocrx_word' id='word_1_428' title='bbox 2942 1841 3138 1896; x_wconf 89' lang='lat' dir='ltr'><strong>Omnia</strong></span> <span class='ocrx_word' id='word_1_429' title='bbox 3191 1851 3418 1920; x_wconf 78' lang='lat' dir='ltr'><strong>tremor,</strong></span> <span class='ocrx_word' id='word_1_430' title='bbox 3468 1842 3634 1896; x_wconf 89' lang='lat' dir='ltr'><strong>etiam</strong></span> 
     </span>
    </p>
   </div>
   <div class='ocr_carea' id='block_1_63' title="bbox 2062 1930 3635 1999">
    <p class='ocr_par' dir='ltr' id='par_1_63' title="bbox 2062 1930 3635 1999">
     <span class='ocr_line' id='line_1_63' title="bbox 2062 1930 3635 1999; baseline 0.001 -15"><span class='ocrx_word' id='word_1_431' title='bbox 2062 1941 2299 1993; x_wconf 89' lang='lat' dir='ltr'><strong>montes,</strong></span> <span class='ocrx_word' id='word_1_432' title='bbox 2332 1940 2389 1985; x_wconf 92' lang='lat' dir='ltr'><strong>et</strong></span> <span class='ocrx_word' id='word_1_433' title='bbox 2415 1930 2582 1987; x_wconf 90' lang='lat' dir='ltr'><strong>colles</strong></span> <span class='ocrx_word' id='word_1_434' title='bbox 2602 1930 2916 1999; x_wconf 75' lang='lat' dir='ltr'><strong>occupabit.</strong></span> <span class='ocrx_word' id='word_1_435' title='bbox 2948 1930 3064 1995; x_wconf 89' lang='lat' dir='ltr'><strong>Sol,</strong></span> <span class='ocrx_word' id='word_1_436' title='bbox 3098 1942 3155 1986; x_wconf 92' lang='lat' dir='ltr'><strong>et</strong></span> <span class='ocrx_word' id='word_1_437' title='bbox 3183 1933 3335 1995; x_wconf 88' lang='lat' dir='ltr'><strong>luna,</strong></span> <span class='ocrx_word' id='word_1_438' title='bbox 3366 1940 3423 1985; x_wconf 88' lang='lat' dir='ltr'><strong>et</strong></span> <span class='ocrx_word' id='word_1_439' title='bbox 3449 1931 3635 1985; x_wconf 72' lang='lat' dir='ltr'><strong>stelta-</strong></span> 
     </span>
    </p>
   </div>
   <div class='ocr_carea' id='block_1_64' title="bbox 2061 2022 3628 2093">
    <p class='ocr_par' dir='ltr' id='par_1_64' title="bbox 2061 2022 3628 2093">
     <span class='ocr_line' id='line_1_64' title="bbox 2061 2022 3628 2093; baseline -0.001 -18"><span class='ocrx_word' id='word_1_440' title='bbox 2061 2037 2184 2076; x_wconf 91' lang='lat' dir='ltr'><strong>rum</strong></span> <span class='ocrx_word' id='word_1_441' title='bbox 2226 2022 2446 2093; x_wconf 89' lang='lat' dir='ltr'><strong>agmina</strong></span> <span class='ocrx_word' id='word_1_442' title='bbox 2498 2031 2694 2077; x_wconf 69' lang='lat' dir='ltr'><strong>mmsto</strong></span> <span class='ocrx_word' id='word_1_443' title='bbox 2727 2024 2881 2076; x_wconf 88' lang='lat' dir='ltr'><strong>vultu</strong></span> <span class='ocrx_word' id='word_1_444' title='bbox 2924 2024 3196 2092; x_wconf 82' lang='lat' dir='ltr'><strong>aspicient</strong></span> <span class='ocrx_word' id='word_1_445' title='bbox 3246 2022 3628 2077; x_wconf 85' lang='lat' dir='ltr'><strong>seductionem</strong></span> 
     </span>
    </p>
   </div>
   <div class='ocr_carea' id='block_1_65' title="bbox 2063 2112 3630 2183">
    <p class='ocr_par' dir='ltr' id='par_1_65' title="bbox 2063 2112 3630 2183">
     <span class='ocr_line' id='line_1_65' title="bbox 2063 2112 3630 2183; baseline -0.001 -16"><span class='ocrx_word' id='word_1_446' title='bbox 2063 2121 2290 2179; x_wconf 86' lang='lat' dir='ltr'><strong>tantam,</strong></span> <span class='ocrx_word' id='word_1_447' title='bbox 2341 2128 2448 2182; x_wconf 88' lang='lat' dir='ltr'><strong>qua</strong></span> <span class='ocrx_word' id='word_1_448' title='bbox 2484 2127 2659 2183; x_wconf 87' lang='lat' dir='ltr'><strong>genus</strong></span> <span class='ocrx_word' id='word_1_449' title='bbox 2702 2113 3006 2169; x_wconf 87' lang='lat' dir='ltr'><strong>humanum</strong></span> <span class='ocrx_word' id='word_1_450' title='bbox 3043 2129 3075 2169; x_wconf 88' lang='lat' dir='ltr'><strong>a</strong></span> <span class='ocrx_word' id='word_1_451' title='bbox 3119 2129 3222 2169; x_wconf 89' lang='lat' dir='ltr'><strong>suo</strong></span> <span class='ocrx_word' id='word_1_452' title='bbox 3250 2113 3512 2168; x_wconf 89' lang='lat' dir='ltr'><strong>Creatore</strong></span> <span class='ocrx_word' id='word_1_453' title='bbox 3561 2112 3630 2166; x_wconf 90' lang='lat' dir='ltr'><strong>ad</strong></span> 
     </span>
    </p>
   </div>
   <div class='ocr_carea' id='block_1_66' title="bbox 2061 2203 3630 2276">
    <p class='ocr_par' dir='ltr' id='par_1_66' title="bbox 2061 2203 3630 2276">
     <span class='ocr_line' id='line_1_66' title="bbox 2061 2203 3630 2276; baseline -0.001 -18"><span class='ocrx_word' id='word_1_454' title='bbox 2061 2203 2408 2258; x_wconf 88' lang='lat' dir='ltr'><strong>seductorem</strong></span> <span class='ocrx_word' id='word_1_455' title='bbox 2445 2218 2505 2258; x_wconf 87' lang='lat' dir='ltr'><strong>se</strong></span> <span class='ocrx_word' id='word_1_456' title='bbox 2533 2203 2822 2274; x_wconf 87' lang='lat' dir='ltr'><strong>applicuit,</strong></span> <span class='ocrx_word' id='word_1_457' title='bbox 2854 2213 2909 2259; x_wconf 91' lang='lat' dir='ltr'><strong>et</strong></span> <span class='ocrx_word' id='word_1_458' title='bbox 2943 2204 3161 2276; x_wconf 86' lang='lat' dir='ltr'><strong>signum</strong></span> <span class='ocrx_word' id='word_1_459' title='bbox 3191 2205 3311 2275; x_wconf 85' lang='lat' dir='ltr'><strong>ejus</strong></span> <span class='ocrx_word' id='word_1_460' title='bbox 3349 2203 3630 2273; x_wconf 86' lang='lat' dir='ltr'><strong>suscepit:</strong></span> 
     </span>
    </p>
   </div>
   <div class='ocr_carea' id='block_1_67' title="bbox 2061 2288 3630 2366">
    <p class='ocr_par' dir='ltr' id='par_1_67' title="bbox 2061 2288 3630 2366">
     <span class='ocr_line' id='line_1_67' title="bbox 2061 2288 3630 2366; baseline 0.001 -19"><span class='ocrx_word' id='word_1_461' title='bbox 2061 2293 2208 2363; x_wconf 89' lang='lat' dir='ltr'><strong>quod</strong></span> <span class='ocrx_word' id='word_1_462' title='bbox 2238 2288 2470 2348; x_wconf 78' lang='lat' dir='ltr'><strong>utinam</strong></span> <span class='ocrx_word' id='word_1_463' title='bbox 2506 2308 2786 2365; x_wconf 84' lang='lat' dir='ltr'><strong>nunquam</strong></span> <span class='ocrx_word' id='word_1_464' title='bbox 2835 2297 3232 2366; x_wconf 88' lang='lat' dir='ltr'><strong>suscepissent,</strong></span> <span class='ocrx_word' id='word_1_465' title='bbox 3265 2305 3323 2351; x_wconf 91' lang='lat' dir='ltr'><strong>et</strong></span> <span class='ocrx_word' id='word_1_466' title='bbox 3357 2296 3630 2350; x_wconf 87' lang='lat' dir='ltr'><strong>tulissent.</strong></span> 
     </span>
    </p>
   </div>
   <div class='ocr_carea' id='block_1_68' title="bbox 2060 2384 3634 2457">
    <p class='ocr_par' dir='ltr' id='par_1_68' title="bbox 2060 2384 3634 2457">
     <span class='ocr_line' id='line_1_68' title="bbox 2060 2384 3634 2457; baseline 0.001 -18"><span class='ocrx_word' id='word_1_467' title='bbox 2060 2385 2175 2439; x_wconf 69' lang='lat' dir='ltr'><strong>Viae</strong></span> <span class='ocrx_word' id='word_1_468' title='bbox 2228 2384 2360 2440; x_wconf 90' lang='lat' dir='ltr'><strong>Sion</strong></span> <span class='ocrx_word' id='word_1_469' title='bbox 2409 2393 2539 2441; x_wconf 88' lang='lat' dir='ltr'><strong>tunc</strong></span> <span class='ocrx_word' id='word_1_470' title='bbox 2591 2386 2883 2456; x_wconf 77' lang='lat' dir='ltr'><strong>lugebant,</strong></span> <span class='ocrx_word' id='word_1_471' title='bbox 2930 2387 3009 2442; x_wconf 90' lang='lat' dir='ltr'><strong>ait</strong></span> <span class='ocrx_word' id='word_1_472' title='bbox 3063 2387 3334 2457; x_wconf 83' lang='lat' dir='ltr'><strong>propheta</strong></span> <span class='ocrx_word' id='word_1_473' title='bbox 3380 2388 3460 2452; x_wconf 82' lang='grc'><strong>⁷⁸,</strong></span> <span class='ocrx_word' id='word_1_474' title='bbox 3505 2386 3634 2454; x_wconf 89' lang='lat' dir='ltr'><strong>quia</strong></span> 
     </span>
    </p>
   </div>
   <div class='ocr_carea' id='block_1_69' title="bbox 2060 2477 3636 2552">
    <p class='ocr_par' dir='ltr' id='par_1_69' title="bbox 2060 2477 3636 2552">
     <span class='ocr_line' id='line_1_69' title="bbox 2060 2477 3636 2552; baseline 0.002 -19"><span class='ocrx_word' id='word_1_475' title='bbox 2060 2477 2322 2533; x_wconf 89' lang='lat' dir='ltr'><strong>seductor</strong></span> <span class='ocrx_word' id='word_1_476' title='bbox 2352 2478 2582 2533; x_wconf 88' lang='lat' dir='ltr'><strong>abstulit</strong></span> <span class='ocrx_word' id='word_1_477' title='bbox 2608 2479 2748 2535; x_wconf 87' lang='lat' dir='ltr'><strong>festa</strong></span> <span class='ocrx_word' id='word_1_478' title='bbox 2778 2478 3020 2535; x_wconf 87' lang='lat' dir='ltr'><strong>Domini.</strong></span> <span class='ocrx_word' id='word_1_479' title='bbox 3071 2481 3118 2535; x_wconf 84' lang='lat' dir='ltr'><strong>A</strong></span> <span class='ocrx_word' id='word_1_480' title='bbox 3159 2479 3382 2536; x_wconf 79' lang='lat' dir='ltr'><strong>Christo</strong></span> <span class='ocrx_word' id='word_1_481' title='bbox 3431 2497 3636 2552; x_wconf 72' lang='lat' dir='ltr'><strong>cognoe</strong></span> 
     </span>
    </p>
   </div>
   <div class='ocr_carea' id='block_1_70' title="bbox 2062 2569 3632 2643">
    <p class='ocr_par' dir='ltr' id='par_1_70' title="bbox 2062 2569 3632 2643">
     <span class='ocr_line' id='line_1_70' title="bbox 2062 2569 3632 2643; baseline 0.001 -19"><span class='ocrx_word' id='word_1_482' title='bbox 2062 2569 2304 2626; x_wconf 85' lang='lat' dir='ltr'><strong>minatus</strong></span> <span class='ocrx_word' id='word_1_483' title='bbox 2325 2570 2563 2642; x_wconf 82' lang='lat' dir='ltr'><strong>populus</strong></span> <span class='ocrx_word' id='word_1_484' title='bbox 2586 2571 2642 2626; x_wconf 92' lang='lat' dir='ltr'><strong>in</strong></span> <span class='ocrx_word' id='word_1_485' title='bbox 2668 2586 2906 2627; x_wconf 70' lang='lat' dir='ltr'><strong>maerore</strong></span> <span class='ocrx_word' id='word_1_486' title='bbox 2933 2588 3133 2643; x_wconf 84' lang='lat' dir='ltr'><strong>magno</strong></span> <span class='ocrx_word' id='word_1_487' title='bbox 3154 2574 3493 2638; x_wconf 72' lang='lat' dir='ltr'><strong>versabitur;</strong></span> <span class='ocrx_word' id='word_1_488' title='bbox 3521 2588 3632 2626; x_wconf 82' lang='lat' dir='ltr'><strong>non</strong></span> 
     </span>
    </p>
   </div>
   <div class='ocr_carea' id='block_1_71' title="bbox 2060 2662 3629 2731">
    <p class='ocr_par' dir='ltr' id='par_1_71' title="bbox 2060 2662 3629 2731">
     <span class='ocr_line' id='line_1_71' title="bbox 2060 2662 3629 2731; baseline 0.001 -14"><span class='ocrx_word' id='word_1_489' title='bbox 2060 2662 2210 2717; x_wconf 88' lang='lat' dir='ltr'><strong>enim</strong></span> <span class='ocrx_word' id='word_1_490' title='bbox 2249 2662 2359 2717; x_wconf 90' lang='lat' dir='ltr'><strong>erit</strong></span> <span class='ocrx_word' id='word_1_491' title='bbox 2392 2662 2617 2731; x_wconf 90' lang='lat' dir='ltr'><strong>oblatio,</strong></span> <span class='ocrx_word' id='word_1_492' title='bbox 2654 2679 2766 2719; x_wconf 91' lang='lat' dir='ltr'><strong>non</strong></span> <span class='ocrx_word' id='word_1_493' title='bbox 2801 2665 3089 2729; x_wconf 86' lang='lat' dir='ltr'><strong>sacerdos,</strong></span> <span class='ocrx_word' id='word_1_494' title='bbox 3132 2680 3239 2719; x_wconf 91' lang='lat' dir='ltr'><strong>non</strong></span> <span class='ocrx_word' id='word_1_495' title='bbox 3277 2664 3629 2720; x_wconf 67' lang='lat' dir='ltr'><strong>sacrificium</strong></span> 
     </span>
    </p>
   </div>
   <div class='ocr_carea' id='block_1_72' title="bbox 2062 2752 3637 2824">
    <p class='ocr_par' dir='ltr' id='par_1_72' title="bbox 2062 2752 3637 2824">
     <span class='ocr_line' id='line_1_72' title="bbox 2062 2752 3637 2824; baseline 0 -17"><span class='ocrx_word' id='word_1_496' title='bbox 2062 2752 2258 2808; x_wconf 87' lang='lat' dir='ltr'><strong>Deficit</strong></span> <span class='ocrx_word' id='word_1_497' title='bbox 2311 2762 2369 2808; x_wconf 89' lang='lat' dir='ltr'><strong>et</strong></span> <span class='ocrx_word' id='word_1_498' title='bbox 2400 2752 2719 2824; x_wconf 85' lang='lat' dir='ltr'><strong>thymiama,</strong></span> <span class='ocrx_word' id='word_1_499' title='bbox 2761 2761 2818 2808; x_wconf 90' lang='lat' dir='ltr'><strong>et</strong></span> <span class='ocrx_word' id='word_1_500' title='bbox 2868 2754 3024 2809; x_wconf 86' lang='lat' dir='ltr'><strong>locus</strong></span> <span class='ocrx_word' id='word_1_501' title='bbox 3074 2754 3545 2817; x_wconf 84' lang='lat' dir='ltr'><strong>holocaustorum,</strong></span> <span class='ocrx_word' id='word_1_502' title='bbox 3577 2762 3637 2808; x_wconf 88' lang='lat' dir='ltr'><strong>et</strong></span> 
     </span>
    </p>
   </div>
   <div class='ocr_carea' id='block_1_73' title="bbox 2060 2841 3635 2914">
    <p class='ocr_par' dir='ltr' id='par_1_73' title="bbox 2060 2841 3635 2914">
     <span class='ocr_line' id='line_1_73' title="bbox 2060 2841 3635 2914; baseline 0.001 -18"><span class='ocrx_word' id='word_1_503' title='bbox 2060 2857 2255 2898; x_wconf 91' lang='lat' dir='ltr'><strong>omnes</strong></span> <span class='ocrx_word' id='word_1_504' title='bbox 2306 2841 2496 2913; x_wconf 86' lang='lat' dir='ltr'><strong>hymni</strong></span> <span class='ocrx_word' id='word_1_505' title='bbox 2538 2843 2967 2912; x_wconf 86' lang='lat' dir='ltr'><strong>psalmique,et</strong></span> <span class='ocrx_word' id='word_1_506' title='bbox 3011 2859 3177 2900; x_wconf 90' lang='lat' dir='ltr'><strong>omne</strong></span> <span class='ocrx_word' id='word_1_507' title='bbox 3230 2859 3405 2914; x_wconf 88' lang='lat' dir='ltr'><strong>genus</strong></span> <span class='ocrx_word' id='word_1_508' title='bbox 3458 2843 3635 2898; x_wconf 86' lang='lat' dir='ltr'><strong>divini</strong></span> 
     </span>
    </p>
   </div>
   <div class='ocr_carea' id='block_1_74' title="bbox 2061 2934 3635 3006">
    <p class='ocr_par' dir='ltr' id='par_1_74' title="bbox 2061 2934 3635 3006">
     <span class='ocr_line' id='line_1_74' title="bbox 2061 2934 3635 3006; baseline -0.001 -17"><span class='ocrx_word' id='word_1_509' title='bbox 2061 2937 2266 2997; x_wconf 89' lang='lat' dir='ltr'><strong>cultus,</strong></span> <span class='ocrx_word' id='word_1_510' title='bbox 2297 2934 2616 2990; x_wconf 86' lang='lat' dir='ltr'><strong>dominante</strong></span> <span class='ocrx_word' id='word_1_511' title='bbox 2652 2935 2814 2991; x_wconf 88' lang='lat' dir='ltr'><strong>nobis</strong></span> <span class='ocrx_word' id='word_1_512' title='bbox 2865 2936 3118 2992; x_wconf 62' lang='lat' dir='ltr'><strong>daemone</strong></span> <span class='ocrx_word' id='word_1_513' title='bbox 3163 2951 3263 3006; x_wconf 88' lang='lat' dir='ltr'><strong>per</strong></span> <span class='ocrx_word' id='word_1_514' title='bbox 3288 2950 3464 2991; x_wconf 88' lang='lat' dir='ltr'><strong>annos</strong></span> <span class='ocrx_word' id='word_1_515' title='bbox 3494 2934 3635 2989; x_wconf 83' lang='lat' dir='ltr'><strong>duos</strong></span> 
     </span>
    </p>
   </div>
   <div class='ocr_carea' id='block_1_75' title="bbox 2060 3025 3633 3098">
    <p class='ocr_par' dir='ltr' id='par_1_75' title="bbox 2060 3025 3633 3098">
     <span class='ocr_line' id='line_1_75' title="bbox 2060 3025 3633 3098; baseline -0.002 -17"><span class='ocrx_word' id='word_1_516' title='bbox 2060 3042 2185 3082; x_wconf 88' lang='lat' dir='ltr'><strong>cum</strong></span> <span class='ocrx_word' id='word_1_517' title='bbox 2208 3026 2458 3081; x_wconf 90' lang='lat' dir='ltr'><strong>dimidio.</strong></span> <span class='ocrx_word' id='word_1_518' title='bbox 2485 3026 2598 3081; x_wconf 86' lang='lat' dir='ltr'><strong>Nisi</strong></span> <span class='ocrx_word' id='word_1_519' title='bbox 2624 3027 2771 3081; x_wconf 90' lang='lat' dir='ltr'><strong>enim</strong></span> <span class='ocrx_word' id='word_1_520' title='bbox 2797 3027 3142 3097; x_wconf 89' lang='lat' dir='ltr'><strong>providentia</strong></span> <span class='ocrx_word' id='word_1_521' title='bbox 3168 3025 3423 3098; x_wconf 83' lang='lat' dir='ltr'><strong>Opificis,</strong></span> <span class='ocrx_word' id='word_1_522' title='bbox 3444 3026 3633 3081; x_wconf 70' lang='lat' dir='ltr'><strong>Salva,-</strong></span> 
     </span>
    </p>
   </div>
   <div class='ocr_carea' id='block_1_76' title="bbox 2063 3118 3635 3183">
    <p class='ocr_par' dir='ltr' id='par_1_76' title="bbox 2063 3118 3635 3183">
     <span class='ocr_line' id='line_1_76' title="bbox 2063 3118 3635 3183; baseline -0.001 -11"><span class='ocrx_word' id='word_1_523' title='bbox 2063 3120 2222 3182; x_wconf 91' lang='lat' dir='ltr'><strong>toris,</strong></span> <span class='ocrx_word' id='word_1_524' title='bbox 2260 3133 2327 3174; x_wconf 85' lang='lat' dir='ltr'><strong>ac</strong></span> <span class='ocrx_word' id='word_1_525' title='bbox 2371 3118 2589 3174; x_wconf 87' lang='lat' dir='ltr'><strong>Domini</strong></span> <span class='ocrx_word' id='word_1_526' title='bbox 2632 3136 2651 3170; x_wconf 72' lang='grc' dir='ltr'><strong><em>ι</em></strong></span> <span class='ocrx_word' id='word_1_527' title='bbox 2699 3118 2933 3174; x_wconf 82' lang='lat' dir='ltr'><strong>breviati</strong></span> <span class='ocrx_word' id='word_1_528' title='bbox 2964 3118 3200 3174; x_wconf 88' lang='lat' dir='ltr'><strong>fuissent</strong></span> <span class='ocrx_word' id='word_1_529' title='bbox 3229 3119 3348 3173; x_wconf 80' lang='lat' dir='ltr'><strong>dies</strong></span> <span class='ocrx_word' id='word_1_530' title='bbox 3382 3118 3485 3183; x_wconf 90' lang='lat' dir='ltr'><strong>illi,</strong></span> <span class='ocrx_word' id='word_1_531' title='bbox 3521 3133 3635 3172; x_wconf 86' lang='lat' dir='ltr'><strong>nou</strong></span> 
     </span>
    </p>
   </div>
   <div class='ocr_carea' id='block_1_77' title="bbox 2063 3209 3634 3289">
    <p class='ocr_par' dir='ltr' id='par_1_77' title="bbox 2063 3209 3634 3289">
     <span class='ocr_line' id='line_1_77' title="bbox 2063 3209 3634 3289; baseline -0.001 -24"><span class='ocrx_word' id='word_1_532' title='bbox 2063 3210 2218 3265; x_wconf 87' lang='lat' dir='ltr'><strong>fieret</strong></span> <span class='ocrx_word' id='word_1_533' title='bbox 2242 3211 2390 3265; x_wconf 88' lang='lat' dir='ltr'><strong>salva</strong></span> <span class='ocrx_word' id='word_1_534' title='bbox 2413 3210 2595 3266; x_wconf 90' lang='lat' dir='ltr'><strong>omnis</strong></span> <span class='ocrx_word' id='word_1_535' title='bbox 2617 3225 2767 3265; x_wconf 87' lang='lat' dir='ltr'><strong>caro.</strong></span> <span class='ocrx_word' id='word_1_536' title='bbox 2797 3209 2902 3265; x_wconf 88' lang='lat' dir='ltr'><strong>Sed</strong></span> <span class='ocrx_word' id='word_1_537' title='bbox 2927 3220 3154 3289; x_wconf 83' lang='lat' dir='ltr'><strong>propter</strong></span> <span class='ocrx_word' id='word_1_538' title='bbox 3179 3211 3388 3265; x_wconf 76' lang='lat' dir='ltr'><strong>electos</strong></span> <span class='ocrx_word' id='word_1_539' title='bbox 3414 3209 3634 3264; x_wconf 87' lang='lat' dir='ltr'><strong>brevia-</strong></span> 
     </span>
    </p>
   </div>
   <div class='ocr_carea' id='block_1_78' title="bbox 2060 3299 3636 3370">
    <p class='ocr_par' dir='ltr' id='par_1_78' title="bbox 2060 3299 3636 3370">
     <span class='ocr_line' id='line_1_78' title="bbox 2060 3299 3636 3370; baseline -0.003 -14"><span class='ocrx_word' id='word_1_540' title='bbox 2060 3302 2270 3357; x_wconf 88' lang='lat' dir='ltr'><strong>buntur</strong></span> <span class='ocrx_word' id='word_1_541' title='bbox 2299 3301 2417 3357; x_wconf 90' lang='lat' dir='ltr'><strong>dies</strong></span> <span class='ocrx_word' id='word_1_542' title='bbox 2448 3301 2527 3355; x_wconf 90' lang='lat' dir='ltr'><strong>illi</strong></span> <span class='ocrx_word' id='word_1_543' title='bbox 2557 3302 2627 3364; x_wconf 85' lang='lat'><strong>&quot;,</strong></span> <span class='ocrx_word' id='word_1_544' title='bbox 2670 3320 2689 3354; x_wconf 72' lang='grc' dir='ltr'><strong>ι</strong></span> <span class='ocrx_word' id='word_1_545' title='bbox 2725 3308 2786 3355; x_wconf 93' lang='lat' dir='ltr'><strong>ut</strong></span> <span class='ocrx_word' id='word_1_546' title='bbox 2839 3302 3070 3370; x_wconf 87' lang='lat' dir='ltr'><strong>ipsemet</strong></span> <span class='ocrx_word' id='word_1_547' title='bbox 3103 3299 3426 3365; x_wconf 76' lang='lat' dir='ltr'><strong>affirmavit,</strong></span> <span class='ocrx_word' id='word_1_548' title='bbox 3477 3300 3636 3354; x_wconf 82' lang='lat' dir='ltr'><strong>fictor</strong></span> 
     </span>
    </p>
   </div>
   <div class='ocr_carea' id='block_1_79' title="bbox 2061 3387 3639 3457">
    <p class='ocr_par' dir='ltr' id='par_1_79' title="bbox 2061 3387 3639 3457">
     <span class='ocr_line' id='line_1_79' title="bbox 2061 3387 3639 3457; baseline -0.004 -10"><span class='ocrx_word' id='word_1_549' title='bbox 2061 3407 2239 3457; x_wconf 90' lang='lat' dir='ltr'><strong>meus,</strong></span> <span class='ocrx_word' id='word_1_550' title='bbox 2283 3400 2339 3446; x_wconf 92' lang='lat' dir='ltr'><strong>ct</strong></span> <span class='ocrx_word' id='word_1_551' title='bbox 2389 3389 2676 3455; x_wconf 88' lang='lat' dir='ltr'><strong>Dominus,</strong></span> <span class='ocrx_word' id='word_1_552' title='bbox 2730 3396 2787 3444; x_wconf 89' lang='lat' dir='ltr'><strong>et</strong></span> <span class='ocrx_word' id='word_1_553' title='bbox 2830 3388 3145 3442; x_wconf 86' lang='lat' dir='ltr'><strong>misericors</strong></span> <span class='ocrx_word' id='word_1_554' title='bbox 3197 3387 3481 3452; x_wconf 90' lang='lat' dir='ltr'><strong>Dominus,</strong></span> <span class='ocrx_word' id='word_1_555' title='bbox 3534 3391 3639 3455; x_wconf 78' lang='lat' dir='ltr'><strong>qui</strong></span> 
     </span>
    </p>
   </div>
   <div class='ocr_carea' id='block_1_80' title="bbox 2061 3480 3631 3553">
    <p class='ocr_par' dir='ltr' id='par_1_80' title="bbox 2061 3480 3631 3553">
     <span class='ocr_line' id='line_1_80' title="bbox 2061 3480 3631 3553; baseline -0.004 -14"><span class='ocrx_word' id='word_1_556' title='bbox 2061 3499 2225 3553; x_wconf 89' lang='lat' dir='ltr'><strong>supra</strong></span> <span class='ocrx_word' id='word_1_557' title='bbox 2248 3484 2395 3537; x_wconf 89' lang='lat' dir='ltr'><strong>vires</strong></span> <span class='ocrx_word' id='word_1_558' title='bbox 2427 3483 2629 3536; x_wconf 88' lang='lat' dir='ltr'><strong>tentari</strong></span> <span class='ocrx_word' id='word_1_559' title='bbox 2653 3481 2786 3535; x_wconf 88' lang='lat' dir='ltr'><strong>sinit</strong></span> <span class='ocrx_word' id='word_1_560' title='bbox 2812 3480 3112 3535; x_wconf 90' lang='lat' dir='ltr'><strong>neminem.</strong></span> <span class='ocrx_word' id='word_1_561' title='bbox 3142 3480 3389 3550; x_wconf 79' lang='lat' dir='ltr'><strong>Expletis</strong></span> <span class='ocrx_word' id='word_1_562' title='bbox 3415 3487 3631 3548; x_wconf 82' lang='lat' dir='ltr'><strong>tempo-</strong></span> 
     </span>
    </p>
   </div>
   <div class='ocr_carea' id='block_1_81' title="bbox 2063 3571 3632 3641">
    <p class='ocr_par' dir='ltr' id='par_1_81' title="bbox 2063 3571 3632 3641">
     <span class='ocr_line' id='line_1_81' title="bbox 2063 3571 3632 3641; baseline -0.003 -13"><span class='ocrx_word' id='word_1_563' title='bbox 2063 3575 2215 3630; x_wconf 89' lang='lat' dir='ltr'><strong>ribus</strong></span> <span class='ocrx_word' id='word_1_564' title='bbox 2261 3573 2389 3637; x_wconf 89' lang='lat' dir='ltr'><strong>illis,</strong></span> <span class='ocrx_word' id='word_1_565' title='bbox 2438 3572 2532 3627; x_wconf 91' lang='lat' dir='ltr'><strong>ubi</strong></span> <span class='ocrx_word' id='word_1_566' title='bbox 2583 3571 2812 3628; x_wconf 76' lang='lat' dir='ltr'><strong>Satanas</strong></span> <span class='ocrx_word' id='word_1_567' title='bbox 2859 3580 2919 3627; x_wconf 87' lang='lat' dir='ltr'><strong>et</strong></span> <span class='ocrx_word' id='word_1_568' title='bbox 2996 3572 3251 3627; x_wconf 88' lang='lat' dir='ltr'><strong>scandala</strong></span> <span class='ocrx_word' id='word_1_569' title='bbox 3298 3571 3632 3641; x_wconf 78' lang='lat' dir='ltr'><strong>quieverint,</strong></span> 
     </span>
    </p>
   </div>
   <div class='ocr_carea' id='block_1_82' title="bbox 2062 3662 3633 3736">
    <p class='ocr_par' dir='ltr' id='par_1_82' title="bbox 2062 3662 3633 3736">
     <span class='ocr_line' id='line_1_82' title="bbox 2062 3662 3633 3736; baseline -0.003 -17"><span class='ocrx_word' id='word_1_570' title='bbox 2062 3673 2291 3736; x_wconf 83' lang='lat' dir='ltr'><strong>repente</strong></span> <span class='ocrx_word' id='word_1_571' title='bbox 2339 3666 2607 3719; x_wconf 89' lang='lat' dir='ltr'><strong>immensa</strong></span> <span class='ocrx_word' id='word_1_572' title='bbox 2670 3664 2763 3717; x_wconf 77' lang='lat' dir='ltr'><strong>lux</strong></span> <span class='ocrx_word' id='word_1_573' title='bbox 2816 3664 2978 3735; x_wconf 91' lang='lat' dir='ltr'><strong>longe</strong></span> <span class='ocrx_word' id='word_1_574' title='bbox 3029 3664 3251 3733; x_wconf 89' lang='lat' dir='ltr'><strong>lateque</strong></span> <span class='ocrx_word' id='word_1_575' title='bbox 3298 3662 3633 3717; x_wconf 83' lang='lat' dir='ltr'><strong>eoruscabit.</strong></span> 
     </span>
    </p>
   </div>
   <div class='ocr_carea' id='block_1_83' title="bbox 2064 3755 3636 3826">
    <p class='ocr_par' dir='ltr' id='par_1_83' title="bbox 2064 3755 3636 3826">
     <span class='ocr_line' id='line_1_83' title="bbox 2064 3755 3636 3826; baseline -0.002 -14"><span class='ocrx_word' id='word_1_576' title='bbox 2064 3759 2204 3813; x_wconf 86' lang='lat' dir='ltr'><strong>Tum</strong></span> <span class='ocrx_word' id='word_1_577' title='bbox 2238 3758 2510 3812; x_wconf 79' lang='lat' dir='ltr'><strong>maximus</strong></span> <span class='ocrx_word' id='word_1_578' title='bbox 2538 3757 2651 3818; x_wconf 88' lang='lat' dir='ltr'><strong>ille.</strong></span> <span class='ocrx_word' id='word_1_579' title='bbox 2684 3767 2742 3811; x_wconf 88' lang='lat' dir='ltr'><strong>et</strong></span> <span class='ocrx_word' id='word_1_580' title='bbox 2769 3755 3197 3826; x_wconf 90' lang='lat' dir='ltr'><strong>pulcherrimus,</strong></span> <span class='ocrx_word' id='word_1_581' title='bbox 3223 3764 3281 3811; x_wconf 92' lang='lat' dir='ltr'><strong>et</strong></span> <span class='ocrx_word' id='word_1_582' title='bbox 3310 3755 3636 3809; x_wconf 84' lang='lat' dir='ltr'><strong>immortalis</strong></span> 
     </span>
    </p>
   </div>
   <div class='ocr_carea' id='block_1_84' title="bbox 2065 3839 3637 3919">
    <p class='ocr_par' dir='ltr' id='par_1_84' title="bbox 2065 3839 3637 3919">
     <span class='ocr_line' id='line_1_84' title="bbox 2065 3839 3637 3919; baseline -0.004 -15"><span class='ocrx_word' id='word_1_583' title='bbox 2065 3847 2309 3919; x_wconf 88' lang='lat' dir='ltr'><strong>Sponsus</strong></span> <span class='ocrx_word' id='word_1_584' title='bbox 2354 3847 2423 3902; x_wconf 91' lang='lat' dir='ltr'><strong>ad</strong></span> <span class='ocrx_word' id='word_1_585' title='bbox 2476 3856 2651 3901; x_wconf 91' lang='lat' dir='ltr'><strong>totum</strong></span> <span class='ocrx_word' id='word_1_586' title='bbox 2692 3847 2906 3911; x_wconf 91' lang='lat' dir='ltr'><strong>orbem,</strong></span> <span class='ocrx_word' id='word_1_587' title='bbox 2957 3839 3040 3902; x_wconf 55' lang='lat' dir='ltr'><strong>ut&#39;</strong></span> <span class='ocrx_word' id='word_1_588' title='bbox 3069 3846 3241 3905; x_wconf 89' lang='lat' dir='ltr'><strong>novit.</strong></span> <span class='ocrx_word' id='word_1_589' title='bbox 3276 3844 3637 3916; x_wconf 84' lang='lat' dir='ltr'><strong>judicandum</strong></span> 
     </span>
    </p>
   </div>
   <div class='ocr_carea' id='block_1_85' title="bbox 2065 3938 3633 4008">
    <p class='ocr_par' dir='ltr' id='par_1_85' title="bbox 2065 3938 3633 4008">
     <span class='ocr_line' id='line_1_85' title="bbox 2065 3938 3633 4008; baseline -0.002 -14"><span class='ocrx_word' id='word_1_590' title='bbox 2065 3941 2268 4005; x_wconf 86' lang='lat' dir='ltr'><strong>veniet,</strong></span> <span class='ocrx_word' id='word_1_591' title='bbox 2298 3940 2354 3994; x_wconf 92' lang='lat' dir='ltr'><strong>in</strong></span> <span class='ocrx_word' id='word_1_592' title='bbox 2381 3939 2755 4005; x_wconf 88' lang='lat' dir='ltr'><strong>multitudine,</strong></span> <span class='ocrx_word' id='word_1_593' title='bbox 2793 3948 2849 3994; x_wconf 91' lang='lat' dir='ltr'><strong>et</strong></span> <span class='ocrx_word' id='word_1_594' title='bbox 2887 3940 3111 4005; x_wconf 88' lang='lat' dir='ltr'><strong>virtute,</strong></span> <span class='ocrx_word' id='word_1_595' title='bbox 3148 3947 3203 3993; x_wconf 87' lang='lat' dir='ltr'><strong>et</strong></span> <span class='ocrx_word' id='word_1_596' title='bbox 3229 3938 3426 4008; x_wconf 87' lang='lat' dir='ltr'><strong>gloria,</strong></span> <span class='ocrx_word' id='word_1_597' title='bbox 3463 3952 3633 4005; x_wconf 86' lang='lat' dir='ltr'><strong>quam</strong></span> 
     </span>
    </p>
   </div>
   <div class='ocr_carea' id='block_1_86' title="bbox 2065 4028 3635 4101">
    <p class='ocr_par' dir='ltr' id='par_1_86' title="bbox 2065 4028 3635 4101">
     <span class='ocr_line' id='line_1_86' title="bbox 2065 4028 3635 4101; baseline -0.004 -14"><span class='ocrx_word' id='word_1_598' title='bbox 2065 4033 2274 4087; x_wconf 88' lang='lat' dir='ltr'><strong>nullius</strong></span> <span class='ocrx_word' id='word_1_599' title='bbox 2297 4047 2450 4087; x_wconf 89' lang='lat' dir='ltr'><strong>mens</strong></span> <span class='ocrx_word' id='word_1_600' title='bbox 2471 4032 2773 4086; x_wconf 86' lang='lat' dir='ltr'><strong>informare</strong></span> <span class='ocrx_word' id='word_1_601' title='bbox 2794 4041 2979 4101; x_wconf 86' lang='lat' dir='ltr'><strong>queat.</strong></span> <span class='ocrx_word' id='word_1_602' title='bbox 3006 4031 3246 4085; x_wconf 87' lang='lat' dir='ltr'><strong>Sonante</strong></span> <span class='ocrx_word' id='word_1_603' title='bbox 3270 4029 3421 4091; x_wconf 90' lang='lat' dir='ltr'><strong>tuba,</strong></span> <span class='ocrx_word' id='word_1_604' title='bbox 3449 4028 3635 4098; x_wconf 63' lang='lat' dir='ltr'><strong>sepub-</strong></span> 
     </span>
    </p>
   </div>
   <div class='ocr_carea' id='block_1_87' title="bbox 2064 4123 3636 4197">
    <p class='ocr_par' dir='ltr' id='par_1_87' title="bbox 2064 4123 3636 4197">
     <span class='ocr_line' id='line_1_87' title="bbox 2064 4123 3636 4197; baseline -0.004 -14"><span class='ocrx_word' id='word_1_605' title='bbox 2064 4143 2156 4183; x_wconf 89' lang='lat' dir='ltr'><strong>cra</strong></span> <span class='ocrx_word' id='word_1_606' title='bbox 2201 4128 2539 4197; x_wconf 89' lang='lat' dir='ltr'><strong>aperientur,</strong></span> <span class='ocrx_word' id='word_1_607' title='bbox 2576 4136 2632 4181; x_wconf 90' lang='lat' dir='ltr'><strong>et</strong></span> <span class='ocrx_word' id='word_1_608' title='bbox 2668 4126 2872 4179; x_wconf 90' lang='lat' dir='ltr'><strong>mortui</strong></span> <span class='ocrx_word' id='word_1_609' title='bbox 2909 4124 3237 4178; x_wconf 84' lang='lat' dir='ltr'><strong>reviviscent</strong></span> <span class='ocrx_word' id='word_1_610' title='bbox 3267 4123 3530 4180; x_wconf 88' lang='lat' dir='ltr'><strong>universi.</strong></span> <span class='ocrx_word' id='word_1_611' title='bbox 3578 4132 3636 4176; x_wconf 86' lang='lat' dir='ltr'><strong>et</strong></span> 
     </span>
    </p>
   </div>
   <div class='ocr_carea' id='block_1_88' title="bbox 2063 4214 3634 4288">
    <p class='ocr_par' dir='ltr' id='par_1_88' title="bbox 2063 4214 3634 4288">
     <span class='ocr_line' id='line_1_88' title="bbox 2063 4214 3634 4288; baseline -0.002 -17"><span class='ocrx_word' id='word_1_612' title='bbox 2063 4226 2337 4288; x_wconf 87' lang='lat' dir='ltr'><strong>quotquot</strong></span> <span class='ocrx_word' id='word_1_613' title='bbox 2379 4226 2508 4286; x_wconf 87' lang='lat' dir='ltr'><strong>post</strong></span> <span class='ocrx_word' id='word_1_614' title='bbox 2551 4217 2805 4270; x_wconf 89' lang='lat' dir='ltr'><strong>homines</strong></span> <span class='ocrx_word' id='word_1_615' title='bbox 2839 4225 2998 4269; x_wconf 87' lang='lat' dir='ltr'><strong>natos</strong></span> <span class='ocrx_word' id='word_1_616' title='bbox 3042 4215 3392 4276; x_wconf 83' lang='lat' dir='ltr'><strong>interierunt,</strong></span> <span class='ocrx_word' id='word_1_617' title='bbox 3424 4214 3634 4268; x_wconf 61' lang='lat' dir='ltr'><strong>excita-</strong></span> 
     </span>
    </p>
   </div>
   <div class='ocr_carea' id='block_1_89' title="bbox 2065 4300 3631 4365">
    <p class='ocr_par' dir='ltr' id='par_1_89' title="bbox 2065 4300 3631 4365">
     <span class='ocr_line' id='line_1_89' title="bbox 2065 4300 3631 4365; baseline -0.006 -4"><span class='ocrx_word' id='word_1_618' title='bbox 2065 4308 2274 4361; x_wconf 88' lang='lat' dir='ltr'><strong>buntur</strong></span> <span class='ocrx_word' id='word_1_619' title='bbox 2291 4306 2356 4360; x_wconf 81' lang='lat'><strong>&quot;.</strong></span> <span class='ocrx_word' id='word_1_620' title='bbox 2372 4304 2631 4358; x_wconf 82' lang='lat' dir='ltr'><strong>Viventes</strong></span> <span class='ocrx_word' id='word_1_621' title='bbox 2654 4302 3111 4365; x_wconf 88' lang='lat' dir='ltr'><strong>immutabuntur,</strong></span> <span class='ocrx_word' id='word_1_622' title='bbox 3138 4301 3332 4355; x_wconf 89' lang='lat' dir='ltr'><strong>scribit</strong></span> <span class='ocrx_word' id='word_1_623' title='bbox 3352 4300 3550 4354; x_wconf 83' lang='lat' dir='ltr'><strong>Paulus</strong></span> <span class='ocrx_word' id='word_1_624' title='bbox 3566 4301 3631 4352; x_wconf 79' lang='grc'><strong>⁷⁸.</strong></span> 
     </span>
    </p>
   </div>
   <div class='ocr_carea' id='block_1_90' title="bbox 2060 4390 3634 4464">
    <p class='ocr_par' dir='ltr' id='par_1_90' title="bbox 2060 4390 3634 4464">
     <span class='ocr_line' id='line_1_90' title="bbox 2060 4390 3634 4464; baseline -0.006 -13"><span class='ocrx_word' id='word_1_625' title='bbox 2060 4397 2167 4464; x_wconf 86' lang='lat' dir='ltr'><strong>Qui</strong></span> <span class='ocrx_word' id='word_1_626' title='bbox 2196 4396 2250 4449; x_wconf 92' lang='lat' dir='ltr'><strong>in</strong></span> <span class='ocrx_word' id='word_1_627' title='bbox 2279 4408 2572 4449; x_wconf 87' lang='lat' dir='ltr'><strong>occursum</strong></span> <span class='ocrx_word' id='word_1_628' title='bbox 2601 4391 2807 4448; x_wconf 88' lang='lat' dir='ltr'><strong>Christi</strong></span> <span class='ocrx_word' id='word_1_629' title='bbox 2847 4391 3153 4461; x_wconf 89' lang='lat' dir='ltr'><strong>rapientur,</strong></span> <span class='ocrx_word' id='word_1_630' title='bbox 3187 4393 3243 4446; x_wconf 91' lang='lat' dir='ltr'><strong>in</strong></span> <span class='ocrx_word' id='word_1_631' title='bbox 3278 4391 3538 4452; x_wconf 89' lang='lat' dir='ltr'><strong>nubibus.</strong></span> <span class='ocrx_word' id='word_1_632' title='bbox 3579 4390 3634 4443; x_wconf 89' lang='lat' dir='ltr'><strong>in</strong></span> 
     </span>
    </p>
   </div>
   <div class='ocr_carea' id='block_1_91' title="bbox 386 4484 3633 4563">
    <p class='ocr_par' dir='ltr' id='par_1_91' title="bbox 386 4484 3633 4563">
     <span class='ocr_line' id='line_1_91' title="bbox 386 4484 3633 4563; baseline 0.001 -23"><span class='ocrx_word' id='word_1_633' title='bbox 386 4490 701 4557; x_wconf 85' lang='lat' dir='ltr'><strong>quampiam</strong></span> <span class='ocrx_word' id='word_1_634' title='bbox 731 4490 1004 4561; x_wconf 85' lang='lat' dir='ltr'><strong>regionem</strong></span> <span class='ocrx_word' id='word_1_635' title='bbox 1028 4490 1259 4562; x_wconf 85' lang='lat' dir='ltr'><strong>fugiant.</strong></span> <span class='ocrx_word' id='word_1_636' title='bbox 1286 4491 1446 4545; x_wconf 89' lang='lat' dir='ltr'><strong>Nulla</strong></span> <span class='ocrx_word' id='word_1_637' title='bbox 1467 4491 1693 4547; x_wconf 90' lang='lat' dir='ltr'><strong>omnino</strong></span> <span class='ocrx_word' id='word_1_638' title='bbox 1714 4493 1963 4547; x_wconf 87' lang='lat' dir='ltr'><strong>invenie-</strong></span> <span class='ocrx_word' id='word_1_639' title='bbox 1994 4508 2039 4563; x_wconf 73' lang='grc' dir='ltr'><strong>ι)</strong></span> <span class='ocrx_word' id='word_1_640' title='bbox 2065 4504 2193 4543; x_wconf 86' lang='lat' dir='ltr'><strong>aera</strong></span> <span class='ocrx_word' id='word_1_641' title='bbox 2215 4502 2408 4556; x_wconf 79' lang='lat' dir='ltr'><strong>magno</strong></span> <span class='ocrx_word' id='word_1_642' title='bbox 2427 4500 2680 4549; x_wconf 81' lang='lat' dir='ltr'><strong>numero,</strong></span> <span class='ocrx_word' id='word_1_643' title='bbox 2704 4485 2838 4555; x_wconf 63' lang='lat' dir='ltr'><strong>justi</strong></span> <span class='ocrx_word' id='word_1_644' title='bbox 2864 4492 3051 4539; x_wconf 76' lang='lat' dir='ltr'><strong>eruIIl-</strong></span> <span class='ocrx_word' id='word_1_645' title='bbox 3080 4484 3403 4539; x_wconf 74' lang='lat' dir='ltr'><strong>Peccalores</strong></span> <span class='ocrx_word' id='word_1_646' title='bbox 3425 4492 3633 4543; x_wconf 70' lang='lat' dir='ltr'><strong>autem.</strong></span> 
     </span>
    </p>
   </div>
   <div class='ocr_carea' id='block_1_92' title="bbox 391 4581 1959 4653">
    <p class='ocr_par' dir='ltr' id='par_1_92' title="bbox 391 4581 1959 4653">
     <span class='ocr_line' id='line_1_92' title="bbox 391 4581 1959 4653; baseline 0.004 -22"><span class='ocrx_word' id='word_1_647' title='bbox 391 4586 483 4631; x_wconf 88' lang='lat' dir='ltr'><strong>tur</strong></span> <span class='ocrx_word' id='word_1_648' title='bbox 513 4581 769 4636; x_wconf 88' lang='lat' dir='ltr'><strong>remissio</strong></span> <span class='ocrx_word' id='word_1_649' title='bbox 798 4599 812 4636; x_wconf 88' lang='lat'><strong>:</strong></span> <span class='ocrx_word' id='word_1_650' title='bbox 846 4583 998 4637; x_wconf 91' lang='lat' dir='ltr'><strong>nullo</strong></span> <span class='ocrx_word' id='word_1_651' title='bbox 1027 4583 1149 4637; x_wconf 91' lang='lat' dir='ltr'><strong>loco</strong></span> <span class='ocrx_word' id='word_1_652' title='bbox 1187 4591 1456 4645; x_wconf 89' lang='lat' dir='ltr'><strong>tutamen,</strong></span> <span class='ocrx_word' id='word_1_653' title='bbox 1499 4591 1594 4637; x_wconf 91' lang='lat' dir='ltr'><strong>aut</strong></span> <span class='ocrx_word' id='word_1_654' title='bbox 1622 4584 1959 4653; x_wconf 58' lang='lat' dir='ltr'><strong>praesidium.</strong></span> 
     </span>
    </p>
   </div>
   <div class='ocr_carea' id='block_1_93' title="bbox 390 4672 1995 4745">
    <p class='ocr_par' dir='ltr' id='par_1_93' title="bbox 390 4672 1995 4745">
     <span class='ocr_line' id='line_1_93' title="bbox 390 4672 1995 4745; baseline 0.004 -20"><span class='ocrx_word' id='word_1_655' title='bbox 390 4672 645 4728; x_wconf 78' lang='lat' dir='ltr'><strong>Pecunia:</strong></span> <span class='ocrx_word' id='word_1_656' title='bbox 657 4676 1276 4745; x_wconf 86' lang='lat' dir='ltr'><strong>amor,divitiarumque</strong></span> <span class='ocrx_word' id='word_1_657' title='bbox 1289 4675 1623 4732; x_wconf 85' lang='lat' dir='ltr'><strong>desiderium</strong></span> <span class='ocrx_word' id='word_1_658' title='bbox 1635 4684 1926 4731; x_wconf 86' lang='lat' dir='ltr'><strong>evanescet</strong></span> <span class='ocrx_word' id='word_1_659' title='bbox 1943 4693 1958 4730; x_wconf 90' lang='lat'><strong>:</strong></span> <span class='ocrx_word' id='word_1_660' title='bbox 1990 4694 1995 4699; x_wconf 91' lang='grc'><strong>·</strong></span> 
     </span>
    </p>
   </div>
   <div class='ocr_carea' id='block_1_94' title="bbox 388 4766 1960 4841">
    <p class='ocr_par' dir='ltr' id='par_1_94' title="bbox 388 4766 1960 4841">
     <span class='ocr_line' id='line_1_94' title="bbox 388 4766 1960 4841; baseline 0.006 -26"><span class='ocrx_word' id='word_1_661' title='bbox 388 4777 610 4827; x_wconf 87' lang='lat' dir='ltr'><strong>aurum,</strong></span> <span class='ocrx_word' id='word_1_662' title='bbox 645 4766 977 4837; x_wconf 73' lang='lat' dir='ltr'><strong>margaritae,</strong></span> <span class='ocrx_word' id='word_1_663' title='bbox 1011 4776 1066 4822; x_wconf 91' lang='lat' dir='ltr'><strong>et</strong></span> <span class='ocrx_word' id='word_1_664' title='bbox 1101 4768 1244 4837; x_wconf 86' lang='lat' dir='ltr'><strong>lapis</strong></span> <span class='ocrx_word' id='word_1_665' title='bbox 1274 4770 1553 4838; x_wconf 87' lang='lat' dir='ltr'><strong>pretiosus</strong></span> <span class='ocrx_word' id='word_1_666' title='bbox 1575 4769 1910 4841; x_wconf 86' lang='lat' dir='ltr'><strong>abjicientur</strong></span> <span class='ocrx_word' id='word_1_667' title='bbox 1945 4786 1960 4824; x_wconf 88' lang='lat'><strong>:</strong></span> 
     </span>
    </p>
   </div>
   <div class='ocr_carea' id='block_1_95' title="bbox 391 4857 1960 4931">
    <p class='ocr_par' dir='ltr' id='par_1_95' title="bbox 391 4857 1960 4931">
     <span class='ocr_line' id='line_1_95' title="bbox 391 4857 1960 4931; baseline 0.008 -27"><span class='ocrx_word' id='word_1_668' title='bbox 391 4869 656 4923; x_wconf 90' lang='lat' dir='ltr'><strong>purpura,</strong></span> <span class='ocrx_word' id='word_1_669' title='bbox 681 4857 895 4929; x_wconf 86' lang='lat' dir='ltr'><strong>byssus,</strong></span> <span class='ocrx_word' id='word_1_670' title='bbox 914 4871 1201 4931; x_wconf 89' lang='lat' dir='ltr'><strong>argentum</strong></span> <span class='ocrx_word' id='word_1_671' title='bbox 1225 4870 1559 4931; x_wconf 81' lang='lat' dir='ltr'><strong>spernentur</strong></span> <span class='ocrx_word' id='word_1_672' title='bbox 1579 4863 1647 4917; x_wconf 90' lang='lat' dir='ltr'><strong>ab</strong></span> <span class='ocrx_word' id='word_1_673' title='bbox 1669 4861 1960 4926; x_wconf 90' lang='lat' dir='ltr'><strong>omnibus;</strong></span> 
     </span>
    </p>
   </div>
   <div class='ocr_carea' id='block_1_96' title="bbox 389 4950 1962 5021">
    <p class='ocr_par' dir='ltr' id='par_1_96' title="bbox 389 4950 1962 5021">
     <span class='ocr_line' id='line_1_96' title="bbox 389 4950 1962 5021; baseline 0.004 -25"><span class='ocrx_word' id='word_1_674' title='bbox 389 4957 594 4999; x_wconf 90' lang='lat' dir='ltr'><strong>coccus</strong></span> <span class='ocrx_word' id='word_1_675' title='bbox 648 4957 934 5018; x_wconf 84' lang='lat' dir='ltr'><strong>angustus,</strong></span> <span class='ocrx_word' id='word_1_676' title='bbox 986 4950 1317 5021; x_wconf 83' lang='lat' dir='ltr'><strong>hyacinthus</strong></span> <span class='ocrx_word' id='word_1_677' title='bbox 1374 4960 1430 5005; x_wconf 92' lang='lat' dir='ltr'><strong>et</strong></span> <span class='ocrx_word' id='word_1_678' title='bbox 1483 4951 1588 5005; x_wconf 89' lang='lat' dir='ltr'><strong>alia</strong></span> <span class='ocrx_word' id='word_1_679' title='bbox 1641 4959 1962 5020; x_wconf 90' lang='lat' dir='ltr'><strong>sumptuosa</strong></span> 
     </span>
    </p>
   </div>
   <div class='ocr_carea' id='block_1_97' title="bbox 388 5036 1962 5113">
    <p class='ocr_par' dir='ltr' id='par_1_97' title="bbox 388 5036 1962 5113">
     <span class='ocr_line' id='line_1_97' title="bbox 388 5036 1962 5113; baseline 0.004 -24"><span class='ocrx_word' id='word_1_680' title='bbox 388 5036 758 5106; x_wconf 82' lang='lat' dir='ltr'><strong>negligenter.</strong></span> <span class='ocrx_word' id='word_1_681' title='bbox 786 5041 857 5097; x_wconf 90' lang='lat' dir='ltr'><strong>Ut</strong></span> <span class='ocrx_word' id='word_1_682' title='bbox 880 5043 1072 5110; x_wconf 87' lang='lat' dir='ltr'><strong>paucis</strong></span> <span class='ocrx_word' id='word_1_683' title='bbox 1100 5043 1301 5107; x_wconf 88' lang='lat' dir='ltr'><strong>dicam,</strong></span> <span class='ocrx_word' id='word_1_684' title='bbox 1334 5043 1602 5113; x_wconf 88' lang='lat' dir='ltr'><strong>quidquid</strong></span> <span class='ocrx_word' id='word_1_685' title='bbox 1629 5042 1683 5096; x_wconf 92' lang='lat' dir='ltr'><strong>in</strong></span> <span class='ocrx_word' id='word_1_686' title='bbox 1723 5042 1962 5096; x_wconf 86' lang='lat' dir='ltr'><strong>terrenis</strong></span> 
     </span>
    </p>
   </div>
   <div class='ocr_carea' id='block_1_98' title="bbox 390 5127 1962 5204">
    <p class='ocr_par' dir='ltr' id='par_1_98' title="bbox 390 5127 1962 5204">
     <span class='ocr_line' id='line_1_98' title="bbox 390 5127 1962 5204; baseline 0.003 -24"><span class='ocrx_word' id='word_1_687' title='bbox 390 5127 560 5182; x_wconf 81' lang='lat' dir='ltr'><strong>rebus</strong></span> <span class='ocrx_word' id='word_1_688' title='bbox 577 5132 902 5198; x_wconf 87' lang='lat' dir='ltr'><strong>pretiosum,</strong></span> <span class='ocrx_word' id='word_1_689' title='bbox 926 5144 987 5189; x_wconf 89' lang='lat' dir='ltr'><strong>ut</strong></span> <span class='ocrx_word' id='word_1_690' title='bbox 1005 5134 1221 5199; x_wconf 83' lang='lat' dir='ltr'><strong>inutile,</strong></span> <span class='ocrx_word' id='word_1_691' title='bbox 1243 5143 1303 5188; x_wconf 90' lang='lat' dir='ltr'><strong>ut</strong></span> <span class='ocrx_word' id='word_1_692' title='bbox 1321 5134 1634 5204; x_wconf 84' lang='lat' dir='ltr'><strong>profanum,</strong></span> <span class='ocrx_word' id='word_1_693' title='bbox 1654 5144 1712 5188; x_wconf 92' lang='lat' dir='ltr'><strong>ut</strong></span> <span class='ocrx_word' id='word_1_694' title='bbox 1730 5133 1962 5204; x_wconf 86' lang='lat' dir='ltr'><strong>ignomi-</strong></span> 
     </span>
    </p>
   </div>
   <div class='ocr_carea' id='block_1_99' title="bbox 388 5208 1961 5293">
    <p class='ocr_par' dir='ltr' id='par_1_99' title="bbox 388 5208 1961 5293">
     <span class='ocr_line' id='line_1_99' title="bbox 388 5208 1961 5293; baseline 0.006 -22"><span class='ocrx_word' id='word_1_695' title='bbox 388 5208 624 5273; x_wconf 19' lang='lat' dir='ltr'><strong>niosum.</strong></span> <span class='ocrx_word' id='word_1_696' title='bbox 651 5222 1011 5293; x_wconf 84' lang='lat' dir='ltr'><strong>despicietur.</strong></span> <span class='ocrx_word' id='word_1_697' title='bbox 1042 5225 1218 5281; x_wconf 86' lang='lat' dir='ltr'><strong>Nemo</strong></span> <span class='ocrx_word' id='word_1_698' title='bbox 1242 5226 1485 5281; x_wconf 89' lang='lat' dir='ltr'><strong>nunnnis</strong></span> <span class='ocrx_word' id='word_1_699' title='bbox 1527 5226 1823 5289; x_wconf 86' lang='lat' dir='ltr'><strong>laetabitur,</strong></span> <span class='ocrx_word' id='word_1_700' title='bbox 1857 5239 1961 5278; x_wconf 87' lang='lat' dir='ltr'><strong>nec</strong></span> 
     </span>
    </p>
   </div>
   <div class='ocr_carea' id='block_1_100' title="bbox 2067 4573 3647 4649">
    <p class='ocr_par' dir='ltr' id='par_1_100' title="bbox 2067 4573 3647 4649">
     <span class='ocr_line' id='line_1_100' title="bbox 2067 4573 3647 4649; baseline -0.005 -14"><span class='ocrx_word' id='word_1_701' title='bbox 2067 4590 2126 4635; x_wconf 91' lang='lat' dir='ltr'><strong>ut</strong></span> <span class='ocrx_word' id='word_1_702' title='bbox 2155 4594 2281 4649; x_wconf 86' lang='lat' dir='ltr'><strong>ego,</strong></span> <span class='ocrx_word' id='word_1_703' title='bbox 2328 4586 2385 4632; x_wconf 91' lang='lat' dir='ltr'><strong>et</strong></span> <span class='ocrx_word' id='word_1_704' title='bbox 2418 4584 2692 4647; x_wconf 87' lang='lat' dir='ltr'><strong>quotquot</strong></span> <span class='ocrx_word' id='word_1_705' title='bbox 2734 4574 3153 4646; x_wconf 88' lang='lat' dir='ltr'><strong>improbissimi,</strong></span> <span class='ocrx_word' id='word_1_706' title='bbox 3199 4575 3257 4631; x_wconf 89' lang='lat' dir='ltr'><strong>in</strong></span> <span class='ocrx_word' id='word_1_707' title='bbox 3286 4585 3436 4630; x_wconf 87' lang='lat' dir='ltr'><strong>terra</strong></span> <span class='ocrx_word' id='word_1_708' title='bbox 3466 4573 3647 4629; x_wconf 46' lang='lat' dir='ltr'><strong>relinu</strong></span> 
     </span>
    </p>
   </div>
   <div class='ocr_carea' id='block_1_101' title="bbox 2061 4668 3009 4742">
    <p class='ocr_par' dir='ltr' id='par_1_101' title="bbox 2061 4668 3009 4742">
     <span class='ocr_line' id='line_1_101' title="bbox 2061 4668 3009 4742; baseline -0.003 -17"><span class='ocrx_word' id='word_1_709' title='bbox 2061 4680 2323 4742; x_wconf 83' lang='lat' dir='ltr'><strong>quenter,</strong></span> <span class='ocrx_word' id='word_1_710' title='bbox 2350 4670 2552 4724; x_wconf 89' lang='lat' dir='ltr'><strong>frustra</strong></span> <span class='ocrx_word' id='word_1_711' title='bbox 2577 4668 2945 4723; x_wconf 87' lang='lat' dir='ltr'><strong>lamentantes</strong></span> <span class='ocrx_word' id='word_1_712' title='bbox 2968 4671 3009 4722; x_wconf 81' lang='lat'><strong>&#39;.</strong></span> 
     </span>
    </p>
   </div>
   <div class='ocr_carea' id='block_1_102' title="bbox 2135 4758 3638 4833">
    <p class='ocr_par' dir='ltr' id='par_1_102' title="bbox 2135 4758 3638 4833">
     <span class='ocr_line' id='line_1_102' title="bbox 2135 4758 3638 4833; baseline -0.003 -17"><span class='ocrx_word' id='word_1_713' title='bbox 2135 4762 2424 4833; x_wconf 85' lang='lat' dir='ltr'><strong>Tyrannus</strong></span> <span class='ocrx_word' id='word_1_714' title='bbox 2446 4776 2571 4816; x_wconf 89' lang='lat' dir='ltr'><strong>cum</strong></span> <span class='ocrx_word' id='word_1_715' title='bbox 2600 4759 2752 4814; x_wconf 89' lang='lat' dir='ltr'><strong>omni</strong></span> <span class='ocrx_word' id='word_1_716' title='bbox 2773 4759 3017 4830; x_wconf 85' lang='lat' dir='ltr'><strong>potentia</strong></span> <span class='ocrx_word' id='word_1_717' title='bbox 3048 4773 3144 4814; x_wconf 90' lang='lat' dir='ltr'><strong>sua</strong></span> <span class='ocrx_word' id='word_1_718' title='bbox 3169 4758 3562 4813; x_wconf 87' lang='lat' dir='ltr'><strong>condemnatus</strong></span> <span class='ocrx_word' id='word_1_719' title='bbox 3578 4765 3638 4811; x_wconf 88' lang='lat' dir='ltr'><strong>et</strong></span> 
     </span>
    </p>
   </div>
   <div class='ocr_carea' id='block_1_103' title="bbox 2061 4850 3630 4926">
    <p class='ocr_par' dir='ltr' id='par_1_103' title="bbox 2061 4850 3630 4926">
     <span class='ocr_line' id='line_1_103' title="bbox 2061 4850 3630 4926; baseline -0.004 -17"><span class='ocrx_word' id='word_1_720' title='bbox 2061 4855 2284 4926; x_wconf 88' lang='lat' dir='ltr'><strong>ligatus,</strong></span> <span class='ocrx_word' id='word_1_721' title='bbox 2303 4862 2364 4908; x_wconf 86' lang='lat' dir='ltr'><strong>et</strong></span> <span class='ocrx_word' id='word_1_722' title='bbox 2393 4853 2710 4923; x_wconf 88' lang='lat' dir='ltr'><strong>quicunque</strong></span> <span class='ocrx_word' id='word_1_723' title='bbox 2747 4852 3121 4907; x_wconf 87' lang='lat' dir='ltr'><strong>characterem</strong></span> <span class='ocrx_word' id='word_1_724' title='bbox 3148 4852 3266 4922; x_wconf 86' lang='lat' dir='ltr'><strong>ejus</strong></span> <span class='ocrx_word' id='word_1_725' title='bbox 3296 4850 3630 4911; x_wconf 88' lang='lat' dir='ltr'><strong>habuerunt,</strong></span> 
     </span>
    </p>
   </div>
   <div class='ocr_carea' id='block_1_104' title="bbox 2065 4941 3634 5002">
    <p class='ocr_par' dir='ltr' id='par_1_104' title="bbox 2065 4941 3634 5002">
     <span class='ocr_line' id='line_1_104' title="bbox 2065 4941 3634 5002; baseline -0.004 -3"><span class='ocrx_word' id='word_1_726' title='bbox 2065 4945 2443 5002; x_wconf 85' lang='lat' dir='ltr'><strong>anteVerbum</strong></span> <span class='ocrx_word' id='word_1_727' title='bbox 2462 4944 2751 5000; x_wconf 86' lang='lat' dir='ltr'><strong>sistentur.</strong></span> <span class='ocrx_word' id='word_1_728' title='bbox 2780 4942 2938 4997; x_wconf 90' lang='lat' dir='ltr'><strong>Tunc</strong></span> <span class='ocrx_word' id='word_1_729' title='bbox 2996 4942 3113 4997; x_wconf 76' lang='lat' dir='ltr'><strong>Rex</strong></span> <span class='ocrx_word' id='word_1_730' title='bbox 3142 4941 3387 4995; x_wconf 87' lang='lat' dir='ltr'><strong>omnium</strong></span> <span class='ocrx_word' id='word_1_731' title='bbox 3417 4950 3472 4995; x_wconf 90' lang='lat' dir='ltr'><strong>et</strong></span> <span class='ocrx_word' id='word_1_732' title='bbox 3523 4941 3634 4993; x_wconf 78' lang='lat' dir='ltr'><strong>Do-</strong></span> 
     </span>
    </p>
   </div>
   <div class='ocr_carea' id='block_1_105' title="bbox 2066 5033 3635 5106">
    <p class='ocr_par' dir='ltr' id='par_1_105' title="bbox 2066 5033 3635 5106">
     <span class='ocr_line' id='line_1_105' title="bbox 2066 5033 3635 5106; baseline -0.003 -15"><span class='ocrx_word' id='word_1_733' title='bbox 2066 5038 2249 5092; x_wconf 87' lang='lat' dir='ltr'><strong>minus</strong></span> <span class='ocrx_word' id='word_1_734' title='bbox 2295 5035 2712 5106; x_wconf 91' lang='lat' dir='ltr'><strong>potentissimus</strong></span> <span class='ocrx_word' id='word_1_735' title='bbox 2740 5034 3069 5091; x_wconf 87' lang='lat' dir='ltr'><strong>sententiam</strong></span> <span class='ocrx_word' id='word_1_736' title='bbox 3100 5045 3289 5089; x_wconf 89' lang='lat' dir='ltr'><strong>contra</strong></span> <span class='ocrx_word' id='word_1_737' title='bbox 3337 5033 3459 5087; x_wconf 87' lang='lat' dir='ltr'><strong>illos</strong></span> <span class='ocrx_word' id='word_1_738' title='bbox 3508 5047 3635 5102; x_wconf 87' lang='lat' dir='ltr'><strong>pro—</strong></span> 
     </span>
    </p>
   </div>
   <div class='ocr_carea' id='block_1_106' title="bbox 2064 5126 3633 5198">
    <p class='ocr_par' dir='ltr' id='par_1_106' title="bbox 2064 5126 3633 5198">
     <span class='ocr_line' id='line_1_106' title="bbox 2064 5126 3633 5198; baseline -0.003 -15"><span class='ocrx_word' id='word_1_739' title='bbox 2064 5128 2223 5192; x_wconf 72' lang='lat' dir='ltr'><strong>feret,</strong></span> <span class='ocrx_word' id='word_1_740' title='bbox 2276 5129 2632 5198; x_wconf 77' lang='lat' dir='ltr'><strong>universique</strong></span> <span class='ocrx_word' id='word_1_741' title='bbox 2677 5128 2731 5182; x_wconf 93' lang='lat' dir='ltr'><strong>in</strong></span> <span class='ocrx_word' id='word_1_742' title='bbox 2760 5128 3068 5196; x_wconf 87' lang='lat' dir='ltr'><strong>gehennam</strong></span> <span class='ocrx_word' id='word_1_743' title='bbox 3130 5136 3488 5195; x_wconf 75' lang='lat' dir='ltr'><strong>pra-paratam</strong></span> <span class='ocrx_word' id='word_1_744' title='bbox 3522 5126 3633 5179; x_wconf 86' lang='lat' dir='ltr'><strong>dis-</strong></span> 
     </span>
    </p>
   </div>
   <div class='ocr_carea' id='block_1_107' title="bbox 2063 5218 3629 5289">
    <p class='ocr_par' dir='ltr' id='par_1_107' title="bbox 2063 5218 3629 5289">
     <span class='ocr_line' id='line_1_107' title="bbox 2063 5218 3629 5289; baseline -0.003 -12"><span class='ocrx_word' id='word_1_745' title='bbox 2063 5223 2282 5278; x_wconf 84' lang='lat' dir='ltr'><strong>cedent.</strong></span> <span class='ocrx_word' id='word_1_746' title='bbox 2341 5221 2396 5275; x_wconf 93' lang='lat' dir='ltr'><strong>ln</strong></span> <span class='ocrx_word' id='word_1_747' title='bbox 2464 5222 2586 5276; x_wconf 88' lang='lat' dir='ltr'><strong>istis</strong></span> <span class='ocrx_word' id='word_1_748' title='bbox 2636 5230 2769 5276; x_wconf 89' lang='lat' dir='ltr'><strong>tunc</strong></span> <span class='ocrx_word' id='word_1_749' title='bbox 2821 5219 3141 5289; x_wconf 88' lang='lat' dir='ltr'><strong>implebitur</strong></span> <span class='ocrx_word' id='word_1_750' title='bbox 3179 5218 3269 5271; x_wconf 86' lang='lat' dir='ltr'><strong>illa</strong></span> <span class='ocrx_word' id='word_1_751' title='bbox 3322 5219 3629 5288; x_wconf 75' lang='lat' dir='ltr'><strong>prmdictio,</strong></span> 
     </span>
    </p>
   </div>
   <div class='ocr_carea' id='block_1_108' title="bbox 454 5316 3630 5421">
    <p class='ocr_par' dir='ltr' id='par_1_108' title="bbox 454 5316 3630 5421">
     <span class='ocr_line' id='line_1_108' title="bbox 454 5316 3630 5421; baseline 0.001 -33"><span class='ocrx_word' id='word_1_752' title='bbox 454 5335 502 5368; x_wconf 83' lang='grc'><strong>⁷⁸</strong></span> <span class='ocrx_word' id='word_1_753' title='bbox 535 5333 738 5393; x_wconf 88' lang='lat' dir='ltr'><strong>Thren.</strong></span> <span class='ocrx_word' id='word_1_754' title='bbox 771 5338 884 5405; x_wconf 72' lang='lat'><strong>1,4,</strong></span> <span class='ocrx_word' id='word_1_755' title='bbox 908 5340 964 5396; x_wconf 80' lang='lat'><strong>5.</strong></span> <span class='ocrx_word' id='word_1_756' title='bbox 1043 5342 1087 5372; x_wconf 83' lang='grc'><strong>⁷⁸</strong></span> <span class='ocrx_word' id='word_1_757' title='bbox 1126 5340 1317 5396; x_wconf 86' lang='lat' dir='ltr'><strong>Matth.</strong></span> <span class='ocrx_word' id='word_1_758' title='bbox 1343 5357 1492 5406; x_wconf 74' lang='lat' dir='ltr'><strong>xxiv,</strong></span> <span class='ocrx_word' id='word_1_759' title='bbox 1515 5341 1607 5397; x_wconf 73' lang='lat'><strong>22.</strong></span> <span class='ocrx_word' id='word_1_760' title='bbox 1684 5342 1728 5372; x_wconf 81' lang='grc'><strong>⁷⁷</strong></span> <span class='ocrx_word' id='word_1_761' title='bbox 1764 5339 1897 5394; x_wconf 87' lang='lat' dir='ltr'><strong>Luc.</strong></span> <span class='ocrx_word' id='word_1_762' title='bbox 1925 5353 2039 5405; x_wconf 72' lang='lat' dir='ltr'><strong>XXI,</strong></span> <span class='ocrx_word' id='word_1_763' title='bbox 2064 5339 2133 5392; x_wconf 73' lang='lat'><strong>27</strong></span> <span class='ocrx_word' id='word_1_764' title='bbox 2162 5355 2178 5406; x_wconf 87' lang='lat'><strong>;</strong></span> <span class='ocrx_word' id='word_1_765' title='bbox 2220 5338 2410 5421; x_wconf 78' lang='lat' dir='ltr'><strong>Matth.</strong></span> <span class='ocrx_word' id='word_1_766' title='bbox 2462 5352 2609 5400; x_wconf 76' lang='lat' dir='ltr'><strong>xxiv,</strong></span> <span class='ocrx_word' id='word_1_767' title='bbox 2631 5335 2701 5391; x_wconf 69' lang='lat'><strong>29</strong></span> <span class='ocrx_word' id='word_1_768' title='bbox 2736 5351 2891 5406; x_wconf 88' lang='lat' dir='ltr'><strong>seqq.</strong></span> <span class='ocrx_word' id='word_1_769' title='bbox 2976 5336 3026 5367; x_wconf 81' lang='lat'><strong>&quot;</strong></span> <span class='ocrx_word' id='word_1_770' title='bbox 3058 5335 3077 5391; x_wconf 94' lang='grc'><strong>1</strong></span> <span class='ocrx_word' id='word_1_771' title='bbox 3109 5334 3238 5391; x_wconf 90' lang='lat' dir='ltr'><strong>Cor.</strong></span> <span class='ocrx_word' id='word_1_772' title='bbox 3271 5351 3359 5401; x_wconf 81' lang='lat' dir='ltr'><strong>xv,</strong></span> <span class='ocrx_word' id='word_1_773' title='bbox 3381 5316 3448 5391; x_wconf 72' lang='lat'><strong>59</strong></span> <span class='ocrx_word' id='word_1_774' title='bbox 3476 5352 3630 5407; x_wconf 81' lang='lat' dir='ltr'><strong>seqq.</strong></span> 
     </span>
    </p>
   </div>
   <div class='ocr_carea' id='block_1_109' title="bbox 1841 5481 2117 5545">
    <p class='ocr_par' dir='ltr' id='par_1_109' title="bbox 1841 5481 2117 5545">
     <span class='ocr_line' id='line_1_109' title="bbox 1841 5481 2117 5545; baseline -0.004 -2"><span class='ocrx_word' id='word_1_775' title='bbox 1841 5481 2117 5545; x_wconf 77' lang='lat' dir='ltr'><strong>Schoha.</strong></span> 
     </span>
    </p>
   </div>
   <div class='ocr_carea' id='block_1_110' title="bbox 463 5600 1964 5679">
    <p class='ocr_par' dir='ltr' id='par_1_110' title="bbox 463 5600 1964 5679">
     <span class='ocr_line' id='line_1_110' title="bbox 463 5600 1964 5679; baseline 0.001 -23"><span class='ocrx_word' id='word_1_776' title='bbox 463 5600 960 5679; x_wconf 76' lang='lat' dir='ltr'><strong>‘Chrysostomns:</strong></span> <span class='ocrx_word' id='word_1_777' title='bbox 996 5604 1200 5661; x_wconf 83' lang='lat' dir='ltr'><strong>Etenim</strong></span> <span class='ocrx_word' id='word_1_778' title='bbox 1250 5623 1368 5679; x_wconf 81' lang='lat' dir='ltr'><strong>rege</strong></span> <span class='ocrx_word' id='word_1_779' title='bbox 1425 5607 1885 5679; x_wconf 80' lang='lat' dir='ltr'><strong>appropinquante</strong></span> <span class='ocrx_word' id='word_1_780' title='bbox 1915 5615 1964 5679; x_wconf 69' lang='lat' dir='ltr'><strong>et</strong></span> 
     </span>
    </p>
   </div>
   <div class='ocr_carea' id='block_1_111' title="bbox 387 5670 1960 5743">
    <p class='ocr_par' dir='ltr' id='par_1_111' title="bbox 387 5670 1960 5743">
     <span class='ocr_line' id='line_1_111' title="bbox 387 5670 1960 5743; baseline 0.005 -22"><span class='ocrx_word' id='word_1_781' title='bbox 387 5670 713 5733; x_wconf 71' lang='lat' dir='ltr'><strong>adveniente,</strong></span> <span class='ocrx_word' id='word_1_782' title='bbox 756 5677 845 5743; x_wconf 85' lang='lat' dir='ltr'><strong>qui</strong></span> <span class='ocrx_word' id='word_1_783' title='bbox 871 5678 921 5728; x_wconf 83' lang='lat' dir='ltr'><strong>in</strong></span> <span class='ocrx_word' id='word_1_784' title='bbox 964 5679 1159 5730; x_wconf 76' lang='lat' dir='ltr'><strong>honore</strong></span> <span class='ocrx_word' id='word_1_785' title='bbox 1178 5670 1327 5741; x_wconf 64' lang='lat' dir='ltr'><strong>sunt:</strong></span> <span class='ocrx_word' id='word_1_786' title='bbox 1359 5670 1673 5739; x_wconf 69' lang='lat' dir='ltr'><strong>occurrunt;</strong></span> <span class='ocrx_word' id='word_1_787' title='bbox 1696 5670 1960 5738; x_wconf 72' lang='lat' dir='ltr'><strong>damnati,</strong></span> 
     </span>
    </p>
   </div>
   <div class='ocr_carea' id='block_1_112' title="bbox 387 5743 1961 5815">
    <p class='ocr_par' dir='ltr' id='par_1_112' title="bbox 387 5743 1961 5815">
     <span class='ocr_line' id='line_1_112' title="bbox 387 5743 1961 5815; baseline 0.006 -25"><span class='ocrx_word' id='word_1_788' title='bbox 387 5743 585 5809; x_wconf 68' lang='lat' dir='ltr'><strong>quique</strong></span> <span class='ocrx_word' id='word_1_789' title='bbox 604 5743 951 5812; x_wconf 70' lang='lat' dir='ltr'><strong>oﬂ‘enderunt,</strong></span> <span class='ocrx_word' id='word_1_790' title='bbox 975 5747 1115 5801; x_wconf 83' lang='lat' dir='ltr'><strong>domi</strong></span> <span class='ocrx_word' id='word_1_791' title='bbox 1134 5758 1365 5801; x_wconf 82' lang='lat' dir='ltr'><strong>nmncut.</strong></span> <span class='ocrx_word' id='word_1_792' title='bbox 1388 5746 1559 5805; x_wconf 75' lang='lat' dir='ltr'><strong>Super</strong></span> <span class='ocrx_word' id='word_1_793' title='bbox 1581 5763 1699 5801; x_wconf 76' lang='lat' dir='ltr'><strong>acre</strong></span> <span class='ocrx_word' id='word_1_794' title='bbox 1729 5746 1961 5815; x_wconf 72' lang='lat' dir='ltr'><strong>feremur</strong></span> 
     </span>
    </p>
   </div>
   <div class='ocr_carea' id='block_1_113' title="bbox 2071 5598 3633 5658">
    <p class='ocr_par' dir='ltr' id='par_1_113' title="bbox 2071 5598 3633 5658">
     <span class='ocr_line' id='line_1_113' title="bbox 2071 5598 3633 5658; baseline -0.006 -1"><span class='ocrx_word' id='word_1_795' title='bbox 2071 5615 2125 5658; x_wconf 85' lang='lat' dir='ltr'><strong>ut</strong></span> <span class='ocrx_word' id='word_1_796' title='bbox 2158 5601 2407 5658; x_wconf 78' lang='lat' dir='ltr'><strong>vehiculo.</strong></span> <span class='ocrx_word' id='word_1_797' title='bbox 2446 5603 2582 5657; x_wconf 82' lang='lat' dir='ltr'><strong>Nunt</strong></span> <span class='ocrx_word' id='word_1_798' title='bbox 2615 5608 2663 5653; x_wconf 84' lang='lat' dir='ltr'><strong>et</strong></span> <span class='ocrx_word' id='word_1_799' title='bbox 2688 5598 2929 5654; x_wconf 80' lang='lat' dir='ltr'><strong>Christus</strong></span> <span class='ocrx_word' id='word_1_800' title='bbox 2951 5601 3005 5654; x_wconf 85' lang='lat' dir='ltr'><strong>in</strong></span> <span class='ocrx_word' id='word_1_801' title='bbox 3028 5601 3246 5654; x_wconf 81' lang='lat' dir='ltr'><strong>nubibus</strong></span> <span class='ocrx_word' id='word_1_802' title='bbox 3280 5600 3508 5653; x_wconf 75' lang='lat' dir='ltr'><strong>elevatus</strong></span> <span class='ocrx_word' id='word_1_803' title='bbox 3535 5606 3633 5657; x_wconf 70' lang='lat' dir='ltr'><strong>est,</strong></span> 
     </span>
    </p>
   </div>
   <div class='ocr_carea' id='block_1_114' title="bbox 2069 5671 3639 5741">
    <p class='ocr_par' dir='ltr' id='par_1_114' title="bbox 2069 5671 3639 5741">
     <span class='ocr_line' id='line_1_114' title="bbox 2069 5671 3639 5741; baseline -0.007 -13"><span class='ocrx_word' id='word_1_804' title='bbox 2069 5685 2117 5728; x_wconf 82' lang='lat' dir='ltr'><strong>et</strong></span> <span class='ocrx_word' id='word_1_805' title='bbox 2174 5690 2264 5726; x_wconf 85' lang='lat' dir='ltr'><strong>nos</strong></span> <span class='ocrx_word' id='word_1_806' title='bbox 2315 5675 2369 5726; x_wconf 82' lang='lat' dir='ltr'><strong>in</strong></span> <span class='ocrx_word' id='word_1_807' title='bbox 2397 5672 2615 5727; x_wconf 84' lang='lat' dir='ltr'><strong>nubibus</strong></span> <span class='ocrx_word' id='word_1_808' title='bbox 2664 5671 2966 5741; x_wconf 80' lang='lat' dir='ltr'><strong>rapientur;</strong></span> <span class='ocrx_word' id='word_1_809' title='bbox 3023 5678 3095 5726; x_wconf 82' lang='lat' dir='ltr'><strong>et.</strong></span> <span class='ocrx_word' id='word_1_810' title='bbox 3118 5671 3255 5740; x_wconf 81' lang='lat' dir='ltr'><strong>quod</strong></span> <span class='ocrx_word' id='word_1_811' title='bbox 3292 5672 3522 5724; x_wconf 76' lang='lat' dir='ltr'><strong>euntium</strong></span> <span class='ocrx_word' id='word_1_812' title='bbox 3563 5675 3639 5718; x_wconf 75' lang='lat' dir='ltr'><strong>est</strong></span> 
     </span>
    </p>
   </div>
   <div class='ocr_carea' id='block_1_115' title="bbox 2070 5742 3190 5814">
    <p class='ocr_par' dir='ltr' id='par_1_115' title="bbox 2070 5742 3190 5814">
     <span class='ocr_line' id='line_1_115' title="bbox 2070 5742 3190 5814; baseline -0.003 -16"><span class='ocrx_word' id='word_1_813' title='bbox 2070 5745 2447 5813; x_wconf 68' lang='lat' dir='ltr'><strong>beatissimum,</strong></span> <span class='ocrx_word' id='word_1_814' title='bbox 2478 5759 2594 5797; x_wconf 84' lang='lat' dir='ltr'><strong>cum</strong></span> <span class='ocrx_word' id='word_1_815' title='bbox 2628 5743 2737 5814; x_wconf 77' lang='lat' dir='ltr'><strong>ipso</strong></span> <span class='ocrx_word' id='word_1_816' title='bbox 2758 5742 2947 5796; x_wconf 75' lang='lat' dir='ltr'><strong>erimus</strong></span> <span class='ocrx_word' id='word_1_817' title='bbox 2968 5756 3190 5812; x_wconf 74' lang='lat' dir='ltr'><strong>semper.</strong></span> 
     </span>
    </p>
   </div>
  </div>
