4088 6214
523 327 634 404 819

1759 325 2098 392 PHILIPPI
2139 326 2525 393 SOLITARII

3675 341 3781 403 820

520 462 643 521 quae
688 445 976 502 adfuturos
1023 443 1246 499 ultimos
1303 436 1423 496 dies
1453 440 1674 506 cecinit,
1734 443 1935 512 quibus
1988 442 2093 495 Do-
2129 448 2169 502 Δ
2201 444 2511 512 procreavi.
2535 443 2858 515 llujusmodi
2878 445 2968 501 ille
2997 445 3241 502 audacia:
3263 446 3581 516 plenissima
3606 449 3778 504 effun-

523 543 708 596 minus
759 539 982 592 inducet
1033 534 1274 607 gladium
1324 543 1596 599 sanctum,
1625 544 1681 588 et
1720 550 2002 605 magnum,
2045 544 2102 588 et

520 639 718 692 fortem
744 647 1186 704 supermagnum
1209 632 1527 695 draconem,
1564 641 1898 702 serpentem,
1936 630 2103 684 male-

522 729 710 789 ﬁcum,
747 741 910 796 quem
947 725 1109 796 plane
1169 723 1467 779 interﬁcict
1525 724 1642 779 acie
1699 723 1865 794 hujus
1911 721 2100 792 gladii.

521 821 824 876 Draconem
862 819 1106 888 intellige
1137 817 1540 873 Antichristum
1566 819 1604 870 '.

1143 951 1368 1008 CAPUT
1396 949 1488 1003 XI.

523 1067 707 1123 Adhuc
769 1066 833 1120 de
881 1061 1160 1120 steleribus
1202 1063 1536 1128 Antichristi,
1586 1069 1635 1115 et
1662 1079 1755 1115 cur
1807 1063 1947 1117 Deus
1987 1076 2104 1117 eum

591 1139 760 1193 vivere
782 1154 844 1192 ac
862 1139 1043 1191 saevire
1065 1139 1316 1200 patietur.

597 1274 793 1336 Astus.
833 1278 1095 1346 Quaenam
1127 1292 1297 1348 porro
1341 1277 1550 1332 utilitas
1581 1276 1637 1331 in
1672 1275 1911 1331 adventu
1945 1275 2097 1330 Anti-

524 1360 716 1427 christi
745 1372 768 1425 ?
795 1370 946 1441 quod
977 1371 1193 1426 lucrum
1228 1370 1563 1440 apportabit,
1618 1386 1747 1424 cum
1780 1369 2017 1429 venerit,
2047 1377 2108 1422 ut

520 1466 815 1519 Venturum
840 1462 1020 1517 dicis?
1047 1462 1181 1528 Quis
1206 1462 1356 1517 illius
1385 1463 1602 1518 vivendi
1633 1463 1831 1518 modus
1858 1480 1871 1515 :
1909 1471 1966 1516 et
2009 1471 2108 1516 cur

522 1571 651 1610 eum
675 1556 822 1609 Deus
847 1553 1000 1608 nasci
1033 1555 1278 1623 patietur
1299 1554 1324 1607 τ

595 1646 759 1701 Ceno.
789 1633 868 1702 Ne
925 1655 978 1701 te
1036 1646 1118 1700 rei
1149 1647 1366 1702 novitas
1414 1646 1703 1717 perturbet
1737 1665 1750 1701 :
1784 1645 1924 1700 nihil
1957 1645 2107 1700 enim

524 1739 644 1793 sine
673 1737 886 1793 ratione
921 1735 982 1790 ﬁt
1015 1753 1208 1792 eorum
1241 1753 1362 1807 quae
1388 1738 1527 1793 ﬁunt
1554 1740 1619 1802 7°,
1648 1747 1703 1792 et
1733 1739 1852 1792 sine
1888 1739 2103 1793 ratione

526 1827 891 1880 conveniente
935 1841 950 1879 :
1009 1825 1107 1881 sed
1159 1825 1214 1878 in
1263 1825 1543 1894 pondere,
1573 1839 1807 1878 numero
1855 1833 1912 1878 et
1954 1838 2108 1876 men—

526 1933 674 1972 sura.
723 1917 924 1972 Paulus
985 1928 1152 1987 porro
1188 1916 1242 1971 in
1303 1916 1475 1971 altera
1524 1908 1770 1986 Epistula
1814 1915 1884 1970 ad
1935 1913 2108 1970 Thes-

525 2008 898 2062 salonicenses
946 2022 1068 2078 cap.
1101 2023 1173 2075 ιι,
1219 2009 1288 2062 ad
1334 2008 1389 2063 id
1437 2010 1584 2078 quod
1641 2011 1846 2080 quaeris
1877 2025 2110 2079 respon-

526 2100 639 2155 det.
723 2101 926 2155 Eorum
1009 2101 1158 2155 enim
1231 2102 1613 2158 dominabitur
1692 2104 2103 2167 Anticltristus,

527 2193 622 2262 qui
645 2193 818 2262 gratia
842 2188 938 2248 Dei
964 2201 1093 2248 sunt
1116 2193 1390 2259 destituti,
1417 2195 1509 2264 qui
1534 2195 1836 2261 teterrima,
1861 2205 1917 2249 et
1943 2203 2110 2250 teter-

527 2283 684 2340 i'imis
715 2284 938 2339 tetriora
967 2285 1250 2355 patientur
1279 2303 1292 2340 :
1327 2285 1688 2342 Hebrazorum
1723 2303 1923 2356 nempe
1948 2303 2106 2358 gens,

526 2381 732 2437 Christi
756 2381 1120 2437 interfectrix.
1147 2382 1418 2448 Quoniam
1449 2384 1595 2438 enim
1635 2383 1961 2438 charitatem
1998 2399 2108 2438 non

530 2481 866 2542 receperunt
919 2472 1268 2544 (charitatem
1326 2475 1586 2546 intelligit
1635 2465 1831 2541 Deum,
1880 2482 2111 2529 vocatur

529 2565 677 2620 enim
703 2565 966 2637 Charitas)
991 2567 1059 2621 ad
1086 2567 1382 2623 utilitatem
1403 2577 1458 2622 ct
1484 2567 1748 2634 fructum,
1779 2567 1849 2623 ad
1875 2569 2108 2624 salutem

530 2669 711 2723 suam,
765 2658 912 2714 Deus
965 2651 1074 2716 illis
1130 2661 1511 2731 Operationem
1549 2661 1758 2717 erroris
1813 2662 2018 2724 mittet,
2050 2670 2112 2715 ut

531 2749 796 2820 deinceps
823 2751 1102 2821 sequitur,
1148 2752 1218 2807 ad
1245 2753 1726 2810 conﬁrmationem
1768 2753 1917 2809 ﬁdei.
1948 2753 2111 2808 Antia

531 2842 802 2897 Christum
849 2861 869 2894 ί
925 2846 1304 2914 operationem
1350 2847 1558 2903 erroris
1598 2865 1617 2900 ι
1682 2847 1998 2918 appellavit.
2053 2847 2112 2903 Si

532 2925 705 3006 igitur
730 2925 1096 2992 audacissima
1124 2938 1216 2993 illa
1249 2938 1421 2994 bestia
1449 2938 1676 2993 minime
1697 2939 1934 3005 veniret,
1967 2955 2113 2994 nun-

534 3037 700 3096 quam
732 3041 888 3082 suam
925 3029 1347 3098 perversitatem
1381 3030 1754 3100 agnovissent.
1807 3030 1998 3102 Itaque
2042 3031 2111 3087 ad

535 3107 794 3174 Hebraeos
851 3118 1264 3188 redarguendos
1314 3120 1524 3184 veniet,
1578 3131 1640 3192 ut
1668 3138 1737 3176 ne
1791 3122 2109 3193 ﬁgmentum
2142 3137 2184 3194 ο

534 3210 758 3279 quidem
782 3219 1146 3280 praetexentes
1171 3213 1357 3268 dicere
1385 3220 1623 3285 qu‘eantz‘
1651 3213 1918 3280 Quoniam
1950 3215 2108 3269 audio

536 3301 720 3355 vimus
745 3289 1029 3356 Christum
1057 3312 1233 3359 semet
1262 3299 1460 3358 Filium
1508 3305 1604 3359 Dei
1636 3306 2036 3372 nominantem,
2060 3315 2116 3361 et

538 3381 635 3448 Dei
669 3393 906 3448 viventis
939 3395 1261 3466 progeniem
1293 3395 1361 3450 ah
1389 3395 1532 3458 aliis,
1557 3396 1710 3450 nullo
1736 3397 1900 3451 modo
1929 3384 2033 3452 nos
2064 3397 2114 3452 ei

540 3481 815 3552 subjicere
841 3483 1138 3539 voluimus.
1172 3473 1325 3540 Talia
1353 3486 1712 3555 loquentibus
1738 3483 2118 3545 Antichristus

540 3587 608 3627 ex
643 3572 713 3627 iis
740 3588 861 3640 qua:
888 3573 1004 3642 ipse
1035 3573 1260 3639 dixerit,
1286 3574 1670 3646 eﬁinxeritque
1695 3592 1758 3632 os
1789 3578 2073 3633 obturabit
2100 3595 2113 3632 :

541 3661 683 3714 nihil
708 3660 854 3714 enim
871 3659 937 3713 ad
954 3662 1267 3725 veritatem,
1291 3662 1387 3716 sed
1414 3677 1563 3717 mera
1591 3664 1874 3718 mendacia
1898 3680 2118 3734 semper

543 3749 806 3816 loquetur
833 3756 887 3802 et
911 3747 1095 3812 faciet,
1128 3748 1269 3803 sicut
1295 3759 1453 3819 pater
1479 3751 1770 3806 mendacii.
1805 3753 1871 3806 Et
1896 3767 2020 3806 cum
2047 3753 2119 3807 sit

547 3838 645 3893 Dei
693 3838 1068 3904 adversarius,
1107 3840 1277 3893 Deum
1314 3851 1494 3896 tamen
1531 3857 1652 3898 sese
1696 3859 1803 3898 non
1847 3844 2037 3898 timide
2067 3855 2122 3911 (0

546 3927 918 3998 importunam
958 3928 1314 3998 audaciam!)
1350 3931 1726 4000 appellaverit,
1775 3934 1941 3988 etiam
1993 3933 2124 3988 hinc

548 4019 940 4089 ingratissimis
999 4019 1279 4074 silentium
1336 4020 1602 4089 imponet.
1663 4021 1717 4076 Si
1790 4021 1938 4077 enim
2013 4035 2124 4075 non

547 4109 889 4164 audivissent
920 4109 1202 4166 Christum
1227 4111 1493 4176 Verbum,
1528 4113 1699 4167 Deum
1731 4123 1787 4168 et
1814 4112 2121 4179 hominem,

547 4203 702 4257 tanto
745 4203 917 4272 magis
968 4203 1046 4257 illi
1095 4203 1324 4260 credere
1367 4221 1477 4259 non
1530 4206 1819 4261 deberent.
1871 4205 2128 4263 Christus

549 4293 696 4346 enim
731 4294 786 4347 in
831 4293 1140 4351 humilitate
1185 4296 1439 4362 docebat,
1485 4298 1678 4353 dicens
1733 4314 1792 4353 se
1841 4300 2069 4355 missum
2097 4316 2127 4355 a

549 4385 712 4439 Patre
744 4403 757 4438 :
789 4386 924 4440 nihil
958 4388 1076 4443 sine
1111 4389 1224 4454 illo,
1253 4399 1309 4444 et
1337 4391 1567 4446 consilio
1595 4391 1829 4446 Paterno
1862 4393 2066 4448 habere
2092 4410 2121 4448 a

2203 536 2316 597 det.
2344 537 2771 607 nugahiturque.
2795 537 3040 604 Quorum
3064 539 3330 594 Dominus
3352 539 3572 595 Jvdmus
3595 542 3783 596 admo-

2205 643 2361 690 nens,
2394 627 2576 682 aiebat
2608 644 2625 684 :
2662 628 2745 682 Me
2776 628 2872 697 qui
2909 628 3034 683 veni
3069 629 3124 684 in
3160 630 3384 684 nomine
3437 631 3618 684 Patris
3653 634 3780 695 mei,

2203 729 2258 776 et
2289 721 2568 776 voluntate
2617 729 2866 792 paterna,
2897 737 3008 776 non
3040 723 3365 792 suscepistis
3398 741 3411 776 :
3457 738 3474 772 ι
3529 723 3686 778 Alius
3723 725 3777 778 in

2205 813 2428 868 nomine
2466 830 2567 868 suo
2593 813 2799 878 veniet,
2827 815 2975 869 hunc
2999 814 3316 882 suscipietis
3344 807 3412 869 ⁸⁸.
3449 833 3468 866 ι

2275 906 2472 959 ΑΝΙΜΛ.
2500 904 2788 971 Quomodo
2810 915 2996 962 autem
3022 905 3255 962 Satanas
3279 921 3484 975 corpus
3507 907 3792 974 gestabit?

2205 1012 2427 1066 quaso;
2493 1005 2549 1052 et
2589 998 2868 1066 quomodo
2901 1013 3067 1053 carne
3103 996 3597 1052 continebitur‘iet
3648 1013 3793 1066 quo-

2207 1089 2372 1144 modo
2421 1091 2661 1145 animam
2716 1101 3098 1162 mentemque,
3157 1099 3219 1146 ut
3275 1101 3524 1162 apparet,
3581 1101 3637 1147 et
3682 1094 3796 1147 alia

2209 1183 2410 1238 habere
2436 1183 2755 1242 videbitur?
2779 1193 2836 1239 et
2868 1183 3150 1254 quomodo
3179 1185 3486 1240 secundum
3521 1185 3787 1240 substan-

2210 1278 2338 1330 tiam
2371 1275 2488 1344 ipse
2519 1290 2741 1346 quoque
2772 1275 3024 1331 mortalis
3059 1276 3212 1330 erit?

2277 1368 2444 1424 Cano.
2471 1367 2551 1423 lta
2578 1354 2690 1423 nuli
2710 1368 2978 1438 cogitare,
3001 1383 3105 1423 nec
3127 1367 3358 1433 sentire,
3383 1383 3487 1422 nec
3512 1367 3797 1438 proloqui.

2209 1455 2284 1511 Ex
2306 1472 2508 1527 genere
2534 1456 2758 1528 quidem
2785 1455 2922 1520 Dan,
2942 1465 3000 1512 et
3021 1456 3278 1512 Galilaeus
3301 1458 3428 1512 erit.
3459 1450 3798 1528 Virguncula

2213 1551 2349 1604 falso
2395 1549 2626 1615 credita,
2682 1558 2743 1605 et
2802 1549 3243 1620 impudicissima
3306 1550 3663 1605 meretricula
3727 1567 3804 1604 ex

2210 1642 2378 1698 c‘ubili
2405 1643 2727 1698 inconcessa
2757 1642 3061 1698 nefandum
3097 1643 3251 1698 illum
3275 1642 3554 1697 hominem
3588 1644 3801 1712 pariet.

2211 1734 2268 1788 In
2295 1749 2405 1804 quo
2435 1743 2546 1789 non
2577 1735 2812 1790 obscure
2839 1734 3095 1790 diabolus
3126 1728 3480 1800 inhabita'bit,
3515 1746 3572 1790 et
3601 1737 3799 1789 omnia

2211 1823 2278 1878 ad
2318 1823 2654 1878 voluntatem
2683 1824 2888 1880 diaboli
2930 1824 3116 1889 faciet,
3158 1833 3215 1880 et
3256 1833 3516 1894 tanquam
3554 1825 3801 1880 dmmoni

2212 1916 2462 1971 initiatus
2492 1926 2549 1972 et
2583 1917 2862 1987 loquetur,
2901 1925 2957 1972 et
2989 1924 3115 1987 aget
3153 1935 3165 1970 :
3225 1925 3457 1981 tractus,
3509 1927 3702 1987 raptus
3742 1919 3804 1972 in

2209 2007 2403 2076 spiritu
2428 2009 2684 2079 maligno,
2706 2012 2787 2064 sic
2816 2009 3100 2079 procedet,
3121 2010 3375 2065 nesciens
3392 2009 3524 2080 quid
3548 2006 3801 2063 faciat“.

2282 2099 2363 2154 En
2423 2100 2678 2169 exposui,
2739 2116 2878 2170 quas
2941 2100 3014 2156 ob
3069 2115 3265 2156 causas
3325 2101 3806 2162 sceleratissimus

2211 2183 2586 2243 Autichristus
2607 2189 2794 2244 venire
2818 2190 3170 2259 permittatur
3196 2185 3429 2246 :I’artim
3455 2199 3514 2244 ut
3545 2199 3806 2260 amputet

2211 2281 2598 2336 excusationes
2635 2280 2994 2338 Hebratorum
3030 2323 3047 2349 ,
3079 2283 3281 2354 partim
3333 2292 3395 2337 ut
3429 2282 3618 2338 ﬁdeles
3654 2283 3799 2336 ﬁde-

2211 2372 2458 2443 liumque
2511 2373 2818 2430 certamina
2868 2383 3197 2446 appareant,
3247 2389 3370 2446 quae
3415 2373 3687 2428 adversus
3737 2379 3802 2427 et

2211 2473 2404 2520 contra
2425 2465 2604 2534 ipsum
2631 2475 2760 2521 tunc
2779 2465 3153 2536 suscipientur
3177 2507 3192 2532 ,
3219 2475 3275 2521 et
3305 2464 3398 2518 alii
3425 2463 3552 2518 aliis
3572 2478 3801 2533 seraper

2215 2558 2468 2628 exemplo
2486 2558 2617 2626 sint,
2645 2565 2704 2614 et
2727 2558 2807 2613 sic
2832 2558 3079 2628 praemia,
3108 2558 3313 2628 quibus
3333 2557 3405 2612 ob
3426 2556 3603 2610 zelum
3628 2556 3802 2610 istum

2213 2663 2405 2704 omnes
2461 2649 2611 2721 digni
2670 2661 2834 2715 sunt,
2902 2649 3302 2720 adipiscantur.
3358 2645 3472 2703 Nec
3524 2647 3674 2702 enim
3726 2645 3802 2700 ad

2216 2739 2602 2796 universorum
2653 2742 2916 2805 exitium,
2957 2750 3054 2796 aut
3111 2741 3252 2796 citra
3287 2739 3560 2795 rationem
3597 2737 3807 2807 probao

2215 2830 2378 2885 bilem
2397 2830 2948 2902 convenientemque,
2969 2830 3063 2886 sed
3079 2830 3146 2887 ad
3164 2831 3458 2886 maximam
3479 2829 3803 2893 utilitatem,

2218 2931 2278 2978 ut
2301 2937 2467 2992 supra
2513 2922 2826 2985 docuimus.
2874 2931 3143 2979 venturus
3176 2931 3282 2980 est.
3328 2917 3465 2978 Nam
3511 2930 3569 2977 et
3599 2935 3802 2975 carnes

2217 3022 2541 3086 serpentum
2561 3030 2592 3070 a
2613 3015 2846 3072 medicis
2863 3014 3338 3086 praestantissimis
3351 3013 3417 3070 ad
3436 3012 3801 3080 medicinam,

2217 3116 2273 3164 et
2323 3109 2471 3163 vires
2519 3107 2806 3165 hominum
2855 3107 3246 3163 instaurandas
3299 3114 3680 3169 assumuntur,
3735 3115 3804 3158 ut.

2217 3199 2322 3254 alia
2370 3199 2610 3266 inutilia,
2656 3209 2714 3255 et
2772 3216 2896 3270 qua:
2952 3208 3220 3271 putantur
3274 3199 3437 3255 noxia
3500 3216 3515 3253 :
3575 3195 3802 3252 tametsi

2216 3291 2596 3347 Antichristus
2643 3292 2970 3363 neutiquam
3000 3299 3088 3348 est
3123 3292 3422 3358 medicina,
3457 3291 3555 3346 sed
3603 3289 3799 3360 perni-

2219 3384 2333 3439 cies
2369 3382 2572 3454 potius.

2820 3517 3046 3577 CAPUT
3081 3519 3197 3576 XII.

2223 3635 2301 3688 Ad
2353 3643 2676 3704 perpetuam,
2716 3633 3209 3704 considerationem
3291 3636 3474 3688 mortis
3540 3635 3803 3688 incitatio.

2542 3702 2599 3758 S.
2635 3703 2910 3757 Trinitatis
2941 3705 3059 3758 laus
3093 3714 3141 3758 et
3177 3704 3482 3759 admiratio.

2294 3839 2374 3894 Ne
2422 3838 2590 3909 igitur
2648 3837 2915 3910 investiga
2951 3855 3040 3896 res
3083 3839 3271 3910 hujus,
3320 3854 3424 3895 nec
3480 3839 3804 3910 interroga:

2225 3932 2364 3987 nihil
2401 3932 2605 4002 quippe
2641 3931 2744 3986 ista
2787 3930 3018 3987 scicntia
3065 3932 3207 3988 lucri
3256 3933 3532 4003 acquires.
3569 3932 3802 3988 Mortem

2227 4034 2411 4080 autem
2447 4034 2504 4079 et
2548 4023 2714 4079 ﬁnem
2766 4025 2822 4079 in
2868 4023 3038 4079 horas
3087 4034 3342 4094 exspecta
3378 4041 3393 4080 :
3438 4038 3667 4080 necesse
3721 4030 3806 4079 est

2227 4119 2377 4174 enim
2433 4125 2684 4173 naturam
2735 4117 2985 4174 dissolvi.
3028 4115 3292 4174 Meditare
3351 4119 3494 4174 hanc
3545 4129 3807 4189 semper:

2235 4231 2252 4264 ι
2289 4211 2591 4266 Memorare
2619 4220 2937 4268 constanter
2965 4212 3262 4268 novissima
3294 4219 3410 4277 tua,
3439 4221 3495 4268 et
3523 4226 3808 4281 nunquam

2232 4303 2502 4374 peccabis,
2529 4321 2549 4355 ι
2591 4312 2652 4358 ut
2689 4303 2763 4357 ait
2788 4296 3074 4374 Scriptura
3104 4304 3171 4358 ⁸¹.
3195 4301 3452 4359 Admiror
3476 4306 3640 4359 etiam
3659 4304 3814 4359 Grae-

2233 4409 2346 4459 cos,
2372 4394 2467 4464 qui
2512 4395 2792 4463 sapienter
2836 4395 3198 4464 scripserunt,
3228 4394 3632 4465 philosophiam
3686 4407 3812 4448 esse

552 4479 848 4549 semetipso
871 4479 1001 4550 quid
1030 4480 1252 4535 faceret.
1292 4483 1667 4536 Anticliristus
1694 4492 1878 4537 autem
1914 4495 2128 4540 contra-
2162 4482 2203 4536 Ι)
2233 4485 2648 4541 meditationem
2677 4486 2894 4541 mortis.
2931 4487 3088 4542 Sicut
3117 4486 3265 4541 enim
3297 4486 3456 4555 panis
3489 4500 3599 4554 pra:
3632 4484 3814 4539 omni-

553 4569 637 4624 ria
665 4579 722 4624 et
745 4571 910 4634 dicet,
948 4581 1004 4627 et
1034 4573 1215 4627 faciet.
1248 4572 1382 4638 Quis
1427 4574 1569 4628 alius
1606 4575 1790 4629 Deus?
1825 4577 1986 4639 dicet,
2022 4593 2124 4644 ego

553 4661 704 4717 solus
745 4678 864 4718 sum
895 4665 1076 4732 Deus;
1109 4674 1308 4735 praeter
1331 4681 1417 4720 me
1447 4681 1558 4721 non
1591 4676 1676 4721 est
1703 4667 1865 4723 alius.
1899 4669 1967 4723 Et
2002 4670 2127 4740 quis
2164 4686 2173 4694 '

553 4753 750 4811 similis
804 4757 959 4811 mei?
1017 4773 1118 4828 ego
1182 4757 1383 4813 emtum
1441 4763 1498 4814 et
1557 4768 1784 4822 terram,
1850 4769 1906 4815 et
1945 4763 2130 4818 omnia

630 4890 675 4926 "
725 4895 855 4966 Sap.
893 4913 970 4963 χι,
1017 4896 1110 4950 36.
1185 4894 1229 4926 ⁸ο
1258 4895 1494 4962 Joan,v,
1525 4897 1612 4950 4⁸5.
1689 4897 1730 4928 ⁸³
1766 4898 2066 4964 Eccli._'vit,
2109 4900 2200 4955 £0.

2236 4580 2340 4634 bus
2369 4578 2512 4634 escis
2554 4588 2641 4634 est
2681 4578 3054 4642 necessarius,
3079 4586 3136 4633 et
3179 4587 3263 4632 est
3303 4577 3708 4632 ﬁrmamentum
3750 4591 3815 4630 ac

2239 4672 2677 4728 stabilimentum
2729 4672 2932 4736 cordis,
3007 4671 3088 4726 sic
3132 4680 3190 4727 et
3228 4671 3543 4726 meminisse
3591 4669 3813 4734 mortis,

2243 4764 2489 4818 omnium
2529 4773 2614 4819 cst
2642 4763 2933 4834 optimum.
2960 4763 3308 4819 Esurientem
3335 4764 3485 4818 enim
3514 4762 3671 4833 panis
3702 4775 3816 4814 non

2057 5017 2331 5078 Schoﬁa.

629 5133 652 5164 ⁸
673 5137 817 5192 Sicut
867 5127 1005 5189 enim
1049 5139 1244 5207 autem
1267 5133 1531 5207 destructa
1552 5143 1602 5207 et
1627 5147 1803 5207 eversa
1827 5141 1950 5207 sunt
1972 5140 2136 5207 impe-

563 5210 732 5274 ria,et
764 5207 1099 5277 monarchiaa,
1113 5216 1173 5277 ut
1190 5199 1462 5259 Medorum
1492 5205 1868 5277 akBabylouiis,
1905 5197 2134 5277 Buby'lo-

565 5265 773 5344 hiat-agn
803 5293 835 5329 a
868 5275 1067 5337 Persis,
1090 5265 1388 5329 Persarum
1420 5284 1468 5328 et
1497 5265 1906 5330 Macedonum'a
1942 5265 2137 5332 Iioina-

565 5351 668 5412 his,
705 5350 779 5402 sic
819 5352 868 5401 et
907 5347 1024 5404 hoc,
1067 5344 1383 5410 Romanum,
1421 5347 1663 5414 inquam,
1721 5347 2021 5414 destruetur
2070 5350 2135 5401 ab

567 5419 908 5478 Antichristo,
941 5425 986 5468 et
1021 5414 1112 5468 ille.
1137 5433 1168 5468 a
1210 5415 1439 5477 Christo,
1471 5413 1563 5468 nec
1587 5413 1815 5486 amplius
1843 5417 2132 5486 occupabit.

643 5493 678 5511 “
703 5487 804 5553 Qui
827 5490 890 5540 ab
921 5486 1190 5538 immundo
1226 5488 1414 5555 spiritu
1449 5493 1524 5538 est
1570 5488 1826 5552 obsessus,
1867 5495 1925 5538 ut
1964 5498 2136 5542 urente

567 5557 835 5611 alienatus
857 5555 1198 5618 vaticinatur,
1219 5564 1267 5607 et
1292 5573 1322 5608 a
1352 5557 1589 5609 dirmone
1616 5559 1868 5620 trahitur,
1897 5560 2134 5612 nesciens

567 5629 694 5692 quid
739 5628 899 5681 dicat.
945 5625 1053 5679 Hoc
1091 5626 1230 5678 enim
1267 5627 1669 5680 uaticinantium
1715 5636 1790 5679 est
1839 5629 2134 5695 proprium,

567 5698 826 5753 iumentis
847 5704 1101 5761 potestate
1121 5712 1222 5748 non
1255 5711 1383 5760 esse,
1407 5696 1510 5747 vim
1548 5699 1680 5762 pati,
1713 5697 1935 5765 impelli,
1970 5701 2134 5762 trahi,

570 5770 796 5838 raptari,
817 5769 1134 5839 furiosorum
1153 5766 1344 5833 instar,
1375 5773 1422 5818 et
1447 5767 1643 5823 nescire
1668 5769 1794 5827 quid
1826 5766 2134 5824 tenuantur.

2311 5135 2620 5210 Clirvsost.:
2654 5131 2769 5210 Non
2788 5143 2852 5210 ut
2880 5138 3147 5210 prapheta:
3173 5135 3481 5210 taquentur,
3516 5135 3608 5190 sed
3632 5136 3819 5204 quales

2243 5205 2446 5282 fatidici
2480 5219 2658 5264 erant.
2712 5205 3125 5282 (biieuim'cum
3153 5208 3363 5282 damon
3395 5209 3632 5282 animum
3660 5223 3819 5282 occu-

2244 5277 2409 5352 parit,
2445 5291 2673 5352 mentem
2701 5278 2962 5352 debilitat,
2997 5287 3046 5332 et
3080 5279 3340 5352 rationem
3383 5277 3629 5330 obscurat
3661 5285 3710 5329 et
3740 5278 3820 5332 ita

2245 5349 2473 5423 loquitur
2521 5351 2630 5423 ipse
2658 5349 2834 5423 omnia
2883 5365 3064 5423 eorum
3107 5350 3315 5423 ratione
3339 5357 3389 5400 et
3433 5358 3602 5423 mente
3649 5355 3819 5423 tilium

2243 5417 2606 5493 ignorantibus
2627 5461 2641 5480 ,
2674 5419 2855 5493 sed_ut
2878 5420 3008 5472 tibia
3037 5420 3274 5493 inanima
3300 5417 3821 5493 sonantibus._Sicut

2245 5488 2334 5563 qui
2363 5500 2572 5563 canunt
2597 5488 2843 5563 oracula.
2879 5498 2929 5541 et
2956 5499 3121 5563 vates,
3149 5490 3381 5563 quicum
3413 5488 3578 5563 multa
3610 5490 3816 5563 dicunt,

2239 5557 2371 5617 nihil
2400 5577 2580 5614 eorum
2608 5561 2802 5630 sciunt,
2837 5576 2954 5630 quw
2991 5559 3167 5612 dicunt
3192 5598 3205 5616 .
3237 5561 3311 5611 ita
3347 5567 3395 5611 et
3432 5559 3520 5612 ille
3550 5577 3579 5611 a
3605 5557 3820 5630 Sutrino

2237 5642 2408 5686 mente
2433 5641 2655 5698 emotus,
2687 5627 2945 5702 loquetur,
2971 5640 3017 5682 et
3042 5637 3159 5699 aget
3181 5645 3297 5699 qua:
3322 5630 3548 5684 da’moni
3571 5627 3822 5682 collibue—

2238 5704 2364 5758 rint.
