4088 6214
347 292 458 382 ευ

1794 311 2153 372 ῸΙΟΡΤΠᾹ.

3501 316 3609 380 822

353 427 659 492 recordari,
687 434 771 481 est
821 420 1162 495 impossibile
1196 440 1210 478 :
1241 430 1300 479 et
1330 420 1537 479 volenti
1565 421 1789 485 salvari,
1822 434 1932 474 non
1964 429 2007 485 Α
2040 422 2197 474 muni
2238 419 2551 491 principatu
2585 421 2858 479 uniforme
2887 430 2940 477 cl
2972 422 3223 494 splendet
3269 423 3323 478 in
3353 424 3611 480 omnibus

347 538 473 579 esse
490 533 786 576 memorem
814 518 900 574 sui
936 517 1080 573 linis.
1105 516 1249 572 Mors
1289 517 1387 571 tibi
1423 516 1621 569 melior
1662 512 1829 568 fuerit
1859 511 1926 566 ad

352 612 584 667 salutem
620 626 637 664 :
666 608 853 664 vivere
885 617 1069 663 autem
1100 605 1320 662 occasio
1342 604 1630 677 peccandi,
1661 614 1718 659 et
1752 611 1931 658 morte

354 704 531 774 pejus.
580 701 829 755 Animam
874 716 985 755 non
1036 716 1206 760 mors.
1239 714 1344 754 nec
1391 698 1588 753 mortis
1623 698 1741 769 ipsa
1789 712 1920 768 per-

353 795 538 865 pessio
562 792 876 862 exstinguet
912 806 928 845 :
956 790 1053 846 sed
1078 805 1263 845 mores
1291 789 1444 855 mali,
1480 797 1537 844 et
1563 788 1680 843 vita
1695 787 1930 857 perdita.

356 888 472 943 Etsi
515 886 665 942 enim
701 901 733 940 a
764 884 1041 956 principio
1087 884 1437 948 immortalis,
1464 892 1523 936 ut
1554 880 1936 951 intelligentiae

355 980 661 1052 particeps,
698 986 881 1034 creata
915 992 997 1041 es,
1036 986 1220 1033 tamen
1263 976 1390 1046 fuga
1427 975 1650 1030 virtutis
1701 982 1934 1029 mortem

360 1072 461 1128 tibi
492 1070 677 1126 all‘ert.
708 1070 882 1124 Tuam
905 1068 1074 1139 igitur
1102 1069 1523 1138 emigrationem
1566 1076 1847 1136 exspecta,
1878 1072 1937 1120 et

359 1171 487 1217 ante
516 1161 707 1216 oculos
733 1177 895 1231 pone,
925 1176 1029 1216 nec
1067 1161 1242 1215 solum
1262 1158 1533 1229 quotidie,
1567 1159 1662 1213 sed
1692 1156 1936 1228 quandiu

358 1253 539 1323 spiras
578 1252 776 1322 cogita.
808 1252 947 1306 Ante
971 1251 1155 1305 omnia
1177 1251 1443 1319 supplica,
1470 1258 1526 1304 et
1558 1264 1785 1318 precare
1832 1247 1939 1301 Do-

360 1343 597 1404 minum.
636 1350 696 1397 ut
741 1342 796 1396 in
837 1342 971 1396 hora
1024 1344 1218 1397 mortis
1268 1342 1484 1396 lidelem
1533 1341 1630 1397 tibi
1679 1339 1937 1409 angelum

283 1441 288 1445 ’
365 1436 567 1497 mittat,
602 1432 697 1502 qui
740 1441 790 1487 te
818 1434 1116 1498 custodiat,
1153 1433 1248 1503 qui
1281 1444 1334 1489 te
1370 1434 1426 1487 in
1474 1433 1663 1502 praclio
1690 1431 1936 1502 adjuvet,

368 1524 463 1593 qui
494 1533 547 1579 te
588 1524 809 1587 liberet,
843 1526 938 1592 qui
978 1524 1055 1579 tui
1092 1539 1281 1578 curam
1311 1534 1487 1593 gerat,
1524 1533 1584 1577 ut
1625 1520 1938 1577 custodiam

365 1627 416 1670 et
455 1630 736 1670 carcerem
791 1615 1058 1685 principis
1091 1616 1238 1670 illius
1269 1616 1643 1676 tenebrarum,
1692 1622 1748 1669 et
1777 1624 1930 1683 pote-

362 1723 395 1761 s
417 1718 534 1762 ates
587 1707 958 1771 tenebrarum,
987 1716 1044 1762 et
1094 1708 1320 1772 formas,
1352 1709 1474 1763 visu
1523 1706 1850 1771 horrendas,
1883 1714 1939 1759 et

2039 514 2293 571 aetatibus
2340 515 2665 570 saeculorum
2707 534 2719 570 :
2758 515 2825 570 ad
2882 516 3143 587 gaudium
3193 515 3471 572 inell'abile
3520 532 3615 571 su-

2032 620 2222 677 pernae
2254 604 2636 668 habitationis,
2670 603 2737 659 ad
2773 606 3042 661 illustrem
3066 608 3384 679 panegyrim
3420 624 3616 678 super-

2034 713 2234 753 norum
2292 698 2751 754 ministeriorum.
2816 698 2995 753 Etiam
3050 708 3205 770 pater
3263 701 3617 770 omnipotens

2035 807 2300 863 superum
2331 801 2390 847 et
2417 791 2679 847 inferum.
2710 789 2756 846 0
2790 792 3054 862 splendor
3086 794 3284 855 Patris,
3320 792 3527 857 Virtus,
3561 802 3619 847 et

2036 886 2313 949 Verbum,
2374 899 2475 954 per
2531 884 2681 953 quod
2742 898 2807 939 ex
2862 885 3041 939 nihilo
3088 885 3351 955 produxit
3394 887 3619 939 omnino

2036 976 2243 1031 omnia.
2276 973 2321 1030 0
2370 973 2612 1045 Spiritus
2656 975 2963 1038 Paraclete,
2997 991 3096 1045 per
3147 991 3313 1047 quem
3370 976 3621 1030 continet

2037 1067 2244 1127 omnia,
2295 1076 2353 1120 et
2404 1065 2700 1132 construit,
2757 1076 2813 1121 et
2855 1067 3088 1139 perlicit,
3138 1077 3195 1123 et
3244 1067 3523 1137 complet,
3564 1077 3623 1120 et

2038 1165 2219 1227 portat
2243 1154 2321 1212 ΣΟ
2356 1155 2597 1211 Trinitas
2623 1165 2680 1211 et
2709 1157 2913 1222 unitas,
2943 1167 3142 1212 natura
3167 1166 3223 1211 et
3255 1157 3544 1227 personis!
3573 1154 3620 1213 0

2039 1249 2227 1303 lumen
2268 1248 2505 1309 triplicis
2532 1247 2876 1315 substantiaa,
2923 1247 3111 1315 Pater,
3143 1249 3411 1312 Verbum,
3455 1249 3628 1320 Spiri-

2043 1339 2168 1393 tus!
2200 1338 2407 1408 lnspira
2437 1337 2573 1393 mihi
2606 1339 2837 1410 gratiam
2873 1338 3158 1409 sapientia:
3192 1349 3319 1402 tuas,
3345 1346 3404 1393 et
3444 1339 3624 1392 omni-

2040 1432 2147 1487 bus
2175 1440 2438 1487 eternam
2464 1431 2609 1487 dona
2638 1432 2909 1495 laetitiam,
2943 1448 3053 1502 quo
3082 1448 3148 1487 ex
3176 1432 3433 1486 omnibus
3456 1432 3624 1486 rebus

2042 1522 2181 1577 nihil
2210 1531 2295 1577 est
2323 1522 2542 1586 melius,
2562 1522 2699 1577 nihil
2735 1525 3110 1592 prmstantius.
3137 1523 3339 1578 Sancta
3360 1523 3623 1583 Trinitas,

2044 1613 2145 1668 tibi
2193 1613 2390 1684 gloria,
2426 1628 2599 1667 unum
2657 1614 2841 1668 omnis
2906 1614 3128 1684 imperii
3176 1612 3532 1683 principium,
3571 1622 3628 1664 et

2043 1707 2217 1777 origo.
2242 1705 2407 1761 Fides
2442 1721 2583 1770 mea,
2608 1705 2863 1760 odoratio
2887 1721 3030 1772 mea,
3059 1707 3246 1760 lumen
3302 1713 3359 1760 et
3393 1703 3629 1775 spiratio

366 1797 629 1866 impetum
656 1798 968 1853 daemonum
1001 1798 1251 1870 ell‘ngias,
1283 1813 1616 1868 sursumque
1650 1797 1719 1851 ad
1750 1797 1937 1851 lumen
1965 1786 2014 1846 Β
2044 1814 2186 1865 mea,
2238 1797 2517 1868 gloriatio,
2566 1796 2952 1854 fulcimentum
3010 1806 3067 1854 et
3121 1798 3352 1854 salvatio
3407 1813 3548 1860 mea,
3574 1797 3627 1850 in

363 1890 551 1959 gloriae
577 1890 793 1944 Domini
820 1890 1134 1959 pervenias,
1154 1899 1207 1944 et
1242 1889 1644 1960 plenitudinem
1675 1885 1945 1957 appetibi-

362 1979 520 2044 lium,
550 1988 610 2034 ut
648 1981 752 2046 vis,
777 1985 1014 2052 attingas
1051 1997 1067 2037 :
1106 1981 1254 2051 quod
1301 1990 1386 2036 est
1413 1980 1470 2035 in
1524 1996 1656 2043 uno,
1688 1989 1745 2033 et
1785 1992 1933 2033 com-

2048 1890 2439 1963 generationes
2475 1890 2919 1960 generationum,
2950 1891 3005 1944 in
3039 1890 3239 1945 stecnla
3277 1888 3627 1944 seculorum.

1142 2358 1719 2505 DlOPTlUE
1799 2357 2156 2487 LIBER
2236 2360 2832 2463 QUARTUS.

1954 2580 2030 2599 ξ

860 2704 1086 2766 CAPUT
1159 2708 1447 2767 PRIMUM.

371 2804 723 2872 Qriamobrem
758 2803 894 2858 Deus
941 2802 1173 2856 cwlestes
1205 2810 1253 2854 et
1296 2800 1639 2870 intelligentes
1700 2802 1952 2854 substan-

444 2879 545 2928 tias
579 2876 726 2942 prius
766 2883 814 2927 et
844 2873 1006 2926 semel
1040 2874 1312 2925 universas
1367 2872 1721 2940 procreaveril
1751 2887 1769 2921 :
1814 2872 1953 2940 infe-

445 2949 608 2999 riores
640 2954 816 2997 autem
839 2943 1080 2998 similiter
1110 2942 1436 3012 intelligendi
1466 2944 1513 2995 vi
1536 2943 1789 3012 prmdilas
1813 2943 1954 3009 (ani-

448 3034 561 3069 mas
618 3016 888 3069 hominum
946 3014 1101 3081 puta)
1152 3014 1322 3066 adhuc
1365 3013 1605 3081 singulas
1671 3013 1950 3079 producat.

448 3088 654 3139 Anima:
685 3102 803 3138 cum
831 3085 994 3137 beatis
1018 3084 1294 3146 mentibus,
1321 3099 1541 3152 cumque
1573 3084 1686 3153 ipso
1710 3084 1816 3138 Deo
1834 3082 1957 3153 aﬂi-

449 3157 587 3211 nitas
634 3164 683 3208 ct
743 3154 1141 3208 immortalitas.

449 3271 645 3326 Aruns.
675 3268 817 3335 Quid
861 3268 934 3321 ita
979 3265 1199 3320 tandem
1252 3266 1489 3322 virtutes
1538 3267 1956 3322 administrato—

381 3363 515 3426 rias,
542 3370 600 3417 et
651 3358 920 3414 mentium
976 3358 1099 3411 illas
1151 3357 1399 3427 legiones
1431 3373 1561 3413 suas
1611 3357 1965 3426 omnipotens

382 3455 651 3511 Dominus
690 3461 747 3506 et
804 3450 1061 3505 conditor
1084 3458 1212 3502 ante
1256 3448 1526 3510 condidit,
1552 3463 1675 3515 quae
1727 3455 1787 3500 ut
1834 3461 1968 3500 eon-

384 3549 514 3602 ditze
563 3554 714 3607 sunt,
757 3544 830 3597 ita
887 3551 1250 3610 permanent;
1300 3539 1517 3592 animas
1566 3546 1775 3600 autem,
1821 3539 1968 3606 ipsas

381 3651 542 3705 teque
564 3633 795 3687 rationis
819 3630 1094 3685 beneﬂcio
1114 3628 1423 3684 cumulatas
1443 3643 1663 3699 semper
1686 3629 1966 3700 producit,

391 3733 666 3793 procreat,
692 3731 749 3775 et
784 3718 1132 3774 fabricatur?

412 3812 629 3871 .Csno.
685 3810 945 3864 Summus
995 3809 1176 3879 opifex
1234 3808 1443 3864 ideirco
1492 3810 1767 3881 angelicas
1816 3819 1970 3880 pote-

390 3913 568 3958 states
595 3902 872 3972 principio
928 3901 1237 3971 produxit,
1283 3910 1344 3954 ut
1391 3917 1460 3955 ne
1512 3901 1816 3955 humanum
1875 3915 1970 3971 ge-

391 4011 496 4050 nus
542 3995 666 4064 plus
706 3995 858 4064 justo
900 4008 996 4047 eas
1056 3992 1380 4050 admirans.
1430 4002 1487 4046 et
1551 4006 1742 4047 carere
1809 3993 1969 4046 initio

386 4090 735 4153 existimans,
783 4103 851 4141 ex
894 4103 963 4141 eo
1018 4086 1165 4156 quod
1218 4085 1651 4139 innumerabiles
1696 4086 1847 4139 nullo
1877 4101 1970 4139 es-

390 4192 663 4234 sentortu
689 4188 985 4251 generatae,
1021 4180 1225 4233 multos
1271 4192 1394 4231 esse
1435 4177 1570 4232 deos
1615 4177 1969 4246 opinaretur,

393 4284 451 4325 ct
505 4272 636 4326 hinc
694 4273 817 4326 loco
855 4272 1023 4326 unius
1078 4270 1195 4331 Dei,
1225 4283 1396 4337 penes
1455 4285 1617 4338 quem
1666 4270 1843 4323 solum
1889 4278 1974 4323 est

396 4370 644 4424 omnium
705 4383 889 4423 rerum
946 4365 1338 4437 principatus,
1405 4366 1697 4419 confusum
1772 4364 1973 4418 multo-

2066 2709 2160 2763 uni
2220 2708 2477 2776 Domino,
2519 2712 2789 2782 quidquid
2858 2714 2940 2768 vel
3002 2715 3257 2772 sensibus
3308 2719 3501 2784 utitur,
3556 2718 3643 2775 vel

2064 2801 2423 2869 intelligentia
2476 2806 2590 2859 sola
2639 2816 2874 2872 constat,
2936 2808 3017 2861 vel
3082 2810 3295 2865 ratione
3352 2813 3640 2882 pncditnm

2060 2905 2164 2954 est.
2189 2894 2275 2949 vel
2302 2895 2371 2949 ab
2414 2895 2500 2949 his
2521 2896 2670 2951 aliud
2701 2907 2803 2951 est.
2835 2896 3066 2953 Creatos
3098 2918 3231 2955 vero
3268 2904 3493 2973 angelos
3512 2904 3643 2960 hinc

2060 2987 2192 3042 item
2238 2996 2404 3058 patet,
2432 2988 2478 3043 si
2522 2988 2649 3059 quis
2699 2990 2992 3044 humanam
3054 3003 3332 3060 naturam,
3368 2995 3513 3065 quod
3574 2996 3644 3051 ad

1985 3122 2026 3179 ο
2060 3079 2298 3134 animam
2349 3081 2608 3151 pertinet,
2652 3084 2974 3152 angelorum
3036 3093 3247 3139 naturae
3297 3104 3395 3156 per
3445 3100 3645 3144 cuneta

2061 3175 2301 3229 similem
2336 3177 2591 3229 enectam
2644 3176 2979 3231 consideret.
3029 3178 3285 3232 Nostram
3332 3181 3478 3234 enim
3516 3197 3646 3251 pro-

2066 3264 2402 3317 creationem
2430 3280 2497 3318 ex
2530 3265 2641 3317 alio
2668 3280 2888 3334 semper
2905 3274 3070 3334 atque
3102 3269 3211 3321 alio
3245 3285 3464 3323 sursum
3517 3288 3644 3325 ver-

2068 3372 2163 3409 sus
2201 3356 2425 3409 intuens
2467 3363 2821 3424 mentemque
2889 3366 2996 3408 tam
3075 3357 3145 3410 ad
3192 3363 3426 3427 pr‘tnam
3492 3376 3649 3415 men-

2071 3454 2180 3499 tem
2237 3444 2520 3508 referens,
2577 3460 2747 3497 unum
2806 3445 3114 3499 animarum
3149 3488 3164 3511 ,
3217 3448 3651 3520 angelorumque

2070 3537 2354 3591 dominum
2405 3551 2727 3607 cognosces,
2752 3540 2844 3607 qui
2877 3538 3046 3592 verbo
3082 3540 3307 3611 angelos
3338 3541 3494 3611 prius
3519 3559 3653 3597 con-

2072 3630 2234 3693 didit,
2269 3637 2458 3700 postea
2497 3629 2777 3683 hominem
2812 3630 2961 3693 fecit,
2988 3639 3046 3685 et
3078 3647 3251 3701 usque
3296 3649 3444 3688 nunc
3497 3634 3649 3689 facit.

2069 3721 2216 3778 Nihil
2254 3738 2676 3793 supervacuum,
2712 3740 2813 3778 nec
2856 3724 3117 3790 otiosum,
3145 3733 3243 3778 aut
3274 3725 3436 3781 inane
3465 3726 3654 3781 divina

2070 3816 2247 3870 virtus
2271 3823 2326 3869 et
2354 3815 2469 3869 sola
2516 3830 2753 3884 operans
2792 3815 2978 3869 omnia
3012 3817 3124 3871 ullo
3158 3817 3327 3872 modo
3356 3817 3467 3889 agit
3496 3835 3510 3872 :
3548 3834 3651 3872 nec

2070 3919 2154 3963 est
2180 3908 2403 3979 quando
2452 3908 2719 3963 Dominus
2761 3925 2927 3979 agere
2961 3918 3142 3965 cesset
3186 3926 3251 3965 ac
3292 3910 3533 3974 desinat,
3559 3918 3656 3965 aut

2072 4002 2141 4054 ab
2171 4000 2436 4070 operibus
2455 4001 2794 4070 aliquantum
2828 4002 3159 4070 requiescat.
3198 4002 3449 4055 Animam
3486 4018 3656 4071 porro

2073 4094 2394 4163 neutiquam
2442 4094 2511 4148 de
2544 4094 2784 4147 essentia
2835 4108 2932 4146 sua
2968 4092 3240 4155 condidit,
3271 4091 3366 4146 sed
3406 4108 3527 4146 eam
3572 4094 3658 4159 (ut

2074 4176 2278 4239 divinis
2308 4184 2535 4240 Litteris
2556 4194 2644 4239 est
2684 4183 2987 4254 proditum)
3023 4185 3259 4255 imagine
3290 4198 3390 4237 sua
3415 4184 3658 4237 honora-

2074 4276 2188 4336 vit,
2229 4275 2442 4329 tametsi
2474 4289 2620 4339 eam,
2652 4285 2710 4329 ut
2743 4274 3113 4329 substantiam
3154 4276 3575 4344 sempiternam,
3603 4285 3661 4329 et

2079 4367 2498 4437 intelligentem,
2555 4376 2612 4420 et
2667 4382 2696 4420 a
2746 4367 2974 4420 materia
3023 4368 3325 4439 sejugatam
3379 4383 3507 4423 cum
3548 4368 3661 4423 Deo

395 4476 517 4513 rum
570 4459 935 4522 dominatum,
979 4464 1036 4511 et
1089 4457 1318 4511 omnino
1366 4454 1658 4523 quemdam
1707 4453 1975 4525 populant
2004 4452 2056 4512 D
2082 4459 2326 4514 solemus
2354 4474 2675 4528 comparare
2707 4462 2746 4513 ‘.

396 4553 630 4606 deorum
659 4551 1078 4606 introduceret:
1110 4548 1562 4620 quandoquidem
1598 4557 1655 4601 et
1689 4556 1976 4602 creaturas

401 4646 708 4715 nimiopere
768 4645 1159 4714 suspicientes,
1211 4651 1268 4697 et
1328 4642 1383 4695 in
1431 4642 1498 4696 iis
1546 4640 1840 4703 haerentes,
1878 4654 1982 4695 nec

405 4741 547 4793 ultra
593 4737 1031 4809 progredientes,
1069 4736 1339 4791 mundum
1392 4750 1671 4805 nunquam
1716 4734 1983 4789 exsistere

401 4832 661 4901 empisse,
698 4839 758 4885 ut
796 4830 1051 4900 principii
1087 4838 1393 4899 expertem,
1416 4814 1800 4891 crediderunt,
1828 4842 1981 4881 erro-

343 4950 347 4955 -
405 4941 632 4997 remque
673 4925 996 4995 pestiferum
1038 4934 1388 4979 erraverunt.
1421 4925 1604 4989 Quare
1651 4931 1708 4975 et
1770 4920 1984 4975 animas

406 5021 538 5074 istas
572 5019 627 5072 in
650 5017 856 5087 quibus
877 5017 1023 5072 inest
1058 5016 1222 5076 ratio,
1248 5030 1469 5083 semper
1489 5021 1744 5082 procreat
1769 5052 1784 5076 ,
1819 5011 1981 5066 simul

405 5111 731 5182 sapientiam
767 5116 825 5164 et
869 5109 1172 5179 potentiam
1217 5122 1371 5160 suam
1431 5106 1701 5159 inﬁnitam
1746 5104 1984 5160 demon-

403 5215 620 5259 strans:
652 5201 816 5256 simul
844 5202 1071 5265 docens,
1114 5200 1277 5254 simul
1305 5208 1359 5252 et
1389 5199 1557 5253 semel
1589 5197 1796 5262 omnia,
1835 5214 1986 5267 qua:-

408 5313 517 5365 que
546 5296 612 5351 ad
658 5296 894 5360 animos,
925 5309 1155 5365 quinque
1199 5293 1265 5347 ad
1303 5292 1529 5362 angelos
1574 5292 1833 5355 attinent,
1863 5306 1892 5344 a
1926 5305 1985 5345 se

410 5391 549 5444 facta
580 5404 724 5449 esse,
753 5388 1069 5457 liabereque
1100 5402 1269 5441 unum
1298 5384 1653 5455 principium,
1675 5392 1733 5438 et
1758 5383 1986 5439 subesse

2147 4552 2439 4623 Nunquam
2472 4552 2619 4606 enim
2645 4554 2860 4615 interit,
2902 4554 3138 4623 seipsam
3169 4569 3390 4623 semper
3411 4569 3660 4608 movens.

2082 4647 2139 4701 in
2161 4646 2309 4716 quod
2329 4655 2511 4700 autem
2556 4645 2705 4700 cadit
2736 4647 3019 4713 interitus,
3053 4646 3106 4702 id
3134 4646 3433 4702 immortali
3466 4656 3664 4701 natura

2081 4754 2193 4793 non
2224 4738 2431 4802 simile,
2453 4737 2549 4792 sed
2578 4754 2647 4792 ex
2682 4738 2953 4794 diametro
2998 4739 3339 4794 contrarium
3372 4747 3477 4794 est.
3512 4738 3665 4794 Talis

2083 4833 2264 4885 anima
2291 4832 2403 4901 jam
2432 4830 2563 4884 olim
2588 4837 2643 4885 et
2677 4831 2746 4885 ab
2774 4830 2936 4886 initio
2969 4832 3238 4901 producta
3264 4841 3370 4895 est,
3401 4831 3661 4886 substan-

2086 4926 2160 4979 tia
2204 4924 2452 4993 quicdam
2486 4922 2906 4993 intelligentiam
2957 4933 3013 4979 et
3042 4924 3269 4978 liberam
3297 4924 3661 4989 voluntatem,

2083 5025 2136 5069 et
2160 5017 2327 5070 vitam
2352 5016 2406 5069 in
2435 5030 2492 5069 se
2519 5015 2754 5079 habens,
2791 5031 2956 5083 quam
2986 5015 3303 5084 etrorpori,
3330 5031 3441 5084 quo
3485 5015 3665 5069 utitur

2087 5114 2147 5159 ut
2174 5106 2569 5170 instrumento,
2591 5105 2679 5159 cui
2714 5106 2971 5174 copulata
3000 5113 3058 5159 et
3085 5103 3366 5173 implicata
3388 5110 3493 5168 est,
3529 5101 3663 5155 dare

2085 5207 2252 5269 atque
2295 5199 2562 5267 impertiri
2622 5206 2819 5266 potest.
2866 5196 3037 5267 Cujus
3077 5205 3355 5261 naturam,
3398 5194 3540 5249 viam
3596 5207 3662 5247 ac

2089 5291 2403 5345 facultatem
2427 5291 2472 5344 si
2494 5306 2524 5345 e
2552 5289 2718 5344 rebus
2737 5290 2985 5344 externis
3004 5296 3059 5343 et
3094 5288 3348 5370 plurimis
3379 5296 3437 5341 et
3479 5286 3669 5341 diver-

2088 5382 2165 5437 sis
2208 5381 2532 5452 perspicias,
2577 5379 2777 5434 merito
2814 5378 2990 5449 ipsam
3023 5377 3336 5433 admireris.
3381 5376 3517 5432 Nam
3567 5388 3668 5431 seu

1890 5473 2165 5535 Scholia.

488 5585 507 5606 ‘
544 5584 783 5638 Psellus:
804 5582 967 5653 Cujus
991 5581 1139 5636 nulla
1167 5583 1310 5650 origo
1338 5589 1438 5653 est.
1463 5580 1517 5632 id
1537 5577 1982 5653 nimirnmctiam

412 5662 669 5708 intimam
698 5663 771 5708 est
789 5670 805 5707 :
825 5648 1109 5707 nocturne):
1152 5653 1196 5705 si
1218 5648 1343 5720 quid
1361 5659 1615 5704 a'ternum
1634 5658 1728 5707 est.
1753 5648 1806 5701 id
1823 5648 1984 5720 etiam

410 5723 480 5778 ab
524 5723 703 5795 aliquo
764 5724 1018 5793 principio
1058 5718 1239 5777 ortum
1271 5738 1372 5775 non
1436 5730 1532 5776 est.
1586 5721 1773 5775 Anima
1823 5718 1983 5783 enim,

1388 5845 1413 5855 ν

2092 5592 2258 5638 mens,
2285 5584 2332 5628 et
2362 5571 2578 5644 angelus
2608 5582 2808 5628 a’terna
2837 5571 3046 5642 quidem
3081 5580 3204 5644 sunt
3235 5583 3251 5621 :
3286 5572 3378 5622 scd
3412 5566 3670 5644 principio

2092 5656 2139 5697 ct
2164 5636 2323 5700 cansa
2361 5636 2464 5699 non
2507 5636 2937 5697 rarentmmnia
2976 5642 3231 5712 siquidem
3278 5657 3308 5694 a
3357 5636 3529 5710 prima
3573 5636 3672 5699 illa

2093 5733 2253 5771 causa
2286 5724 2338 5769 nt
2367 5718 2675 5771 exsisterent
2700 5722 3028 5785 acceperant.
