4102 6200
484 225 590 291 823

1715 229 1817 288 Pl]
1833 226 2062 287 lLIPPl
2100 226 2493 288 SOLiTARll

3644 232 3745 294 μῖὶ

486 347 685 402 artem,
717 351 814 392 seu
844 338 1150 403 scientiam,
1184 351 1281 392 seu
1315 338 1613 402 actionem,
1641 353 1743 394 seu
1784 337 2061 408 eperatio-
2097 340 2144 396 Α
2172 337 2425 408 singulis,
2459 341 2557 396 sed
2592 356 2691 412 pro
2718 341 2884 397 rebus
2910 340 2964 397 in
2994 343 3100 398 inae
3128 342 3239 397 vita
3268 344 3501 413 piratis
3545 343 3755 400 tribue-

466 444 640 509 nem,
674 445 773 485 seu
832 428 1351 499 contemplationem
1415 439 1654 500 spectes,
1701 446 1768 482 ex
1809 428 2069 483 omnibus

488 522 610 594 ejus
660 523 1130 578 immortalitatem
1164 523 1410 593 colliges,
1452 532 1508 579 et
1542 523 1721 593 qualis
1749 531 2066 593 quantaque

488 617 560 669 sit
596 613 909 682 intelliges;
939 613 1402 684 quemadmodum
1450 613 1510 667 in
1536 612 1779 668 secunda
1817 610 2069 681 disputa-

488 706 635 761 tione
659 722 824 777 supra
849 706 1162 762 docuimus.
1188 708 1293 775 Qui
1326 711 1473 763 enim
1498 707 1566 762 ab
1590 706 1748 762 initio
1776 705 2070 761 animabus

487 806 548 852 ut
581 808 767 853 essent
791 800 1050 869 praebuit,
1092 801 1184 856 ille
1216 800 1361 855 idem
1412 800 1724 856 aeternitate
1762 799 1909 869 ipsas
1941 814 2066 852 tnu-

487 899 718 946 neratus
756 901 840 947 est
872 893 1052 963 :quod
1077 894 1303 963 quidem
1330 910 1533 950 munus
1552 909 1679 949 eum
1704 893 1787 948 eis
1819 892 1874 946 in
1902 898 2068 946 natu-

486 996 602 1034 ram
630 999 849 1038 versum
870 986 962 1050 sit,
996 1001 1064 1040 eo
1095 988 1299 1057 privari
1334 1002 1614 1056 nunquam
1649 993 1896 1055 possunt.
1923 983 2070 1051 Quot

483 1077 671 1124 autem
712 1088 945 1127 numero
985 1074 1099 1129 sint
1126 1077 1366 1142 -animze,
1402 1091 1681 1146 quamque
1729 1090 1923 1146 magna
1972 1090 2069 1130 eo-

489 1173 615 1213 rum
661 1163 979 1228 multitudo,
1016 1164 1303 1229 hominum
1349 1166 1556 1221 nemini
1598 1167 1879 1238 cognitum
1932 1176 2066 1221 est:

485 1253 770 1322 cognitum
810 1266 998 1311 autem
1050 1266 1107 1314 et
1149 1268 1500 1328 perspectum
1540 1256 1813 1323 Creatori,
1841 1258 1930 1311 cui
1966 1257 2070 1313 soli

484 1357 618 1401 nota
649 1356 781 1403 sunt
807 1350 1014 1404 omnia.
1045 1349 1234 1416 Qualis
1269 1360 1537 1423 praeterea
1559 1366 1835 1421 quamque
1865 1349 2070 1405 nobilis

485 1438 559 1493 sit
608 1454 733 1495 cum
759 1442 1102 1512 angelorum,
1147 1452 1262 1498 tum
1299 1444 1610 1498 animarum
1646 1452 1869 1507 natura,
1900 1443 2066 1498 etiam

487 1532 595 1587 hoc
622 1532 714 1588 ille
745 1533 890 1589 idem
934 1535 1088 1590 novit
1120 1552 1134 1590 :
1166 1535 1291 1606 quis
1321 1535 1470 1591 enim
1517 1544 1705 1591 nosset
1748 1535 1927 1589 alius?

1033 1648 1037 1653 ’
1110 1670 1336 1726 CAPUT
1386 1671 1451 1726 n.

486 1763 709 1817 Animas
739 1779 945 1835 uacare
996 1780 1215 1835 prorsus
1276 1767 1538 1832 corporeis
1590 1767 1970 1823 accidentibus.
2017 1775 2067 1819 et

550 1834 840 1888 secundum
885 1835 1239 1889 substantiam
1290 1834 1438 1888 nullo
1489 1835 1792 1891 discrimine
1844 1838 2065 1891 variari.

553 1902 618 1956 In
676 1906 1054 1958 resurrectione
1107 1923 1209 1959 non
1270 1905 1544 1960 beatorum
1612 1923 1919 1975 corporum,
1976 1922 2069 1959 nec

559 1975 900 2048 animarum,
926 1976 1042 2048 “sed
1086 1975 1273 2046 gloria:
1325 1978 1771 2048 praemiorumque
1802 1976 2070 2048 differen-

554 2044 686 2098 tiam
712 2045 825 2115 [ατε
858 2045 993 2114 (16).

560 2156 757 2211 ΑΝιιίΑ.
786 2156 949 2212 Aliud
977 2172 1185 2228 quaero.
1219 2157 1387 2228 idque
1431 2157 1674 2223 difﬁcile,
1699 2157 1849 2227 quod
1882 2167 2066 2212 tamen

486 2261 750 2315 pernosse
777 2248 924 2312 volo,
961 2247 1294 2318 concupisco
1324 2258 1380 2304 et
1404 2247 1680 2303 desidero.
1715 2248 1782 2302 Et
1817 2247 2070 2318 Scriptu-

485 2340 564 2393 ris
588 2341 751 2393 docta
780 2354 901 2394 sum
942 2340 1234 2410 perspicue
1268 2354 1390 2395 esse
1420 2340 1651 2404 animas,
1687 2346 1751 2393 ut
1794 2338 2003 2401 dixisti,
2038 2354 2070 2392 a

487 2431 717 2486 materia
744 2440 1081 2502 segregatas,
1114 2439 1172 2486 et
1195 2431 1409 2486 ratione
1434 2430 1714 2501 praeditas.
1745 2428 1878 2495 Quae
1900 2429 2070 2483 etiam

483 2526 725 2583 essentia
763 2528 880 2596 ipsa
902 2541 1028 2581 cum
1056 2525 1267 2596 angelis
1299 2524 1660 2585 conveniunt,
1698 2531 1942 2593 suntque
1970 2524 2071 2576 tri-

487 2616 814 2688 partitamt
862 2616 1244 2687 disputatione
1305 2614 1548 2671 secunda
1602 2623 1888 2670 ostensum
1956 2622 2066 2669 est.

484 2707 703 2764 Habent
762 2708 910 2764 enim
957 2709 1119 2773 iram,
1143 2708 1528 2778 cupiditatem,
1567 2715 1625 2762 et
1657 2706 1712 2761 in
1748 2706 1943 2776 primis
1981 2720 2071 2759 ra-

486 2799 717 2863 tionem,
751 2814 874 2868 quae
918 2798 1051 2853 item
1098 2807 1384 2869 permanet
1423 2814 1437 2851 :
1477 2798 1704 2867 insuper
1752 2796 2069 2852 facultatem

482 2891 825 2957 interiorem,
842 2891 1268 2960 quintuplicem,
1283 2900 1544 2955 mentem,
1562 2888 2067 2955 ratiocinationem,

484 2982 855 3053 phantasiam-
872 2981 1294 3046 discretionem,
1315 2997 1437 3051 quae
1456 2980 1746 3036 facultates
1761 2996 1981 3051 quoque
1993 2996 2071 3035 ra-

486 3065 1096 3145 tionales'appellantur
1119 3091 1135 3141 ;
1161 3073 1327 3130 etiam
1359 3072 1706 3138 memoriam,
1725 3073 1873 3143 quod
1899 3074 2067 3127 maxi-

483 3183 634 3223 rnum
660 3177 767 3223 est.
791 3165 1098 3238 Equaliter
1122 3182 1321 3237 nempe
1350 3166 1466 3221 bare
1488 3167 1749 3221 omnibus
1779 3167 2070 3222 animabus

483 3262 836 3333 contigerunt
862 3280 876 3317 :
908 3276 1018 3315 non
1048 3271 1110 3315 ut
1139 3260 1246 3315 alia
1270 3260 1415 3330 plus,
1438 3260 1544 3315 alia
1575 3261 1761 3316 minus
1778 3260 2026 3314 obtineat
2054 3278 2066 3314 :

483 3371 590 3411 nec
623 3364 685 3411 ut
734 3355 897 3411 aliter
934 3355 1053 3420 illa,
1079 3354 1245 3410 aliter
1292 3355 1394 3409 ista
1441 3368 1501 3409 se
1547 3355 1602 3408 in
1633 3352 1721 3409 his
1762 3352 1985 3410 habeat.
2015 3360 2071 3406 et

481 3450 589 3505 alia
618 3449 837 3504 caeteris
869 3448 927 3503 in
968 3447 1167 3503 iisdem
1217 3447 1474 3517 superior
1496 3445 1815 3502 conditione
1843 3444 1939 3511 sit,
1963 3444 2068 3500 alia

483 3542 750 3612 majorem
801 3539 1123 3609 puritatem,
1167 3548 1226 3593 et
1273 3537 1627 3608 pratstantius
1670 3538 1968 3608 quiddam,
2007 3551 2071 3592 ac

481 3635 670 3706 potius
708 3632 778 3686 ad
826 3647 914 3686 res
960 3631 1175 3686 divinas
1227 3631 1680 3701 contemplandas
1731 3639 1788 3685 ct
1832 3630 2070 3702 agendas

484 3724 679 3781 sortita
723 3724 815 3778 sit.
842 3723 1033 3792 Itaque
1071 3722 1140 3776 de
1193 3723 1282 3777 his
1345 3731 1402 3777 et
1459 3722 1568 3776 illis
1614 3722 1888 3789 sciscitor,
1938 3738 2068 3776 num

484 3829 678 3870 omnes
713 3814 860 3869 inter
903 3829 962 3869 se
995 3813 1159 3868 simili
1201 3813 1312 3868 sint
1345 3812 1486 3868 facie
1521 3822 1688 3882 atque
1718 3813 1861 3879 visu,
1892 3830 1963 3869 an
2014 3814 2071 3870 in

483 3908 597 3963 hoc
637 3905 1000 3961 varietatibus
1058 3904 1394 3974 discrepent.
1439 3904 1496 3958 Si
1532 3913 1715 3959 tamen
1760 3914 2068 3975 aspectum,

482 4010 539 4055 et
569 4000 801 4055 formam
833 4000 915 4055 eis
951 3997 1194 4053 tribuere
1243 3997 1325 4052 fas
1358 4004 1464 4052 est.

549 4094 714 4150 Cano.
746 4092 874 4147 li;ec
894 4091 962 4146 de
997 4091 1327 4161 corporibus
1360 4090 1586 4156 nostris,
1609 4089 1789 4160 deque
1812 4091 2071 4147 omnibus

482 4201 608 4257 qua:
627 4200 848 4240 sensum
868 4192 1120 4254 tangunt,
1144 4181 1428 4246 dicuntur,
1451 4182 1504 4236 in
1528 4182 2071 4253 quibusnaturaliter

483 4277 731 4348 quedam
768 4275 959 4339 facies,
990 4275 1377 4337 conformatio.
1410 4283 1467 4331 et
1498 4276 1738 4347 species,
1772 4285 2065 4346 aspectus,

2175 438 2301 496 tur;
2325 441 2383 486 et
2405 432 2528 487 aliis
2561 433 2664 487 alia
2701 433 2911 499 bravia,
2947 449 3042 490 seu
3088 435 3314 505 praemia
3345 449 3471 489 cum
3499 450 3750 491 mensura

2172 522 2552 579 conferentur.
2591 524 2650 579 In
2675 526 3004 596 corporibus
3031 527 3183 581 ttulla
3234 541 3467 596 prorsus
3494 526 3751 582 ditl'ereuo

2175 614 2254 669 tia
2281 624 2563 671 eernetur.
2596 616 2655 671 In
2684 618 2977 673 animabus
3003 628 3187 673 autem
3212 617 3409 673 similis
3432 618 3487 672 in
3516 634 3752 688 praesens

2173 714 2373 760 natura
2402 717 2456 761 et
2491 716 2598 773 est,
2635 718 2691 763 et
2718 707 2841 774 fuit,
2878 710 2990 780 jam
3029 708 3170 768 inde.
3205 709 3275 763 ab
3304 718 3500 765 exortu
3529 708 3754 764 humani

2175 800 2422 868 generis,
2459 810 2519 856 ut
2537 817 2570 856 e
2601 817 2759 858 sacra
2785 801 3072 873 Scriptura
3092 804 3291 871 liquet,
3315 801 3754 872 corporibusque

2177 892 2463 962 implicitae
2494 902 2646 960 sunt,
2686 904 2743 950 et
2811 910 2983 949 unum
3046 894 3250 948 animal
3283 894 3563 949 videntur.
3601 894 3757 948 Nulla

2174 985 2345 1056 igitur
2372 995 2457 1041 est
2502 987 2651 1043 inter
2697 1002 2794 1042 eas
2823 986 3132 1042 secundum
3166 999 3422 1041 naturam
3470 986 3757 1040 dissimili-

2177 1076 2342 1131 tudo:
2376 1092 2479 1132 nec
2503 1078 2608 1132 alia
2629 1077 2773 1135 alius
2794 1078 3010 1149 species
3034 1096 3047 1132 :
3072 1078 3166 1133 sed
3192 1078 3476 1133 communi
3501 1078 3760 1134 omnibus

2175 1168 2411 1235 ratione,
2452 1170 2715 1236 essentia,
2780 1180 2839 1225 et
2890 1170 3090 1233 forma,
3146 1177 3203 1224 et
3256 1177 3451 1223 natura
3501 1167 3762 1223 ontnibus

2175 1261 2368 1317 eadem
2409 1281 2422 1317 :
2480 1264 2524 1318 si
2554 1271 2738 1317 tamen
2784 1262 2858 1317 ita
2904 1262 2975 1317 de
3027 1260 3319 1332 spiritibus
3350 1261 3505 1330 loqui
3536 1262 3620 1315 I'ns
3651 1270 3759 1314 est.

2178 1354 2503 1410 Substantia
2529 1353 2677 1409 enim
2705 1370 2812 1409 non
2843 1361 3132 1424 corporata
3162 1367 3459 1424 quamnatn
3487 1352 3758 1407 crassitu-

2175 1448 2386 1513 dinem,
2418 1458 2474 1502 et
2518 1448 2869 1503 latitudinem
2916 1458 2973 1502 et
3005 1446 3346 1511 distantiam,
3394 1454 3488 1499 aut
3537 1444 3765 1514 profun-

2171 1540 2403 1595 ditatem
2429 1540 2691 1609 aliquam,
2716 1549 2815 1595 aut
2846 1538 3077 1610 ﬁguram
3106 1577 3122 1603 ,
3160 1545 3257 1591 aut
3287 1535 3503 1607 pondus
3528 1535 3765 1589 varieta-

2172 1634 2263 1699 tis,
2305 1635 2480 1690 instar
2519 1634 2682 1689 molis
2721 1633 2961 1687 habeat?
2987 1629 3274 1701 longitudo
3315 1629 3506 1691 etiam,
3540 1638 3599 1682 et
3634 1641 3753 1681 ma-

2172 1726 2404 1798 gnitudo
2453 1725 2523 1780 iis
2582 1725 2874 1789 inhaerent,
2905 1738 3028 1794 quae
3076 1722 3180 1777 sub
3222 1735 3443 1776 sensum
3506 1719 3760 1773 veniunt.

2175 1816 2301 1873 Haec
2339 1816 2524 1872 omnia
2554 1815 2715 1887 longe
2752 1816 2822 1870 ab
2876 1813 3167 1869 animabus
3218 1812 3439 1866 absunt.
3492 1808 3656 1875 Illud,
3709 1819 3765 1863 et

2169 1909 2392 1980 quidem
2468 1907 2684 1975 solum,
2721 1907 2883 1978 plane
2944 1903 3233 1960 sciendum
3260 1942 3276 1969 ,
3317 1912 3766 1972 unamquamque

2171 2009 2541 2074 congruenter
2572 1999 2840 2071 operibus
2877 2006 2934 2052 et
2984 1996 3236 2052 moribus
3282 1995 3400 2049 suis
3449 1992 3765 2065 praemium,

2171 2092 2595 2163 mercedemque
2663 2091 2961 2147 relaturam
3024 2129 3040 2154 ,
3105 2087 3570 2159 quemadmodum
3640 2102 3765 2141 ser-

2175 2204 2336 2244 mone
2356 2187 2642 2259 superiore
2675 2186 2918 2242 dilueide
2945 2185 3281 2255 explicatum
3323 2192 3429 2238 est.
3455 2182 3591 2238 Nam
3641 2197 3767 2251 quae

2173 2277 2318 2333 bona
2380 2276 2597 2342 fuerit,
2656 2275 2888 2346 gloriam
2948 2274 3275 2329 immensam
3329 2279 3759 2340 consequetur:

2172 2386 2296 2442 qua:
2344 2369 2488 2424 mala
2529 2375 2586 2427 et
2641 2377 2780 2432 atra,
2841 2365 3101 2421 tenebras
3159 2362 3445 2418 sortietur.
3494 2361 3766 2428 Qumlibet

2167 2464 2324 2535 juxta
2354 2476 2581 2533 scopum
2616 2459 3074 2531 propositumque
3119 2473 3305 2524 suum,
3346 2456 3490 2511 sicut
3535 2466 3767 2526 operata

2172 2562 2279 2620 est,
2306 2553 2381 2607 ita
2409 2552 2494 2608 vel
2524 2551 2809 2623 gaudium,
2845 2559 2902 2606 et
2945 2550 3237 2614 honorem,
3271 2549 3360 2603 vel
3401 2547 3674 2612 dolorem,
3707 2558 3767 2603 et

2175 2646 2537 2717 ignominiam
2568 2642 2836 2700 inveniet.
2865 2641 3060 2696 Anima
3095 2640 3298 2710 quippe
3349 2639 3525 2693 libera
3563 2646 3668 2704 est,
3705 2644 3764 2693 et

2174 2738 2321 2811 quod
2355 2739 2513 2806 libet,
2535 2738 2642 2794 hoc
2669 2736 2820 2792 facit.
2847 2733 3188 2805 Corporibus
3228 2740 3411 2786 autem
3442 2729 3669 2800 perinde
3700 2738 3768 2784 ut

2178 2830 2471 2888 animabus
2503 2829 2728 2885 accidit.
2760 2827 3256 2884 Vcrumenimvero
3288 2831 3540 2877 naturam
3568 2820 3769 2876 animze

2176 2940 2342 2981 nemo
2387 2937 2631 2993 unquam
2701 2921 2843 2976 vidit
2888 2928 3091 2991 praeter
3142 2914 3466 2978 Dominum,
3506 2912 3603 2982 qui
3639 2927 3766 2966 eam

2096 3040 2141 3102 ρ
2176 3016 2449 3083 condidit,
2487 3022 2549 3070 ut
2575 3014 2693 3086 ipse
2712 3013 2886 3069 novit.

2771 3127 3001 3184 CAPUT
3062 3127 3152 3182 lll.

2180 3224 2411 3292 Mirifica
2448 3231 2498 3278 et
2532 3220 2811 3291 multiplex
2848 3220 2988 3273 inter
3045 3220 3277 3292 homines
3329 3229 3438 3292 tum
3485 3217 3549 3271 ab
3583 3218 3766 3292 animo
3810 3248 3815 3253 ι

2249 3288 2579 3356 είηιονίὁαε,
2601 3288 2713 3345 tum
2734 3308 2766 3344 a
2796 3305 3013 3358 corpore
3045 3300 3092 3343 et
3123 3291 3354 3343 sensibus
3386 3288 3766 3358 discrepantia.

2249 3364 2452 3432 Corpus
2475 3362 2806 3435 singulorum
2840 3356 2903 3415 ea:
2924 3370 3153 3432 quatuor
3185 3357 3453 3415 elementis
3488 3356 3769 3429 aqualiter

2245 3444 2507 3489 constare.

2255 3547 2447 3602 ΑΝιδιΑ.
2480 3545 2537 3600 Si
2580 3545 2773 3616 igitur,
2805 3551 2866 3599 ut
2896 3541 3160 3606 docuisti,
3193 3542 3395 3598 animas
3449 3538 3766 3597 secundum

2179 3648 2455 3704 naturam,
2495 3636 2631 3691 nihil
2663 3637 2807 3691 inter
2850 3650 2910 3690 se
2937 3634 3224 3697 diﬂ‘erunt,
3246 3649 3480 3704 quaeque
3501 3649 3530 3686 a
3551 3631 3768 3702 princi-

2179 3732 2273 3802 pio
2300 3731 2526 3795 habent,
2557 3737 2615 3782 et
2638 3726 2933 3782 facultates
2963 3726 3266 3781 reccnsitas
3296 3726 3503 3796 pariter
3528 3722 3722 3794 ωψιῶ
3742 3752 3762 3762 -

2183 3833 2376 3894 terque
2422 3821 2650 3886 habent,
2687 3820 2855 3875 etiam
2913 3818 2966 3873 in
3023 3819 3283 3873 omnibus
3338 3817 3460 3872 aliis
3509 3816 3614 3871 sibi
3672 3830 3768 3871 re-

2179 3914 2455 3985 spondere
2497 3912 2750 3967 homines
2786 3910 3256 3981 oportebatLqua
3301 3908 3616 3979 prudentia,
3657 3921 3765 3977 qua

2179 4006 2518 4077 cognitione,
2552 4020 2661 4073 qua
2699 4001 2994 4074 sapientia,
3020 4016 3129 4071 qua
3185 4000 3440 4064 scientia,
3469 4014 3579 4069 qua
3639 4000 3764 4068 pul-

2179 4098 2519 4160 chritudine,
2555 4112 2663 4168 qua
2690 4104 2930 4151 statura.
2956 4094 3155 4148 Anima
3189 4092 3462 4163 siquidem
3500 4090 3761 4153 vivificat,

2179 4200 2237 4247 et
2265 4198 2565 4254 restaurat,
2591 4196 2650 4243 et
2674 4192 2971 4252 sustentat,
3001 4194 3057 4241 et
3083 4184 3202 4247 alit.
3235 4193 3293 4241 et
3322 4183 3524 4246 firmat,
3544 4192 3601 4237 et
3630 4199 3764 4237 con-

2182 4283 2321 4338 tinet
2373 4296 2631 4351 corpus;
2676 4280 2865 4350 illique
2904 4278 3162 4333 obtutum
3218 4290 3369 4331 nunc
3422 4276 3654 4330 hilarem
3706 4281 3762 4329 et

483 4367 794 4432 aduncitas,
824 4365 1149 4422 etsimilitas
1180 4367 1454 4436 quaedam,
1478 4366 1688 4431 album,
1712 4367 1950 4430 fuscum,
1978 4367 2068 4421 ni-
2105 4403 2144 4456 ο
2173 4373 2482 4446 jucundum
2509 4413 2524 4437 ,
2575 4387 2725 4427 nunc
2772 4371 2985 4426 tristem
3036 4383 3428 4437 morosumque
3474 4365 3659 4430 affert,
3707 4375 3764 4421 et

483 4475 665 4522 arum,
696 4474 947 4529 parvum,
969 4473 1250 4529 magnum,
1276 4466 1463 4522 tenue,
1492 4473 1739 4512 crassum
1766 4460 2066 4529 reperitur.

484 4552 555 4607 Et
578 4563 662 4607 est
689 4565 890 4622 corpus
915 4549 1073 4604 aliud
1100 4548 1371 4620 pusionis,
1405 4548 1653 4610 infantis.
1680 4549 1845 4604 modo
1872 4550 2068 4621 geniti,

484 4658 542 4702 et
579 4645 733 4701 aliud
763 4660 1081 4701 senescens.
1116 4644 1255 4700 Sunt
1290 4645 1513 4700 demum
1547 4644 1730 4715 qualia
1772 4654 1829 4699 et
1861 4652 2070 4714 quanta

487 4754 741 4809 corpora,
779 4745 839 4792 ut
886 4736 1100 4806 reliqua
1154 4736 1462 4791 accidentia
1496 4735 1935 4806 praetermittam.
1968 4735 2073 4790 Ve-

487 4839 803 4884 rumtamen
851 4838 974 4899 post
1012 4829 1477 4884 resurrectionem
1505 4844 1536 4882 e
1575 4826 1849 4898 sepulcris
1898 4829 2064 4882 etiam

493 4920 622 4983 ista,
661 4920 892 4991 perinde
941 4930 999 4975 ut
1052 4913 1287 4990 corpora
1333 4919 1451 4989 ipsa
1495 4919 1960 4984 immutabuntur,
1995 4919 2065 4973 ad

487 5029 655 5068 unam
688 5015 1048 5086 eamdemque
1072 5015 1311 5085 speciem
1362 5012 1605 5077 redacta,
1630 5020 1685 5067 et
1715 5013 1782 5068 ad
1815 5012 2065 5069 eamdem

487 5115 726 5174 aetatem,
758 5116 819 5162 ut
843 5107 1110 5176 scriptum
1136 5113 1221 5161 est
1257 5122 1271 5159 :
1302 5104 1474 5176 gloria
1494 5114 1703 5160 tantum
1736 5120 1848 5159 non
1874 5106 2064 5160 eadem

2175 4467 2361 4520 omnia
2405 4465 2526 4520 hinc
2559 4478 2660 4534 pro
2711 4464 2984 4518 arbitratu
3018 4468 3214 4515 mutat.
3247 4457 3405 4526 Quod
3462 4457 3762 4511 maximum

2172 4568 2339 4628 atque
2375 4557 2812 4626 pulcherrimum
2860 4564 2966 4615 est.
2993 4552 3255 4624 loquendi
3291 4551 3612 4605 facultatem
3647 4549 3762 4606 dat.

2171 4658 2230 4704 et
2281 4648 2603 4703 ambulandi
2643 4657 2701 4702 et
2763 4645 2985 4717 agendi,
3019 4657 3431 4714 quamcumque
3486 4642 3761 4695 actionem

2172 4742 2575 4807 nominaveris,
2612 4749 2670 4795 et
2715 4740 2883 4802 unde,
2930 4747 2986 4793 et
3009 4735 3313 4807 quomodo,
3345 4745 3401 4789 et
3428 4733 3674 4803 quando,
3706 4742 3762 4786 et

2122 4865 2125 4867 -
2177 4834 2294 4900 ubi,
2340 4833 2527 4888 omnia
2579 4832 2684 4888 ista
2738 4831 2793 4885 in
2842 4837 3115 4901 potestate
3171 4827 3374 4881 mentis
3399 4833 3552 4889 sunt,
3605 4839 3761 4878 tuens

2175 4935 2360 4982 autem
2394 4925 2591 4981 anima:
2623 4922 2768 4978 idem
2810 4929 2918 4986 est,
2950 4919 3095 4991 quod
3115 4918 3309 4974 oculos
3337 4916 3583 4987 corpori.
3619 4915 3759 4970 Abs-

2177 5036 2286 5090 que
2310 5018 2398 5072 his
2432 5031 2633 5087 corpus
2667 5016 2820 5071 iners
2858 5024 2912 5069 et
2936 5022 3218 5068 mortuum
3246 5025 3468 5080 quoque
3513 5017 3620 5063 est.
3646 5008 3761 5077 Ego

2183 5121 2352 5177 porro
2398 5105 2699 5161 discrimen
2756 5104 2923 5159 nimis
2980 5117 3238 5173 magnum
3275 5098 3590 5155 observavi.
3626 5098 3761 5153 Nam

1722 5217 1940 5281 Jaciibi
1984 5220 2257 5281 Gretsi'rt
2289 5223 2477 5281 notat.

564 5320 677 5393 (16)
724 5320 898 5375 Docet
946 5329 1140 5393 auctor
1187 5321 1242 5393 in
1266 5320 1619 5393 corporibus
1640 5320 2067 5393 ~resurgentium

491 5391 701 5446 nullam
747 5406 976 5458 prorsus
1024 5390 1142 5446 fore
1191 5389 1588 5447 diﬂ'ereitliam.
1634 5389 1743 5445 Sed
1795 5389 1978 5444 verior
2015 5401 2072 5446 et

492 5461 843 5515 communior
879 5471 964 5516 est
996 5462 1275 5516 contraria
1328 5464 1709 5530 theologorum
1754 5461 2069 5527 sententia;

492 5543 719 5601 nempe”
758 5546 1212 5601 unumquemque
1266 5544 1712 5587 resurrecturum
1772 5533 1831 5584 in
1883 5530 2074 5601 vigore

492 5600 757 5669 juvenilis
776 5599 974 5662 aetatis,
1002 5617 1164 5671 quem
1190 5604 1339 5658 circa
1357 5603 1695 5657 tricesimum
1724 5616 1752 5654 a
1781 5599 2073 5656 nativitate

495 5685 721 5742 annum,
769 5672 855 5729 vel
902 5672 1115 5745 habuit,
1157 5674 1241 5730 vel
1290 5673 1587 5731 hab.turus
1638 5670 1857 5743 fuisset,
1910 5672 1957 5728 si
2007 5687 2074 5729 eo

2171 5337 2347 5389 usque
2392 5320 2669 5376 vixisset:
2709 5318 2953 5386 itemque
3005 5318 3059 5373 in
3107 5332 3172 5374 ea
3222 5327 3473 5389 corporis
3526 5322 3785 5389 statura,

2169 5384 2334 5461 quam
2350 5392 2505 5459 juxta
2526 5390 2813 5461 proprium
2840 5384 3337 5461 temperamentum
3360 5392 3417 5461 e_t
3436 5384 3756 5461 facultatem

2170 5453 2477 5515 naturalem
2512 5453 2741 5527 adipisci
2769 5453 3033 5527 potuerit,
3071 5458 3117 5513 si
3150 5457 3364 5527 nullum
3393 5453 3760 5527 impedimen-

2173 5541 2288 5583 tum
2318 5522 2646 5600 obstitisset.
2693 5522 2835 5600 Yide
2863 5527 3190 5600 Gregorium
3227 5526 3296 5581 de
3327 5522 3579 5600 Valentia
3627 5537 3763 5600 tum.

2171 5599 2447 5725 gétdgsp.
2486 5600 2571 5670 ii,
2604 5615 2657 5672 q.
2692 5598 2746 5665 5,
2784 5611 2840 5668 p.
2873 5599 2927 5669 5,
2960 5591 3015 5657 et
3045 5600 3255 5656 Suarez
3298 5607 3409 5654 tom
3465 5591 3535 5665 ll,
3573 5612 3634 5669 p.
3667 5596 3754 5661 50,

2171 5677 2310 5729 SCCI.
2339 5677 2392 5725 5.
