4102 6200
332 331 444 398 825

1773 340 2100 407 DIOPTRA
2112 395 2127 409 .

3482 359 3591 424 826

335 449 430 506 hic
478 445 703 517 quidem
752 446 918 501 homo
948 454 1035 503 est
1098 447 1341 519 prudens
1393 436 1477 507 et'
1504 450 1791 517 honestus,
1818 453 1909 508 ille
1936 453 1985 512 A
2014 456 2366 529 Quaecunque
2394 467 2576 514 autem
2616 455 2672 513 in
2707 461 2809 515 hoc
2843 460 3063 531 gemino
3092 463 3299 519 mundo
3330 477 3475 532 sunt,
3505 484 3595 524 sn-

336 542 617 612 ingeuium
654 541 708 595 in
741 550 1000 611 promptu
1042 542 1231 605 habet,
1274 543 1417 598 alius
1439 553 1523 598 est
1557 544 1937 613 sapientissi-i

336 647 481 699 mus,
526 634 669 687 alius
702 632 935 697 delirus,
965 633 1109 689 alius
1144 634 1404 700 furiosus,
1428 636 1571 690 alius
1614 638 1902 698 attonitus.

334 728 474 782 alius
511 725 798 796 perspicax
829 734 885 780 et
907 726 1105 789 solers,
1137 727 1280 781 alius
1323 727 1573 796 torpidos
1604 736 1659 782 et
1686 729 1907 798 ingenio

336 817 706 873 tardissimus.
735 816 978 871 Rursum
1006 817 1060 871 in
1081 818 1338 872 sensibus
1363 818 1474 872 vidi
1493 817 1905 872 dissimilitudi-

336 926 460 966 nem
498 911 644 965 haud
697 910 1056 964 mediocrem.
1093 910 1228 965 Nam
1262 910 1318 963 hi
1377 919 1597 964 acutum
1646 920 1903 973 cernunt,

335 1006 427 1059 alii
458 1005 712 1059 obtusam
732 1003 1155 1058 habentaciem.
1197 1003 1262 1057 Et
1293 1004 1418 1073 quis
1441 1005 1576 1057 satis
1605 1012 1684 1058 tot
1710 1002 1908 1057 discri-

335 1096 484 1151 mina
507 1097 831 1165 eloquetur?
861 1095 1012 1150 Mitto
1034 1102 1336 1165 gustatum,
1360 1096 1677 1159 tactionem,
1708 1095 1763 1147 in
1789 1093 1909 1163 qui-

334 1184 441 1240 bus
484 1194 687 1253 quanta
746 1184 1060 1254 reperiatur
1100 1185 1340 1239 varietas
1398 1185 1525 1253 quis
1577 1184 1909 1254 explicabit?

334 1278 397 1334 ln
422 1277 551 1342 illis,
574 1292 690 1342 oro,
721 1276 856 1331 mihi
877 1277 1245 1332 diﬂ‘ercntiam
1279 1278 1639 1347 multiplicem
1664 1280 1903 1333 intuere.

334 1369 472 1424 Nam
538 1384 679 1423 unus
727 1368 969 1438 quidem.
1026 1384 1340 1439 quanquam
1389 1379 1598 1425 natura:
1637 1385 1905 1434 consors,

335 1471 525 1515 mutus
568 1471 675 1522 est,
731 1461 872 1515 alius
911 1459 1314 1515 vocalissimus.
1348 1460 1502 1515 Alins
1557 1460 1776 1530 genitus
1824 1470 1909 1515 est

334 1568 462 1611 cum
489 1568 622 1607 voce
652 1567 811 1606 rauca
838 1562 895 1606 et
952 1553 1258 1614 malesona,
1309 1552 1449 1607 alius
1492 1553 1710 1617 balbus,
1766 1553 1909 1607 alius
1948 1576 1971 1587 κ

333 1644 686 1715 impeditiore
764 1644 1003 1714 lingua,
1062 1644 1205 1698 alius
1301 1643 1696 1715 tardiloquus,
1764 1645 1908 1700 alius

331 1739 459 1795 exili
509 1752 664 1793 voce.
705 1737 966 1801 Rursum,
1022 1737 1163 1791 alius
1199 1744 1451 1805 prompte
1493 1751 1559 1791 ac
1620 1735 1778 1792 facile
1824 1737 1908 1790 Io-

331 1833 566 1902 quitur,
640 1831 782 1885 alius
839 1839 922 1885 est
991 1830 1166 1884 instar
1225 1828 1581 1883 tintinnabuli
1633 1827 1904 1899 garrulus.

332 1920 489 1975 Alius
550 1918 776 1973 minime
832 1918 1120 1988 probatur,
1177 1918 1321 1973 alius
1361 1918 1621 1972 laudatur
1660 1919 1728 1972 ab
1786 1933 1904 1973 om-

330 2011 520 2066 nibus.
580 2011 653 2065 De
706 2010 934 2065 staturis
1005 2020 1189 2065 autem
1255 2010 1387 2081 quid
1460 2010 1755 2066 dicemus?
1806 2011 1908 2069 llic

331 2102 509 2167 brevi,
539 2102 629 2157 ille
654 2102 836 2172 longa,
862 2102 1004 2156 alius
1034 2102 1212 2157 media
1239 2117 1335 2157 seu
1381 2102 1547 2172 iusta.
1577 2102 1732 2158 Alius
1778 2119 1910 2174 pro-

330 2210 460 2260 nus,
489 2194 632 2249 alius
667 2203 907 2257 erectus,
935 2195 1077 2250 alius
1110 2194 1392 2265 gibbosus.
1430 2195 1582 2250 Alius
1611 2196 1749 2250 facie
1780 2212 1909 2251 can-

332 2284 484 2349 dida,
512 2284 655 2340 alius
689 2283 865 2355 nigra,
886 2282 1028 2338 alius
1051 2282 1251 2339 media.
1282 2283 1438 2339 Alius
1468 2293 1736 2348 comatus,
1768 2284 1907 2339 alius

332 2380 571 2449 crispus,
612 2378 753 2433 alius
784 2376 1004 2447 depilis.
1042 2376 1195 2432 Alius
1241 2378 1507 2433 imberbis
1562 2387 1729 2443 totus,
1766 2378 1910 2434 alius

332 2471 601 2542 promissa
635 2481 691 2525 et
723 2469 897 2524 densa
927 2468 1117 2526 barba.
1156 2468 1390 2537 Quidam
1436 2471 1902 2542 pediculosissimi

331 2569 483 2625 sunt,
507 2560 730 2630 quidam
754 2559 958 2614 habent
985 2559 1351 2629 paucissimos
1369 2562 1412 2615 '.

404 2652 554 2707 Alios
592 2666 762 2706 cerno
824 2652 1121 2707 iracundos
1153 2690 1168 2714 ,
1210 2651 1444 2708 biliosos
1478 2695 1493 2712 .
1544 2661 1599 2707 et
1671 2654 1907 2709 choleri.

332 2758 459 2809 eos;
496 2744 634 2799 alios
687 2753 1011 2799 mansuetos
1063 2758 1127 2798 ac
1194 2744 1348 2799 lenes
1398 2744 1584 2800 animo
1640 2755 1697 2799 et
1738 2746 1908 2800 mori-

330 2838 456 2892 bus.
488 2835 671 2891 'Alios
722 2835 991 2900 imbelles,
1030 2835 1352 2905 degeneres.
1405 2836 1667 2903 timidos;
1714 2846 1906 2894 contra

333 2928 472 2981 alios
524 2940 843 2997 generosos,
903 2924 1096 2987 fortes,
1137 2931 1195 2978 et
1249 2925 1645 2995 magnanimos.
1681 2924 1785 2979 Sed
1847 2924 1908 2978 ll-

335 3034 460 3072 nem
504 3016 770 3071 faciamus
819 3016 1179 3072 enumerandi
1244 3024 1324 3070 tot
1374 3016 1693 3072 discrimina
1729 3023 1784 3072 et
1826 3016 1909 3071 di-

2010 548 2228 617 periora
2266 558 2322 605 et
2360 550 2643 614 inferiora,
2674 550 2919 621 inquam,
2954 552 3069 607 hzec
3107 554 3329 623 quidem
3361 574 3426 612 ex
3459 561 3592 630 ipsis

2009 642 2355 711 corporibus,
2401 643 2495 698 illa
2538 643 2863 712 incorporea
2906 645 3189 714 condidit,
3241 648 3591 720 incorporeas

2009 747 2276 802 supernas
2297 734 2539 805 legiones
2568 734 2828 804 intellige,
2861 745 3108 791 naturam
3140 742 3367 795 materia
3392 760 3591 798 vacan-

2011 832 2141 887 tem,
2169 824 2273 878 sub
2308 825 2497 879 oculos
2552 841 2660 879 non
2693 825 2983 880 cadentem
3009 837 3064 882 et
3107 830 3433 899 simplicem.
3470 834 3591 898 Ast,

2012 914 2273 969 inferiora
2296 915 2425 971 fecit
2452 931 2701 985 corpora,
2733 918 2962 971 materia
2989 920 3242 974 videlicet
3260 925 3589 981 constantia.

2010 1006 2122 1060 Nec
2146 1020 2311 1075 supra
2355 1018 2483 1060 sunt
2513 1022 2797 1078 corporea,
2830 1023 2931 1062 nec
2958 1010 3096 1063 infra
3125 1012 3367 1066 materiae
3393 1030 3589 1083 exper-

2011 1100 2103 1152 tia.
2140 1096 2315 1152 Homo
2347 1108 2550 1162 autem,
2581 1115 2613 1153 ο
2642 1101 2779 1153 mira
2816 1117 2923 1166 res,
2951 1117 3016 1155 ex
3042 1102 3127 1156 his
3156 1105 3425 1159 ambobus
3456 1122 3592 1161 con-

2010 1201 2194 1248 cretus
2242 1200 2347 1254 est.
2389 1209 2455 1247 ex
2478 1210 2867 1264 supernorum,
2917 1196 3161 1265 inquam,
3208 1199 3590 1261 intellectuali,

2010 1292 2067 1337 et
2095 1284 2346 1354 principe
2375 1295 2595 1349 natura,
2627 1292 2681 1338 et
2712 1300 2776 1338 ex
2807 1284 2924 1338 luto
2952 1301 3017 1340 ac
3046 1287 3291 1354 pulvere,
3319 1287 3464 1342 unde
3505 1289 3594 1342 in-

2010 1375 2211 1430 feriora
2244 1376 2597 1430 exstiterunt.
2626 1375 2841 1429 Animal
2870 1376 3169 1444 quoddam,
3206 1394 3436 1448 corpore
3467 1380 3594 1449 qui-

2010 1467 2134 1521 dem
2169 1466 2428 1533 inferum,
2461 1467 2644 1521 anima
2689 1483 2820 1521 vero
2864 1482 3143 1536 superum.
3179 1469 3237 1523 ln
3288 1470 3393 1525 hoc
3428 1471 3596 1540 igitur

2010 1555 2218 1610 mundo
2266 1571 2429 1625 quem
2478 1556 2769 1619 sentimus,
2804 1555 2968 1610 etiam
3012 1556 3283 1610 elementa
3328 1559 3591 1627 perfecta,

2011 1653 2270 1715 quatuor,
2299 1656 2354 1700 et
2388 1645 2565 1714 prima
2606 1660 2839 1715 corpora
2872 1660 2902 1699 e
2936 1646 3109 1699 nihilo
3142 1646 3406 1715 producta
3443 1656 3594 1714 sunt,

2018 1737 2176 1807 ignis,
2212 1752 2324 1800 aer,
2355 1752 2518 1805 aqua,
2564 1744 2728 1791 terra.
2770 1737 2916 1807 ignis
2956 1738 3165 1791 calidus
3192 1749 3277 1792 est
3317 1748 3371 1793 et
3395 1742 3593 1803 siccus,

2015 1843 2112 1881 aer
2139 1827 2350 1882 calidus
2375 1837 2431 1881 et
2464 1827 2743 1887 humidus,
2772 1836 2916 1880 terra
2950 1827 3145 1896 frigida
3176 1839 3231 1880 et
3260 1829 3426 1888 sicca.
3455 1845 3597 1898 aqua

2010 1920 2203 1990 frigida
2248 1929 2302 1975 et
2352 1919 2597 1973 humida.
2633 1919 2822 1972 Atram
2873 1918 3036 1972 bilem
3076 1929 3223 1973 terra
3270 1932 3496 1989 generat
3541 1929 3599 1975 et

2012 2013 2136 2067 alit:
2172 2020 2257 2067 est
2295 2011 2568 2080 siquidem
2602 2011 2746 2065 sicca
2780 2020 2834 2066 et
2866 2010 3084 2080 frigida,
3127 2011 3596 2076 quemadmodum

2009 2103 2129 2173 ejus
2162 2114 2337 2157 mater
2368 2112 2534 2156 terra.
2567 2102 2823 2177 Phlegma
2850 2101 3086 2154 debetur
3118 2116 3274 2170 aqua:
3306 2117 3468 2155 :nam
3499 2101 3595 2155 l'ri-

2009 2196 2196 2267 gidum
2232 2205 2335 2259 est,
2375 2203 2431 2249 et
2464 2193 2772 2255 humidum,
2820 2204 2878 2247 ut
2911 2194 3021 2248 illa.
3054 2194 3135 2248 Ab
3179 2208 3307 2248 aere
3349 2193 3598 2263 procedit

2011 2288 2256 2356 sanguis,
2286 2286 2542 2340 similiter
2568 2294 2626 2339 ut
2660 2285 2750 2339 ille
2781 2284 2991 2339 calidus
3046 2292 3101 2337 et
3132 2284 3411 2338 humidus.
3453 2284 3600 2355 lgnis

2009 2387 2235 2448 generat
2260 2378 2454 2432 ﬂavam
2495 2376 2688 2438 bilem,
2734 2376 2898 2430 ambo
2952 2376 3100 2430 enim
3149 2375 3290 2429 sicca
3320 2384 3376 2429 et
3422 2376 3599 2430 calida

2011 2478 2161 2524 sunt.
2213 2469 2287 2523 Ex
2333 2469 2481 2523 hisce
2525 2478 2765 2538 quatuor
2816 2467 3103 2521 hominum
3155 2482 3384 2536 corpora
3445 2483 3601 2522 com-

2011 2562 2170 2616 mista
2202 2576 2266 2616 ac
2295 2571 2596 2629 temperata
2642 2569 2793 2623 sunt,
2820 2574 2889 2614 ex
2926 2568 3161 2628 utraque
3208 2560 3420 2614 scilicet
3464 2558 3598 2623 bile,

2010 2654 2148 2709 ﬂava
2178 2663 2233 2709 et
2260 2665 2399 2717 atra,
2449 2669 2517 2709 ex
2559 2652 2849 2723 sanguine,
2896 2662 2951 2707 et
2990 2651 3323 2722 phlegmate.
3372 2650 3450 2704 Ex
3484 2650 3599 2704 elc—

2011 2747 2212 2802 mentis
2273 2748 2507 2809 fructus,
2546 2748 3130 2814 nutrimentorumque
3183 2744 3267 2797 vis
3313 2762 3326 2797 :
3366 2759 3598 2813 corpora

2009 2848 2193 2895 autem
2218 2838 2538 2894 animalium
2560 2854 2626 2892 ex
2647 2837 2973 2891 humoribus
2996 2845 3253 2905 quatuor.
3285 2834 3601 2888 Auctoritas

2010 2932 2159 2986 enim
2192 2940 2431 3001 quatuor
2468 2929 2779 2996 elementis,
2807 2938 2867 2984 ut
2897 2929 3227 2998 quibusdam
3262 2926 3469 2996 aurigis
3505 2935 3601 2979 aut

2011 3025 2248 3080 ducibus
2280 3024 2491 3095 magnis
2520 3024 2647 3077 data
2675 3034 2780 3085 est,
2805 3038 2928 3091 qua:
2959 3022 3103 3075 Deus
3124 3020 3369 3074 omnium
3405 3016 3600 3073 artifex

333 3109 694 3179 screpantias.
717 3107 853 3174 Quis
882 3108 1028 3162 enim
1051 3123 1145 3163 eas
1170 3108 1511 3163 recensuerit
1543 3124 1756 3174 omnes,
1782 3125 1905 3163 cum
1936 3114 1979 3173 c
2016 3133 2247 3185 pmesse
2292 3116 2643 3185 corporibus,
2688 3129 2863 3184 eaque
2899 3129 3091 3182 regere
3137 3112 3333 3166 voluit.
3364 3109 3603 3176 Quadri.

332 3198 445 3254 sint
492 3198 963 3253 innumerabiles?
1003 3199 1082 3254 Ne
1133 3199 1277 3253 ultra
1307 3214 1472 3269 quam
1526 3200 1688 3256 decet
1726 3216 1913 3257 sermo

331 3291 682 3348 extendatur.
717 3292 799 3346 Tu
861 3305 949 3347 me
981 3307 1172 3347 verum
1222 3292 1361 3348 doce
1413 3294 1468 3350 in
1511 3293 1600 3349 his
1635 3294 1912 3349 omnibus.

333 3384 469 3439 Nam
503 3399 629 3439 cum
660 3382 971 3438 ostenderis
995 3382 1208 3437 animas
1233 3384 1520 3438 hominum
1562 3399 1685 3439 esse
1732 3399 1916 3452 mqua-

335 3477 435 3539 les,
466 3484 647 3530 tamen
676 3488 866 3528 earum
923 3472 1270 3529 cﬂicientiam
1302 3474 1575 3528 diversam
1609 3475 1914 3530 conﬁteris.

334 3568 471 3623 Nam
531 3566 813 3635 aequalitas
867 3565 922 3619 in
969 3564 1296 3635 corporibus
1340 3572 1528 3634 aperta
1582 3574 1689 3631 est,
1730 3574 1917 3635 utpote

335 3672 462 3727 qua:
481 3672 547 3711 ex
571 3656 704 3726 ipsis
729 3664 968 3726 quatuor
999 3655 1192 3729 primis
1223 3656 1552 3725 corporibus
1583 3665 1638 3711 et
1671 3657 1916 3712 elemen-

338 3750 431 3811 tis,
458 3764 525 3804 ex
553 3749 751 3819 quibus
772 3751 990 3821 penitus
1014 3750 1219 3815 omnia,
1251 3756 1509 3804 concreta
1543 3758 1598 3805 et
1624 3765 1916 3821 coagmena

340 3849 452 3895 tata
483 3850 633 3905 sunt,
664 3857 733 3896 ex
772 3842 973 3909 calida,
1004 3841 1225 3912 frigida,
1266 3842 1437 3905 sicea,
1470 3841 1697 3895 humida
1757 3842 1919 3897 subs-

337 3932 531 3995 tantia,
565 3933 771 4003 quibus
796 3934 1132 4005 respondent
1181 3933 1341 4004 ignis,
1376 3948 1539 4002 aqua,
1576 3947 1695 3997 aer,
1742 3941 1915 3988 terra.

338 4024 407 4079 Et
435 4023 568 4080 bine
591 4023 716 4080 bilis
742 4034 883 4089 atra,
915 4024 1041 4078 bilis
1071 4023 1230 4086 ﬂava,
1252 4022 1495 4094 sanguis,
1526 4022 1778 4093 pblegma
1809 4021 1918 4078 illis

335 4125 589 4188 cognata,
618 4125 674 4172 et
712 4116 1018 4187 aequalibus
1050 4115 1303 4187 aequalia.

947 4255 1173 4312 CAPUT
1215 4256 1302 4312 IV.

336 4363 546 4438 Duplex
604 4369 864 4432 mundus.
927 4371 1166 4435 superior
1219 4378 1269 4423 et
1325 4370 1566 4439 inferior.
1634 4367 1912 4439 Hominem

406 4437 683 4510 utriusque
702 4441 1009 4510 participem
1035 4456 1162 4493 esse.
1188 4437 1450 4509 Cujusq'ue
1478 4437 1911 4510 elementi,bina:
1945 4440 1989 4500 υ

408 4506 717 4577 qualitates.
745 4510 824 4563 Ea:
851 4506 1082 4579 quatuor
1112 4506 1420 4563 humoribus
1445 4509 1664 4579 quinam
1686 4508 1770 4561 cui
1799 4506 1908 4560 ele-

408 4587 586 4632 mento
605 4588 820 4649 propter
840 4578 1037 4633 similes
1064 4579 1348 4649 qualitates
1380 4578 1731 4647 respondeant
1766 4594 1783 4631 :
1814 4593 1917 4649 quo

407 4659 563 4717 pacto
606 4647 729 4703 cum
767 4650 949 4704 iisdem
982 4647 1251 4703 elementis
1282 4657 1331 4703 et
1361 4657 1588 4719 quatuor
1618 4647 1918 4719 humoribus

409 4716 625 4773 totidem
676 4720 803 4772 anni
846 4729 1083 4788 tempora
1138 4716 1490 4773 consentiant.
1543 4716 1662 4788 Qua
1713 4717 1919 4770 ratione

408 4806 566 4842 causa
601 4789 842 4858 superius
865 4787 1137 4858 explicatae
1176 4790 1467 4851 varietatis,
1501 4787 1823 4858 qualitatum
1870 4797 1920 4838 et

407 4860 684 4932 numerum
704 4860 1071 4932 temperationi
1085 4861 1134 4932 in
1170 4875 1384 4927 corpore
1398 4858 1912 4928 Itumanodebeatur.

406 4928 503 4983 Rei
535 4929 868 4983 illustrandae
901 4928 1299 5000 paradigmata.

408 5037 568 5094 Cano.
617 5038 793 5093 Etiam
840 5039 894 5093 in
928 5039 1015 5094 bis
1049 5039 1309 5108 deinceps
1360 5047 1411 5092 te
1448 5036 1718 5093 erudiam.
1770 5036 1915 5089 Duos

337 5130 576 5183 mundos
609 5130 677 5184 ab
707 5130 888 5195 initio,
918 5138 973 5185 et
1013 5138 1309 5198 utrumque
1342 5128 1578 5198 simplici
1611 5125 1915 5181 substantia

337 5220 607 5276 Conditor
634 5221 934 5291 produxit:
979 5222 1343 5291 superiorem,
1384 5237 1546 5290 quem
1589 5221 1918 5291 cogitatione

342 5311 705 5382 percipimus;
768 5312 1119 5378 inferiorem,
1173 5312 1267 5383 qui
1316 5312 1372 5365 in
1432 5327 1623 5366 sensus
1662 5310 1919 5365 incurrit.

2010 3207 2240 3278 partitas
2295 3217 2605 3276 temporum
2666 3205 3129 3259 commutationes
3176 3218 3354 3257 annus
3405 3202 3599 3266 aﬂ'ert,

2009 3313 2207 3366 nempe
2250 3312 2368 3359 ver,
2402 3305 2671 3357 :estatetn,
2715 3303 3061 3352 autumnum,
3104 3290 3363 3345 hiemem.
3422 3291 3603 3344 Verna

2011 3393 2311 3455 tempestas
2344 3383 2570 3437 humida
2617 3392 2703 3435 est
2737 3390 2794 3434 et
2836 3380 3046 3443 calida;
3077 3378 3263 3433 :cstiva
3317 3377 3496 3431 calida
3544 3386 3601 3430 ct

2009 3478 2192 3540 sicca;
2225 3474 2563 3529 autumnalis
2595 3472 2739 3527 sicea
2771 3480 2827 3526 et
2857 3469 3088 3539 frigida;
3136 3468 3368 3523 hiberna
3406 3467 3603 3537 frigida

2011 3577 2068 3624 et
2124 3565 2375 3621 humida.
2434 3565 2643 3619 Horum
2706 3562 3036 3632 qualitatum
3104 3570 3601 3630 temperamentum

2010 3657 2334 3712 edisseram.
2390 3655 2785 3710 Verumtamen
2843 3650 3148 3713 disseram,
3207 3659 3264 3705 et
3308 3649 3604 3703 admodum

2014 3749 2303 3819 perspicue
2346 3746 2400 3801 in
2433 3745 2817 3815 sequentibus.
2852 3741 3009 3797 Nunc
3032 3742 3394 3812 qumstionem
3428 3741 3526 3795 abs
3554 3750 3606 3794 te

2013 3839 2347 3909 propositam
2374 3836 2759 3906 expediamus,
2798 3835 3022 3904 Dcoque
3054 3834 3347 3905 adjuvante
3373 3833 3609 3887 feliciter

2016 3945 2130 3985 rem
2191 3929 2561 3984 absolvamus.
2611 3927 2860 3994 Quatuor
2925 3926 3055 3981 anni
3122 3923 3601 3980 vicissitudinibus

2018 4020 2347 4077 constitutio
2387 4034 2610 4089 quoque
2642 4032 2940 4088 corporum
2989 4025 3073 4071 est
3102 4024 3473 4069 consentanea
3505 4029 3606 4067 ne-

2016 4114 2279 4170 cessario.
2307 4113 2447 4168 Vere
2480 4120 2711 4181 augetur
2736 4108 2977 4179 sanguis,
2997 4105 3405 4177 qniahutnidus
3426 4113 3482 4159 et
3512 4119 3605 4158 ca-

2019 4205 2164 4260 lidus
2192 4221 2206 4270 ;
2257 4202 2391 4256 ﬂava
2437 4201 2563 4255 bilis
2586 4209 2796 4263 aestate,
2834 4197 3096 4267 quoniam
3138 4196 3282 4251 sicca
3314 4205 3399 4250 est
3428 4203 3485 4250 et
3516 4212 3607 4248 cac

2010 4297 2162 4362 lida;
2189 4304 2303 4350 atra
2333 4301 2619 4356 autumno,
2644 4305 2771 4344 nam
2805 4289 2948 4344 sicca
2972 4297 3055 4343 est
3084 4298 3139 4342 et
3163 4286 3393 4357 frigida;
3424 4285 3604 4340 hieme

2014 4397 2199 4445 autem
2248 4385 2521 4455 phlegma,
2554 4381 2701 4452 quod
2754 4380 3012 4451 frigidutn
3062 4389 3147 4433 est
3193 4388 3249 4433 et
3290 4376 3602 4431 humidum.

2014 4481 2149 4537 Cum
2170 4487 2407 4549 quatuor
2433 4476 2615 4544 itaque
2639 4472 2767 4527 anni
2798 4470 3165 4540 temporibus,
3195 4476 3255 4523 ut
3276 4468 3411 4529 dixi,
3434 4468 3604 4522 etiam

2017 4575 2418 4629 elementorum
2463 4579 2661 4622 natura
2703 4565 3005 4634 conspirat.
3043 4563 3099 4618 Si
3132 4575 3262 4631 ergo
3300 4576 3468 4614 unum
3506 4558 3606 4611 ho-

2020 4680 2141 4720 rum
2171 4678 2291 4733 qua:
2328 4659 2605 4715 nominavi
2640 4659 2862 4711 modum
2895 4654 3217 4715 excesserit,
3240 4651 3462 4721 quando
3481 4657 3606 4718 post

2019 4756 2461 4813 commistionem
2538 4752 2903 4806 humanorum
2956 4759 3245 4815 Corporum
3300 4741 3359 4795 lit
3411 4756 3609 4795 conce-

2022 4851 2177 4920 ptio,
2225 4845 2535 4918 hujusmodi
2589 4844 2752 4899 etiam
2802 4845 2970 4896 erasis
3006 4841 3059 4893 iu
3105 4839 3284 4893 anima
3330 4835 3602 4902 sequitur.

2020 4943 2152 4997 Nam
2186 4941 2227 4995 si
2262 4951 2491 5008 uterque
2519 4937 2841 5007 qualitatum
2871 4931 3137 4994 binarius,
3158 4929 3308 4985 calor
3338 4926 3605 4995 etfrigus,

2024 5035 2224 5089 humor
2265 5042 2321 5087 et
2360 5032 2578 5087 siccitas
2617 5029 2788 5099 probe
2817 5024 3083 5081 conﬂatus
3121 5031 3176 5077 et
3207 5018 3608 5075 coesscntiatus

2025 5123 2211 5185 fuerit,
2263 5120 2409 5191 quod
2459 5127 2751 5189 generatur
2791 5116 3060 5185 optimum
3107 5118 3602 5180 temperamentum

2028 5216 2273 5271 habebit.
2308 5214 2460 5279 Quod
2505 5212 2550 5265 si
2592 5208 2826 5264 calidius
2871 5206 3203 5262 elementum
3235 5199 3604 5274 superaverit,

2031 5318 2243 5364 certum
2268 5315 2372 5371 est,
2393 5304 2537 5374 quod
2560 5301 2819 5375 gignitur,
2848 5299 3138 5371 pulchrum
3164 5306 3219 5353 et
3241 5295 3605 5350 fortissimum

1810 5428 2086 5492 Schoﬁa.

408 5528 820 5603 ‘Cbrysostom.
843 5551 857 5592 :
876 5533 978 5588 Seu
995 5536 1084 5604 qui
1116 5549 1391 5595 senex,seu
1412 5534 1621 5601 juvenis
1639 5533 1914 5602 fuerit,seu

340 5616 465 5657 uoce
508 5605 728 5665 absona,
782 5622 872 5658 seu
931 5606 1148 5659 alterius
1200 5606 1500 5671 cuiuspiam
1544 5605 1919 5657 concinnitatis

343 5686 553 5739 expers.
593 5673 799 5727 nullunt
826 5683 899 5728 est
924 5678 1142 5728 crimen.
1166 5673 1314 5738 Quod
1337 5675 1474 5726 enim
1497 5675 1579 5726 hic
1608 5675 1917 5742 requiritur,

340 5749 421 5795 est
455 5743 635 5797 anima
664 5744 860 5814 sobria,
887 5760 1028 5801 meus
1054 5744 1191 5813 εἴην,
1242 5760 1329 5787 νην
1362 5744 1660 5798 contritum.
1706 5746 1914 5799 animus

2022 5543 2286 5593 constans,
2318 5531 2633 5585 conscientia
2664 5545 2819 5597 pura.
2849 5526 2971 5580 Ilwc
2991 5532 3035 5580 si
3064 5526 3179 5595 quis
3207 5520 3466 5580 Imbuarit,
3495 5518 3605 5597 Deo

2024 5607 2237 5673 placere
2277 5591 2524 5673 potuerit.
2552 5591 2776 5673 Tantum
2824 5613 2967 5673 meus
3003 5591 3255 5673 generosa
3300 5602 3430 5673 esto,
3462 5599 3510 5673 et
3538 5591 3606 5645 ab

2022 5663 2162 5728 hisce
2193 5663 2455 5743 corporeis
2481 5669 2761 5739 defectibus
2791 5663 3122 5724 nullam'erit
3149 5663 3603 5737 impedimentum.
