4102 6200
544 302 655 367 827

1789 305 2122 370 PIIILIPPI
2162 306 2551 371 SOLITARII

3691 317 3798 382 828

544 416 683 469 fore.
716 412 772 470 Si
820 411 1097 485 frigidum,
1145 412 1397 484 frigidius
1436 425 1490 470 et
1532 417 1767 487 pigrum.
1796 420 1852 475 Si
1884 423 2114 485 siccum,
2147 428 2193 483 Î‘
2222 421 2376 476 nium
2409 422 2464 477 in
2522 436 2633 476 uno
2670 429 2833 492 gustu
2879 431 2936 478 et
2969 422 3144 478 forma
3178 424 3478 480 convenire
3523 438 3798 497 oportere,

541 505 885 570 acerbius,et
909 507 1319 560 submorosum.
1345 507 1399 562 Si
1428 509 1730 576 humidum,
1751 515 1930 568 ventri
1957 515 2114 570 dedi-

545 607 680 662 tum,
708 608 763 651 et
791 598 1011 651 mobile.
1051 595 1363 654 Clarissime
1414 600 1581 670 igitur
1614 603 2116 665 demonstravimus

542 688 858 740 Creatorem
903 702 967 741 ac
1005 687 1292 742 Dominum
1338 706 1437 759 per
1478 706 1567 746 res
1596 708 1625 745 a
1669 709 1727 748 se
1753 695 1984 751 elleetas
2016 713 2115 767 po-

538 776 763 831 tentiam
820 793 974 831 suam
1020 780 1373 849 proportione
1413 783 1647 851 quadam
1685 785 2013 853 ostendisse,
2059 789 2115 844 in

538 868 679 920 ewlo
713 875 769 920 et
809 868 993 936 astris,
1042 869 1157 925 sole
1186 880 1242 926 et
1270 873 1422 935 luna,
1472 874 1528 929 in
1555 876 1641 930 his
1669 893 1791 947 quin
1833 879 2030 948 spiritu
2060 888 2119 935 et

538 954 651 1007 vita
681 954 961 1024 fruuntur,
995 957 1048 1012 in
1081 960 1260 1030 aquis,
1292 972 1349 1017 et
1377 966 1603 1021 omnino
1639 968 1694 1021 in
1738 971 1953 1025 caeteris
1988 972 2115 1025 uni-

540 1046 733 1100 versis.
768 1047 825 1102 in
855 1050 1111 1106 omnibus
1147 1055 1294 1108 enim
1327 1065 1537 1126 partem
1582 1060 1820 1129 aliquam
1852 1060 2119 1119 Conditor

539 1137 780 1192 videtur.
806 1140 935 1195 Tale
969 1152 1054 1197 est
1093 1144 1261 1199 etiam
1292 1149 1494 1213 anima,
1530 1151 1656 1215 hoc,
1691 1153 1933 1222 inquam,
1968 1155 2116 1224 quod

540 1236 625 1282 est
671 1232 974 1286 secundum
1010 1234 1301 1306 imaginem
1335 1240 1450 1305 Dei,
1494 1242 1902 1313 inaspectabile,
1950 1256 2007 1302 et
2034 1250 2118 1304 vi-

540 1334 665 1372 sum
698 1321 882 1377 adhuc
907 1326 1142 1391 nemini,
1171 1328 1319 1397 quod
1348 1346 1450 1398 per
1476 1347 1696 1402 corpus,
1733 1337 1784 1389 in
1816 1353 1927 1406 quo
1959 1339 2118 1395 habi-

540 1418 640 1473 tat,
670 1418 726 1465 et
755 1412 1117 1470 instrumenta
1159 1421 1409 1487 corporis
1437 1438 1565 1478 suas
1587 1424 1837 1482 actiones
1861 1443 2118 1499 exerens,

543 1500 673 1553 inde
695 1505 1065 1573 cognoscitur.
1096 1508 1351 1564 Animum
1378 1513 1602 1582 quippe,
1635 1516 1725 1569 cui
1766 1517 2003 1574 tributus
2032 1532 2118 1576 est

543 1590 902 1660 principatus,
949 1597 1235 1652 cerebrum
1278 1600 1610 1657 incolentem
1658 1607 1815 1675 quasi
1857 1608 2119 1668 decenter

543 1680 832 1750 saginatus,
888 1699 1012 1738 eum
1064 1687 1266 1757 triplici
1312 1693 1433 1762 ejus
1474 1692 1763 1760 facultate,
1814 1702 2114 1766 memoria,

2216 512 2551 582 minimeque
2588 513 2642 568 in
2688 523 2892 568 tantam
2940 514 3349 570 multitudinem
3392 524 3558 586 atque
3628 523 3799 576 varie-

2216 611 2383 658 tatem
2414 603 2677 668 discerni,
2699 612 2760 658 ut
2790 605 2929 659 alius
2951 614 3098 660 esset
3131 620 3331 674 sapore
3354 607 3627 677 jucunde,
3654 610 3792 666 alius

2215 705 2423 756 amaro,
2456 694 2597 748 alius
2628 696 2957 759 astrictorio,
3000 697 3142 752 alius
3179 697 3365 763 dulci;
3396 698 3490 752 sed
3534 703 3798 769 quemad-

2221 783 2445 838 modum
2478 800 2618 854 aqua
2656 801 2761 839 una
2791 795 2898 851 est,
2937 787 3018 841 sic
3046 797 3100 842 et
3130 788 3235 842 ista
3258 787 3362 842 sub
3398 805 3566 843 unum
3603 792 3793 862 redigi.

2216 873 2272 929 Si
2303 874 2428 943 quis
2457 876 2539 929 sic
2567 876 2947 941 ratiociuetur,
2977 892 3106 932 eum
3137 893 3238 947 ego
3267 881 3481 949 nugari,
3507 891 3796 951 menteque

2217 986 2281 1025 ac
2310 986 2475 1027 sensu
2519 972 2842 1027 destitutum
2895 980 3071 1042 puto:
3100 974 3263 1028 talem
3306 974 3568 1029 nimirum
3603 976 3799 1031 existi-

2221 1076 2370 1117 mare
2402 1062 2712 1116 animarum
2757 1070 3010 1117 naturam
3054 1078 3267 1132 parem.
3315 1064 3644 1119 Inserantur
3669 1080 3796 1120 cor-

2217 1153 2471 1221 poribus.
2495 1164 2553 1206 et
2583 1153 2959 1209 coalescentes
2984 1169 3048 1207 ea
3073 1163 3130 1209 et
3170 1153 3347 1217 alunt,
3382 1165 3439 1211 et
3461 1164 3793 1221 sustentant,

2218 1250 2273 1296 et
2291 1241 2477 1297 fovent
2498 1242 2854 1298 omnimodis.
2881 1242 3129 1309 Qualitas
3150 1255 3336 1298 autem
3358 1247 3797 1314 temperamenti,

2218 1331 2613 1401 qualiscunque
2647 1332 2869 1386 tandem
2892 1333 3027 1403 ipsis
3057 1348 3125 1388 ex
3157 1335 3470 1400 elementis,
3506 1344 3563 1391 et
3597 1336 3807 1399 humo-,

2220 1421 2375 1476 ribus
2411 1423 2661 1492 contigit,
2700 1423 3059 1479 immutabilis
3090 1435 3197 1489 est,
3238 1424 3355 1480 sive
3389 1425 3515 1494 quis
3544 1426 3799 1490 calidam,

2219 1510 2334 1566 sive
2362 1511 2636 1583 frigidam,
2668 1513 2784 1568 sive
2816 1513 3042 1578 siccam,
3088 1515 3203 1569 sive
3231 1514 3513 1569 humidam
3547 1525 3798 1568 naturam

2219 1603 2460 1657 obtinuit
2491 1622 2506 1659 :
2543 1613 2601 1659 et
2640 1605 2757 1660 sive
2787 1605 3055 1676 quaepiam
3089 1605 3292 1660 femina
3323 1606 3484 1671 bene,
3515 1606 3633 1661 sive
3661 1608 3800 1661 male

2221 1693 2367 1747 oleat
2402 1711 2418 1751 :
2459 1693 2577 1749 sive
2621 1695 2889 1761 candida,
2925 1696 3041 1751 sive
3086 1696 3239 1751 fusca
3281 1697 3356 1751 sit
3392 1715 3406 1751 :
3449 1698 3565 1752 sive
3612 1699 3798 1753 defor-

542 1770 851 1839 phantasia,
906 1786 959 1831 et
1004 1780 1359 1847 cogitatione,
1409 1799 1610 1855 corpus
1662 1789 1731 1843 ad
1778 1790 2118 1847 voluntatem
2149 1762 2194 1820 B
2225 1784 2468 1839 missima
2497 1784 2615 1840 sive
2660 1785 3085 1842 formosissima.
3126 1788 3247 1841 Non
3277 1790 3428 1842 enim
3471 1788 3798 1851 animarum,

541 1868 668 1927 apte
707 1862 1048 1930 moderatur,
1094 1869 1558 1936 quemadmodum
1610 1876 1920 1934 universam
1968 1896 2121 1936 crea-

545 1956 721 2003 turam
768 1968 923 2007 mens
956 1955 1047 2009 illa
1088 1959 1270 2013 omnia
1302 1976 1557 2030 operans,
1594 1964 1966 2025 administrat.
2004 1971 2118 2026 Ra-

546 2042 678 2095 tiuni
725 2059 825 2112 pro
870 2045 1002 2100 sede
1043 2060 1140 2102 cor
1187 2049 1492 2108 tribuitur:
1531 2055 1764 2125 jecinori
1806 2069 2000 2130 agnata
2038 2072 2123 2117 est

544 2134 836 2203 cupiditas,
886 2137 1023 2192 risui
1069 2140 1313 2209 splenem
1347 2145 1555 2200 servire
1592 2158 1828 2213 constat,
1861 2152 2120 2220 spiritum

546 2226 833 2294 pulmones
883 2229 961 2284 uti
1008 2230 1168 2287 folles
1219 2236 1502 2307 excipiunt
1546 2248 1602 2295 et
1646 2242 1919 2310 reddunt;
1964 2247 2121 2302 urina

544 2317 795 2385 genitalis
845 2322 1074 2379 renibus
1105 2323 1440 2396 innascitur;
1474 2330 1658 2387 fervor
1690 2334 1800 2402 irae,
1856 2344 1913 2391 et
1957 2338 2124 2393 ardor

544 2424 575 2462 e
599 2410 863 2480 sanguine
894 2418 1042 2470 circa
1061 2431 1157 2471 cor
1182 2417 1444 2477 bulliente
1467 2423 1677 2479 exsistit
1702 2444 1716 2481 :
1741 2429 2005 2485 noscendi
2040 2431 2122 2486 vis

545 2502 720 2556 oculis
748 2513 834 2558 est
864 2504 1055 2572 insita;
1087 2508 1272 2579 lingua
1301 2510 1562 2581 loquendi
1606 2514 1922 2574 facultatem
1947 2520 2118 2591 possi-

550 2593 661 2649 det.
689 2594 760 2651 Ut
801 2599 990 2666 paueis
1029 2602 1388 2672 complectar,
1421 2621 1518 2676 per
1548 2610 1793 2664 membra
1833 2624 2123 2684 partesque

552 2686 798 2754 torporis
834 2689 910 2743 uti
943 2705 1042 2760 per
1083 2691 1451 2751 instrumenta
1492 2713 1619 2755 suas
1646 2701 1891 2758 actiones
1932 2718 2124 2762 omnes

550 2776 791 2832 exhibet.
823 2779 1038 2836 Etenim
1067 2785 1367 2840 secundum
1403 2805 1565 2859 quam
1613 2793 1926 2849 mistionem
1957 2806 2123 2851 natu-

552 2873 667 2918 ram
696 2866 956 2937 adeptum
996 2881 1079 2926 est
1108 2889 1309 2945 corpus
1335 2878 1546 2948 (eadem
1575 2883 1720 2937 enim
1749 2885 1864 2941 haec
1889 2887 2121 2960 iterabo)

550 2953 617 3006 ad
647 2956 896 3010 eamdem
930 2960 1125 3017 anima:
1158 2963 1241 3018 vis
1282 2974 1337 3020 et
1363 2982 1503 3038 opus
1539 2987 1662 3026 sese
1682 2977 2118 3036 accommodant.

554 3041 967 3118 Perspicuitatis
1001 3069 1162 3111 causa
1194 3061 1503 3131 exemplum
1545 3065 1737 3122 atlâ€˜ero.
1775 3069 1918 3125 Deus
1958 3087 1989 3126 e
2024 3088 2120 3127 su-
2150 3093 2194 3153 Î¿

553 3140 701 3207 peris
729 3141 864 3197 locis
890 3144 1073 3214 pluvia
1101 3148 1360 3220 demissa,
1399 3163 1565 3210 totam
1601 3167 1799 3214 terram
1840 3178 1980 3233 aqua
2021 3181 2123 3221 na-

552 3241 674 3287 tura
703 3234 939 3305 simplici
974 3238 1180 3311 irrigat,
1205 3258 1347 3313 aqua
1379 3257 1561 3302 autem
1596 3252 1743 3306 varie
1782 3254 1836 3308 in
1868 3250 2126 3316 omnibus

544 3324 859 3392 arboribus,
886 3342 943 3386 et
968 3331 1158 3391 herbis
1192 3334 1362 3392 humo
1395 3340 1799 3409 prodeuntibus
1841 3356 2122 3405 transmu-

549 3425 967 3490 tatur,quorum
995 3428 1425 3500 unumquodque
1451 3433 1592 3487 hanc
1621 3437 1899 3493 caelestem
1924 3456 2122 3511 aquam

547 3524 672 3564 eum
705 3515 1033 3584 susceperit,
1067 3527 1286 3587 gustatu
1315 3532 1370 3576 et
1399 3538 1496 3592 per
1522 3540 1580 3579 se
1605 3531 1763 3596 plane
1794 3529 2121 3601 simplicem,

549 3601 824 3666 immutat,
847 3616 903 3659 et
931 3618 1173 3665 coactam
1201 3615 1571 3682 transformat,
1596 3626 1651 3672 et
1676 3620 1901 3690 figuram
1932 3639 2126 3692 quantâ€”

548 3691 698 3754 dam,
736 3701 792 3747 et
845 3697 1295 3765 magnitudinem,
1345 3712 1401 3758 et
1464 3707 1703 3761 colorem
1750 3691 2125 3770 accommodat

553 3790 718 3850 atque
740 3784 1024 3848 admiscet,
1062 3790 1205 3845 unde
1230 3794 1378 3847 mille
1410 3796 1723 3863 qualitates.
1755 3802 1812 3854 ln
1845 3818 1969 3858 rosa
1996 3807 2123 3875 qui-

554 3869 678 3925 dem
715 3872 852 3928 odor
891 3878 1095 3942 suavis,
1133 3879 1189 3935 in
1229 3891 1352 3938 ruta
1388 3893 1548 3950 teter,
1582 3887 1638 3942 in
1677 3889 1828 3957 allio,
1876 3869 2030 3964 cepis
2067 3905 2124 3952 et

554 3963 783 4033 reliquis
813 3968 1137 4026 acerrimus.
1172 3972 1229 4027 in
1265 3973 1382 4029 lilio
1406 3977 1560 4032 color
1591 3963 2037 4054 candidissimus,
2066 3991 2123 4046 in

554 4054 693 4107 viola
719 4071 993 4125 purpureo
1020 4060 1236 4127 similis,
1262 4064 1314 4118 in
1346 4081 1467 4121 rosa
1490 4068 1824 4138 subrubeus,
1849 4082 1905 4129 et
1939 4078 2121 4134 cocci-

552 4158 692 4200 nens
720 4157 775 4201 et
808 4148 985 4206 albus.
1026 4151 1082 4206 lu
1111 4154 1233 4209 aliis
1261 4155 1673 4228 hyacinthinus,
1710 4167 1999 4233 caeruleus,
2028 4186 2124 4226 va-

555 4236 692 4321 rius.
730 4238 883 4293 Oliva
930 4244 1141 4310 profert
1180 4247 1384 4314 oleum,
1423 4250 1474 4304 in
1513 4254 1623 4307 vite
1657 4257 1867 4324 pendet
1912 4259 2121 4328 viuum,

554 4318 608 4379 in
638 4329 895 4386 omnibus
941 4336 1123 4390 omnia
1147 4353 1212 4391 ex
1245 4340 1358 4393 sola
1389 4356 1531 4410 aqua
1567 4358 1888 4412 nascuntur,
1928 4367 2039 4406 non
2064 4367 2125 4408 se

2222 1873 2318 1928 sed
2367 1874 2768 1930 elementorum
2812 1877 2971 1948 juxta
3017 1877 3261 1931 divinam
3295 1878 3459 1947 plane
3512 1878 3803 1946 providen-

2222 1966 2356 2019 tiam
2383 1974 2468 2021 est
2509 1966 2613 2020 ista
2641 1968 3064 2038 coagmentatio.
3093 1968 3151 2023 Si
3179 1968 3348 2037 igitur
3372 1984 3580 2039 corpus
3603 1970 3801 2024 bonam

2221 2070 2288 2111 ex
2317 2056 2608 2111 elementis
2636 2058 3101 2128 ,temperationem
3143 2060 3420 2127 habuerit,
3460 2070 3516 2114 et
3545 2077 3668 2130 quae
3710 2061 3800 2114 isti
3892 2086 3913 2097 -

2223 2147 2579 2218 porportione
2608 2149 2929 2220 respondet,
2962 2165 3031 2206 ex
3063 2152 3350 2222 sanguine,
3378 2154 3706 2224 phlegmata,
3732 2169 3801 2208 ex

2224 2246 2457 2310 utraque
2481 2239 2591 2294 bile
2615 2240 2932 2295 eommistio
2961 2255 3120 2312 aequa
3149 2242 3317 2297 fuerit
3342 2244 3717 2313 qualitateque
3746 2252 3802 2298 et

2223 2331 2531 2400 quantitate
2564 2332 2971 2397 consenserint,
3006 2342 3063 2389 et
3096 2335 3512 2401 coneordarint,
3545 2346 3660 2389 tum
3697 2351 3801 2404 pu-

2223 2436 2327 2490 gna
2367 2430 2423 2476 et
2464 2421 2667 2477 seditio
2706 2422 2998 2480 elementis
3039 2426 3192 2480 nulla
3219 2425 3539 2492 intercedit,
3587 2441 3690 2482 nec
3727 2427 3799 2481 ob

2224 2513 2460 2582 aliquam
2501 2515 2948 2584 exsuperantiam
2979 2523 3076 2570 aut
3104 2515 3447 2572 nimietatem
3477 2518 3533 2573 in
3571 2533 3629 2573 se
3679 2534 3800 2571 mn.

2226 2610 2322 2657 tuo
2352 2604 2640 2675 insurgunt
2666 2621 2683 2672 ;
2712 2606 2804 2661 sed
2835 2621 3051 2677 pacem,
3082 2617 3140 2662 et
3186 2609 3462 2675 ordinem,
3507 2618 3564 2664 et
3592 2608 3797 2665 {eadem

2225 2704 2578 2761 conservant,
2612 2697 3160 2769 eorroboranturque
3187 2710 3245 2754 et
3270 2699 3569 2767 ï¬‚orent,et
3600 2716 3801 2771 corpus

2225 2800 2419 2840 sensus
2458 2802 2590 2842 suos
2615 2787 2757 2843 bene
2788 2788 2976 2845 firmos
3004 2805 3070 2843 ac
3111 2805 3276 2846 sanos
3314 2792 3563 2862 possidet
3596 2811 3610 2846 :
3648 2792 3798 2847 insu-

2226 2895 2323 2951 per
2347 2888 2405 2934 et
2429 2880 2742 2948 cerebrum,
2773 2882 2920 2937 unde
2942 2883 3056 2938 vita
3082 2884 3375 2954 perspicue
3396 2885 3620 2955 pendet,
3657 2886 3795 2941 bene

2227 2970 2396 3026 habet
2426 2971 2457 3006 â€œ
2490 2986 2634 3026 :nee
2659 2972 2962 3043 quidquam
3011 2974 3213 3040 morbi,
3247 2983 3342 3030 aut
3372 2976 3665 3042 obstaculi,
3707 2983 3801 3031 aut

2225 3066 2538 3120 nocumenti
2575 3067 2814 3120 sentitur
2848 3083 2863 3120 :
2903 3067 2999 3121 sed
3034 3068 3272 3123 maxima
3304 3070 3359 3123 in
3405 3069 3802 3140 tranquillitate

2229 3172 2433 3228 corpus
2463 3166 2735 3223 versatur,
2784 3159 3062 3229 simulque
3082 3169 3150 3215 .et
3176 3174 3282 3216 una
3313 3176 3438 3217 cum
3466 3162 3600 3232 ipsis
3622 3162 3799 3217 visee-

2228 3260 2349 3303 rum
2381 3250 2663 3319 primaria,
2693 3266 2811 3315 eor,
2842 3252 3021 3322 jecur.
3045 3252 3388 3316 stomachus,
3416 3254 3550 3310 lien.
3580 3255 3650 3309 Et
3672 3264 3802 3310 tunc

2226 3339 2410 3395 anima
2455 3340 2617 3397 facile
2658 3357 2863 3413 corpus
2911 3342 3057 3399 istuc
3103 3343 3336 3409 tolerat,
3382 3343 3802 3416 funetionesque

2228 3445 2357 3485 suas
2373 3430 2512 3486 citra
2539 3431 3016 3503 impedimentum.
3042 3433 3248 3502 optime
3276 3432 3401 3489 aliis
3432 3434 3534 3490 ista
3569 3450 3804 3504 sequen-

2229 3525 2378 3579 tibus
2415 3533 2789 3595 repraesentat.
2843 3524 2983 3579 Nam
3031 3524 3325 3594 respiratio
3370 3526 3536 3591 valet,
3568 3537 3626 3583 et
3665 3542 3802 3597 pra:-

2225 3615 2413 3669 cordia
2440 3623 2566 3670 sunt
2594 3616 2913 3677 incolumia,
2941 3629 3235 3686 moresque
3262 3616 3330 3672 ad
3357 3617 3558 3674 bonam
3586 3620 3803 3675 habitu-

2225 3705 2433 3772 dinem,
2484 3717 2541 3762 et
2589 3708 2914 3773 elegantiam
2952 3710 3269 3766 enitescant
3309 3731 3325 3768 :
3371 3729 3683 3786 quanquam
3732 3731 3799 3770 ex

2226 3799 2433 3863 anima,
2464 3815 2573 3869 qua
2605 3810 2759 3870 parte
2790 3816 2916 3856 cum
2948 3802 3128 3858 brutis
3170 3803 3333 3860 nobis
3361 3807 3670 3861 communis
3695 3817 3799 3869 est,

2225 3890 2546 3961 procedant.
2571 3892 2728 3959 Quod
2750 3893 2797 3948 si
2828 3908 3029 3963 corpus
3048 3911 3379 3966 quocunque
3405 3897 3569 3952 modo
3598 3912 3799 3968 aegrum

2223 3983 2411 4048 fuerit,
2442 3998 2551 4038 non
2584 3985 2791 4053 poterit
2828 3985 2963 4040 illud
2992 3988 3176 4042 anima
3214 3990 3525 4046 restituere.
3562 3992 3659 4047 Rei
3701 3991 3797 4046 de-

2227 4074 2497 4130 claranda;
2534 4075 2850 4147 paradigma
2877 4078 2934 4131 in
2969 4079 3211 4133 medium
3240 4080 3536 4136 adducam.
3583 4083 3675 4138 Sol
3717 4092 3801 4138 est

2225 4166 2475 4236 pulcher,
2512 4175 2569 4220 et
2619 4166 2771 4221 lueet
2813 4169 2964 4222 velut
3008 4185 3264 4239 sponsus,
3297 4172 3447 4226 velut
3487 4175 3636 4243 gigas
3676 4191 3797 4244 spe-

2227 4257 2413 4312 ciosus
2453 4257 2521 4310 3'.
2552 4258 2684 4326 Ejus
2719 4258 2932 4314 functio
2957 4260 3159 4331 duplex
3191 4272 3297 4330 est,
3330 4264 3520 4321 lucere
3563 4279 3618 4322 et
3659 4268 3800 4321 ealeâ€”

2229 4349 2431 4403 facere.
2463 4347 2605 4403 Sunt
2633 4350 2799 4404 etiam
2831 4350 2885 4405 in
2919 4353 3084 4425 terris
3117 4353 3356 4420 diversa,
3390 4357 3590 4426 campi,
3615 4357 3798 4420 valles,

548 4426 823 4481 mutante,
857 4437 959 4477 nec
984 4439 1084 4492 per
1119 4438 1294 4483 semet
1322 4431 1482 4484 aliam
1532 4431 1762 4490 formam
1791 4439 2071 4513 .induente
2102 4484 2118 4509 ,
2154 4438 2198 4492 D
2227 4442 2460 4511 scopuli.
2492 4442 2681 4509 colles,
2730 4443 2899 4508 silvae,
2935 4446 3079 4516 pagi,
3109 4462 3231 4517 quin
3259 4448 3443 4503 omnia
3492 4449 3661 4505 radiis
3692 4451 3802 4505 suis

548 4525 732 4579 neque
760 4513 811 4565 in
840 4515 998 4569 aliam
1034 4521 1395 4576 substantiam
1434 4528 1703 4596 migrante
1732 4545 1856 4584 cum
1892 4532 1960 4587 de
1990 4532 2128 4588 cmlo

548 4601 609 4656 in
642 4613 818 4660 terras
849 4610 1153 4680 praecipitat
1185 4629 1199 4664 :
1232 4613 1500 4684 sedjuxta
1530 4619 1842 4687 qualitates.
1869 4631 1925 4676 et
1953 4635 2131 4679 muta-

545 4693 731 4748 tiones
760 4712 973 4761 eorum,
1008 4715 1039 4753 a
1073 4701 1276 4769 quibus
1303 4705 1566 4781 recipitur
1594 4709 1708 4778 ipsa
1745 4727 1962 4782 quoque
1989 4715 2130 4770 alte-

552 4795 671 4840 rata
706 4798 760 4842 et
782 4787 1092 4858 immutata,
1117 4809 1217 4863 pro
1239 4796 1505 4867 cujusque
1537 4809 1731 4855 natura
1755 4805 2044 4860 commoda
2074 4816 2128 4863 et

550 4879 708 4934 utilis
734 4882 959 4949 evadit;
989 4894 1046 4939 et
1066 4890 1317 4954 quamvis
1343 4892 1595 4947 arborem
1632 4909 1727 4949 seu
1760 4895 2125 4963 fructiferam,

530 4982 649 5026 'seu
686 4974 927 5031 sterilem
955 4978 1133 5033 nutrit
1167 5019 1182 5045 ,
1214 4991 1266 5037 et
1294 4998 1515 5039 omnem
1557 4985 1781 5043 herbam
1812 4989 1950 5060 agri,
1974 5005 2129 5061 sege-

553 5074 667 5119 tem
698 5075 756 5121 et
803 5084 1052 5139 gramen,
1104 5088 1200 5128 seu
1237 5075 1394 5140 utile,
1428 5091 1525 5132 seu
1566 5078 1761 5135 inutile
1807 5080 2029 5142 educat.
2070 5090 2129 5136 et

550 5160 831 5227 producit.
854 5162 965 5219 Nec
981 5164 1131 5221 enim
1148 5167 1440 5239 quisquam
1460 5170 1685 5235 dixerit,
1708 5172 1966 5243 quoniam
1988 5189 2128 5245 aqua

549 5266 723 5308 unum
752 5255 1013 5324 quiddam
1037 5266 1147 5326 est,
1172 5260 1340 5316 etiam
1367 5263 1680 5333 qualitates,
1702 5273 1759 5320 et
1776 5262 1991 5321 fructus
2018 5279 2132 5322 om-

590 5394 640 5427 "
695 5394 842 5450 Psal.
892 5410 1048 5463 xvtu,
1100 5399 1155 5456 6.

2225 4534 2354 4589 ferit
2392 4549 2457 4590 ac
2488 4535 2792 4604 perfundit.
2849 4537 2954 4593 Sed
3004 4540 3097 4593 ubi
3139 4555 3369 4596 serenus
3402 4556 3468 4596 ac
3516 4558 3686 4612 purus
3720 4551 3803 4597 est

2223 4640 2339 4691 aer,
2374 4626 2426 4679 in
2464 4627 2551 4681 his
2578 4628 2732 4682 nullo
2764 4628 3161 4696 impedimento
3194 4631 3382 4688 lumen
3417 4633 3697 4688 radiorum
3722 4635 3800 4703 jao

2224 4713 2320 4768 cit.
2354 4713 2458 4770 Ubi
2483 4729 2615 4770 vero
2658 4714 2896 4778 nebulae,
2948 4727 3006 4772 et
3036 4731 3215 4772 aerea:
3250 4719 3514 4790 caligines
3554 4736 3615 4776 se
3643 4721 3804 4775 Ï‰Ï€Î¿Î½

2225 4805 2447 4872 derunt,
2480 4806 2814 4878 densiorque
2845 4810 3019 4863 nubes
3055 4823 3114 4863 se
3153 4810 3479 4881 interponit,
3522 4828 3633 4868 non
3660 4814 3803 4869 lueet

2227 4914 2425 4970 purum
2447 4899 2551 4962 sol,
2577 4914 2756 4969 neque
2782 4899 3057 4966 calefacit,
3072 4901 3170 4957 sed
3202 4905 3541 4971 tennissime,
3558 4917 3613 4959 et
3637 4920 3804 4974 opaco

2225 4990 2456 5047 lumine.
2504 4990 2627 5046 Non
2675 5000 2856 5046 tamen
2890 5002 3021 5048 tunc
3064 4995 3374 5063 culpandus
3416 5004 3503 5051 est
3533 4996 3637 5061 sol,
3672 5011 3803 5066 quo-

2226 5083 2374 5137 niam
2407 5096 2515 5136 non
2555 5082 2694 5153 ipse,
2727 5082 2823 5138 sed
2858 5083 3060 5151 nubes,
3087 5095 3144 5141 et
3177 5101 3339 5142 aerea
3377 5088 3659 5143 crassities
3686 5100 3804 5156 quae

2228 5173 2548 5244 prohibent,
2569 5173 2626 5227 in
2642 5189 2805 5229 causa
2825 5184 2973 5230 sunt.
2996 5175 3209 5248 Corpus
3226 5179 3478 5234 existima
3507 5195 3630 5236 esse
3645 5194 3804 5233 mun-

2229 5264 2363 5320 dum
2400 5264 2614 5332 :vieos,
2656 5273 2714 5321 et
2757 5266 2927 5322 urbes
2954 5282 3078 5325 esse
3116 5285 3335 5340 sensus,
3365 5283 3422 5328 et
3446 5272 3711 5337 membra,
3750 5277 3807 5324 et

2056 5527 2332 5591 SchoHa.

666 5637 1052 5696 lsidorus.:Ab
1077 5645 1704 5722 immodicointemperica
1724 5650 1805 5720 ï¬t.
1829 5650 2054 5719 Quando
2089 5649 2507 5707 enimehâ€™mcuta
2547 5650 2794 5705 terminos
2831 5666 2952 5705 suos
2983 5651 3341 5721 egrediuntur,
3383 5661 3507 5707 tunc
3546 5651 3730 5718 morbi,
3753 5658 3809 5705 et

558 5702 693 5767 dira:
724 5726 914 5766 mortes
943 5716 1206 5769 eveniunt.
