4088 6214
384 278 498 353 829

1855 297 2212 371 DIOPTRA.

3555 306 3662 385 sed

384 414 575 479 partes
601 407 871 479 corporis,
901 418 960 466 et
991 411 1203 468 viscera
1237 429 1251 467 :
1288 414 1547 471 nebulam
1607 427 1970 490 symptomata
2008 432 2052 486 Α
2083 421 2324 476 culosam
2357 430 2414 478 et
2435 430 2708 483 cavatam.
2735 426 2793 479 et
2821 422 3025 479 habere
3041 424 3308 495 quasdam
3343 440 3529 498 venas,
3562 446 3664 501 per

385 513 682 571 corporum
722 502 987 575 intellige,
1032 505 1438 574 lucidissimum
1472 508 1644 564 sulem
1678 510 1973 569 facultates

385 589 604 657 animae,
629 593 683 647 in
709 592 795 649 his
820 610 1059 666 namque
1089 598 1409 668 paradigma
1431 599 1564 655 solis
1583 599 1970 672 accipiendum

383 695 488 743 est.
520 686 576 743 Si
599 703 708 759 qua
731 690 878 746 enim
904 707 1098 748 serena
1124 696 1331 750 sanitas
1360 711 1390 750 e
1414 698 1745 767 corporibus
1766 700 1968 764 elucet,

380 785 437 833 et
481 779 791 836 membrum
834 782 1055 853 aliquod
1091 794 1405 850 externum,
1447 800 1543 844 aut
1571 806 1702 860 pars
1738 792 1970 847 interior

379 866 453 923 ab
483 868 667 939 aliquo
691 881 1058 942 symptomate
1089 878 1407 948 neutiquam
1428 880 1670 946 lazditur,
1691 882 1819 936 inde
1847 898 1971 938 eor-

379 973 485 1029 pus
513 955 818 1018 bellissime
852 980 974 1021 sese
1007 968 1190 1022 habet.
1226 960 1284 1023 ιη
1314 972 1519 1041 quibus
1563 988 1723 1029 secus
1770 972 1850 1040 fit,
1893 976 1968 1031 ibi

377 1052 546 1107 etiam
581 1055 779 1111 animm
809 1056 1101 1114 facultates
1148 1062 1440 1117 feriantur.
1480 1069 1664 1135 Atque
1721 1067 1833 1122 tino
1861 1078 1966 1135 est,

376 1143 527 1213 quod
575 1145 834 1203 homines
882 1157 1094 1205 tantum
1147 1154 1381 1209 invicem
1429 1157 1768 1228 discrepant.
1813 1159 1968 1216 Alius

377 1230 742 1304 intelligentia
789 1237 937 1293 iners
975 1249 1093 1303 est,
1147 1242 1290 1299 alius
1336 1248 1620 1316 perspicax
1660 1257 1717 1303 et
1765 1250 1963 1305 solers.

374 1323 531 1380 Alius
552 1325 692 1380 bene
720 1339 985 1394 moratus,
1008 1333 1149 1389 alius
1170 1337 1480 1406 improbus,
1507 1340 1649 1393 alius
1669 1342 1961 1409 superbus.

373 1412 530 1472 Alius
556 1417 754 1483 fidelis,
793 1422 936 1477 alius
978 1427 1302 1482 malevolus.
1347 1418 1552 1484 Horum
1581 1444 1802 1487 causam
1840 1449 1964 1489 esse

374 1507 546 1564 Deum
581 1526 715 1567 cave
754 1524 934 1583 putes,
964 1518 1111 1586 quod
1141 1520 1474 1588 quihusdam
1506 1523 1722 1578 scilicet
1756 1526 1964 1594 optime

373 1601 528 1666 Velit,
576 1613 631 1658 et
681 1605 892 1673 optima
938 1608 1046 1664 illis
1083 1610 1271 1675 dunet,
1321 1608 1583 1685 omnique
1631 1615 1879 1672 bonitate
1909 1628 1964 1675 et

370 1693 546 1763 gratia
571 1710 669 1750 eos
699 1698 980 1754 cumulet:
1007 1703 1340 1770 quibusdam
1372 1721 1505 1760 vero
1538 1707 1672 1761 velit
1699 1710 1957 1777 pessime,

2079 526 2218 584 quas
2255 514 2323 569 ab
2356 515 2488 577 imo,
2516 523 2572 570 et
2595 516 2812 572 occulte
2842 516 2993 572 rivos
3018 533 3287 589 aquarum
3320 521 3568 587 emittat,
3594 539 3664 580 ex

2078 608 2283 679 quibus
2313 616 2370 663 et
2402 608 2583 663 fontes
2629 617 2831 664 terram
2874 611 3125 682 irrigent.
3164 614 3268 669 Per
3310 614 3414 670 bos
3444 626 3663 674 meatus

2074 713 2217 767 aqua
2254 698 2468 752 marina
2508 699 2744 758 colatur.
2776 709 2833 755 et
2862 717 3026 757 cursu
3053 704 3345 776 peregrino
3366 707 3658 783 dulcescit,

2071 799 2129 843 et
2160 790 2213 843 in
2243 790 2564 859 qualitatem
2591 801 2960 861 naturamque
2990 796 3361 862 metallorum,
3391 808 3448 853 et
3477 801 3658 854 fonta-

2071 896 2221 944 nam,
2261 897 2323 934 ac
2357 885 2630 949 putealem
2662 898 2860 952 aquam
2906 894 3172 939 mutatur.
3204 871 3361 953 Quod
3398 888 3443 944 si
3489 900 3658 956 terra,

2069 987 2135 1025 ex
2165 987 2271 1041 qua
2305 982 2509 1042 puteus
2531 973 2886 1028 seaturiendo
2901 976 3163 1046 erumpit,
3191 992 3398 1038 amara.
3421 987 3516 1032 aut
3538 978 3662 1033 dul-

2070 1064 2149 1119 cis
2180 1063 2367 1131 iuerit,
2403 1081 2542 1135 aqua
2575 1066 2789 1119 marina
2826 1066 2972 1120 illam
3020 1069 3196 1137 ipsam
3227 1069 3576 1138 qualitatem,
3612 1070 3660 1143 si

2069 1150 2147 1211 ita
2193 1157 2510 1228 contigerit,
2546 1174 2643 1213 seu
2689 1159 3075 1225 acerbitatem,
3107 1170 3202 1214 aut
3235 1162 3541 1216 amaritiem
3574 1162 3662 1217 vi-

2069 1247 2292 1313 delicet,
2336 1260 2435 1303 seu
2476 1249 2830 1304 dulcedinem
2876 1251 2931 1303 in
2976 1265 3034 1305 se
3079 1252 3340 1321 capessit.
3378 1253 3432 1308 Si
3474 1264 3660 1310 autem

2069 1350 2286 1397 meatus
2309 1341 2381 1395 sit
2410 1348 2698 1411 angustus,
2723 1342 2854 1396 dum
2884 1342 3002 1411 ipso
3025 1342 3172 1397 ﬂuxu
3204 1345 3467 1410 luctatur,
3497 1349 3664 1403 vehe-

2068 1432 2307 1487 mentius
2340 1432 2567 1487 calescit
2604 1474 2618 1497 ,
2654 1443 2713 1488 et
2764 1443 2823 1486 ut
2861 1444 2945 1489 est
2982 1444 3440 1499 consentaneum,
3483 1439 3663 1494 ferve—

2066 1523 2193 1577 scit.
2236 1522 2306 1578 Et
2336 1523 2389 1577 in
2432 1523 2518 1578 his
2540 1524 2652 1594 jam
2690 1525 2854 1578 dictis
2892 1538 3108 1579 rursum
3145 1536 3429 1595 perspecta
3459 1538 3542 1582 est
3569 1528 3659 1584 illa

2066 1615 2303 1676 novitas,
2332 1615 2613 1684 quomodo
2639 1631 2762 1670 cum
2793 1632 2899 1670 una
2921 1617 3145 1686 quidem
3173 1616 3246 1671 sit
3264 1633 3530 1687 aquarum
3562 1635 3660 1674 na-

2069 1715 2213 1769 tura,
2243 1705 2297 1758 in
2331 1704 2457 1759 aliis
2488 1713 2670 1760 tamen
2713 1706 2862 1760 aliud
2898 1707 3011 1770 flat,
3046 1717 3416 1778 naturatnque
3460 1718 3656 1773 mutet,

368 1797 575 1857 eosque
604 1792 885 1846 contrario
929 1794 1093 1848 modo
1129 1804 1351 1851 tractet.
1404 1797 1693 1865 Quomodo
1725 1801 1871 1855 enim
1906 1814 1961 1856 ρι
1998 1806 2034 1860 Β
2065 1793 2121 1847 in
2150 1795 2496 1863 qualitatem,
2520 1796 2575 1849 in
2601 1796 2981 1858 metallum.et
3014 1798 3263 1852 habitum
3286 1801 3654 1870 singulorum.

369 1877 474 1934 ista
501 1879 698 1950 judicii
742 1883 1221 1956 Providentiaaque
1253 1887 1456 1943 divina:
1498 1891 1666 1945 sunt?
1696 1908 1725 1945 a
1768 1908 1875 1961 qua
1912 1894 1956 1947 si

366 1970 718 2040 potissimum
746 1990 1011 2045 suspensa
1043 1988 1252 2044 essent,
1296 1996 1407 2035 non
1434 1996 1611 2052 requa,
1645 1984 1739 2038 sed
1772 1984 1957 2053 iniqua

367 2062 657 2119 manifeste
689 2064 854 2121 foret.
881 2060 989 2122 Sed
1025 2069 1141 2123 haec
1179 2070 1520 2141 blasphemia
1567 2075 1732 2128 etiam
1775 2077 1959 2132 verbis

368 2158 534 2209 tenus
583 2156 752 2212 absit.
803 2157 962 2214 Sicut
1025 2161 1173 2216 enim
1236 2163 1342 2218 soli
1410 2164 1563 2220 dedit
1615 2181 1957 2237 qua-cunque

363 2246 539 2314 dedit,
556 2249 916 2315 celeritatem,
961 2254 1421 2326 magnitudinem,
1456 2258 1954 2328 pulchritudinem,

363 2341 751 2412 splendorem;
778 2354 835 2400 et
866 2356 1025 2403 terrae
1056 2350 1312 2405 similiter
1340 2350 1767 2417 fecunditatem,
1794 2356 1959 2409 arbo-

361 2432 517 2487 ribus
560 2433 706 2491 ferre
753 2437 967 2494 frttctus
996 2480 1010 2503 ,
1045 2440 1327 2496 frumento
1373 2453 1428 2498 et
1473 2444 1599 2499 aliis
1650 2446 1953 2517 unicuique

361 2520 703 2583 iunctionem
736 2524 1013 2603 propriam
1055 2544 1111 2589 et
1138 2544 1415 2600 naturam,
1465 2538 1546 2592 sic
1571 2537 1690 2593 istis
1717 2547 1955 2608 quatuor

360 2619 655 2678 elementis
683 2625 1068 2681 auctoritatem
1104 2636 1160 2682 et
1210 2628 1500 2698 imperium
1530 2633 1783 2701 eorpOrls
1824 2633 1952 2687 uni-

359 2720 541 2774 verse,
578 2713 808 2784 ejusque
837 2715 1260 2783 incrementum,
1288 2719 1756 2785 immutationem,
1790 2722 1952 2777 linem

357 2817 424 2859 ac
485 2803 902 2862 dissolutionem
961 2810 1274 2879 commisit,
1339 2810 1548 2867 iudicio
1620 2816 1676 2867 et
1741 2813 1954 2869 ratione

359 2912 523 2966 quam
550 2899 666 2969 ipse
706 2900 878 2970 probe
910 2903 1082 2958 novit.
1113 2902 1263 2958 Nihil
1303 2905 1453 2959 enim
1486 2920 1671 2959 rerum
1705 2906 1952 2960 omnimn

359 2982 593 3045 Domino
638 3007 748 3047 non
813 3000 941 3050 ante
987 2996 1327 3051 intellectum
1377 3004 1435 3052 et
1471 2997 1752 3067 provisum
1813 3009 1946 3054 est:

356 3081 450 3152 qui
481 3094 863 3141 creaturarum
886 3103 1088 3158 parens
1108 3098 1167 3145 et
1186 3089 1523 3160 gubernator
1552 3103 1657 3157 est,
1680 3101 1736 3147 et
1771 3092 1955 3147 omni-

354 3170 461 3232 bus
478 3191 546 3232 ex
574 3179 721 3233 omni
759 3191 912 3251 parte
938 3180 1137 3247 adest,
1184 3190 1242 3236 et
1288 3182 1473 3237 omnia
1516 3194 1759 3252 permeat
1802 3200 1956 3253 qum-

354 3283 573 3339 eunque
624 3270 782 3334 fecit,
816 3279 873 3326 ct
923 3271 1123 3337 facere,
1163 3281 1218 3326 et
1251 3287 1600 3336 conservare,
1636 3283 1691 3329 et
1721 3274 1959 3328 admini-

355 3366 555 3425 strare,
594 3370 651 3415 et
685 3370 907 3430 portare
953 3378 1064 3417 non
1108 3372 1310 3417 cessat.
1348 3363 1407 3417 Si
1454 3363 1622 3432 igitur
1661 3364 1863 3426 bonus,
1899 3354 1959 3419 εί

350 3452 576 3521 sapiens
614 3460 718 3516 est,
761 3463 823 3507 ut
866 3463 954 3508 est
993 3469 1006 3507 :
1043 3469 1149 3523 qua
1187 3454 1387 3518 bonus,
1436 3454 1621 3508 omnia
1677 3454 1954 3524 producit'

357 3552 422 3597 ut
465 3545 669 3597 bonum
696 3559 816 3598 sese
840 3542 1138 3608 diffundat,
1175 3552 1478 3615 notumque
1513 3553 1568 3599 et
1598 3545 1951 3600 manifestum

354 3635 479 3699 liat;
511 3650 619 3706 qua
657 3637 896 3706 sapiens,
937 3636 1340 3705 providentiam
1392 3644 1448 3692 et
1475 3652 1664 3692 curam
1719 3653 1951 3708 operum

351 3735 581 3781 Suorum
611 3727 872 3793 ostendit,
891 3728 1025 3783 Nam
1056 3729 1101 3784 si
1132 3729 1269 3787 nihil
1300 3730 1633 3800 provideret,
1654 3746 1764 3801 quo
1787 3732 1952 3788 modo

352 3818 574 3890 sapiens
601 3820 921 3878 esset?Nec
952 3822 1154 3887 bonus,
1185 3837 1289 3877 nec
1316 3823 1558 3892 sapiens,
1587 3825 1631 3878 si
1660 3836 1769 3878 non
1806 3840 1949 3893 prae-

351 3911 568 3967 videret
602 3913 878 3983 rebusque
909 3915 1252 3969 consuleret.
1288 3913 1461 3983 Igitur
1487 3916 1629 3985 apud
1655 3932 1869 3979 omnes,
1893 3926 1949 3972 et

352 4018 462 4073 prae
489 4003 749 4058 omnibus
788 4012 1001 4059 certum
1029 4014 1113 4060 est
1146 4004 1411 4075 Opificem
1448 4003 1651 4059 rerum
1690 4007 1948 4063 omnibus

351 4109 474 4164 quae
504 4094 807 4151 fabricatus
856 4106 942 4151 est
990 4098 1329 4167 prospicere,
1379 4107 1436 4155 et
1474 4093 1799 4170 providere;
1836 4098 1945 4154 Co-

351 4188 525 4259 gnitio
567 4197 752 4243 autem
792 4188 1108 4244 futurorum
1142 4191 1197 4245 in
1242 4191 1406 4247 nobis
1436 4208 1546 4246 non
1591 4200 1697 4256 est,
1729 4192 1825 4262 qui
1855 4191 1945 4246 vix

351 4280 469 4337 sola
500 4295 624 4350 qua:
654 4288 782 4337 ante
814 4281 986 4351 pedes
1016 4290 1168 4347 sunt,
1202 4283 1390 4338 videre
1423 4298 1739 4354 possumus,
1766 4293 1824 4349 et
1853 4284 1945 4338 vix

248 4370 254 4375 ’
351 4370 675 4426 memoriam
738 4376 795 4425 'et
847 4371 1117 4442 judicium
1177 4374 1584 4443 praeteritorum
1647 4374 1937 4430 habemus.

2065 1880 2304 1940 Perinde
2333 1901 2565 1956 corpora
2597 1902 2657 1942 se
2679 1887 2909 1942 habent.
2942 1889 3265 1942 Animarum
3296 1905 3426 1944 vero
3457 1900 3656 1946 natura

2063 1994 2174 2032 non
2206 1989 2289 2033 est
2329 1980 2434 2035 alia
2465 1988 2630 2048 atque
2670 1981 2795 2046 alia,
2828 1980 2922 2035 sed
2966 1982 3196 2050 aequalis
3234 1983 3501 2036 omnium.
3558 1983 3659 2039 Ast

2063 2068 2118 2122 in
2147 2069 2476 2139 corporibus
2505 2071 2733 2125 minime
2757 2069 3039 2125 invenitur
3066 2071 3325 2127 identitas
3348 2074 3654 2129 sccundmu

2063 2161 2338 2225 habitum,
2390 2163 2485 2218 sed
2541 2164 2647 2219 alia
2683 2164 2778 2219 alii
2832 2163 3027 2228 erasis,
3087 2174 3148 2219 ut
3198 2176 3482 2221 ostensum
3517 2177 3652 2223 est:

2062 2253 2334 2322 siquidem
2365 2268 2467 2308 nec
2492 2254 2548 2308 in
2584 2255 2845 2310 omnibus
2872 2258 3159 2326 aequaliter
3190 2259 3463 2314 elementa
3492 2261 3656 2317 mista

2051 2340 2117 2397 et
2161 2354 2463 2414 temperata
2498 2356 2648 2410 sunt,
2682 2347 2781 2402 sed
2814 2351 3255 2420 unumquodque
3288 2360 3349 2405 ut
3392 2352 3653 2406 sortitum

2060 2446 2147 2492 est
2181 2453 2335 2492 suam
2363 2440 2571 2506 erasin,
2604 2440 2677 2495 ita
2708 2440 2775 2495 ad
2802 2458 2860 2495 se
2880 2442 3117 2496 animam
3147 2457 3369 2513 quoque
3398 2442 3652 2497 inﬂectit.

2061 2520 2252 2599 itaque
2277 2530 2391 2586 sive
2421 2533 2548 2602 quis
2581 2533 2824 2604 graviter
2863 2534 3025 2588 irasci
3057 2535 3218 2599 solet,
3252 2544 3307 2589 et
3336 2544 3423 2589 est
3454 2549 3650 2604 super-

2059 2622 2187 2685 bus,
2223 2623 2341 2678 sive
2385 2633 2728 2691 mansuetus,
2764 2625 2881 2680 sive
2915 2626 3271 2694 tranquillus,
3317 2627 3432 2681 sive
3466 2626 3653 2680 mode¢

2059 2725 2238 2781 ratus,
2277 2718 2395 2771 sive
2442 2728 2740 2783 scortator,
2776 2719 2892 2773 sive
2926 2718 3184 2783 lascivus,
3222 2719 3336 2774 sive
3367 2726 3553 2773 castus
3595 2725 3653 2773 et

2060 2810 2289 2879 probus,
2321 2810 2438 2866 siVe
2479 2811 2865 2881 magnanimus
2892 2820 3112 2872 natura.
3143 2812 3262 2864 sive
3303 2821 3493 2865 contra
3529 2825 3650 2865 sor-

2057 2900 2243 2966 didus,
2285 2912 2382 2957 aut
2422 2906 2665 2972 potator,
2710 2910 2808 2956 aut
2848 2900 3123 2966 ebriosus,
3162 2909 3258 2955 aut
3305 2902 3544 2965 sobrius,
3594 2909 3653 2956 et

2058 3007 2214 3066 aquae
2256 3007 2438 3065 potor,
2467 3004 2563 3049 aut
2604 2994 2860 3067 vigilans,
2893 3003 2988 3049 aut
3032 2994 3325 3065 celeripes,
3357 3003 3451 3048 aut
3475 2992 3650 3048 tardi-

2059 3088 2283 3158 gratlus,
2326 3098 2422 3142 aut
2455 3088 2673 3153 docilis,
2721 3096 2818 3141 aut
2860 3086 3140 3149 indocilis,
3197 3094 3291 3140 aut
3330 3086 3503 3146 rudis.
3540 3100 3647 3139 non

2061 3189 2148 3235 est
2182 3177 2456 3248 eulpanda
2493 3180 2700 3242 anima,
2731 3178 3201 3245 quemadmodum
3234 3179 3416 3231 oratio
3463 3190 3650 3232 nostra

2062 3269 2342 3340 sigillatim
2384 3284 2485 3338 per
2516 3269 2700 3323 omnia
2733 3269 2993 3322 disseruit
3025 3285 3038 3320 :
3071 3268 3166 3321 sed
3196 3269 3382 3336 potius
3423 3284 3646 3337 corpus,

2059 3369 2117 3415 et
2171 3368 2707 3429 temperamentum,
2764 3359 2912 3426 quod
2969 3357 3048 3410 illi
3106 3357 3372 3426 contigit;
3424 3368 3651 3427 propter

2059 3450 2207 3522 Quod
2241 3466 2349 3505 non
2382 3454 2561 3506 solent
2594 3450 2697 3505 sibi
2721 3450 2948 3504 similari
2980 3465 3236 3519 corpora,
3276 3450 3522 3520 inquam,
3545 3467 3649 3507 nec

2057 3559 2180 3601 esse
2211 3542 2394 3598 allinia
2427 3545 2479 3598 in
2525 3556 2852 3613 quacunque
2885 3559 2965 3598 re.
3006 3543 3074 3597 ad
3108 3544 3395 3599 scientiam
3429 3552 3523 3599 aut
3560 3559 3648 3599 sas

2058 3636 2345 3708 pientiam,
2390 3637 2458 3691 ad
2494 3635 2741 3690 habitum
2774 3645 2872 3690 aut
2909 3643 3186 3698 naturam,
3232 3634 3298 3688 ad
3336 3642 3643 3704 aspectum,

2053 3737 2147 3783 aut
2181 3728 2436 3799 figuram,
2484 3728 2550 3782 ad
2587 3736 2931 3781 venustatem
2970 3726 3184 3782 formze.
3222 3726 3361 3781 Cum
3392 3727 3540 3781 enim
3576 3740 3645 3780 ex

2052 3820 2339 3876 elementis
2370 3820 2523 3874 varia
2557 3820 2882 3888 temperatio
2909 3820 3163 3883 exsistat,
3196 3834 3422 3873 necesse
3453 3827 3561 3881 est,
3586 3826 3645 3872 et

2051 3922 2285 3980 corpora
2329 3910 2386 3965 in
2423 3910 2513 3965 bis
2540 3912 2691 3965 varie
2722 3913 2794 3973 ise
2829 3910 3057 3971 habere,
3099 3918 3156 3964 et
3179 3909 3433 3969 ,animam
3482 3907 3549 3961 ad
3581 3923 3642 3962 se

2051 4002 2329 4057 violenter
2377 4002 2621 4057 trahere.
2656 4001 2819 4066 Satis,
2869 4008 2929 4054 ut
2969 4000 3231 4062 arbitror,
3280 4013 3366 4052 res
3410 3997 3640 4067 probata

2048 4105 2151 4160 est,
2184 4105 2240 4151 et
2266 4097 2517 4165 pluribus
2550 4095 2686 4148 nihil
2712 4104 2795 4147 est
2824 4108 2983 4161 opus.
3021 4091 3158 4145 Illud
3192 4090 3340 4144 dictu
3374 4090 3529 4144 valde
3553 4095 3640 4144 est

2050 4185 2445 4240 necessarium.
2492 4179 2547 4239 Si
2588 4199 2729 4237 unus
2768 4184 2990 4252 quidam
3038 4183 3326 4237 character
3371 4182 3425 4235 in
3458 4180 3639 4235 omni-

2049 4277 2153 4333 bus
2212 4276 2527 4331 hominibus
2571 4289 2755 4339 esset,
2804 4275 2974 4329 multa
3030 4275 3085 4329 in
3144 4290 3345 4346 genere
3392 4275 3636 4328 humano

2048 4376 2375 4438 sequeretur
2417 4366 2691 4429 confusio,
2723 4374 2780 4421 et
2812 4365 2989 4435 caligo
3027 4375 3085 4420 et
3124 4381 3231 4419 nox
3265 4365 3433 4419 vitam
3465 4379 3634 4418 occu-

349 4461 624 4519 Conditor
666 4474 880 4529 autem,
927 4473 988 4518 ut
1015 4465 1181 4530 Deus,
1213 4475 1270 4520 et
1302 4466 1391 4520 illa
1423 4469 1841 4539 prmcognoscit,
1883 4478 1940 4524 ει
1971 4479 2015 4536 ι)
2047 4469 2229 4530 patam
2260 4467 2492 4514 teneret.
2530 4457 2743 4525 Quibus
2773 4458 2920 4513 enim
2955 4456 3194 4520 indiciis,
3239 4466 3333 4511 aut
3375 4456 3633 4526 qualibus

347 4550 531 4626 justus
561 4557 753 4628 judcx,
792 4569 850 4615 et
895 4557 1106 4613 arbiter
1149 4569 1334 4613 rectus
1363 4570 1469 4621 est,
1500 4570 1557 4615 et
1583 4562 1628 4616 si
1663 4580 1683 4614 ι
1721 4561 1923 4633 judicia

350 4647 535 4704 divina
563 4651 791 4722 abyssus
821 4652 989 4706 multa
1014 4650 1112 4705 ⁸³.»
1136 4650 1423 4719 Quomodo
1455 4653 1618 4724 igitur
1647 4669 1728 4719 se,
1763 4655 1943 4724 quoad

352 4745 847 4810 temperamentum
914 4741 1158 4808 attinet,
1219 4753 1423 4813 corpus
1470 4743 1772 4799 humanum
1840 4746 1944 4800 ha-

350 4826 498 4894 beat,
534 4840 592 4886 et
627 4831 907 4901 quomodo
938 4832 1174 4889 effector
1214 4849 1465 4889 summus
1513 4835 1808 4891 elementis
1851 4848 1942 4891 re-

347 4935 515 4989 gnum
543 4919 928 4991 impertiverit,
944 4933 999 4978 et
1016 4922 1243 4993 quinam
1264 4924 1569 4979 secundum
1589 4926 1937 4995 qualitatem,

348 5020 406 5065 ct
439 5021 932 5083 temperamentum
964 5015 1089 5081 tale,
1122 5016 1271 5086 quali
1299 5031 1531 5087 corpora
1555 5017 1855 5073 constituta
1880 5028 1937 5073 et

348 5113 729 5176 coagmentata
760 5117 912 5168 sunt.
939 5117 1000 5163 ut
1026 5108 1290 5173 diximus,
1332 5110 1500 5166 etiam
1526 5110 1723 5165 anima:
1763 5111 1938 5166 facul-

351 5205 435 5251 tas
458 5204 517 5251 et
562 5196 708 5252 actio
748 5208 1015 5268 patescat,
1055 5201 1336 5272 quomodo
1371 5210 1602 5273 propter
1644 5202 1765 5258 haec
1793 5216 1940 5275 sym-

348 5296 593 5358 ptomata
637 5291 915 5360 eveniant,
940 5301 997 5349 et
1025 5308 1057 5350 e
1088 5295 1371 5351 contrario
1401 5311 1639 5366 corpora
1675 5295 1815 5352 bene
1844 5312 1939 5351 va-

347 5377 521 5447 leant,
547 5389 605 5437 et
633 5380 690 5437 in
733 5383 929 5440 melius
954 5385 1268 5451 proficiant.
1294 5388 1428 5443 satis
1470 5397 1657 5444 nostra
1687 5389 1938 5458 disputa-

349 5467 501 5526 tione
530 5480 814 5529 ostensum
849 5482 953 5531 est.
985 5476 1359 5535 Nihilominus
1386 5479 1757 5551 paradigmate
1790 5490 1935 5543 utar,

346 5572 461 5632 quo
485 5562 634 5623 dicta
663 5566 790 5636 plus
815 5566 956 5627 lueis
977 5568 1274 5643 accipiant.
1305 5572 1530 5629 Terram
1582 5572 1742 5630 aiunt
1778 5572 1939 5629 cuni-

419 5737 471 5821 ξ’
499 5742 897 5815 Ρβιιι.ιιιγ,7ι

2043 4567 2074 4604 e
2102 4550 2274 4621 signis
2306 4551 2634 4620 peregrinus
2685 4549 2755 4604 ab
2793 4549 2970 4603 amico
3001 4557 3058 4603 et
3086 4546 3338 4601 familiari
3382 4546 3633 4600 interno-

2045 4643 2334 4700 sceretur?
2362 4642 2828 4706 inimicissimum,
2853 4642 2922 4697 ab
2950 4643 3162 4713 optimo
3188 4654 3309 4709 quae
3345 4647 3489 4693 notae
3519 4636 3635 4692 dis-

2040 4736 2376 4791 cernerent?
2405 4736 2523 4790 Non
2560 4735 2655 4789 lilii
2691 4745 2969 4805 parentes.
3006 4748 3108 4788 nec
3145 4742 3338 4788 contra
3372 4739 3634 4801 parentes

2044 4820 2205 4890 filios,
2244 4825 2631 4880 deficientibus
2674 4823 2991 4894 hujusmodi
3043 4822 3309 4894 symbolis
3363 4836 3633 4891 agnosce-

2039 4926 2180 4971 rent.
2221 4915 2493 4971 Cmterum
2526 4916 2751 4986 sapiens
2784 4916 3156 4978 Architectus,
3187 4923 3243 4968 et
3274 4914 3505 4983 largitur
3543 4926 3631 4965 sa-

2046 5008 2288 5079 pientiae.
2341 5008 2592 5079 plasmati
2627 5007 2695 5063 ad
2721 5009 2971 5063 notitiam
3022 5017 3269 5062 mutuam
3315 5005 3622 5069 consuluit,

2045 5098 2176 5154 dum
2226 5099 2444 5155 diversa
2479 5099 2683 5156 indicia
2724 5099 3046 5155 hominibus
3076 5107 3133 5152 ct
3172 5114 3238 5152 ex
3292 5099 3465 5152 forma
3510 5092 3627 5152 sive

2044 5191 2415 5255 lineamentis,
2447 5201 2504 5246 et
2546 5208 2654 5246 non
2685 5192 2867 5247 minus
2912 5206 2981 5245 ex
3012 5205 3148 5245 voce
3198 5189 3354 5260 quasi
3403 5187 3623 5245 infudit.

2037 5279 2308 5337 Praeterea
2340 5282 2581 5337 divinam
2616 5282 3021 5337 Providentiam
3064 5282 3119 5336 in
3167 5291 3315 5336 tanta
3360 5281 3623 5337 facierum

2037 5371 2356 5428 diversitate
2387 5372 2648 5428 admirari
2680 5373 3063 5445 dignissimum
3129 5381 3235 5427 est.
3279 5371 3422 5427 Hinc
3469 5387 3623 5427 nam-

2037 5479 2144 5533 que
2175 5464 2394 5520 animus
2422 5465 2770 5521 occasionem
2799 5466 3124 5539 indagandae
3157 5465 3428 5531 veritatis,
3463 5480 3623 5521 erro-

2040 5555 2227 5627 risque
2251 5556 2460 5614 vitandi
2502 5557 2768 5618 inveniet.
2802 5558 2961 5627 Quod
2990 5560 3037 5617 si
3066 5560 3181 5615 haec
3211 5557 3310 5616 tibi
3341 5573 3451 5615 non
3483 5570 3618 5614 satis
