4088 6214
505 311 607 376 831

1752 309 2096 372 PlllLlPPI
2139 308 2533 371 SOLITARII

3677 319 3803 380 832

508 428 949 495 persuadeutur,
997 424 1233 484 fidelem,
1263 432 1320 478 et
1369 439 1399 479 a
1446 424 1560 479 Deo
1608 425 1851 479 afllatum
1904 435 2097 479 testem
2127 424 2174 482 Δ
2202 438 2383 492 gauon
2444 439 2541 479 seu
2595 424 3028 479 instrumentum
3078 425 3543 484 musicum.lienc
3578 439 3799 500 aptum,

507 519 672 582 dabo,
724 518 945 573 nomine
984 516 1356 580 Anastasium,
1402 526 1767 586 cognomento
1816 516 2087 583 Sinaiten,

507 609 796 664 docentem
822 618 877 663 et
896 610 1230 664 scribentem
1260 610 1407 663 clare
1437 624 1606 678 super
1626 608 1735 674 bis,
1765 624 1885 680 quae
1917 610 2093 664 inter.

508 708 727 769 rogatus
756 700 956 753 fuerat.
981 699 1085 754 Sed
1115 699 1244 753 audi
1275 700 1466 755 verba.

581 790 957 861 Interrogatio.
1001 791 1153 848 Unde
1200 792 1270 845 ab
1306 792 1426 861 ipso
1455 800 1581 847 ortu
1614 801 1671 848 et
1698 791 1903 848 teneris
1932 793 2093 848 annis

506 884 731 954 quidam
786 884 1147 937 inveniuntur
1192 893 1390 939 natura
1440 884 1623 948 mites,
1677 884 1771 939 alii
1802 883 2092 949 3iracunili,

508 975 598 1029 alii
643 974 917 1043 iniuriosi,
978 974 1068 1027 alii
1127 975 1392 1043 voluptati
1445 976 1699 1030 obscenze
1753 975 1945 1037 dediti,
1998 975 2093 1029 alii

508 1079 700 1117 osores
740 1063 1038 1115 mulierum
1092 1071 1147 1115 et
1176 1062 1565 1117 continentes?
1595 1064 1833 1118 Rursum
1868 1064 2093 1133 quidam

509 1165 704 1208 natura
735 1154 893 1207 facile
909 1169 1007 1207 sua
1027 1154 1572 1219 cominunicant,alii
1605 1167 1735 1211 sunt
1779 1159 2089 1223 inhumani,

509 1246 648 1301 nihil
678 1246 801 1300 aliis
829 1246 897 1299 de
922 1261 1023 1300 suo
1057 1246 1460 1316 impertientes.
1495 1249 1564 1302 Et
1598 1249 1824 1319 quidam
1853 1266 2096 1306 cernun—

512 1349 603 1392 tur
637 1338 1087 1408 ingeniosissimi,
1123 1346 1181 1394 et
1210 1340 1280 1394 ad
1310 1341 1733 1412 excogitandum
1764 1341 2091 1409 felicissimi,

510 1429 601 1483 alii
639 1430 779 1484 tardi
808 1441 864 1484 et
904 1430 1131 1500 stupidi.

579 1521 886 1585 Responsio.
926 1524 1045 1577 Non
1078 1530 1164 1578 est
1215 1522 1382 1586 Deus,
1407 1524 1501 1595 qui
1540 1524 1689 1580 hunc
1731 1525 1955 1596 quidem
1992 1544 2097 1598 pu-

512 1612 718 1673 dicum.
758 1615 927 1667 alium
954 1614 1184 1669 Veneris
1208 1616 1525 1679 satellitem,
1554 1617 1718 1671 istum
1746 1617 2096 1684 iracundum,

515 1705 662 1760 liunc
698 1706 878 1761 lenem
936 1705 1112 1761 facit:
1167 1708 1264 1761 sed
1310 1723 1511 1778 genera
1539 1708 1790 1778 quaedam
1842 1720 1994 1775 sunt,
2042 1719 2098 1766 et

2200 524 2256 571 et
2285 516 2433 586 ligno
2461 516 2868 585 pulcherrimo,
2916 518 3066 587 qiiod
3090 529 3413 588 putrescere
3446 523 3656 591 nequit,
3685 539 3802 579 nec

2201 604 2506 660 marcidum
2528 605 2682 675 quid,
2715 620 2819 660 nec
2838 605 2986 660 aliud
3007 606 3200 660 vitium
3230 607 3489 671 babentc,
3513 608 3583 662 ab
3603 610 3799 678 aliquo

2202 695 2674 751 excellentissimo
2751 697 2966 750 artifice
3016 695 3295 750 fabreﬁeri
3361 699 3680 768 contigerit,
3739 709 3801 754 et

2200 787 2558 857 glutinatum,
2589 798 2644 840 et
2685 796 3053 856 compactum,
3107 796 3164 841 et
3210 787 3455 857 undique
3485 788 3799 857 perfectum

2202 881 2629 948 absolutumque
2704 879 2897 943 fuerit,
2985 890 3040 933 et
3068 879 3312 948 aequales
3369 880 3633 943 chordas,
3689 898 3805 936 nec

2203 989 2446 1043 asperas,
2497 983 2556 1027 ut
2611 971 2888 1040 Eumolpi,
2930 981 2988 1026 et
3029 971 3129 1025 bas
3178 973 3502 1041 congruenti
3554 989 3805 1043 pr0por-

2205 1065 2352 1120 tione
2371 1105 2387 1129 ,
2410 1064 2713 1119 secundum
2746 1065 3111 1118 intensionein
3137 1105 3150 1126 ,
3176 1074 3232 1118 et
3263 1066 3642 1119 remissionem
3659 1077 3808 1120 tem-

2205 1166 2447 1225 pcratas,
2502 1157 2644 1210 etin
2688 1155 2876 1208 nervis
2935 1154 3245 1224 aequalibus
3307 1165 3677 1217 momentum,
3744 1164 3807 1211 et

2207 1257 2469 1311 tractum,
2512 1257 2570 1303 et
2622 1248 2729 1301 alia
2759 1247 3035 1312 habuerit,
3089 1255 3218 1303 tunc
3261 1249 3436 1303 melos
3493 1249 3803 1310 musicum,

2207 1341 2460 1410 beneque
2496 1355 2875 1403 numerosum,
2909 1349 2967 1395 et
3006 1341 3180 1397 melos
3207 1342 3368 1411 plane
3403 1343 3804 1398 harmonicum

2204 1431 2424 1488 artificii
2479 1432 2676 1486 musici
2733 1430 2934 1486 reddit.
2969 1430 3025 1486 Si
3074 1441 3260 1487 autem
3292 1433 3513 1488 chordae
3551 1435 3811 1504 aequales

2201 1522 2281 1577 illi
2312 1536 2423 1575 non
2453 1520 2820 1590 contigerint;
2854 1520 2950 1576 sed
2981 1521 3086 1576 alia
3151 1523 3359 1586 tenuis,
3391 1524 3498 1578 alia
3546 1526 3805 1594 gracilis,

2202 1612 2309 1666 alia
2339 1610 2579 1665 crassior
2607 1611 2701 1674 sit,
2734 1621 2790 1666 et
2811 1611 2918 1665 alia
2942 1611 3195 1666 ordinem
3232 1628 3339 1667 non
3373 1612 3597 1673 habeat.
3635 1615 3808 1669 simi-

2202 1701 2442 1771 literque
2473 1715 2577 1755 nec
2625 1701 2837 1756 ratione
2868 1701 3191 1758 intendatur
3222 1713 3320 1759 aut
3365 1704 3716 1768 remittatur,
3750 1715 3810 1761 et

515 1806 950 1866 teinpernmenta
999 1799 1315 1868 regionum,
1355 1799 1627 1865 locorum,
1677 1800 2102 1868 elementorum,
2138 1785 2175 1838 Β
2210 1792 2420 1863 lignum
2455 1794 2623 1848 etiam
2664 1794 2738 1847 Sil
2777 1795 3229 1865 semipuu'idum.
3265 1796 3511 1852 musicus
3542 1800 3811 1867 Quamvis

513 1887 766 1955 aerisque
785 1896 841 1940 et
874 1897 1178 1957 temporum
1206 1889 1562 1948 mutationes,
1587 1904 1650 1943 ac
1670 1889 2102 1946 vicissitudines.

513 1976 722 2031 Deinde
745 1984 800 2029 et
827 1978 1106 2032 naturales
1128 1994 1328 2040 causae,
1357 1979 1760 2034 elementorum
1785 1981 1839 2034 in
1870 1996 2104 2051 corpore

517 2066 971 2134 temperationem
1029 2068 1381 2125 comitantes.
1438 2071 1543 2125 Per
1591 2087 1729 2141 quas
1779 2088 1994 2136 causas,
2047 2083 2104 2129 et

515 2155 880 2230 mutationes,
907 2165 963 2211 et
1026 2166 1273 2228 tempora
1316 2169 1373 2216 et
1413 2169 1867 2231 teniperaiiienta,
1904 2164 1951 2218 si
1991 2181 2101 2234 qua

514 2249 649 2303 hora
680 2247 862 2304 infans
890 2249 1221 2320 concipitur,
1258 2253 1497 2308 calidum
1543 2255 1878 2309 elementum
1932 2271 2121 2327 exsu-p

512 2343 812 2412 peravcrit,
852 2342 999 2412 quod
1053 2352 1374 2414 generatur,
1423 2346 1618 2403 calida:
1660 2348 2097 2411 constitutionis.
2125 2332 2139 2344 ’

517 2434 582 2489 ad
619 2435 819 2510 vimoet
852 2434 1113 2505 iniuriam
1172 2452 1510 2506 propensum
1572 2440 1701 2504 erit,
1758 2448 1817 2495 et
1859 2440 2102 2496 libenter

514 2538 613 2579 sna
663 2525 1119 2582 communicabit.
1163 2524 1260 2581 Sin
1323 2527 1587 2597 frigidum
1640 2530 1974 2586 elementum
2013 2546 2103 2586 re-

524 2616 877 2681 dundaverit,
910 2618 1057 2687 quod
1086 2620 1354 2685 nascitur,
1386 2635 1455 2675 ex
1491 2621 1781 2692 frigidiore
1823 2623 2097 2680 constitu-

512 2708 666 2762 tione
697 2707 766 2763 ad
798 2709 1112 2765 castitatem
1163 2720 1425 2767 cernetur
1457 2713 1811 2782 propensius.
1840 2714 1991 2769 Idem
2028 2715 2099 2770 de

519 2799 640 2853 aliis
672 2799 887 2854 duobus
934 2801 1228 2858 elementis
1261 2803 1580 2858 dicendum.
1619 2805 1938 2861 Secundum
1986 2805 2098 2862 sic-

515 2904 640 2944 cum
678 2907 915 2962 namque
960 2893 1218 2958 solitarii,
1270 2896 1498 2960 morosi,
1556 2895 1752 2960 sobrii,
1779 2906 1835 2951 et
1889 2913 2097 2954 acres:

517 2983 817 3038 secundum
872 2984 1160 3040 humidum
1216 2987 1355 3057 pigri
1390 2996 1447 3042 et
1486 2987 1701 3053 caduci,
1751 2997 1918 3059 atque
1958 2990 2100 3060 gulae

516 3076 711 3141 dediti,
736 3085 792 3133 et
827 3077 1097 3132 immundi
1128 3078 1283 3132 fiunt.
1318 3079 1456 3134 Nam
1498 3081 1545 3135 si
1576 3081 1883 3136 dixerimus
1905 3081 2095 3137 divino
2125 3136 2166 3156 η

517 3170 664 3239 iussu
681 3186 745 3225 ac
765 3171 1044 3226 voluntate
1064 3172 1317 3241 generari
1337 3172 1486 3226 hunc
1504 3173 1729 3242 quidem
1755 3174 2096 3243 improbum,

516 3262 670 3316 illum
700 3262 954 3332 probum,
984 3279 1091 3318 non
1125 3275 1275 3318 recte
1306 3264 1576 3337 dicemus,
1607 3265 1690 3319 vel
1717 3265 1901 3334 potius
1925 3267 2097 3323 Deum

516 3354 813 3409 maledicto
845 3354 1209 3409 iucesscmus.
1257 3354 1370 3410 Nec
1406 3356 1547 3409 istuc
1571 3356 1772 3419 solum,
1809 3358 1905 3412 sed
1931 3359 2100 3413 etiam

514 3447 682 3501 homo
715 3457 899 3503 castus
935 3464 1042 3502 non
1075 3449 1389 3502 invenietur
1406 3449 1607 3517 dignus
1631 3451 1927 3515 mercede;
1963 3452 2108 3507 Deus

516 3540 661 3593 enim
705 3548 915 3594 castum
966 3540 1114 3595 fecit.
1150 3540 1262 3595 Nec
1293 3539 1647 3603 libidinosus,
1693 3554 1751 3597 et
1812 3544 2110 3599 iracundus

518 3631 879 3684 merebuntur
928 3646 1168 3700 poenam,
1235 3649 1266 3687 a
1315 3634 1427 3688 Deo
1487 3636 1707 3689 scilicet
1764 3636 1900 3690 tales
1954 3634 2106 3690 facti.

519 3720 708 3788 Itaque
738 3721 853 3775 haec
884 3736 952 3774 ex
978 3732 1172 3777 natura
1206 3733 1490 3787 emanant,
1532 3726 1851 3795 prudentia,
1893 3737 2106 3799 tempe-

522 3813 720 3876 rantia,
748 3820 805 3867 ct
835 3813 1070 3882 reliqua,
1102 3831 1224 3883 qua:
1248 3830 1277 3868 a
1302 3816 1507 3872 sanctis
1552 3818 1812 3874 Patribus
1846 3836 1958 3874 non
1998 3819 2110 3876 vir-

521 3911 693 3964 tutes,
738 3904 834 3958 scd
866 3906 1148 3960 naturales
1195 3908 1516 3965 eminentia:
1537 3920 1592 3966 et
1632 3913 1977 3968 excellentia;
2010 3929 2111 3968 no-

518 3995 824 4062 minantur,
856 4013 980 4068 qua:
1001 3997 1320 4054 Graecorum
1333 4003 1599 4074 astrologi
1629 4005 1798 4060 stulte
1823 4004 2111 4076 sapientes

516 4090 825 4146 secundum
861 4092 1180 4157 motionem,
1214 4110 1550 4167 cursumque
1582 4097 1825 4153 siderum
1861 4098 2109 4154 homini-

518 4181 626 4236 bus
675 4186 997 4254 contingere
1032 4185 1263 4243 fabulati
1299 4200 1447 4245 sunt.
1491 4190 1643 4247 Fidei
1669 4190 1936 4247 faciendae
1975 4193 2110 4247 satis

517 4283 640 4329 esto
676 4273 926 4329 Sinaita:
966 4292 1034 4332 aii
1080 4278 1262 4334 adhuc
1312 4281 1758 4349 praestantiorem
1787 4280 2111 4337 desideras?

589 4368 788 4420 ANIMA.
823 4365 1057 4434 Sufﬁcit,
1089 4378 1146 4423 et
1189 4370 1421 4439 recipio,
1478 4381 1535 4426 et
1567 4387 1635 4427 eo
1669 4388 1792 4428 sum
1827 4381 2107 4439 contenta,

2210 1887 2510 1957 plurimum
2533 1886 2787 1951 excellat,
2814 1888 3097 1959 egregium
3130 1889 3324 1951 melos,
3372 1897 3429 1943 et
3462 1890 3812 1944 omnimodis

2209 1982 2542 2037 concinnum
2586 1981 2824 2037 formare
2858 1997 2969 2035 non
3002 1990 3205 2050 potest.
3266 1983 3401 2037 Nam
3434 1983 3482 2037 si
3536 1983 3688 2039 desit
3718 1984 3807 2038 ci-

2215 2075 2392 2139 tliara,
2430 2084 2487 2128 et
2519 2074 2752 2144 lignum,
2786 2083 2844 2129 et
2868 2073 3020 2129 illius
3056 2085 3183 2144 apta
3236 2073 3592 2144 compositio,
3623 2083 3687 2129 et
3715 2089 3811 2129 ars

2211 2166 2574 2230 conveniens,
2637 2165 2909 2221 artificem
2981 2153 3238 2236 peritiam
3284 2182 3442 2222 suam
3500 2168 3809 2224 ostendere

2212 2256 2552 2327 impossibile
2585 2269 2670 2312 est
2706 2256 2949 2327 penitus.
2984 2258 3105 2313 Non
3147 2258 3295 2314 enim
3328 2258 3535 2314 bonum
3574 2270 3631 2315 et
3670 2276 3807 2315 sua-

2206 2362 2329 2401 vem
2366 2361 2562 2401 sonum
2588 2346 2701 2417 lyra
2734 2346 3000 2401 remittet.
3031 2347 3099 2400 Et
3124 2348 3377 2417 quamvis
3394 2348 3698 2418 digitorum
3718 2366 3810 2403 ar-

2209 2436 2440 2492 tificiosa
2497 2437 2804 2492 mobilitate
2843 2438 3046 2502 valeat,
3099 2454 3210 2508 qua
3272 2438 3513 2495 chordas
3566 2439 3655 2495 vel
3684 2456 3808 2495 mo-

2211 2537 2400 2584 mento
2460 2538 2774 2598 percurrat,
2836 2544 2949 2584 non
3025 2540 3207 2585 tamen
3281 2531 3809 2587 numerosissimum

2213 2618 2387 2674 melos
2420 2617 2570 2683 edet,
2610 2619 2725 2690 lyra
2756 2633 2867 2672 non
2902 2617 3064 2683 bene,
3094 2626 3154 2673 ut
3212 2618 3552 2683 dicebamus,
3576 2620 3810 2673 concin-

2209 2718 2359 2765 nata.
2424 2708 2632 2764 Eadem
2667 2725 2894 2780 prorsus
2926 2709 2996 2764 de
3030 2725 3167 2765 voce
3221 2712 3433 2780 cogites
3487 2710 3679 2766 velim.
3734 2710 3808 2765 Os

2211 2800 2354 2855 istuc
2397 2809 2553 2855 tuum
2575 2810 2869 2870 organum,
2898 2817 2995 2856 seu
3040 2802 3468 2856 instrumentum
3497 2802 3805 2866 arbitrare.

2208 2900 2265 2945 et
2308 2890 2416 2946 diei
2448 2891 2682 2964 patiare.
2716 2890 2887 2947 Nervi
2921 2901 2979 2948 et
3031 2893 3254 2947 chorda:
3285 2892 3381 2948 tibi
3426 2893 3538 2947 sint
3563 2909 3689 2963 ψιω
3709 2910 3809 2949 vo-

2209 2995 2328 3036 cem
2378 2981 2557 3051 ‘quasi
2612 2981 2928 3046 rotundam,
3003 2991 3060 3039 et
3133 2984 3452 3039 tornatilem
3531 2984 3808 3047 eﬂiciunt,

2209 3072 2425 3138 dentes,
2458 3073 2621 3140 labia,
2674 3073 2882 3139 fauces,
2908 3076 3136 3143 collum,
3172 3077 3380 3148 lingua,
3419 3076 3577 3145 junde
3628 3092 3808 3132 sonus

2200 3165 2431 3221 melicus
2480 3167 2717 3224 exsistit.
2748 3166 2831 3223 Ad
2858 3168 2974 3224 hate
3018 3178 3231 3239 pectus,
3282 3169 3489 3239 pulmo,
3542 3169 3806 3223 musculi.

2200 3259 2308 3314 Ista
2341 3275 2577 3329 namque
2611 3260 3108 3317 instrumentorum
3142 3263 3314 3316 instar
3365 3261 3609 3319 sermoni
3671 3262 3808 3317 sub-

2204 3354 2479 3411 serviunt.
2499 3356 2729 3425 Insuper
2752 3373 2944 3427 aspera
2979 3358 3185 3412 arteria
3206 3358 3441 3413 maxima
3470 3376 3483 3412 :
3514 3359 3567 3411 in
3602 3358 3806 3427 quibus

2207 3447 2470 3503 omnibus
2517 3447 2890 3504 differentiam
2941 3448 3155 3505 videbis
3208 3465 3516 3506 summam.
3567 3450 3804 3516 Quidam

2213 3547 2299 3593 est
2326 3539 2512 3610 lingua
2542 3541 2789 3596 versatili
2824 3557 2889 3596 ac
2915 3542 3172 3596 subtenui
3210 3558 3224 3595 :
3261 3542 3403 3596 alius
3427 3541 3583 3596 tarda
3607 3552 3664 3597 et
3691 3557 3806 3595 car-

2214 3646 2377 3685 nosa.
2410 3631 2570 3686 Alius
2610 3631 2808 3688 dentes
2837 3633 3097 3703 majores,
3146 3634 3291 3689 alius
3340 3635 3584 3689 minores
3642 3634 3803 3703 gerit.

2215 3722 2374 3778 Alius
2403 3732 2490 3779 est
2530 3724 2814 3789 dentatus,
2858 3725 3002 3780 alius
3042 3726 3361 3797 edeiitulus.
3394 3727 3534 3781 lluic
3560 3736 3693 3782 sunt
3723 3728 3804 3781 iii-

2218 3815 2473 3882 teriores,
2512 3816 2588 3870 illi
2620 3818 2767 3873 foras
2791 3819 3126 3889 prominent.
3156 3819 3314 3874 Alius
3335 3820 3448 3874 lato
3476 3820 3642 3885 collo,
3663 3822 3804 3874 alius

2214 3919 2471 3977 angusto.
2512 3909 2633 3964 Jam
2662 3910 3034 3981 gurgulionis,
3061 3911 3326 3974 faucium,
3360 3912 3633 3966 labioruin
3669 3928 3804 3966 con-

2213 3999 2558 4054 stitutionem
2580 4000 2785 4054 variam
2811 4015 2877 4055 ac
2900 4000 3226 4057 dissimilem
3249 4003 3375 4072 quis
3392 4001 3805 4071 consequatur?

2211 4094 2326 4153 Nec
2358 4111 2489 4150 vero
2515 4095 2568 4149 in
2603 4093 2721 4165 ipso
2749 4108 2845 4150 ore
2881 4095 3250 4165 aequalitatem
3304 4110 3522 4151 cernas.
3552 4093 3633 4149 Ex
3678 4109 3800 4148 om-

2217 4190 2370 4244 nium
2407 4190 2573 4259 igitur
2617 4188 2817 4243 horum
2848 4188 3193 4256 diversitate,
3253 4189 3422 4244 veluti
3456 4186 3648 4242 fidium
3684 4188 3803 4258 pul-

2211 4295 2333 4335 sum
2365 4286 2422 4333 et
2452 4294 2674 4344 sonum,
2726 4295 2919 4335 vocem
2963 4295 3187 4351 quoque
3250 4280 3580 4351 inaequalem
3625 4279 3800 4344 reddi,

2215 4369 2493 4439 aliamque
2521 4371 2590 4425 ab
2630 4370 2735 4424 alia
2768 4372 3103 4440 permultum
3133 4371 3341 4426 distare
3377 4372 3666 4442 contingit.
3690 4370 3803 4425 Nec

514 4466 576 4514 et
615 4474 742 4515 eum
795 4476 1051 4517 veneror.
1090 4462 1212 4518 Non
1236 4479 1376 4533 opus
1406 4465 1543 4517 mihi
1585 4473 1670 4520 est
1702 4465 1952 4536 longiore
1982 4479 2106 4518 ora—
2131 4486 2186 4545 D
2212 4478 2345 4518 vero
2392 4464 2497 4517 ista
2548 4463 2618 4517 ab
2656 4463 2860 4528 anima,
2900 4473 3160 4534 tanquam
3197 4480 3227 4518 a
3260 4480 3424 4519 causa
3455 4481 3469 4516 :
3524 4462 3622 4519 sed
3656 4480 3686 4518 a
3723 4471 3803 4517 ta-

516 4552 692 4616 tionc,
748 4569 851 4609 nec
908 4556 1163 4626 pluribus
1217 4556 1573 4621 testimoniis,
1623 4572 1748 4612 cum
1784 4558 1900 4612 haec
1955 4557 2104 4611 dicat

516 4655 866 4719 teSIeturque
901 4649 1092 4704 multis
1120 4648 1568 4719 aeqiiiparandus,
1603 4649 1860 4718 pluribus
1888 4649 2103 4703 antefe-

517 4740 728 4795 rendus
757 4741 1112 4796 Athanasius.
1155 4741 1268 4797 Nec
1322 4740 1398 4795 illi
1431 4741 1727 4811 quisquam
1780 4741 2107 4797 criminator

518 4831 669 4886 liunc
706 4833 973 4889 honorem
1006 4834 1298 4889 invidebit.

1138 4948 1366 5006 CAPUT
1408 4950 1471 5004 V.

519 5040 586 5095 In
627 5060 745 5097 vore
785 5044 1020 5096 humana
1068 5059 1280 5096 summa
1322 5043 1553 5095 varietas
1595 5060 1658 5096 ac
1709 5040 2104 5107 dissimilitudo,

590 5114 988 5184 comparatione
1024 5115 1259 5184 quadam
1293 5112 1446 5183 lyrw,
1478 5129 1574 5166 seu
1623 5114 1959 5167 instrumenti
1992 5129 2107 5166 mu-

591 5184 689 5237 sici
719 5194 843 5237 ante
871 5183 1047 5237 oculos
1071 5185 1308 5254 ponitur.

600 5297 676 5351 De
729 5308 952 5361 caetero,
1002 5312 1101 5365 age
1141 5298 1210 5353 de
1255 5306 1451 5352 natura
1509 5297 1684 5361 vocis,
1719 5307 1774 5351 et
1829 5296 2106 5366 quomodo

524 5402 630 5443 nec
658 5388 773 5459 ipsa
813 5390 1102 5460 aequaliter
1148 5390 1488 5456 hominibus,
1523 5391 1620 5446 sed
1668 5390 1793 5444 aliis
1827 5390 1931 5444 alia
1980 5390 2106 5443 data

522 5481 621 5543 sit,
678 5482 1003 5536 multimoda
1043 5491 1100 5537 et
1134 5483 1280 5537 varia
1317 5500 1330 5537 :
1361 5496 1418 5538 et
1446 5483 1515 5537 ad
1565 5483 1778 5535 varium
1811 5497 1992 5542 usuin,
2037 5480 2103 5535 ad

523 5571 890 5643 loquendum,
938 5576 1008 5631 ad
1058 5576 1418 5641 cantandum,
1476 5575 1542 5630 ad
1573 5574 1998 5637 intendendum,
2050 5582 2107 5627 ct

523 5664 943 5720 remittendum.
1728 5656 1737 5661 ’

599 5756 769 5813 Ciiio.
810 5758 869 5814 ln
898 5757 1005 5816 hoc
1030 5774 1251 5831 quoque
1292 5772 1502 5814 morem
1529 5772 1714 5828 geram
1769 5756 1887 5812 tibi.
1923 5754 1977 5811 Si
2020 5769 2108 5810 or-

2214 4555 2516 4610 bernaculo
2549 4555 2678 4619 isto,
2711 4556 2943 4625 ejusque
2979 4555 3246 4611 membris
3286 4565 3340 4610 et
3373 4555 3624 4625 partibus
3672 4571 3803 4624 peu-

2208 4647 2362 4703 dent.
2422 4646 2516 4712 Os,
2573 4648 2747 4718 lyram
2801 4646 2959 4711 dico,
3036 4646 3275 4701 chordas
3324 4647 3527 4701 iterum
3589 4646 3804 4715 appello

2207 4749 2419 4812 guttur,
2474 4738 2685 4803 fauces,
2742 4739 2970 4803 collum,
3024 4738 3294 4808 linguam,
3353 4737 3569 4801 dentes,
3613 4736 3800 4799 labra;

2209 4834 2325 4888 hinc
2348 4831 2497 4887 enim
2531 4846 2657 4886 eum
2688 4830 2760 4885 ad
2781 4831 2912 4893 alia,
2948 4839 3065 4885 tum
3096 4833 3165 4884 ad
3202 4845 3423 4893 vocem,
3474 4838 3719 4892 cantum,
3744 4835 3801 4882 et

2209 4940 2523 4982 sermonem
2573 4922 2925 4979 efliciendum
2962 4923 3345 4993 requiruntur.
3394 4922 3593 4977 Anima
3647 4937 3800 4983 vero,

2207 5019 2340 5072 etin
2375 5034 2437 5072 ea
2473 5016 2691 5070 animus
2721 5015 2856 5086 ipse,
2888 5023 2974 5070 est
2999 5015 3217 5070 artifex.
3285 5015 3398 5085 Ego
3433 5030 3601 5084 porro
3635 5013 3800 5069 etiam

2208 5127 2370 5166 nares
2403 5125 2593 5165 vocem
2616 5109 2879 5176 adjuvare
2946 5107 3122 5169 video,
3149 5107 3268 5161 sine
3316 5107 3521 5176 quibus
3563 5122 3725 5160 nemo
3767 5104 3822 5174 β.
3862 5154 3872 5164 ,

2209 5215 2263 5259 et
2298 5222 2336 5274 μ
2365 5205 2581 5258 litteras
2631 5202 2990 5271 pronuntiare
3016 5207 3216 5271 potest.
3258 5200 3580 5268 Quanquam
3614 5198 3797 5253 omnia

2207 5297 2337 5368 lyrae
2358 5306 2414 5349 et
2443 5294 2690 5356 chordis,
2728 5294 2806 5347 iiti
2837 5308 3027 5348 vocem
3084 5301 3141 5345 et
3178 5292 3332 5346 vocis
3385 5306 3584 5345 sonum
3637 5288 3798 5358 perti-

2211 5386 2493 5445 cientibiis
2529 5387 2904 5447 attribuimus,
2925 5400 3049 5440 cum
3077 5394 3259 5439 tamen
3293 5400 3402 5439 non
3429 5391 3605 5438 totum
3635 5397 3802 5452 penes

2212 5482 2302 5536 illa
2337 5481 2430 5535 sit.
2463 5478 2681 5533 Etenim
2710 5478 2815 5531 alia
2837 5477 2952 5548 lyra
2988 5493 3054 5533 ex
3075 5478 3223 5547 ligno
3252 5475 3439 5531 salicis
3466 5475 3794 5536 conficitur,

2211 5572 2315 5625 alia
2341 5586 2372 5624 e
2397 5568 2654 5632 ficulneo,
2686 5566 2790 5621 alia
2838 5582 3048 5637 querno
3094 5567 3140 5621 si
3165 5566 3336 5631 voles,
3364 5575 3421 5620 et
3452 5566 3558 5619 alia
3592 5564 3801 5619 instru-

2212 5671 2394 5716 menta
2417 5658 2625 5714 musica
2656 5657 2796 5713 forte
2825 5673 2890 5712 ev
2925 5658 3048 5712 aliis
3072 5667 3189 5711 tum
3220 5674 3286 5712 ex
3329 5655 3795 5727 astringentibus,

2212 5763 2267 5808 et
2285 5752 2461 5819 duris,
2486 5760 2601 5806 tum
2625 5765 2692 5806 ex
2713 5747 2973 5804 marcidis
3002 5757 3059 5803 et
3087 5748 3244 5825 laxis.
3272 5748 3341 5805 Et
3361 5746 3645 5821 quomodo
3671 5744 3796 5818 quis

3530 5910 3555 5931 κ
