4088 6214
291 255 400 321 83')

1778 241 2132 305 DIOPTRA.

3451 250 3566 314 834

292 368 515 425 tandem
539 380 608 420 ex
638 348 738 429 tot,
767 368 825 418 et
847 368 1042 418 natura
1072 356 1307 415 diversis
1342 354 1510 427 lignis
1534 351 1866 409 concordem
1897 355 1941 409 Α
1971 348 2095 402 dem
2155 348 2501 419 recipiantur
2529 391 2545 414 ,
2577 350 2695 405 hare
2737 358 2927 406 contra
2957 349 3300 420 rejiciantur.
3342 366 3399 411 et
3445 375 3571 429 qua

294 456 723 514 modulationem
740 452 925 508 eliciet
940 452 963 505 ?
976 451 1109 506 Nam
1130 448 1233 505 etsi
1258 461 1451 503 omnes
1467 445 1704 502 chordas
1727 444 1871 499 inter

294 566 351 603 se
366 547 606 618 atquales
623 546 838 611 faciam,
869 554 1049 599 tamen
1070 556 1259 596 earnm
1285 539 1568 595 contentio
1587 546 1643 591 et
1660 545 1871 606 tempe-

298 639 441 693 ratio
478 637 647 692 melus
679 647 737 692 et
765 651 964 691 sonum
995 634 1231 688 variant.
1266 632 1416 686 Idem
1448 631 1518 686 de
1546 645 1642 685 ore
1672 629 1777 683 isto
1800 627 1870 682 ad

296 730 545 784 eamdem
575 728 841 782 rationem
871 728 1071 798 cogita.
1102 725 1266 780 Aliud
1301 723 1530 779 alterius
1558 720 1873 793 positionis,

297 829 353 876 et
383 821 593 888 ἥκω-λιι,
627 830 689 875 et
718 836 992 876 mensurae
1022 828 1125 883 est,
1156 828 1211 873 et
1239 818 1368 872 hinc
1395 816 1600 879 anima,
1624 826 1685 869 ut
1699 814 1872 868 debe—

300 923 404 979 ret,
444 914 684 968 similem
723 928 822 982 per
877 912 931 966 id
965 927 1163 967 sonum
1219 910 1555 980 exprimere,
1596 916 1653 963 et
1681 915 1872 976 aptare

296 1007 511 1075 nequit.
544 1006 659 1061 Nec
705 1005 828 1060 ideo
858 1003 1183 1060 accusanda:
1211 1013 1340 1059 sunt
1364 1003 1583 1066 animat,
1635 1000 1730 1055 sed
1773 1013 1872 1054 ora

296 1098 505 1167 potius,
555 1108 613 1152 et
641 1097 824 1151 omnia
860 1111 1087 1166 organa,
1131 1111 1231 1164 per
1279 1110 1402 1161 quae
1453 1094 1668 1148 sonitus
1696 1090 1869 1145 venit.

297 1190 455 1256 Quod
501 1190 546 1244 si
614 1189 779 1244 etiam
817 1190 932 1242 haec
959 1188 1396 1251 subdividamus,
1442 1195 1498 1241 et
1530 1185 1693 1255 quale
1724 1182 1873 1253 quali

298 1279 355 1332 in
404 1279 490 1333 bis
518 1278 584 1332 ad
628 1293 827 1332 sonum
872 1278 1046 1343 vocis,
1087 1286 1140 1332 et
1171 1293 1368 1332 sonum
1402 1276 1667 1330 tuelicum
1698 1274 1871 1342 impe-

297 1368 544 1422 dimento
567 1368 637 1421 sit
667 1367 1040 1431 ostendamus,
1069 1376 1124 1421 et
1156 1383 1256 1422 cur
1290 1366 1379 1420 hic
1407 1365 1630 1435 quidem
1654 1364 1874 1425 blaesus,

296 1460 387 1514 ille
418 1459 616 1515 balbus
645 1459 717 1512 sit
749 1459 1068 1521 doceamus,
1101 1459 1169 1512 ad
1201 1459 1335 1512 alias
1369 1458 1590 1512 demum
1621 1463 1676 1509 et
1713 1463 1876 1510 natu-

296 1551 463 1613 rales,
487 1560 542 1605 et
570 1551 899 1605 artiliciosas
924 1551 1432 1606 demonstrationes
1459 1565 1525 1604 ex
1546 1547 1704 1603 libris
1725 1545 1879 1602 Gale-

299 1643 444 1698 nicis
481 1643 703 1713 petitas,
735 1641 1113 1707 devolvemur,
1142 1650 1197 1698 et
1230 1644 1284 1696 in
1312 1641 1710 1710 longitudinem
1761 1640 1880 1694 im-

1987 438 2361 501 conseientim,
2380 455 2501 509 qum
2527 439 2797 509 simplicis
2821 442 3171 511 cogitationis
3194 446 3567 514 perfectorum

1982 539 2087 593 est,
2122 531 2255 584 mihi
2282 531 2468 594 crede,
2502 541 2563 585 ut
2597 541 2839 601 oportet.
2903 533 3222 590 discernere
3266 552 3331 594 ac
3361 539 3569 610 dijudi-

1984 638 2134 686 care,
2167 631 2223 677 et
2267 622 2560 692 prudentia
2585 623 2888 678 valentium
2915 624 2969 677 in
3005 626 3286 693 omnibus,
3322 638 3380 682 ut
3412 630 3566 701 judi-

1985 723 2115 768 cent
2172 714 2506 774 rectissime,
2560 714 2893 784 penitusque
2943 716 3129 769 omnia
3206 714 3592 788 perspiciant.’

1995 806 2127 873 Qum
2170 815 2355 861 autem
2382 806 2807 859 admirationem
2851 816 3141 876 superant,
3173 809 3284 879 jam
3334 812 3567 867 dicenda

1984 911 2114 955 sunt
2147 917 2161 954 :
2189 899 2244 954 in
2280 899 2485 970 quibus
2522 906 2741 962 natura,
2770 908 2827 955 et
2849 900 3250 957 elementorum
3277 904 3462 960 mistio
3483 916 3571 962 est

1986 991 2255 1057 inellicax,
2295 991 2562 1047 Conditor
2592 1001 2776 1046 autem
2811 999 3022 1047 natura:
3079 993 3389 1050 rationibus
3432 998 3567 1068 agit,

1984 1083 2190 1154 quibus
2245 1082 2419 1149 novit,
2458 1091 2649 1153 utpote
2684 1083 2837 1138 solus
2894 1092 2950 1138 et
2979 1084 3245 1139 Dominus
3287 1096 3342 1140 et
3391 1089 3571 1142 ninni-

1987 1187 2201 1245 petens,
2223 1184 2279 1229 et
2296 1172 2550 1229 omnium
2581 1190 2764 1240 causa,
2789 1183 2847 1229 et
2864 1176 3111 1230 omnium
3131 1177 3568 1235 administrator.

1988 1266 2417 1336 Supergreditur
2466 1266 2611 1320 enim
2649 1275 2858 1322 natura:
2901 1266 3152 1321 ordinem
3202 1279 3256 1322 et
3305 1271 3571 1325 terminos

1980 1360 2121 1429 ejus,
2151 1374 2343 1429 mqnus
2379 1368 2437 1412 et
2477 1359 2747 1428 benignus
2781 1359 2989 1428 quibus
3022 1360 3099 1413 illi
3141 1360 3452 1430 placuerit;
3508 1371 3567 1418 et

1986 1452 2139 1506 solus
2175 1450 2538 1520 prtevalet.et
2574 1451 2760 1505 omnia
2800 1451 3028 1506 omnino
3058 1461 3261 1521 potest,
3289 1462 3347 1508 et
3387 1454 3570 1508 omnia

1986 1537 2279 1605 convertit,
2305 1539 2610 1594 etall‘ectus
2634 1539 2982 1594 turbulentos
3004 1550 3246 1607 coercet,
3264 1548 3322 1595 et
3352 1557 3571 1599 omnem

1988 1632 2239 1687 habitum
2291 1632 2550 1687 vitiosum
2625 1632 2904 1697 dissolvit,
2962 1632 3200 1702 facitque
3271 1633 3570 1699 mirabilia,

301 1749 546 1790 mensam
563 1735 1056 1798 excrescetoratio,
1075 1732 1122 1790 si
1144 1734 1326 1788 omnia
1343 1731 1877 1796 exacte,etminutim
1913 1708 1953 1762 Β
1990 1732 2217 1780 naturas
2246 1733 2544 1793 permutat,
2606 1728 2796 1778 omnia
2839 1724 2981 1793 apud
3015 1739 3210 1780 omnes
3254 1725 3372 1779 solo
3403 1726 3572 1780 verbo

299 1826 535 1881 velimus
568 1834 930 1896 pertractare.
982 1824 1145 1878 Plura
1186 1824 1354 1894 igitur
1398 1823 1741 1894 praeteriens,
1774 1822 1881 1877 hoc

293 1917 473 1972 solum
490 1917 689 1972 dicam.
709 1914 940 1986 Sapiens
965 1916 1312 1971 occasionem
1337 1927 1553 1979 nactus,
1571 1913 1878 1984 sapientior

296 2008 495 2064 evadet
511 2010 639 2076 “;et
653 2009 766 2063 sola
782 2007 1141 2078 interrogatio
1154 2008 1419 2077 sapientis
1433 2006 1660 2061 stultum
1673 2005 1880 2061 erudit.

912 2138 1140 2195 CAPUT
1178 2137 1262 2194 Π.

299 2255 529 2311 Tametsi
556 2256 712 2310 homo
740 2263 954 2326 prapter
978 2261 1450 2326 temperamentum
1477 2251 1553 2326 ad
1577 2252 1705 2326 vitia
1739 2252 1882 2326 fera-

370 2337 479 2387 tur,
504 2342 654 2396 posse
676 2322 853 2380 tamen
881 2341 991 2378 sese
1018 2322 1302 2393 corrigere,
1328 2324 1374 2376 si
1405 2322 1547 2396 velit,
1583 2322 1692 2374 Deo
1709 2325 1885 2396 opitu-

375 2393 541 2450 lante.
588 2394 764 2466 Supra
826 2406 1038 2466 natura:
1074 2409 1288 2466 cursum
1320 2403 1369 2466 et
1413 2394 1654 2466 ordinem
1703 2393 1884 2466 divina

374 2467 623 2536 quardam
646 2461 831 2535 opera.
895 2464 993 2520 Dei
1025 2462 1275 2532 beneﬁcia
1312 2461 1730 2518 desiderantibus
1760 2461 1885 2533 quid

372 2535 736 2605 prwstundum
766 2537 852 2589 sit.

372 2647 569 2702 ANIIIA.
625 2647 875 2703 Intellexi
934 2646 1126 2717 probe,
1159 2660 1282 2716 quae
1330 2644 1662 2700 disseruisti.
1709 2645 1883 2712 Quam

299 2740 449 2795 enim
499 2739 812 2793 mistionem
838 2753 1071 2808 corpora
1123 2735 1424 2791 habuerint
1455 2750 1524 2791 ex
1573 2735 1885 2811 elementis,

293 2832 453 2901 juxta
497 2830 645 2885 illam
693 2830 934 2883 animam
972 2843 1193 2898 quoque
1225 2826 1520 2899 gubernari
1557 2836 1723 2897 atque
1745 2825 1883 2896 regi.

300 2923 489 2993 ltaque
524 2938 631 2976 non
676 2922 839 2976 aliam
884 2921 1242 2976 aﬂeetionem
1275 2927 1331 2975 et
1362 2919 1661 2975 motionem
1687 2933 1885 2989 corpo-

1991 1818 2220 1873 conticit
2251 1817 2305 1871 in
2342 1817 2796 1887 generationibus
2817 1818 3234 1887 generationum
3288 1833 3461 1888 usque
3501 1818 3567 1872 ad

1984 1909 2514 1965 consummationem
2563 1909 2771 1964 saeculi.
2803 1909 2886 1963 Ad
2923 1909 3044 1963 haec
3092 1908 3262 1978 igitur
3292 1910 3572 1965 mirabilia

1986 2001 2309 2071 aperienda,
2361 2009 2416 2056 et
2444 2000 2800 2057 edisserenda
2845 2002 3068 2063 accedo,
3106 2001 3316 2071 quibus
3370 2009 3571 2057 natura

1983 2092 2102 2163 ipsa
2129 2109 2255 2148 eum
2291 2093 2488 2148 ordine
2511 2109 2576 2147 ac
2610 2093 2774 2147 modo
2799 2108 2900 2148 suo
2923 2093 3067 2148 victa
3099 2093 3419 2149 succubuit.
3450 2094 3572 2148 Mu-

1986 2185 2093 2241 lier
2135 2185 2327 2241 tandiu
2369 2186 2635 2255 concipit.
2686 2185 2933 2255 quandiu
2970 2201 3190 2241 menses
3237 2186 3570 2256 sanguinum

1984 2286 2287 2334 consuetos
2317 2278 2547 2349 patitur.
2580 2276 2685 2344 Qui
2725 2277 2820 2332 ubi
2873 2277 3159 2345 desierint,
3190 2278 3303 2333 fetu
3336 2279 3573 2348 amplius

1983 2385 2096 2426 non
2138 2370 2475 2440 gravidatur.
2537 2368 2952 2435 Verumtamen,
2990 2370 3102 2424 Deo
3159 2369 3409 2438 jubente,
3446 2370 3570 2440 plu-

1988 2463 2144 2518 rimae
2164 2462 2329 2517 etiam
2370 2473 2572 2532 praeter
2599 2473 2858 2517 naturam
2885 2472 3086 2533 gerunt
3128 2470 3344 2518 uterum
3384 2472 3440 2516 et
3474 2477 3572 2530 pa-

1989 2554 2164 2621 riunt,
2199 2564 2438 2619 anus,et
2467 2555 2706 2616 steriles.
2732 2553 2946 2609 utSara
2970 2554 3142 2620 Isaac,
3170 2563 3228 2609 et
3255 2555 3411 2609 Anna
3447 2553 3576 2609 Dei-

1992 2663 2205 2719 param,
2229 2648 2331 2704 aevi
2363 2657 2577 2703 matura
2624 2648 2925 2713 Elisabeth,
2949 2647 3082 2702 cuia
3130 2647 3304 2717 gratia
3344 2661 3568 2714 nomen,

1988 2741 2255 2797 Joannem
2283 2755 2703 2811 praecursorem.
2730 2739 3055 2809 Hujusmodi
3076 2738 3213 2794 alias
3237 2754 3346 2793 non
3367 2754 3575 2808 paucas

1992 2833 2146 2888 omni
2210 2832 2414 2888 saeculo
2472 2831 2747 2903 quispiam
2804 2831 3104 2888 invenerit.
3153 2830 3577 2887 Generationem

1994 2924 2162 2982 Verbi
2186 2940 2257 2981 ex
2290 2925 2495 2981 intacta
2521 2924 2702 2995 puella
2730 2922 2911 2979 libens
2938 2922 3137 2986 silebo.
3170 2938 3297 2977 eum
3325 2924 3394 2977 sit
3425 2922 3580 2979 inex-

304 3014 462 3069 ribus
490 3029 519 3069 a
555 3013 856 3069 Conditore
887 3012 1117 3067 inditam
1149 3012 1536 3075 eoneedemus,
1561 3025 1724 3081 quam
1766 3023 1888 3080 qua!
1915 3034 1958 3092 ο
1995 3016 2291 3088 plicabilis.
2328 3016 2517 3071 Silebo
2543 3015 2712 3071 etiam
2763 3014 3035 3087 prodigia,
3070 3014 3579 3085 miraculorumqne

302 3120 370 3159 ex
428 3121 622 3160 eorum
682 3111 1119 3175 temperamento
1157 3112 1469 3173 promanat,
1517 3110 1883 3173 naturamque

305 3211 405 3268 per
433 3210 491 3251 se
535 3211 632 3250 sua
678 3195 745 3249 ad
801 3195 964 3250 istam
1008 3194 1410 3249 elementorum
1455 3193 1890 3263 coagmentatio-

306 3304 433 3342 nem
467 3287 728 3358 dirigere,
759 3295 817 3343 et
842 3286 1281 3351 accommodare,
1315 3300 1347 3340 a
1372 3300 1479 3356 qua
1502 3285 1686 3340 omnia
1713 3284 1891 3340 dedu-

286 3392 535 3447 cuntur,
568 3391 624 3436 et
653 3378 947 3451 prudentia
974 3389 1031 3434 et
1070 3379 1273 3440 oratio.
1304 3386 1361 3432 et
1382 3392 1478 3431 seu
1533 3376 1659 3445 quis
1691 3386 1887 3429 natura

307 3472 467 3527 valde
500 3473 820 3533 iracundus,
877 3485 974 3524 seu
1005 3469 1263 3531 stolidus,
1317 3482 1413 3521 seu
1446 3465 1762 3531 inetl‘abilis,
1794 3480 1891 3519 seu

308 3564 552 3628 invidus,
610 3578 707 3617 seu
760 3559 1116 3625 libidinosus,
1150 3574 1249 3613 seu
1301 3556 1744 3620 scelestissimus,
1794 3571 1890 3612 seu

313 3653 605 3724 impudens
630 3650 803 3707 inStar
825 3651 998 3715 canis,
1032 3652 1088 3706 in
1136 3665 1395 3705 venerem
1428 3663 1656 3719 pronus,
1685 3649 1890 3715 fatuus,

311 3742 599 3805 attonitus,
632 3740 863 3806 delirus,
887 3740 1134 3806 immitis,
1159 3740 1352 3806 durus,
1377 3741 1704 3795 subamarus
1723 3740 1892 3797 animi

310 3833 403 3889 sit.
455 3833 691 3889 Rursum
729 3834 962 3889 istorum
1004 3833 1283 3889 contraria
1313 3842 1549 3896 naturae,
1584 3840 1641 3886 et
1680 3841 1893 3903 tempe-

312 3937 563 3981 ramento
593 3928 992 3981 elementorum
1016 3925 1375 3982 ascribemus.
1400 3923 1681 3994 Improbos
1707 3935 1892 3980 autem

311 4031 372 4072 et
399 4020 803 4075 consceleratos
846 4034 916 4074 an
956 4017 1025 4073 ab
1057 4017 1310 4086 improba
1366 4022 1428 4071 et
1464 4016 1663 4073 stolida
1709 4025 1894 4072 mente

318 4108 455 4161 tales
506 4123 626 4163 esse
662 4124 1022 4164 asseremus:
1082 4124 1186 4164 nec
1214 4107 1269 4162 in
1315 4107 1405 4162 his
1450 4122 1573 4178 qua:
1624 4107 1890 4174 diximus,

318 4199 991 4271 providentizejudicium,
1018 4216 1124 4255 nec
1143 4201 1543 4255 elementorum
1575 4199 1888 4254 mistionem

316 4290 701 4344 aceusabimus
740 4290 924 4345 iNum
968 4291 1133 4360 igitur
1166 4291 1223 4345 hi
1253 4291 1347 4361 qui
1397 4289 1465 4346 ad
1499 4291 1779 4347 deteriora
1815 4290 1896 4346 fe-

318 4390 536 4443 runtur,
569 4382 756 4451 pejora
780 4381 1100 4437 melioribus
1121 4392 1333 4437 mutare
1364 4385 1635 4453 possunt?

387 4468 554 4524 Cano.
586 4471 762 4524 Etiam
800 4482 1052 4541 possunt,
1080 4482 1138 4528 et
1160 4481 1379 4529 mutant
1406 4493 1420 4529 :
1454 4489 1647 4529 verum
1670 4475 1715 4528 si
1746 4490 1906 4529 mens

1987 3108 2223 3177 copiam,
2246 3122 2368 3177 qua:
2394 3122 2559 3177 supra
2582 3117 2796 3162 natura:
2826 3107 2975 3161 vires
3005 3106 3060 3160 in
3088 3110 3276 3169 mutis,
3307 3117 3363 3160 et
3391 3108 3577 3171 caecis,

1992 3209 2051 3253 et
2092 3196 2216 3252 aliis
2279 3197 2621 3255 calamitosis
2665 3197 2931 3252 Dominus
2984 3198 3103 3267 ipse
3155 3197 3577 3262 miraculorum,

1991 3287 2099 3341 viis
2128 3298 2187 3342 et
2208 3286 2388 3341 modis
2410 3287 2515 3342 sibi
2546 3286 2694 3341 notis
2723 3298 3044 3356 perpetrare
3073 3288 3386 3341 consuevit.
3422 3286 3580 3341 Sam-

1993 3392 2184 3433 senem
2218 3392 2442 3448 quoque
2466 3391 2798 3448 generosum
2851 3393 2914 3433 ac
2947 3377 3144 3432 fortem
3181 3378 3443 3433 reddidit.
3481 3378 3580 3435 Jo-

1993 3471 2126 3539 seph
2158 3485 2222 3525 ea
2252 3470 2442 3526 formae
2495 3470 2836 3540 prastantia,
2866 3484 2974 3539 qua
3010 3469 3140 3523 olim
3173 3469 3473 3532 Adamum,
3511 3469 3581 3526 il-

1992 3558 2274 3614 lustravit.
2304 3557 2581 3614 Salomoni
2607 3558 2892 3628 sapientia:
2921 3556 3200 3629 fastigium
3231 3568 3287 3613 et
3310 3560 3577 3629 amplitu-

1993 3651 2180 3706 dinem
2202 3650 2451 3706 donavit.
2503 3650 2722 3706 Graecos
2751 3650 2819 3704 ad
2853 3665 3037 3704 rerum
3073 3650 3580 3719 pulcherrimarum

1993 3743 2369 3813 cognitionem
2421 3742 2689 3807 erudivit,
2740 3753 2798 3796 ut
2847 3742 3022 3797 libros
3059 3757 3161 3797 ceu
3211 3743 3582 3799 instrumenta

1995 3834 2437 3897 conscriberent,
2473 3832 2610 3887 artis
2661 3847 2727 3887 ac
2749 3832 3036 3904 sapientia:
3059 3834 3272 3904 plenos,
3312 3851 3585 3905 gramma-

1995 3924 2138 3989 ticte,
2173 3924 2486 3988 rhetoricae,
2514 3923 2842 3986 'medicinze,
2872 3936 2929 3978 et
2959 3924 3191 3979 aliarum
3224 3924 3576 3990 facultatum,

1992 4027 2050 4072 et
2072 4025 2318 4088 augusta:
2351 4015 2738 4087 philosophiae,
2765 4016 3128 4085 omniumque
3154 4017 3447 4086 principis.
3471 4018 3580 4074 Sed

1996 4106 2129 4176 quid
2164 4121 2268 4177 ego
2301 4121 2488 4160 moror
2518 4106 2619 4161 tibi
2651 4105 2954 4175 insigniora
2983 4115 3040 4159 et
3073 4105 3301 4160 meliora
3336 4108 3584 4164 referre?

1997 4198 2056 4252 ln
2108 4198 2329 4252 tertium
2375 4198 2599 4261 caelum,
2637 4212 2671 4251 o
2719 4212 2835 4251 rem
2887 4197 3315 4253 admirandam!
3353 4200 3582 4254 Paulum

2004 4290 2187 4359 rapuit
2208 4291 2276 4342 ⁸⁸.
2323 4289 2637 4357 Philippum
2674 4288 2979 4356 improviso
3000 4288 3142 4343 Gaza
3176 4290 3492 4359 abreptum,
3526 4291 3580 4345 in

1998 4383 2230 4435 Azotum
2256 4379 2403 4435 dicto
2432 4382 2474 4435 c‘
2489 4380 2597 4434 tius
2641 4379 2952 4433 abduxit“.
2988 4379 3245 4435 llabacuc
3286 4381 3578 4436 sublimem

2001 4488 2100 4542 per
2133 4486 2263 4525 aera
2287 4471 2618 4543 Babylonem
2654 4472 2919 4541 portavit,
2947 4481 3001 4526 et
3030 4472 3366 4527 messoribus
3395 4482 3584 4543 postea

322 4562 625 4617 secundum
672 4564 940 4620 rationem
972 4564 1206 4635 judicet,
1258 4579 1448 4620 secum
1481 4565 1762 4635 agitando,
1796 4566 1907 4620 fer-
2000 4561 2194 4616 eodem
2247 4562 2336 4616 die
2391 4563 2637 4617 reStituit
2665 4562 2760 4631 '7;
2802 4564 3089 4620 Enuehum
3120 4562 3189 4629 ⁸⁸,
3240 4573 3294 4618 et
3340 4564 3584 4619 Zelotem

320 4661 626 4723 venterque
673 4654 950 4725 cupiendo
977 4656 1207 4711 meliora
1242 4664 1299 4712 et
1345 4658 1532 4712 omnia
1565 4658 1811 4721 demum,
1848 4656 1906 4711 in
2003 4653 2316 4708 Thesbitem
2340 4654 2385 4687 ”
2410 4654 2477 4709 de
2506 4662 2652 4708 terra
2677 4655 2732 4711 in
2760 4657 2960 4711 caelum
2985 4656 3301 4719 subvectus,
3316 4664 3373 4710 et
3391 4657 3585 4711 viven-

324 4745 525 4813 quibus
563 4754 758 4801 natura
800 4756 1052 4803 versatur
1087 4750 1314 4818 optime.
1370 4748 1428 4803 Si
1489 4764 1669 4813 mens,
1727 4757 1784 4802 et
1819 4748 1910 4802 illa
2011 4753 2092 4800 tes
2123 4745 2504 4815 praetermitto.
2552 4746 2612 4800 In
2645 4747 2846 4815 quibus
2876 4762 2978 4801 nec
3014 4756 3231 4812 natura,
3278 4748 3585 4803 elemento-

323 4834 430 4887 alia
484 4834 602 4890 haec
653 4835 1000 4906 iudicaverit,
1048 4848 1109 4892 nt
1161 4838 1296 4901 dixi,
1335 4837 1629 4908 adjuvante
1674 4836 1913 4905 desuper
2010 4852 2131 4891 rum
2164 4837 2371 4900 mistio,
2405 4852 2505 4892 nec
2537 4838 2684 4891 aliud
2717 4838 2895 4893 simile
2917 4840 3201 4909 quidpiam
3224 4840 3433 4895 valuit:
3464 4841 3589 4911 quis

325 4925 516 4980 divino
545 4928 774 4995 auxilio,
825 4928 1103 4985 deteriora
1159 4928 1214 4983 in
1263 4930 1516 4994 meliora,
1549 4938 1606 4984 et
1654 4928 1914 4983 facillime
2007 4930 2155 4986 enim
2186 4930 2238 4983 id
2284 4929 2472 4985 dicere
2502 4930 2738 4985 audeat?
2779 4930 2885 4985 Sed
2924 4929 3189 4996 Verbum,
3220 4931 3370 5001 quod
3400 4931 3588 4985 omnia

326 5028 746 5075 convertentur.
782 5021 863 5075 Ex
891 5021 980 5076 his
1021 5037 1143 5092 qua:
1174 5021 1586 5092 praestantiora,
1615 5030 1673 5076 et
1701 5021 1911 5088 divina,
2009 5020 2166 5084 facit,
2188 5033 2243 5073 et
2282 5020 2537 5073 immutat
2562 5024 2603 5042 “

327 5118 383 5163 et
405 5124 667 5180 superna,
696 5120 752 5167 et
778 5129 900 5183 quae
926 5130 958 5170 a
998 5113 1342 5168 daemonibus
1383 5112 1516 5180 sint,
1549 5122 1610 5169 ut
1650 5114 1745 5167 illa
1776 5113 1905 5184 qui-
2081 5110 2151 5166 Ut
2183 5110 2310 5164 inde
2337 5109 2639 5178 discamus,
2680 5118 2736 5167 et
2767 5126 3168 5183 cognoscamus
3213 5112 3503 5184 imperium
3532 5120 3590 5168 et

400 5268 636 5358 ’λιιι-ον.
666 5287 741 5337 Ix,
775 5273 830 5328 9.
908 5273 955 5305 ⁸⁵
984 5272 1027 5327 11
1067 5271 1192 5328 Cor.
1228 5286 1325 5358 xtl,
1377 5272 1433 5327 2.
1547 5272 1596 5305 ⁸⁸
1625 5272 1748 5327 Act.
1780 5286 1876 5326 vut

1990 5271 2027 5326 δ.
2139 5266 2185 5299 ⁸⁷
2223 5266 2359 5321 Dan.
2397 5281 2509 5335 ην,
2540 5269 2631 5325 32.
2749 5270 2796 5301 ⁸⁸
2831 5270 2967 5325 Gen.
3000 5285 3055 5332 v,
3079 5266 3170 5324 24.

1547 5272 1596 5305 ⁸⁸
1625 5272 1748 5327 Act.
1780 5286 1900 5339 vut,
1937 5271 2027 5327 '59.

328 5352 390 5403 ll,
419 5338 507 5394 i‘l.

2139 5266 2185 5299 ⁸⁷
2223 5265 2359 5321 Dan.
2397 5281 2509 5335 Juv,
2540 5269 2631 5325 δὲ.
2749 5270 2796 5301 ⁸⁸
2831 5270 2967 5325 Gen.
3000 5285 3055 5332 v,
3079 5266 3170 5324 24.
3284 5269 3332 5304 δ’
3356 5270 3423 5326 1V
3452 5270 3587 5339 Reg.

1795 5452 2072 5515 Scholia.

403 5583 420 5661 ς
445 5578 678 5661 Basilius
706 5596 725 5661 :_
756 5579 867 5661 {Ven
887 5578 1319 5661 .potest‘homoa
1357 5582 1635 5661 semetipso
1666 5581 1902 5661 accipere

2006 5582 2162 5636 habes
2211 5585 2350 5652 quod
2386 5600 2489 5637 non
2520 5582 2767 5647 accepisti
2814 5580 2865 5649 (1
2885 5580 3006 5637 Cor.
3045 5597 3117 5645 tv,
3152 5580 3231 5648 7)?
3267 5600 3285 5630 ι
3333 5592 3404 5645 et,
3439 5599 3456 5632 ι
3487 5580 3598 5635 θεῖ

332 5652 639 5721 quidquam,
671 5652 835 5705 nisiei
865 5652 1046 5715 datum
1071 5651 1226 5720 fuerit
1259 5652 1498 5721 desuper.
1548 5671 1565 5703 ι
1594 5651 1733 5716 Quid
1762 5652 1902 5707 cnim

2012 5654 2206 5707 donum
2224 5645 2327 5721 est,
2355 5667 2457 5707 non
2484 5668 2548 5706 ex.
2562 5645 2804 5723 operibus
2824 5645 3040 5717 nostris,
3066 5669 3129 5707 ne
3147 5645 3261 5721 quis
3278 5653 3546 5724 glorietur.
3562 5667 3584 5701 ι
