4088 6214
478 289 594 353 835

1718 264 2062 359 PlIll.lPPl
2107 260 2499 323 SOLITARII

3651 254 3748 320 ατε

477 396 917 473 magnitudinem
950 388 1236 465 potestatis
1265 386 1384 457 ejus
1410 382 1465 439 in
1495 381 1794 438 omnibus?
1824 396 1892 435 ne
1943 379 2071 446 quis
2098 380 2145 438 Λ
2178 391 2371 431 aerem
2407 373 2653 442 recipere
2680 387 2694 423 :
2738 368 2833 425 ubi
2864 376 3050 473 autem
3097 364 3304 439 aliquid
3349 370 3423 473 de
3449 369 3554 427 ista
3584 372 3748 444 pleni

478 472 627 553 dicat
658 488 834 544 lictori
861 502 981 547 suo,
1006 483 1199 557 Quarg
1206 494 1299 532 me
1329 477 1408 532 sic
1439 474 1882 545 fingis?Figulus
1910 472 2057 525 lutea

480 594 649 641 utens
696 580 1027 638 substantia,
1066 587 1165 644 per
1204 571 1445 640 figlinam
1503 568 1571 621 de
1621 581 1687 621 ea
1728 564 1882 634 lingit
1911 562 2060 633 quod

478 679 637 751 iibet,
663 670 813 727 aliud
843 668 1067 738 quidem
1100 678 1196 719 vas
1219 662 1275 716 in
1312 661 1603 723 honorem,
1640 657 1788 715 aliud
1833 658 1885 709 in
1924 670 2060 751 eou-

480 744 763 826 tumeliam
814 758 885 813 9°.
963 757 1363 813 Verumtamen
1431 749 1498 805 ad
1542 744 2056 811 demonstrandam,

480 852 803 925 sapientiam
834 858 891 904 et
915 856 1089 902 artem
1136 842 1320 897 omnia
1342 842 1384 894 ‘.
1833 851 1838 862 -

551 947 795 1014 Eloquar
841 939 989 1011 quod
1021 947 1106 993 est
1153 932 1485 993 mirabilius,
1516 939 1575 987 ut
1601 929 1840 999 amplius
1866 927 2061 982 obstu-

479 1052 694 1110 pescas.
733 1030 1122 1091 Venerandum
1160 1025 1386 1089 animal,
1445 1033 1499 1078 et
1549 1021 2063 1100 praestantissimum

482 1132 649 1184 homo
684 1139 792 1190 est,
871 1136 932 1179 ut
969 1122 1301 1185 docuimus;
1334 1134 1362 1172 a
1394 1116 1615 1173 Christo
1670 1116 1818 1170 enim
1866 1130 2066 1173 nomen

479 1219 763 1277 duximus,
820 1223 876 1268 et
926 1211 992 1266 ad
1034 1224 1260 1279 regnum
1321 1208 1589 1264 caelorum
1623 1206 1803 1259 vocati
1853 1220 2066 1261 smnus.

482 1309 625 1375 Quin
660 1305 826 1360 etiam
860 1304 1064 1356 donum
1089 1297 1238 1352 aliud
1272 1296 1447 1366 majus
1478 1294 1817 1363 accepimus.
1855 1292 1991 1348 Nam
2022 1291 2069 1345 si

483 1408 705 1469 peccata
760 1396 950 1455 animo
1002 1402 1059 1445 et
1098 1404 1330 1458 corpore
1360 1386 1598 1440 admissa
1632 1385 1975 1441 absterserit,
2011 1391 2069 1441 et

484 1502 583 1561 pro
616 1502 684 1541 eo
714 1500 779 1538 ac
817 1483 978 1539 decet
1006 1480 1201 1534 sordes
1238 1492 1368 1531 suas
1402 1475 1623 1538 eluerit,
1655 1474 1709 1527 in
1761 1472 2069 1534 laboribus,

484 1579 540 1637 in
566 1575 841 1646 religiosis
864 1568 1381 1643 exercitationibus.
1414 1568 1465 1620 in
1505 1566 1783 1637 lacrymis,
1810 1565 1863 1618 in
1895 1565 2068 1633 gemi-

487 1670 658 1728 tibus.
683 1669 882 1721 iterum
913 1665 1223 1719 divinarum
1251 1660 1677 1719 illustrationum
1702 1657 2068 1711 diversorium

2170 466 2364 527 tudine
2399 464 2703 523 defuderis.
2733 478 2829 518 seu
2857 462 3120 526 multum,
3155 477 3251 517 seu
3298 463 3753 536 modicum,‘qna.

2172 568 2336 613 tenus
2352 557 2627 627 depletur,
2651 562 2880 609 eatenus
2904 568 3000 608 aer
3023 553 3093 608 ad
3116 554 3299 610 locum
3325 570 3555 610 vacuum
3575 572 3751 624 a-qua-

2171 652 2359 714 hiliter
2382 649 2705 720 replendum
2737 663 2796 703 se
2830 647 3021 711 infert,
3060 662 3289 716 prorsus
3311 646 3508 704 iisdem
3538 647 3754 703 dimen-

2169 732 2442 804 siouibus.
2474 752 2533 797 ut
2564 742 2725 798 inane
2759 739 2815 795 in
2848 741 3017 795 rebus
3042 754 3114 794 ne
3139 737 3326 793 detur.
3386 737 3478 799 Sic
3527 738 3656 799 ista.
3688 740 3757 795 de

2173 835 2376 906 quibus
2396 845 2702 895 estsermo,
2754 832 2942 886 animo
2969 831 3224 901 concipe.
3284 830 3475 886 Utrem
3508 829 3760 885 homines

2173 929 2575 999 interpretare;
2636 943 2837 997 aquam
2885 925 3371 996 perturbationum
3423 924 3657 987 ﬂuxum,
3701 925 3760 980 in

2173 1021 2438 1076 cordibus
2464 1020 2742 1080 humanis.
2773 1019 3019 1089 inquam,
3044 1018 3283 1072 ﬂuentes
3305 1018 3555 1076 allectus.
3581 1018 3741 1085 Quan

2175 1123 2289 1168 tum
2336 1113 2504 1180 igitur
2536 1112 2604 1166 de
2641 1112 2746 1165 isto
2773 1110 2921 1167 lluxu
2957 1125 3056 1180 per
3102 1110 3395 1180 lacrymas.
3428 1125 3530 1179 per
3553 1110 3761 1173 luctus,

2173 1221 2274 1275 per
2335 1204 2616 1257 studiosas
2661 1202 2910 1258 actiones
2938 1203 3383 1257 exhauserimus.
3433 1210 3643 1257 tantum
3676 1203 3766 1257 vi-

2177 1295 2361 1350 cissim
2401 1296 2591 1365 gratim
2648 1294 2916 1348 inﬂuxum
2982 1295 3342 1365 recipiemus.
3400 1293 3556 1360 Quod
3581 1296 3626 1349 si
3663 1311 3768 1350 nos

2178 1386 2332 1443 intus
2360 1387 2544 1441 denuo
2571 1402 2680 1441 non
2717 1386 3164 1456 purgaverimus,
3199 1402 3308 1440 nou
3341 1386 3547 1456 poterit
3574 1386 3628 1440 in
3664 1401 3769 1441 nos

2179 1479 2353 1550 gratia
2385 1478 2645 1542 derivari,
2682 1479 2829 1547 quod
2861 1493 2928 1533 ex
2964 1479 3305 1547 argumentis
3336 1477 3515 1531 allatis
3545 1477 3604 1531 fit
3635 1492 3771 1546 per.

2180 1571 2455 1643 spicuum.
2486 1569 2643 1636 Quod
2670 1570 2817 1624 enim
2860 1577 3207 1639 unguentum
3257 1567 3481 1637 putrido
3515 1576 3774 1637 recepta-

2177 1662 2617 1718 culoeredatur?
2640 1662 2864 1721 Paulus.
2889 1676 2955 1715 os
2988 1660 3230 1723 Domini,
3264 1674 3483 1713 rursum
3520 1659 3770 1730 scripsit,

485 1759 688 1815 evadit.
717 1757 958 1833 Spiritus
980 1755 1141 1808 docet
1163 1752 1365 1811 omnia.
1389 1751 1446 1805 Si
1495 1750 1807 1806 illitteratus
1848 1763 2077 1818 accepe—
2112 1753 2150 1805 Β
2181 1755 2303 1810 aliis
2321 1755 2468 1809 aliud
2499 1755 2796 1819 charisma,
2823 1763 2879 1808 et
2909 1753 3116 1808 donum
3148 1769 3176 1806 a
3200 1752 3312 1806 Deo
3346 1751 3670 1815 contigisse.
3706 1751 3772 1805 In

487 1852 861 1920 rit,sapientes
879 1847 1079 1911 efﬁcit;
1105 1846 1148 1900 si
1172 1843 1766 1916 pastores,prophetas,
1790 1842 1991 1911 psaltes
2011 1855 2077 1897 ac

489 1960 646 2013 reges
683 1942 898 2007 reddit;
937 1940 1003 1995 ad
1033 1938 1426 2010 perfectionem
1457 1936 1693 1992 actionis
1737 1945 1794 1991 et
1823 1943 2076 1991 contem.

488 2038 748 2114 plationis
793 2036 1000 2091 evehit.
1028 2033 1183 2108 Quod
1214 2033 1257 2087 si
1287 2047 1508 2088 rursum
1541 2031 1813 2097 homines,
1846 2040 1908 2083 ut
1936 2030 2077 2085 dixit

489 2132 628 2202 ipse,
675 2128 1022 2192 inhabitarit,
1057 2126 1405 2197 gratiamque
1451 2139 1516 2181 ac
1567 2124 1753 2178 lumen
1814 2138 1974 2177 suum
2008 2124 2078 2177 iis

490 2221 882 2293 impertiverit,
926 2217 1140 2274 cmlesti
1192 2227 1249 2271 et
1274 2216 1461 2270 divina
1512 2215 1713 2275 exstasi
1748 2213 2076 2277 alterantur,

490 2327 550 2368 ut
599 2313 793 2368 scribit
853 2309 1157 2374 Climacus,
1219 2305 1595 2376 spiritualium
1648 2303 2078 2371 divinarumque

491 2422 674 2466 rerum
727 2402 1187 2474 sapientissimus.
1222 2398 1355 2453 Nam
1385 2399 1430 2454 si
1467 2397 1707 2467 cuipiam
1739 2396 1925 2451 divina
1953 2393 2080 2464 Spi-

494 2499 636 2555 ritus
671 2498 874 2568 gratia,
900 2504 1392 2565 quantumcunque
1423 2491 1631 2562 gratiae,
1665 2499 1727 2550 ut
1760 2489 1877 2558 ipsa
1908 2488 2076 2552 volet,

493 2592 840 2661 aspiraverit,
876 2588 931 2642 in
979 2602 1047 2641 eo
1101 2586 1371 2654 stupenda
1425 2592 1476 2638 et
1539 2582 1860 2651 opinionem
1910 2594 2073 2648 supe-

494 2684 672 2737 rantia
704 2682 862 2745 fiunt,
900 2680 956 2735 in
989 2679 1195 2755 quibus
1242 2675 1508 2740 Verbum,
1564 2684 1622 2728 et
1651 2671 1981 2741 redemptio,
2024 2678 2082 2724 et

494 2775 747 2828 liheratiu
779 2781 991 2842 patent.
1022 2771 1204 2841 Spirat
1248 2769 1452 2827 etenim
1495 2767 1721 2841 quibus,
1752 2773 1809 2822 et
1837 2763 2078 2833 quando,

494 2875 553 2919 et
608 2864 698 2917 ubi
747 2865 864 2916 Vult
891 2864 982 2927 ἐς
1022 2861 1077 2915 id
1116 2860 1262 2930 quod
1311 2857 1553 2927 secunda
1595 2855 1989 2925 disputatione,
2023 2861 2082 2906 ut

497 2965 654 3032 puto,
708 2952 1023 3025 percepisti.
1084 2950 1225 3007 Hinc
1279 2950 1564 3021 passiones
1605 2962 1799 3002 omnes
1855 2959 1978 3017 qum
2027 2945 2082 2998 in

500 3049 670 3104 corde
710 3050 894 3104 locum
930 3047 1171 3103 alienum
1235 3057 1443 3102 temere
1474 3050 1841 3116 occuparunt,
1900 3051 2085 3099 ester-

500 3141 783 3196 minantur
811 3142 872 3195 “.

571 3232 724 3286 Meus
750 3238 935 3288 autem
959 3228 1286 3300 purgatione
1317 3227 1550 3291 elevata,
1576 3225 1642 3281 ad
1673 3226 1843 3281 Deum
1893 3225 2083 3279 currit.

501 3324 622 3385 Non
681 3333 861 3377 tamen
914 3320 1209 3391 puritatem
1264 3318 1448 3381 istam,
1503 3327 1559 3372 et
1625 3316 1894 3372 beneficia
1943 3316 2086 3370 Deus

501 3415 762 3469 omnibus
785 3412 1014 3483 perinde
1041 3411 1294 3481 largitur,
1339 3410 1544 3480 quibus
1593 3408 1841 3478 largitur.
1872 3407 2087 3477 Cuique

499 3506 649 3560 enim
704 3504 1068 3574 proportione
1102 3501 1334 3572 gratiam
1379 3501 1605 3570 praebet.
1666 3516 1768 3571 pro
1822 3515 2085 3555 mensura

502 3598 867 3669 purgationis,
920 3603 977 3650 et
1006 3595 1211 3659 fructu,
1248 3610 1344 3649 seu
1405 3595 1681 3663 probitate
1711 3606 1966 3661 operum,
1999 3607 2086 3646 sc—

503 3689 745 3744 cundum
764 3688 886 3756 plus
907 3696 965 3741 et
989 3687 1196 3749 minus,
1224 3686 1529 3741 secundum
1559 3694 1770 3755 partem
1803 3694 1858 3737 et
1887 3693 2086 3743 totum.

504 3779 810 3837 sccundum
854 3775 1513 3846 captum.ctmun:!itiam
1547 3774 1691 3828 vasis
1713 3784 1769 3828 et
1791 3774 2090 3828 domtts‘".

575 3871 697 3938 Quo
726 3885 814 3924 res
846 3869 1185 3939 intelligatur
1208 3868 1432 3931 clarius,
1469 3866 1887 3923 similitudinem
1917 3865 2089 3933 subji-

506 3964 676 4017 ciam.
731 3962 1207 4027 Quemadmodum
1263 3960 1409 4013 enim
1452 3941 1592 4014 uter.
1631 3973 1794 4028 aqua,
1847 3967 1936 4013 aut
1990 3973 2086 4012 vas

509 4064 692 4116 musto
717 4055 781 4109 ad
815 4068 1090 4109 summum
1120 4053 1418 4122 marginem
1452 4052 1742 4124 repletum,
1776 4065 1883 4103 nor.
1906 4058 2087 4120 potest

505 4146 793 4218 quidpiam
845 4144 1241 4205 extrinsecum,
1289 4149 1654 4211 praeterquam
1685 4140 1940 4210 spiritum
1965 4140 2084 4196 sive

580 4287 626 4318 ⁶⁰
656 4285 761 4339 lsa.
789 4300 911 4348 xcv,
941 4285 1011 4351 9;
1044 4284 1203 4338 Rom.
1240 4299 1315 4346 ix,
1351 4282 1443 4347 ‘20,
1477 4282 1569 4343 2|.
1644 4285 1685 4317 ⁹¹
1719 4284 1875 4345 Joan.

2183 1860 2632 1915 unumquemque
2653 1859 2754 1914 pro
2795 1843 2900 1897 fide
2923 1852 2979 1898 et
3022 1841 3295 1905 moribus,
3345 1857 3471 1897 cum
3507 1855 3775 1903 mensura

2181 1943 2238 1991 et
2267 1935 2481 1989 ratione
2497 1936 2772 1990 charisma
2802 1933 3129 1997 effunditur.
3167 1933 3222 1988 ln
3259 1933 3407 1987 hunc
3444 1933 3618 2003 gratia
3648 1947 3774 1987 ser,

2184 2044 2433 2091 monum,
2463 2028 2517 2083 in
2550 2029 2720 2083 alium
2756 2028 3090 2099 prophetia,
3121 2028 3174 2081 in
3205 2028 3374 2083 alium
3419 2036 3666 2098 potestas
3694 2027 3781 2082 si-

2183 2137 2438 2190 gnorum,
2469 2121 2524 2174 in
2550 2122 2719 2176 alium
2744 2123 2919 2193 gratia
2948 2122 3322 2178 curationum.
3366 2122 3518 2177 linus
3539 2121 3775 2192 quidem

2185 2212 2422 2281 Spiritus
2466 2222 2549 2268 est
2579 2253 2594 2278 ,
2646 2229 2754 2266 non
2802 2221 2985 2270 autem
3041 2228 3200 2282 pares
3245 2214 3467 2284 gratiae.
3517 2228 3624 2267 nec
3668 2227 3785 2292 pa:

2188 2294 2277 2357 ria
2302 2303 2442 2358 dona
2479 2303 2525 2339 ”
2560 2306 2645 2329 ""
2679 2317 2694 2356 :
2733 2303 2829 2358 sed
2889 2304 3103 2363 minora
3151 2313 3207 2359 et
3256 2305 3483 2374 majora.
3518 2303 3655 2358 Nam
3719 2302 3777 2363 Si

2185 2396 2327 2450 forte
2360 2395 2710 2465 receptacula
2743 2394 3026 2450 adfuerint
3049 2395 3356 2465 ina‘quaiia,
3379 2394 3657 2464 quomodo
3690 2394 3781 2452 div

2187 2486 2313 2540 vina
2347 2501 2577 2545 munera
2638 2486 2791 2555 paria
2844 2494 2900 2541 et
2926 2486 3157 2556 aequalia
3198 2500 3323 2540 esse
3364 2485 3668 2556 poterunt?
3687 2485 3777 2541 Ad

2188 2594 2500 2632 mensuram
2533 2579 2700 2649 igitur
2729 2579 2876 2644 fidei,
2905 2588 2961 2636 et
2995 2579 3298 2649 praesertim
3343 2578 3412 2633 ad
3447 2580 3775 2643 utilitatem,

2187 2673 2350 2730 etiam
2383 2671 2622 2742 Spiritus
2649 2672 2937 2733 efﬁcientia
2965 2671 3365 2737 manifestatur,
3388 2681 3443 2727 et
3468 2671 3610 2726 bona
3643 2687 3782 2742 sup-

2189 2764 2416 2833 peditat,
2450 2773 2506 2818 et
2537 2765 2677 2819 mala
2702 2773 2971 2830 removet,
3003 2773 3386 2834 quantumque
3435 2766 3573 2830 vult,
3605 2781 3783 2835 super

2192 2857 2260 2911 iis
2281 2858 2596 2927 requiescit,
2640 2875 2804 2929 supra
2850 2870 3060 2914 naturae
3127 2862 3294 2929 leges,
3336 2867 3389 2914 et
3420 2874 3615 2914 omnes
3653 2860 3781 2915 elc-

2192 2958 2505 3008 mentorum
2537 2965 2742 3004 crases.
2765 2949 2867 3017 Qui
2899 2950 3046 3014 enim
3100 2967 3200 3021 per
3232 2965 3398 3021 opera
3450 2966 3518 3005 ex
3568 2951 3781 3008 virtute

2192 3042 2438 3110 profecta
2468 3041 2679 3111 purgati
2707 3043 2951 3096 nondum
2980 3053 3132 3104 sunt,
3170 3042 3257 3097 his
3287 3042 3356 3097 ad
3392 3044 3623 3097 meliora
3673 3059 3782 3113 pro

2115 3104 2160 3166 (ἶ
2194 3132 2530 3187 deteriorum
2561 3133 2782 3187 defluxu
2820 3134 3112 3188 inserenda
3161 3135 3518 3189 elementaria
3558 3143 3779 3204 tempe-

2194 3225 2336 3282 ratio
2368 3240 2476 3282 non
2501 3226 2801 3280 suffecerit.
2831 3228 3009 3296 Atque
3055 3227 3190 3289 haec,
3227 3234 3286 3287 ut
3328 3225 3609 3288 existimo,
3645 3227 3773 3296 tibi,

2192 3326 2458 3389 quantum
2482 3318 2617 3373 satis
2645 3327 2751 3383 est,
2788 3318 3212 3379 declaravimus.
3257 3317 3428 3373 Nobis
3478 3328 3666 3372 autem
3705 3318 3782 3377 ab

2197 3411 2359 3465 initio
2382 3411 2567 3465 divina
2600 3412 2813 3466 ratione
2846 3411 3111 3481 praeditis,
3134 3412 3300 3466 etiam
3334 3411 3467 3466 illud
3491 3423 3779 3482 agitatum,

2197 3512 2254 3558 et
2285 3512 2480 3557 natura
2508 3503 2698 3557 datum
2752 3514 2857 3566 est,
2892 3503 3148 3558 dominos
3192 3518 3315 3559 esse
3340 3520 3531 3559 eorum
3568 3520 3690 3573 quae
3717 3504 3779 3559 in

2191 3594 2408 3649 actione
2433 3606 2745 3659 versantur,
2778 3608 2837 3651 ut
2865 3597 3034 3650 libera
3069 3596 3348 3650 voluntate
3389 3596 3659 3667 praeditis,
3686 3597 3777 3650 in,

2193 3686 2603 3755 telligvntiaquc
2631 3696 2687 3742 et
2722 3686 2980 3742 facultate
3020 3689 3256 3743 actionis
3285 3688 3656 3758 pulcherrime
3686 3703 3781 3744 or-

2195 3775 2358 3828 natis.
2387 3777 2543 3841 Quod
2572 3778 2616 3831 si
2652 3778 2888 3846 improbi
2939 3778 3133 3845 simus,
3187 3781 3355 3832 etiam
3413 3779 3519 3833 hoc
3569 3789 3778 3834 nostra:

2195 3866 2495 3922 voluntatis
2517 3877 2619 3923 est.
2651 3868 2787 3922 Nam
2814 3877 2871 3923 et
2900 3869 3183 3923 voluntate
3211 3878 3267 3924 et
3301 3870 3555 3933 consilio,
3592 3885 3703 3925 non
3740 3886 3775 3925 δ

2194 3970 2411 4026 natura,
2438 3961 2583 4031 quod
2615 3962 2779 4025 absit,
2803 3964 2996 4018 vitium
3031 3964 3302 4032 procedit,
3322 3978 3453 4018 cave
3485 3979 3647 4018 secus
3677 3980 3773 4019 eo,

2193 4049 2356 4118 gites.
2397 4052 2513 4106 Non
2543 4063 2626 4108 cst
2646 4054 2912 4117 scelerum
2938 4054 3094 4125 quasi
3113 4055 3256 4119 lena,
3281 4064 3336 4109 et
3358 4071 3521 4110 causa
3543 4064 3734 4109 natura
3754 4071 3774 4110 :

2190 4141 2286 4195 sed
2308 4158 2371 4197 ea
2392 4144 2693 4209 allectio,et
2712 4145 2934 4202 habitus
2958 4147 3258 4202 voluntatis
3282 4148 3525 4218 pariunt.
3544 4146 3778 4215 "abitu;

1952 4300 2034 4349 ιιι,
2062 4282 2116 4339 8.
2190 4283 2238 4315 ⁹²
2275 4283 2445 4342 lCor.
2494 4300 2590 4351 xu,
2627 4285 2679 4350 7,
2711 4298 2866 4356 seqq.

1976 4420 2254 4482 Scholia.

580 4546 597 4565 ‘
626 4544 910 4611 Chrysost,
948 4560 961 4596 :
996 4543 1071 4598 Nc
1104 4552 1318 4613 propter
1367 4545 1724 4613 fabricationis
1776 4547 2037 4599 rationem
2061 4586 2077 4613 ,

2187 4547 2251 4627 de
2275 4549 2683 4627 strenuomilile
2711 4551 3045 4627 Pauloudicat
3073 4571 3192 4610 eum
3213 4572 3302 4610 eas
3330 4555 3597 4611 electionis
3637 4559 3774 4627 fore,

508 4632 659 4696 never
681 4624 896 4696 propter
951 4617 1311 4696 negassitatem
1361 4615 1646 4696 voluntatis
1677 4656 1691 4675 ,
1726 4616 1836 4696 sed
1866 4631 2083 4696 propter
2118 4623 2160 4678 υ
2190 4618 2704 4696 (ᾼιι1.“]κ.η15.)--Ει
2733 4624 2796 4696 in
2830 4624 2961 4681 alios
3015 4627 3221 4696 quidem
3274 4628 3432 4688 venit,
3466 4644 3529 4680 ac
3562 4615 3781 4696 manet;

511 4689 804 4741 libertatem
835 4692 885 4737 et
949 4684 1304 4755 differentiam
1371 4686 1672 4743 meonomite
1720 4686 1895 4739 ist/trra
1946 4687 2084 4739 dicta

508 4758 781 4814 arbitrere.

584 4828 620 4844 “
650 4825 881 4878 Basilius
906 4841 919 4877 :
940 4823 1054 4878 Non
1084 4833 1205 4877 sunt
1243 4824 1462 4876 tacenda
1496 4824 1586 4878 Dei
1615 4824 1884 4891 beneﬁcia,
1908 4826 2000 4885 sed
2028 4826 2088 4879 ob

510 4911 573 4948 ea
599 4897 786 4963 gratia:
804 4895 1022 4963 agenda!
1036 4909 1271 4963 semper:
1291 4894 1427 4963 quod
1452 4897 1793 4962 cupiditatem
1827 4895 2086 4956 debilitat,

510 4967 652 5020 iram
676 4967 731 5018 in
760 4965 1218 5018 mansuetudinem
1238 4965 1415 5021 vertit.
1448 4974 1672 5017 mentem
1694 4972 1948 5033 tanquam
1985 4965 2089 5019 alis

508 5036 765 5090 subvehit.
800 5036 938 5087 unde
989 5043 1037 5086 et
1062 5034 1131 5086 ad
1171 5034 1335 5087 Deum
1379 5034 1442 5087 ab
1475 5036 1552 5087 his
1597 5034 1750 5086 rebus
1794 5035 1902 5088 abit
1937 5052 1955 5088 :
1999 5052 2090 5088 nec

511 5106 631 5177 iam
669 5104 793 5159 talis
831 5105 1152 5177 secundum,
1197 5106 1289 5158 sed
1333 5121 1499 5174 supra
1530 5115 1783 5159 naturam
1812 5117 2091 5177 operatur.

516 5172 681 5240 Quem
735 5177 873 5229 enim
903 5176 996 5228 Dei
1035 5172 1256 5228 Verbum
1291 5190 1382 5243 per
1400 5172 1770 5244 purgationem
1804 5172 2090 5238 inhabitat,

511 5245 581 5317 in;
601 5259 658 5297 eo
689 5250 976 5317 puritatem
1001 5254 1349 5317 consummat,
1378 5255 1720 5315 mortemque,
1754 5245 1810 5297 id
1842 5253 1936 5309 est,
1962 5247 2094 5317 affe-

514 5316 710 5370 ctiones
740 5314 972 5378 vitiosus,
1007 5315 1217 5367 tandem
1243 5317 1451 5368 occidit.

595 5387 656 5405 '“
678 5384 951 5437 Isidorus:
981 5382 1302 5455 Quanquam
1334 5387 1471 5438 enim
1497 5386 1672 5454 gratia
1693 5393 1788 5446 est,
1808 5401 1899 5437 nec
1916 5393 2092 5437 tamen

515 5455 823 5521 simpliciter
869 5455 1022 5523 inest.
1053 5457 1144 5506 sed
1198 5471 1503 5508 mensuram
1562 5457 1625 5507 ab
1685 5455 2092 5523 adipiscentibus

513 5525 879 5595 ramqaccipit.
917 5522 1140 5595 Tantum
1166 5525 1363 5595 inﬂuit,
1409 5535 1669 5595 quantum
1708 5522 1808 5595 sibi
1848 5541 1938 5577 vas
1967 5525 2095 5591 ﬁdei

516 5592 799 5645 exltibitum
852 5594 1127 5647 invenerit.
1155 5592 1295 5647 Nam
1312 5596 1356 5646 si
1383 5592 1487 5649 non
1514 5596 1661 5663 prius
1721 5593 1955 5664 ofﬁcium
2001 5610 2094 5647 no-

517 5672 686 5733 atrum
738 5664 1114 5730 requireretur,
1169 5672 1280 5717 tota
1341 5665 1724 5733 supervolaret.
1785 5664 1921 5731 Quia
1973 5681 2093 5717 vero

521 5731 842 5786 voluntatem
869 5734 1128 5802 explorat,
1167 5734 1296 5786 adeo
1321 5731 1524 5804 quoque
1554 5736 1809 5801 abundat,
1841 5743 1895 5788 ut
1933 5736 2093 5791 etiam

2190 4688 2252 4765 ab
2290 4689 2408 4743 aliis
2438 4689 2653 4765 discedit
2680 4707 2697 4744 :
2724 4693 2779 4765 in
2807 4688 3063 4763 quosdam
3083 4713 3304 4765 prorsus
3337 4713 3440 4748 non
3464 4688 3769 4753 dimittitur;

2190 4757 2368 4834 Quare
2412 4764 2571 4814 etiam
2609 4762 2749 4830 quod
2780 4757 2863 4834 in
2895 4765 3040 4819 nobis
3076 4757 3175 4830 est,
3209 4767 3447 4820 conferre
3507 4768 3773 4834 debemus,

2189 4828 2422 4902 alioquin
2444 4846 2561 4884 eam
2591 4828 2695 4902 non
2718 4833 3087 4902 adipiscamur.

2260 4899 2343 4924 ⁹““’·
2371 4900 2638 4972 Basilius:
2664 4899 2892 4972 Spiritus
2919 4905 3128 4972 quidem
3169 4922 3303 4960 unus
3333 4914 3429 4967 est,
3450 4907 3777 4967 charismata

2190 4979 2377 5047 autem
2408 4970 2709 5047 ideo-paria
2729 4989 2831 5026 non
2851 4970 2994 5047 sunt,
3023 4977 3146 5047 quia
3173 4992 3265 5029 nec.
3291 4977 3622 5046 receptacula
3649 4977 3785 5047 Spir

2200 5040 2334 5115 ritus
2353 5040 2583 5108 a'qualia
2602 5051 2724 5094 sunt
2760 5044 2888 5115 :sed
2914 5040 3198 5099 secundum
3225 5040 3613 5115 proportionem
3649 5040 3777 5114 ﬁdei

2202 5110 2255 5160 in
2305 5125 2752 5184 unumquemque
2781 5130 2816 5166 a
2862 5113 2964 5166 fleo
3000 5114 3162 5180 dona,
3220 5110 3290 5168 ad
3318 5110 3431 5184 ejus
3480 5110 3769 5170 utilitatem

2202 5180 2563 5254 conﬁrmitur.
2602 5180 2710 5254 sive
2737 5183 2953 5254 iulium:
2984 5184 3162 5254 plura,
3214 5186 3320 5238 sive
3340 5180 3402 5238 in
3447 5186 3598 5238 illum
3640 5202 3770 5254 pau-

2204 5250 2367 5326 ciora.
2398 5248 3109 5326 Quilibet‘siquidemjuxta
3138 5257 3529 5326 proportionem
3570 5248 3698 5326 ﬁdei
3714 5256 3772 5308 in

2203 5318 2317 5394 ipso
2368 5322 2684 5394 apparentis
2727 5318 3095 5394 'operatibnem
3138 5318 3192 5381 et
3236 5318 3582 5392 efﬁcientiam
3644 5323 3785 5394 Spir

2204 5389 2333 5441 ritus
2368 5389 2609 5447 sortitur.
2647 5389 2913 5464 Quocirca
2933 5389 3503 5464 unusquisquegratiw
3550 5410 3661 5448 sum
3687 5389 3772 5450 di-

2201 5467 2490 5534 spcnsator
2508 5468 2605 5521 est,
2645 5462 2856 5534 quando
2900 5463 2953 5515 in
2986 5462 3096 5532 ipso
3127 5462 3353 5534 aﬂ‘cctio.
3381 5479 3501 5533 qua
3532 5465 3602 5516 ad
3636 5464 3769 5522 bona

2197 5527 2522 5616 s'tttclplel'ltla
2543 5527 2853 5611 requiritur,
2879 5540 2955 5616 est
2984 5527 3204 5616 limite":
3242 5550 3335 5616 nec
3364 5527 3596 5603 unquam
3639 5548 3771 5616 pru—

2192 5596 2343 5720 (rilegst'
2384 5596 2580 5667 aliquis
2616 5596 2856 5670 proximo
2885 5601 2946 5656 ob
2978 5596 3031 5656 id
3062 5604 3256 5675 insigni
3292 5613 3339 5659 et
3372 5596 3604 5661 spectato
3633 5596 3769 5665 invio

2229 5683 2255 5720 e
2291 5685 2307 5720 ι
2336 5705 2352 5720 .

2229 5683 2352 5724 σου.
