4102 6200
314 259 420 320 837

1765 251 2122 314 DIOP’I‘RA.

3489 255 3597 321 $38

317 379 504 423 autem
548 364 735 421 doceri
768 372 972 434 potest,
1017 374 1230 420 naturae
1277 364 1595 435 neutiquam
1633 364 1834 421 insitus
1868 366 1905 419 ‘.
1938 365 1984 424 Α
2014 364 2122 419 Sed
2180 365 2345 423 habet
2390 381 2614 423 causam
2670 378 3096 427 consentaneum
3148 368 3407 442 Spiritus,
3456 384 3601 439 quo-

392 460 450 515 ld
484 458 835 514 manifestum
875 466 963 512 est
991 473 1056 513 ex
1094 458 1162 512 iis
1207 474 1329 526 illia:
1371 458 1633 522 diximus,
1658 468 1715 512 et
1756 458 1911 512 diee-

318 569 468 608 mus.
504 551 738 608 Ilabitus
774 550 921 605 enim
967 565 1076 604 non
1119 558 1206 604 est
1250 551 1515 621 aequalis,
1550 551 1806 620 idemque
1853 550 1909 604 in

320 644 615 708 omnibus;
662 641 759 698 scd
796 641 940 695 alius
975 641 1029 695 in
1071 642 1232 696 aliis:
1265 641 1471 697 etenim
1518 644 1623 697 sub
1656 641 1910 711 discipli-

326 752 453 791 uam
487 735 660 791 cadit.
695 733 828 801 Quae
860 743 1044 788 autem
1081 743 1277 788 natura
1313 731 1573 789 omnibus
1602 741 1729 788 sunt
1756 748 1914 787 com-

321 828 529 891 munia,
559 842 623 883 ea
648 825 935 896 aequaliter
957 824 1280 881 hominibus
1328 825 1552 882 adsunt.
1572 824 1709 881 Cum
1734 825 1911 881 simus

320 922 487 992 igitur
524 921 813 975 voluntate
840 917 1002 973 liberi
1026 928 1084 973 et
1110 918 1345 974 rationis
1370 926 1674 988 compotes,
1702 918 1768 974 ad
1790 935 1914 990 quae

321 1014 558 1068 ferimur
611 1020 671 1067 et
721 1010 1076 1075 inclinantur,
1120 1010 1212 1065 illa
1243 1021 1371 1065 sunt
1416 1010 1641 1066 habitus
1692 1020 1907 1074 noster,

320 1105 437 1159 sive
465 1118 638 1173 opera
682 1101 846 1165 lucis,
877 1102 993 1157 sive
1042 1102 1396 1157 tenebrarum
1449 1102 1563 1157 sint
1600 1120 1613 1155 :
1647 1117 1744 1157 seu
1783 1116 1908 1157 cum

321 1196 556 1250 veritate
584 1194 745 1249 nobis
769 1194 1165 1248 commercium
1191 1202 1295 1254 est.
1321 1207 1416 1247 seu
1442 1208 1570 1248 eum
1598 1191 1911 1255 mendacio.

325 1301 423 1339 seu
457 1301 582 1340 cum
615 1284 851 1347 fallacia,
889 1300 987 1339 seu
1017 1284 1341 1355 prudentes,
1374 1299 1470 1339 seu
1499 1285 1675 1348 stulti,
1707 1297 1762 1340 et
1787 1301 1909 1340 mo-

324 1376 481 1430 ribus
520 1378 761 1446 protervi
810 1377 1008 1433 simus.
1059 1375 1241 1442 Quare
1286 1375 1330 1431 si
1390 1375 1516 1445 quis
1559 1377 1913 1447 prmstantius

324 1467 592 1521 deteriori
634 1466 962 1531 praetulerit.
993 1467 1139 1523 Deus
1182 1466 1501 1537 adoptione,
1531 1477 1588 1521 et
1623 1467 1769 1522 ﬁlius
1800 1470 1911 1523 Do-

328 1557 467 1610 mini
524 1556 616 1610 lict
654 1575 668 1609 :
702 1556 788 1611 sin
838 1556 1140 1625 pessimum
1193 1556 1446 1627 elegerit,
1483 1555 1628 1612 ﬁlius
1681 1557 1911 1613 diaboli.

325 1647 508 1702 Testis
551 1648 798 1718 locuples
846 1648 1042 1702 horum
1095 1647 1266 1702 Maria
1313 1648 1589 1720 IEgyptia,
1619 1664 1742 1719 qua:
1783 1664 1908 1706 cum

325 1739 543 1795 Satante
582 1738 925 1794 domicilium
958 1739 1113 1809 prius
1141 1751 1312 1805 esset,
1347 1750 1627 1811 postremo
1674 1741 1768 1797 Dei
1802 1742 1906 1797 ha-

324 1831 630 1885 bitaculum
663 1830 803 1886 facta
836 1840 943 1887 est.
975 1832 1174 1887 Audivi
1201 1832 1368 1888 etiam
1407 1833 1702 1903 Pelagiam,
1734 1836 1903 1890 vitam

324 1923 508 1978 Mariae
542 1938 739 1993 magna
782 1939 908 1979 cum
953 1939 1052 1979 sua
1099 1924 1273 1996 gloria
1324 1925 1593 1981 imitatum
1636 1942 1778 1982 esse.
1822 1927 1904 1983 En

325 2015 477 2070 oumi
518 2031 585 2070 ex
625 2026 780 2085 parte
813 2016 1003 2087 gratiae
1042 2016 1179 2082 vim,
1218 2017 1494 2087 quomodo
1530 2027 1812 2089 aperetur,
1849 2028 1907 2075 ct

324 2106 510 2164 luceat
563 2106 877 2162 docuimus.
922 2108 1053 2181 Quae
1098 2109 1479 2179 pmnitentiam
1512 2111 1907 2168 adhibentibus

324 2211 526 2267 pravas
558 2198 879 2255 all'ectiones
926 2199 1222 2264 exscimlit,
1255 2211 1312 2256 et
1359 2208 1552 2257 contra
1589 2200 1902 2258 divinarum

326 2306 514 2345 rerum
577 2290 979 2359 pulcherrimas
1036 2292 1161 2347 aliis
1225 2292 1441 2348 inserit.
1509 2292 1681 2349 Audis
1737 2311 1906 2366 porro

322 2380 493 2435 verba
525 2380 685 2436 Verbi
720 2381 998 2436 dicentis:
1034 2400 1054 2433 δ
1087 2382 1225 2438 Mala
1250 2385 1419 2438 arbor
1452 2400 1560 2440 non
1598 2395 1774 2455 potest
1810 2386 1911 2442 bo-

324 2488 427 2527 nos
455 2473 667 2528 fructus
696 2472 878 2528 facere
907 2475 973 2526 ”.
997 2492 1016 2525 ι
1049 2474 1232 2530 Bonos
1266 2483 1452 2530 autem
1484 2476 1667 2544 faciet,
1698 2478 1743 2533 si
1780 2478 1905 2535 fue-

325 2566 400 2620 rit
456 2568 511 2622 in
544 2566 744 2625 bonam
778 2568 1010 2625 incerta.
1068 2569 1311 2624 Rursum
1344 2569 1549 2625 Paulus
1592 2570 1659 2625 ad
1709 2570 1908 2630 Corin-

327 2659 474 2713 thios
509 2659 704 2714 scribit
750 2676 763 2713 :
803 2678 821 2709 r
870 2658 1143 2715 Animalis
1191 2660 1359 2715 homo
1419 2677 1530 2716 non
1567 2663 1803 2733 percipit
1841 2679 1908 2720 ea

324 2768 451 2819 qua:
481 2761 612 2807 sunt
651 2751 894 2820 Spiritus
923 2753 1017 2808 Dei
1049 2755 1119 2808 ".
1154 2771 1174 2805 ι
1219 2753 1315 2809 Sin
1350 2765 1534 2810 autem
1568 2772 1749 2813 mores
1785 2774 1906 2814 ntu-

328 2844 553 2909 taverit,
587 2853 642 2900 et
682 2844 977 2915 percipiet,
1009 2853 1065 2900 et
1105 2845 1335 2901 amabit.
1366 2845 1487 2906 Non
1527 2850 1675 2904 enim
1712 2848 1853 2905 dixit
1892 2867 1908 2905 :

333 2954 351 2984 σ
388 2935 506 2989 Νοη
564 2937 851 3004 percipiet,
908 2954 925 2987 ι
977 2936 1071 2992 sed
1123 2938 1325 3006 potius,
1365 2957 1384 2989 ι
1419 2937 1537 2994 Νοη
1578 2941 1844 3011 percipit;
1882 2961 1904 2995 ι

2018 456 2181 510 modo
2203 467 2486 528 operetur.
2510 467 2567 514 et
2591 459 2854 514 virtutem
2887 460 3405 532 tribuataliquando
3430 458 3598 516 etiam

2018 551 2140 606 istis
2173 560 2230 608 ut
2271 565 2675 624 persequantur
2698 554 2997 620 daemonas,
3020 564 3078 613 et
3106 556 3339 627 spiritus
3363 567 3600 625 nequam

2020 652 2083 700 ut
2110 659 2141 698 e
2161 646 2491 717 corporibus
2521 648 2815 717 expellant.

2617 781 2845 838 CAPUT
2883 782 2998 838 VII.

2015 887 2397 962 RecensenturA
2423 893 2576 946 varia
2629 896 2863 962 corporis
2905 897 3128 951 humani
3167 899 3501 956 incommoda
3550 911 3602 956 et

2085 962 2332 1041 miserint.
2361 959 2522 1031 Origo
2555 979 2619 1015 ea:
2643 959 3030 1041 constitutione;
3045 968 3349 1041 inquiritur.
3386 983 3600 1041 propter

2086 1046 2249 1110 quam
2279 1030 2343 1110 de
2377 1030 2610 1100 quatuor
2634 1036 2960 1110 humoribus,
2994 1037 3060 1089 de
3081 1030 3339 1109 principio
3370 1030 3594 1110 genera-

2089 1101 2269 1182 tionis,
2302 1102 2366 1155 de
2396 1112 2638 1184 quatuor
2686 1106 2956 1184 a'tatibus,
3005 1118 3054 1162 et
3082 1101 3424 1181 temporibus
3472 1115 3604 1168 anni

2089 1176 2293 1240 copiose
2323 1176 2471 1243 prius
2519 1176 2844 1245 disputatur.

2087 1282 2287 1336 ANIIA.
2337 1283 2521 1339 Probo
2571 1300 2900 1356 responsum
2945 1305 2959 1343 ε
3005 1289 3140 1346 satis
3198 1308 3321 1347 meo
3372 1293 3599 1364 quidem

2015 1372 2200 1428 animo
2234 1374 2336 1429 abs
2365 1383 2416 1430 te
2446 1375 2658 1432 dictum
2688 1393 2857 1448 super
2887 1380 2996 1446 bis,
3026 1398 3149 1451 quae
3184 1384 3291 1439 hoc
3322 1386 3445 1441 loco
3478 1386 3598 1457 ipsa

2018 1464 2085 1520 ad
2123 1465 2559 1536 disputationem
2599 1470 2962 1540 proposuisti.
2996 1472 3272 1539 Quorsum
3301 1484 3507 1540 autem,
3543 1485 3602 1532 et

2016 1559 2166 1614 unde
2186 1567 2578 1630 symptomata,
2598 1570 2656 1617 et
2675 1562 2910 1618 allectus
2933 1566 3290 1622 amentibus?
3316 1570 3422 1623 Aut
3446 1569 3597 1626 enim

2015 1655 2132 1712 htec
2158 1656 2450 1725 spiritibus
2483 1673 2676 1713 eorum
2710 1658 3086 1719 ascribemus.
3111 1672 3209 1717 aut
3238 1677 3267 1716 a
3296 1663 3601 1733 providen-

2018 1748 2092 1803 tia
2126 1746 2391 1816 pendent,
2432 1757 2527 1802 aut
2565 1747 2753 1817 potius
2795 1749 2864 1803 ab
2910 1750 3219 1805 elementis.
3252 1750 3598 1822 Scripturam

2018 1851 2170 1896 certe
2200 1840 2480 1895 dicentem
2504 1840 2692 1905 audio,
2718 1840 2929 1911 absque
2956 1840 3068 1896 Deo
3092 1842 3231 1897 nihil
3259 1844 3343 1898 vel
3373 1843 3600 1911 factum,

2016 1931 2103 1986 vel
2144 1931 2392 1987 futurum
2423 1947 2566 1987 esse.
2600 1932 2681 1988 Ad
2717 1932 2826 1987 hoc
2865 1930 3000 1986 mihi
3041 1933 3377 2004 respondeas
3413 1936 3601 2004 velim,

2016 2023 2179 2079 sicuti
2205 2023 2273 2078 ad
2301 2032 2499 2080 caetera
2529 2024 2884 2094 respondisti.

2087 2115 2256 2172 Cano.
2279 2117 2507 2188 Pereipe
2542 2117 2712 2189 igitur
2736 2117 3016 2188 quomodo
3044 2134 3103 2175 se
3134 2135 3224 2175 res
3248 2120 3349 2175 ista
3375 2121 3601 2184 habeat,

2016 2219 2074 2265 et
2103 2209 2255 2266 disce
2280 2211 2595 2275 veritatem,
2625 2226 2788 2281 quam
2836 2212 2983 2267 Deus
3018 2213 3180 2268 nobis
3205 2214 3600 2283 suppeditavit,

2013 2310 2070 2358 et
2104 2302 2384 2371 quomodo
2407 2304 2549 2358 alius
2585 2304 2658 2359 sit
2689 2304 2949 2368 stolidus,
2978 2306 3120 2361 alius
3168 2308 3396 2361 minime
3425 2308 3606 2363 :alius
3662 2338 3669 2345 ε

2018 2394 2342 2463 subaridus,
2373 2395 2597 2463 ﬂuidus,
2624 2406 2721 2453 aut
2745 2400 3009 2455 membris
3033 2401 3354 2459 dissolutus.
3385 2404 3451 2458 Et
3470 2419 3606 2474 quo-

2018 2488 2184 2543 modo
2213 2488 2356 2544 alius
2383 2490 2660 2556 ebriosus,
2684 2492 2828 2548 alius
2853 2501 3050 2549 natura
3076 2496 3317 2551 sobrius.
3346 2495 3448 2551 lite
3482 2497 3604 2567 qni~

2015 2578 2140 2636 (lem
2194 2580 2394 2634 mentis
2440 2596 2705 2651 compos,
2754 2581 2847 2637 hic
2897 2584 3077 2655 impos
3127 2587 3394 2643 nascitur.
3447 2589 3607 2647 Alius

2019 2670 2150 2727 inde
2182 2688 2211 2727 a
2241 2672 2545 2743 majoribus
2578 2689 2757 2730 caecus
2787 2687 2893 2735 est,
2935 2677 3077 2732 alius
3109 2680 3422 2749 perspicax,
3459 2682 3606 2738 alius

2019 2763 2306 2829 incurvus,
2333 2764 2477 2819 alius
2503 2765 2791 2836 gibbosus,
2834 2769 2979 2823 alius
3013 2770 3266 2828 claudus.
3305 2770 3479 2841 Hujus
3506 2787 3608 2843 gen

2015 2856 2169 2909 neris
2202 2857 2500 2926 permulta,
2532 2867 2589 2912 et
2620 2860 2773 2914 varia
2815 2861 3137 2918 hominibus
3167 2864 3453 2919 eveniunt.
3490 2870 3606 2920 An-

2019 2964 2151 3003 num
2202 2949 2368 3018 igitur
2409 2951 2548 3009 scito
2597 2952 3058 3023 quadripartitam
3108 2956 3602 3012 commutationem

326 3028 434 3080 hoc
459 3026 606 3082 enim
633 3026 920 3096 praesentis
942 3036 1024 3082 est
1052 3029 1477 3097 temporis,illud
1495 3032 1911 3101 futuri.Quernv
1942 3056 1983 3113 ο
2020 3040 2256 3103 habere;
2315 3057 2414 3096 ver
2460 3051 2516 3096 et.
2562 3052 2808 3104 aestatem
2857 3056 3287 3114 concurrentes;
3324 3048 3610 3104 similiter-

328 3118 629 3173 adtnodum
673 3120 719 3175 si
765 3119 891 3190 quis
928 3119 1138 3174 ferrum
1185 3121 1419 3190 ignltum
1484 3123 1729 3191 intuens,
1767 3126 1916 3181 aﬂir-

330 3211 587 3269 tnaverit.
607 3210 722 3267 Hoc
750 3228 860 3266 non
890 3220 972 3266 est
1000 3210 1278 3282 frigidum,
1308 3212 1396 3266 lict
1423 3222 1630 3280 autem,
1654 3216 1797 3273 sicut
1824 3218 1918 3273 na-

335 3315 459 3359 tura
500 3313 605 3370 est,
646 3303 931 3375 frigidum.
975 3305 1100 3360 Haec
1133 3305 1292 3371 mihi,
1334 3314 1391 3360 et
1439 3306 1508 3361 de
1558 3308 1760 3377 quibus
1803 3310 1917 3365 dixi

330 3396 637 3453 considera.
680 3397 865 3453 Gratia
906 3396 1054 3452 enim
1107 3412 1250 3467 saepe
1291 3397 1345 3451 in
1377 3397 1534 3453 malis
1564 3415 1785 3469 quoque
1825 3416 1924 3469 ap-

333 3501 512 3557 paret,
535 3497 595 3545 et
628 3488 942 3546 facultatem
973 3488 1337 3558 prophetaudi
1375 3488 1543 3544 etiam
1582 3490 1670 3545 his
1694 3490 1913 3560 inserit,

336 3581 673 3651 dispensans
724 3581 1004 3646 videlicet,
1039 3588 1203 3649 prout
1234 3579 1545 3636 conducere
1574 3583 1749 3637 novit.
1780 3582 1914 3639 Nam

334 3683 395 3729 et
442 3673 575 3729 Saul
626 3672 773 3729 inter
814 3674 1133 3744 prophetas,
1166 3682 1223 3729 et
1261 3672 1505 3739 Balaam,
1547 3682 1606 3728 et
1653 3672 1914 3744 Caiphas,

335 3766 426 3821 vel
463 3765 618 3819 inviti
650 3765 1026 3822 testimonium
1058 3766 1265 3832 ferunt,
1295 3777 1353 3821 et
1380 3766 1915 3833 Nabuchodonosor,

336 3859 558 3917 tametsi
596 3868 755 3917 erant
785 3860 1040 3914 homines
1071 3858 1284 3930 profani
1320 3859 1635 3932 nulliusque
1665 3860 1916 3932 pretii“.

409 4051 458 4084 ”
489 4051 681 4107 Matth.
713 4067 808 4119 vu,
844 4052 932 4107 18.
1007 4052 1051 4087 ’⁸
1086 4052 1103 4110 1
1133 4052 1261 4110 Cor.
1298 4067 1360 4118 ll,
1389 4055 1474 4110 14.

2019 3148 2127 3203 que
2159 3141 2487 3188 autumnum
2551 3144 2608 3190 et
2652 3136 2911 3192 hiemem.
2949 3139 3058 3193 Ver
3091 3138 3380 3196 humidum
3425 3152 3483 3197 et
3510 3159 3606 3197 ca~

2020 3224 2194 3280 lidum
2218 3235 2305 3280 est
2329 3243 2341 3277 :
2361 3226 2649 3281 hauddum
2673 3228 2894 3292 quidem
2923 3229 2994 3283 ab
3023 3230 3221 3295 hieme,
3240 3236 3327 3287 cui
3356 3236 3608 3304 proxime

2020 3316 2268 3370 succedit
2302 3316 2523 3387 (hiemis
2589 3317 2795 3386 quippe
2836 3327 3166 3385 extremum,
3208 3337 3305 3377 seu
3341 3324 3464 3378 linis
3491 3326 3604 3395 est)

2024 3406 2264 3460 calidum
2304 3406 2374 3461 ab
2410 3415 2626 3470 a-state,
2657 3409 2743 3463 cui
2777 3410 3137 3480 propinquat.
3186 3411 3393 3467 Horum
3433 3430 3574 3485 copu
3604 3458 3607 3459 ν

2023 3496 2287 3551 lationem
2343 3497 2645 3568 perpende,
2693 3508 2750 3554 et
2798 3499 3116 3556 etl‘ectorem
3175 3503 3471 3561 admirare.
3523 3507 3607 3568 Ab

2025 3603 2153 3644 aere
2196 3588 2345 3645 illico
2385 3590 2608 3645 exsistit
2646 3593 2891 3661 sanguis.
2943 3593 2987 3649 A
3042 3602 3209 3660 terra,
3253 3612 3377 3667 qua:
3409 3607 3605 3655 natura

2025 3682 2172 3737 sicca
2210 3692 2316 3745 est,
2341 3690 2460 3737 atra
2493 3683 2621 3737 bilis
2652 3699 2749 3739 seu
2783 3686 3166 3742 melancholia.
3195 3689 3279 3749 Ab
3314 3692 3439 3762 igne
3469 3692 3605 3749 ﬂava

2025 3772 2176 3840 bilis,
2201 3773 2319 3829 sive
2346 3774 2590 3835 cholera.
2622 3790 2746 3844 quae
2784 3790 2910 3831 cum
2940 3787 3131 3834 testate
3164 3789 3415 3851 augetur.
3444 3782 3605 3837 Phle~

2023 3880 2148 3935 gina
2189 3864 2428 3924 humidae
2467 3880 2735 3942 aquarum
2779 3868 3104 3927 substantia
3133 3881 3325 3941 partus
3368 3882 3473 3929 est.
3510 3871 3607 3930 llis

1809 4193 2092 4256 Schoha.

412 4344 429 4365 ⁶
462 4339 745 4415 Isidorus:
785 4338 845 4395 Si
869 4357 1121 4415 namque
1169 4356 1446 4411 possumus
1496 4339 1644 4394 mala
1691 4350 1741 4394 et
1787 4344 1919 4398 vitia
1954 4348 1997 4402 D
2028 4352 2273 4415 possunt.
2303 4342 2559 4415 quoniam
2606 4358 2725 4398 cum
2750 4343 2972 4415 ratione
3001 4355 3090 4393 eas
3119 4354 3437 4415 exercemus,
3466 4357 3609 4395 sem-

338 4414 557 4471 discere,
592 4412 775 4479 utique
809 4412 971 4463 etiam
1022 4412 1292 4466 dediscere
1340 4427 1641 4479 possumus,
1674 4428 1793 4465 cum
1824 4430 1919 4466 vo-

341 4483 630 4545 luerimus;
660 4481 1088 4551 quandoquidem
1119 4481 1265 4535 haud
1294 4479 1589 4541 naturalia,
1612 4482 1705 4533 sed
1738 4483 1924 4537 volun-

340 4554 486 4608 taria
519 4563 664 4605 sunt.
695 4551 906 4605 Natura
933 4552 1126 4622 quippe
1153 4557 1397 4622 humana
1430 4566 1525 4602 nec
1559 4551 1686 4604 vitia
1710 4561 1777 4622 et
1797 4570 1919 4621 pec-

337 4631 464 4675 cata
493 4638 595 4675 non
627 4623 862 4688 suscipit,
890 4638 983 4675 nec
1002 4620 1071 4675 ea
1087 4637 1150 4674 ex
1174 4637 1229 4675 se
1258 4621 1491 4675 continet
1516 4634 1533 4672 :
1555 4635 1733 4673 verum
1761 4620 1921 4677 libere

338 4692 441 4745 illa
463 4692 770 4756 admittens,
803 4693 975 4756 bonis,
1016 4692 1201 4762 quibus
1239 4691 1345 4760 frui
1383 4698 1613 4761 poterat,
1641 4706 1752 4744 sese
1801 4694 1912 4762 prio

340 4772 456 4817 vat.

413 4832 715 4904 Gregorius
750 4832 1109 4904 Theologns:
1155 4832 1421 4887 Virtutum
1476 4830 1599 4885 alia:
1646 4832 1924 4904 naturales

336 4910 487 4973 sunt.
520 4901 642 4955 alia:
682 4904 932 4967 morales,
969 4901 1094 4957 alia:
1119 4918 1236 4973 qua!
1262 4904 1438 4956 doceri
1479 4913 1714 4971 possunt.
1747 4901 1925 4956 Natu-

338 4972 508 5039 rales,
534 4973 747 5043 utiillaz,
774 4990 892 5043 qua:
925 4989 989 5027 ex
1017 4976 1417 5043 temperatione,
1453 4974 1561 5025 sive
1593 4973 1735 5024 crasi
1779 4974 1926 5027 nobis

339 5044 545 5115 insunt.
592 5042 747 5096 Verbi
776 5042 953 5115 gratia
975 5085 988 5107 ,
1024 5042 1174 5097 miles
1204 5059 1319 5115 cum
1352 5043 1419 5096 sit
1446 5043 1927 5115 constitutionem-

341 5112 506 5178 lidus,
533 5129 624 5185 per
654 5112 861 5168 eam'in
898 5131 1075 5185 pugna
1116 5113 1344 5185 viriliter
1391 5127 1448 5164 se
1474 5112 1608 5185 gerit
1647 5127 1666 5165 :
1697 5113 1921 5181 forsitan

341 5191 527 5236 autem
553 5183 863 5237 libidinosus
885 5181 1024 5238 idem
1058 5191 1105 5237 et
1139 5183 1364 5237 lascivus
1399 5181 1495 5235 est.
1536 5181 1761 5244 Contra,
1797 5199 1925 5237 con-

340 5254 616 5307 stitutione
648 5254 895 5322 frigidus,
937 5263 1240 5322 temperans
1286 5262 1336 5307 et
1371 5261 1548 5306 castus
1596 5261 1691 5315 est,
1723 5253 1777 5306 in
1812 5256 1925 5307 acie

344 5332 530 5376 autem
552 5322 780 5378 imbellis
807 5335 855 5378 et
880 5326 1121 5378 inaudax
1153 5326 1437 5394 reperitur.
1459 5322 1687 5377 Morales
1710 5324 1932 5394 virtutes

340 5401 492 5457 sunt,
530 5410 651 5447 cum
686 5395 931 5449 dominus
986 5393 1252 5464 quispiam
1301 5394 1626 5464 mancipium
1670 5393 1739 5446 ad
1769 5394 1931 5447 vitam

344 5467 721 5534 temperantia:
767 5478 816 5518 et
847 5466 1077 5535 justitire
1116 5464 1348 5517 deditam
1407 5463 1795 5535 assuefecerit,
1823 5479 1929 5516 non

341 5535 423 5616 ita
446 5542 508 5616 ut
529 5535 585 5616 ei
608 5534 917 5616 doctrinam
932 5535 1228 5616 quamdam
1244 5534 1609 5616 temperantia:
1626 5544 1742 5616 .a‘ut
1770 5534 1930 5616 justi-

345 5605 437 5673 tite
459 5604 675 5667 tradat,
698 5605 791 5658 sed
813 5606 859 5658 si
882 5602 957 5659 ita
980 5602 1290 5673 simpliciter
1310 5602 1482 5658 vivere
1504 5602 1637 5656 illud
1662 5602 1916 5657 docuerit.

344 5672 488 5743 Ipsa:
512 5682 690 5727 autem
715 5674 989 5728 naturales
1028 5672 1091 5727 ac
1118 5674 1343 5727 morales
1374 5675 1590 5726 virtutes
1612 5689 1723 5743 non
1753 5673 1921 5726 solent

346 5742 462 5798 esse
490 5743 651 5797 simul
670 5760 690 5809 ;
718 5753 841 5798 sunt
872 5746 1013 5799 enim
1039 5745 1295 5799 distincta:
1327 5745 1466 5797 inter
1490 5758 1563 5798 se.
1591 5742 1715 5807 Qua:
1747 5743 1921 5797 doceri

2022 4410 2117 4484 per
2125 4415 2330 4485 juncta:
2347 4413 2705 4485 reperiuntur.
2739 4410 2878 4466 Sunt
2908 4418 3163 4482 praeterea
3195 4411 3409 4485 virtutes
3432 4428 3607 4485 napi-

2030 4478 2315 4543 άτσῖτικαὶ,
2342 4478 2559 4553 quando
2591 4482 2708 4552 quis
2740 4498 2844 4536 non
2870 4478 3056 4552 sponte
3080 4478 3323 4553 et_ultro,
3350 4478 3610 4553 sedman

2026 4564 2238 4609 coactus
2260 4554 2329 4608 ad
2355 4547 2546 4607 bonum
2582 4547 2636 4605 se
2672 4547 2929 4622 applicat,
2948 4553 3087 4622 sicut
3118 4547 3338 4610 Paulus,
3357 4560 3407 4602 et
3437 4550 3601 4613 latro,

2028 4636 2077 4680 et
2106 4626 2399 4680 Manasses.
2443 4622 2709 4677 Virtutum
2744 4621 2907 4693 igitur
2936 4621 3338 4693 quatdam‘sunt
3377 4627 3609 4675 naturo~

2031 4697 2126 4758 les,
2155 4696 2401 4767 quaedam
2446 4694 2704 4767 morales.
2743 4688 2988 4767 q'ua’dam
3034 4689 3128 4744 sub
3168 4688 3468 4743 doctrinam
3520 4706 3611 4748 ca-

2028 4763 2192 4836 dunt,
2219 4765 2466 4836 quiedam
2497 4763 2566 4836 ad
2594 4778 2748 4818 casus
2771 4764 3059 4836 pertinent.

2106 4840 2142 4859 "
2171 4830 2311 4890 Nam
2339 4843 2388 4888 et
2428 4831 2560 4887 Saul
2595 4836 2734 4888 inter
2765 4830 3086 4902 prophetas?
3114 4845 3275 4902 usque
3301 4830 3453 4884 hodie
3485 4845 3612 4902 pro-

2035 4906 2205 4960 verbio
2245 4904 2638 4975 circumfertur.
2666 4899 2900 4975 quando
2949 4904 3123 4975 iratus
3168 4899 3609 4975 regi_am_stolam

2035 4976 2248 5045 abjecit,
2275 4986 2323 5029 et
2352 4968 2593 5029 manibus
2618 4968 2873 5043 plaudens
2902 4970 3143 5035 saltavit,
3168 4968 3239 5024 ac
3260 4968 3454 5023 Davidi
3481 4987 3611 5037 quo-

2034 5062 2134 5116 que
2171 5062 2391 5116 regnum
2422 5053 2497 5116 est
2531 5045 2875 5116 vaticinatus.

2106 5108 2394 5183 Prophetia
2441 5114 2674 5169 Balaam
2706 5129 2722 5167 .'
2762 5132 2780 5183 ι
2814 5112 3028 5183 Orietur
3062 5108 3219 5165 stella
3252 5109 3530 5183 ρειαί-οὺ,
3559 5117 3611 5167 et

2033 5180 2276 5257 exsurget
2311 5184 2560 5257 homo_de
2595 5182 2787 5257 Israel.
2831 5201 2850 5234 ι
2896 5181 3072 5257 (Nunt.
3110 5196 3251 5245 xxiv,
3280 5180 3390 5257 Π.)

2105 5251 2358 5324 Caiphae:
2391 5273 2409 5306 ε
2450 5254 2697 5324 Expedit,
2741 5264 2797 5306 ut
2838 5268 2974 5305 unus
3011 5252 3165 5324 homo
3210 5251 3473 5303 moriatur
3499 5266 3608 5324 Apro

2031 5320 2249 5397 populo,
2278 5336 2325 5379 et
2359 5341 2464 5397 non
2508 5320 2618 5378 tata
2647 5339 2776 5397 gens
2797 5331 2978 5397 pereat
3011 5320 3261 5397 i_(Joan_
3295 5335 3447 5397 xvm.
3490 5320 3606 5397 14.)

2107 5391 2126 5449 s
2173 5391 2663 5450 Nabuchodonosor
2728 5393 2857 5446 vidit
2918 5391 3150 5461 lapidem
3208 5391 3489 5443 abscissum
3541 5392 3609 5444 de

2029 5477 2204 5520 monte
2256 5467 2372 5520 sine
2422 5464 2685 5524 manibus,
2735 5464 2825 5532 qui
2870 5463 3126 5532 percussit
3176 5471 3409 5532 statuam
3445 5478 3607 5532 quam

2030 5545 2291 5598 erexerat,
2322 5544 2369 5588 et
2423 5530 2900 5591 comminuiteam.
2936 5550 2954 5582 ι
2997 5530 3159 5593 (Dan.
3208 5548 3267 5594 ll,
3319 5531 3433 5596 45.)
3474 5530 3608 5585 Erat

2031 5616 2208 5660 autent
2251 5607 2385 5675 lapis
2413 5607 2495 5661 hic
2534 5620 2686 5674 quem
2717 5602 2867 5661 vidit.
2905 5602 3142 5655 Christus
3172 5606 3317 5673 ipse;
3347 5601 3606 5656 quemad-

2034 5680 2246 5732 modum
2276 5676 2469 5732 Daniel
2490 5684 2683 5740 ceuset,
2705 5682 2751 5728 et
2786 5675 3185 5742 interpretatur.
