4088 6214
494 285 599 349 839

1708 279 2052 341 PlIlLlPPI
2089 278 2484 340 SOLITARII

3643 272 3779 336 διαί

494 402 661 455 etiam
693 407 933 469 quatuor
974 392 1212 451 hominis
1245 400 1436 447 anates
1478 391 1879 457 assimilantur,
1912 393 2066 463 prin-
2102 397 2145 454 Α
2177 390 2279 445 ista
2318 401 2500 459 partes
2540 387 2652 443 sint
2690 387 2843 450 anni,
2874 396 2935 442 ut
2964 387 3224 451 diximus,
3258 401 3324 440 an
3359 401 3464 441 non
3494 384 3593 442 tibi
3623 403 3755 456 pars

495 493 731 562 cipium,
782 502 1125 559 progressus,
1167 484 1322 554 vigor
1369 495 1426 539 et
1472 484 1727 554 languor,
1768 500 2067 554 puerorum

493 582 773 642 videlicet,
803 583 1092 649 juvenum,
1128 575 1400 639 virorum,
1426 576 1858 640 senescentium,
1890 586 1947 630 et
1974 576 2071 632 de-

494 672 830 741 crepitorum
865 686 879 721 :
919 669 1012 738 qui
1056 669 1260 738 gradus
1294 667 1461 722 etiam
1495 676 1731 738 quatuor
1765 670 1892 722 anni
1930 677 2070 723 tem-

492 767 721 834 poribus
750 762 1109 833 respondent.
1141 759 1247 816 Sed
1276 762 1320 815 si
1348 761 1549 830 placet,
1585 762 1685 816 ista
1718 762 1923 816 clarius
1948 778 2073 830 pcr-

492 842 813 911 t‘ractcmus.
846 854 1105 922 Phlegma
1139 869 1204 907 ex
1232 869 1375 922 aqua
1404 856 1603 914 oritur,
1640 869 1764 908 cum
1797 854 2071 907 elemento

488 948 565 1001 illi
600 948 836 1002 societas
864 954 984 1011 est;
1019 953 1136 999 atra
1172 945 1298 1001 bilis
1333 961 1399 999 ex
1434 946 1580 1000 sicca
1614 955 1758 999 terra
1784 948 2069 1013 provenit;

489 1038 624 1093 ﬂava
654 1054 720 1091 ex
762 1037 906 1107 igne,
935 1052 1059 1089 cum
1098 1036 1212 1105 ipsa
1247 1052 1469 1106 quoque
1510 1037 1578 1091 ad
1622 1037 1765 1106 ignis
1817 1046 2070 1093 naturam

488 1129 736 1184 accedat.
776 1129 880 1183 Per
930 1129 1183 1198 phlegma
1218 1128 1504 1183 hibernam
1557 1137 1937 1200 tempestatem
1985 1133 2071 1185 in-

497 1219 705 1288 telligo,
741 1234 863 1288 quae
895 1217 1122 1272 humida
1153 1227 1209 1271 et
1246 1217 1468 1288 frigida,
1496 1228 1553 1274 et
1581 1221 1756 1275 instar
1783 1222 2071 1290 cujusdam

493 1312 635 1369 senii
667 1321 770 1366 est.
814 1311 1050 1381 Sanguis
1082 1311 1260 1383 ipsum
1292 1329 1389 1367 ver
1438 1312 1610 1367 refert
1632 1331 1653 1366 ς
1680 1323 1766 1368 est
1796 1316 1942 1370 enim
1975 1316 2076 1369 hu-

498 1406 702 1469 midus,
729 1413 789 1460 et
819 1405 1057 1465 calidus.
1092 1404 1560 1475 quemadmodum
1593 1421 1890 1475 puerorum
1930 1408 2076 1464 bona

495 1501 816 1568 temperies.
885 1500 1049 1555 Flava
1113 1501 1292 1556 aestati
1364 1510 1741 1570 comparatur.
1810 1501 2075 1558 Estatem

498 1596 702 1665 quippe
730 1592 964 1648 calidam
992 1601 1050 1646 et
1075 1592 1277 1647 siccam
1309 1593 1630 1662 experimur
1675 1608 1690 1647 ε
1723 1592 1888 1648 sicuti
1922 1595 2075 1650 vito-

496 1704 619 1741 rum
656 1697 786 1742 aetas
836 1694 922 1741 est
977 1688 1221 1741 robusta.
1268 1686 1400 1740 Atra
1432 1685 1560 1740 bilis
1594 1694 1918 1743 autumnum
1947 1689 2076 1744 imi-

495 1791 647 1834 tatur
680 1797 693 1832 :
727 1789 813 1833 est
851 1779 997 1833 enim
1049 1779 1139 1833 ille
1179 1779 1361 1834 siccus
1406 1787 1460 1834 et
1502 1780 1755 1851 frigidus,
1795 1784 2076 1852 quomodo

495 1882 626 1927 tetas
649 1870 905 1939 juvenilis
940 1872 974 1923 ‘.

570 1961 756 2031 Spatia
791 1971 974 2015 autem
1026 1961 1294 2031 cujusque
1321 1962 1523 2023 aetatis.
1549 1961 1944 2033 universasque
1979 1981 2076 2020 cu-

494 2052 721 2123 juslibet
758 2052 1125 2121 proprietates
1149 2060 1206 2105 et
1231 2050 1571 2114 discrimina,
1601 2068 2071 2122 supervacaneum

498 2153 632 2213 puto
671 2158 1020 2211 percensere.
1048 2142 1354 2197 Dicendum
1390 2151 1570 2197 tamen
1605 2144 1787 2200 adhuc
1817 2146 1885 2201 de
1917 2147 2074 2216 ipsis,

498 2234 543 2289 si
572 2234 813 2289 videtur.
840 2234 918 2288 Ac
948 2234 1001 2287 in
1031 2234 1224 2303 primis
1253 2235 1476 2304 quidem
1507 2244 1563 2289 et
1584 2245 1711 2292 ante
1735 2239 1921 2292 omnia
1961 2255 2078 2292 om-

495 2325 651 2379 nium
681 2323 877 2379 artifex
914 2322 1156 2378 Verbum
1183 2325 1456 2389 divinum,
1484 2326 1777 2381 thesaurus
1807 2329 2073 2397 scicntim,

497 2425 553 2470 et
583 2416 813 2485 ahyssus
838 2415 1125 2483 sapientiae
1169 2415 1459 2485 cegitanda
1482 2424 1585 2471 est.
1614 2416 1747 2471 Inde
1779 2419 1846 2472 ad
1882 2434 2079 2476 causas

498 2508 866 2570 miseriarum,
901 2506 970 2561 de
1019 2506 1222 2575 quibus
1273 2523 1460 2576 supra,
1509 2509 1867 2567 veniendum.
1899 2510 2078 2565 Gene-

499 2610 653 2656 ratur
704 2599 885 2654 infans
924 2616 939 2654 :
979 2598 1314 2669 principium
1365 2599 1485 2669 ejus
1537 2601 1908 2669 generationis
1940 2603 2075 2659 mihi

501 2691 813 2747 considera.
854 2691 974 2745 Non
1007 2700 1067 2745 ut
1099 2707 1131 2747 e
1160 2691 1305 2746 lucta
1339 2693 1697 2763 gymnastica,
1731 2695 1935 2749 sudore
1969 2712 2078 2751 un-

500 2784 667 2851 dique
700 2797 960 2847 manans;
994 2782 1090 2837 sed
1123 2782 1178 2836 in
1207 2792 1365 2838 utero
1400 2793 1457 2838 et
1486 2783 1539 2837 in
1577 2793 1789 2848 ventre,
1829 2801 1936 2840 non
1975 2788 2079 2841 hu-

504 2887 739 2939 mectus,
759 2873 853 2929 sed
875 2874 1096 2928 humor.
1123 2874 1299 2929 Lebes
1319 2875 1385 2928 ah
1413 2875 1572 2930 initio
1600 2891 1795 2944 aquam
1821 2877 2073 2948 frigidam

502 2967 750 3036 capiens,
781 2967 1033 3021 continet
1057 2982 1200 3028 eam,
1226 2967 1471 3036 qnandiu
1497 2967 1694 3038 frigida
1732 2968 1916 3024 fuerit.
1938 2970 2074 3027 Cum

501 3066 686 3114 autem
709 3058 1004 3150 ferbuerit,
1040 3068 1096 3113 et
1124 3060 1196 3113 oh
1229 3059 1406 3129 ignem
1436 3060 1775 3130 adjacentcm
1810 3063 2077 3130 hullierit,
2109 3095 2150 3150 ε

504 3158 622 3204 ιιιιιι
670 3150 807 3203 mihi
835 3148 1075 3205 duorum
1116 3150 1520 3205 contrariorum
1571 3153 1721 3221 quasi
1774 3164 2077 3222 certamen,

504 3250 561 3297 ct
593 3241 880 3297 victoriam
917 3241 1210 3312 insignem,
1252 3251 1310 3298 et
1338 3259 1403 3298 ex
1434 3244 1737 3300 certamine
1783 3246 2077 3316 imperium

500 3332 649 3400 vide,
698 3333 978 3403 quomodo
1012 3333 1282 3390 'deterius
1333 3335 1550 3390 meliori
1598 3336 1803 3391 sensim
1853 3337 2077 3403 cedens,

502 3441 817 3496 quanquam
842 3426 1055 3488 volens,
1086 3427 1206 3482 sine
1234 3427 1361 3482 tuba
1394 3427 1586 3482 reddat
1616 3428 1859 3484 sonitum
1891 3448 1906 3484 :
1937 3439 2082 3486 stre—

502 3518 678 3587 pitum
714 3518 1021 3574 bnllitionis
1056 3519 1336 3583 videlicet,
1370 3524 1463 3589 qui
1513 3521 1644 3577 huic
1693 3523 1942 3578 victoria:
1975 3539 2079 3593 pro

506 3607 638 3660 tuba
666 3616 773 3660 est.
803 3606 1003 3662 Semen
1038 3623 1178 3676 aqua
1210 3619 1354 3671 esto,
1382 3609 1618 3673 lebetem
1667 3619 1796 3677 puta
1844 3606 2079 3666 materni

508 3696 650 3751 uteri
699 3698 876 3759 sinus,
907 3700 1313 3781 copulationem
1362 3701 1715 3771 caloremque
1758 3718 2078 3772 corporum,

508 3787 690 3856 ignem
736 3788 1126 3857 interpretare.
1158 3788 1379 3845 Lebetis
1420 3791 1585 3860 igitur
1613 3793 1866 3861 exemplo
1898 3792 2081 3849 infan-

513 3877 649 3931 tium
680 3877 910 3946 gradum
944 3877 1308 3932 ostendimus.
1342 3878 1472 3933 Inde
1499 3878 1565 3933 ad
1591 3879 1804 3935 virilem
1832 3889 2080 3939 transea-

510 3981 654 4029 mus,
679 3977 734 4019 et
768 3966 820 4019 in
841 3966 946 4020 hac
974 3982 1172 4020 novam
1211 3968 1568 4022 mutationem
1604 3968 1921 4039 videamus;
1953 3988 2079 4028 mu-

509 4057 804 4122 tationem,
839 4057 906 4111 de
937 4072 1043 4125 qua
1088 4065 1242 4110 tanto
1293 4065 1420 4112 ante
1471 4073 1697 4128 magnus
1741 4060 1934 4128 David,
1960 4080 2082 4133 quae

505 4156 590 4202 est
635 4149 791 4216 plane
837 4148 1077 4201 dexterae
1124 4147 1373 4202 Excelsi:
1416 4167 1433 4199 ι
1477 4149 1684 4206 Memor
1727 4152 1827 4218 fui,
1878 4155 2080 4227 inquit,

510 4251 736 4306 operum
780 4237 1000 4292 Domini
1025 4239 1094 4293 “.
1129 4258 1147 4290 ι
1180 4239 1322 4305 Quid
1371 4240 1538 4311 igitur
1584 4241 1714 4299 huic
1762 4250 2083 4316 proprium?

509 4329 656 4397 quod
696 4328 816 4399 ejus
847 4332 1383 4398 temperamentum?
1407 4333 1642 4401 primum
1669 4345 1753 4390 est
1783 4338 1933 4392 calor
1958 4340 2075 4409 qui-

2174 482 2346 550 partis
2390 481 2611 535 videtur
2653 490 2871 550 tempus
2919 479 3026 533 diei
3060 488 3227 548 atque
3275 477 3453 533 noctis
3485 479 3753 533 horarum

2172 577 2262 631 24.
2301 576 2607 646 Dupliciter
2641 576 2788 629 enim
2821 583 3037 645 tempus
3070 574 3295 637 dicitur,
3318 583 3374 627 et
3402 573 3456 627 in
3482 581 3664 643 parte,
3696 582 3759 628 et

2174 667 2227 720 in
2273 676 2409 722 toto.
2460 667 2690 721 Noctem
2755 675 2961 731 autem,
3011 666 3178 719 etiam
3231 665 3457 724 testatis.
3512 664 3756 719 hiemem

2172 768 2323 828 puta.
2351 758 2486 811 Tota
2516 757 2662 811 enim
2692 756 2941 820 humida,
2973 765 3030 810 et
3059 755 3255 825 frigida
3277 763 3361 810 est
3395 766 3590 810 natura
3632 771 3755 817 sua.

2177 861 2399 920 propter
2421 850 2851 920 exspirationem
2886 858 3238 913 nocturnam,
3271 858 3328 903 et
3357 865 3536 904 rorem
3573 858 3761 903 matu-

2175 944 2369 1005 tinum,
2404 949 2559 1011 cujus
2608 942 2900 1011 imaginem
2944 941 3086 1012 gerit
3130 952 3408 997 senectus.
3443 942 3549 997 Ubi
3584 942 3758 1011 igitur

2175 1034 2253 1088 sol
2302 1036 2557 1087 exoriens
2596 1043 2762 1102 caput
2810 1032 3125 1102 protulerit,
3168 1032 3523 1100 mediumque
3559 1032 3758 1112 orbem

2177 1124 2495 1179 inferiorem
2530 1125 2768 1180 lustrare
2803 1124 3036 1193 coeperit
3061 1133 3120 1177 ut
3166 1139 3401 1194 sponsus
3429 1139 3459 1178 e
3489 1124 3757 1187 thalamo,

2176 1217 2593 1286 incomparabili
2622 1217 2831 1286 specie.
2855 1227 2912 1271 et
2937 1225 2997 1270 nt
3027 1214 3209 1272 infans
3232 1233 3296 1270 ex
3317 1226 3475 1271 utero
3502 1226 3760 1270 materno

2175 1308 2538 1380 prospexerit,
2558 1317 2612 1363 et
2636 1308 2950 1362 ridentibus
2977 1307 3153 1361 oculis
3184 1317 3387 1361 terram
3415 1304 3757 1375 despexerit,

2175 1418 2275 1473 per
2302 1401 2484 1456 onmia
2518 1401 2704 1457 radios
2734 1401 2989 1456 lucillnos
3024 1400 3362 1463 diffundens,
3397 1408 3626 1468 repente
3655 1415 3764 1454 ex-

2176 1495 2406 1566 spiratio
2437 1494 2664 1549 humida
2699 1509 2826 1549 rore
2861 1500 3140 1557 manente,
3176 1501 3376 1547 cessat.
3401 1492 3535 1547 Rori
3584 1506 3763 1562 porro

2176 1589 2446 1644 admistns
2467 1599 2554 1643 est
2583 1597 2639 1643 et
2677 1589 2848 1643 calor.
2878 1587 3072 1640 Annon
3108 1586 3223 1640 haec
3271 1592 3460 1654 aperte
3484 1586 3761 1655 iuvenum

2177 1682 2344 1737 tetas?
2397 1682 2695 1751 Postquam
2746 1680 2799 1734 in
2841 1679 3082 1733 medium
3131 1678 3354 1738 coelum,
3390 1686 3649 1746 tanquam
3700 1677 3761 1730 in

2182 1784 2504 1845 prytaneum
2539 1773 2710 1836 venit,
2748 1771 2801 1825 in
2828 1771 2940 1825 alto
2973 1771 3082 1840 jam
3114 1769 3438 1832 collocatus,
3470 1769 3759 1824 hominem

2182 1867 2540 1930 laboriosum,
2565 1874 2619 1920 et
2668 1866 2866 1919 durum
2923 1870 3299 1933 repraesentat,
3337 1871 3393 1916 et
3443 1870 3503 1915 ut
3535 1861 3761 1930 proceri

2181 1959 2431 2027 corporis
2457 1957 2607 2028 gigas
2639 1957 2838 2027 aliquis
2873 1956 3125 2011 laborare
3156 1970 3268 2009 non
3292 1962 3492 2017 cessat,
3526 1967 3629 2006 nec
3659 1953 3767 2005 ad-

2183 2052 2515 2106 mirabiliter
2539 2049 2724 2103 invehi
2760 2048 2966 2104 desinit
2988 2065 3000 2101 :
3026 2047 3123 2102 sed
3152 2046 3429 2101 indefesso
3460 2045 3765 2099 continen-

2184 2142 2334 2210 tique
2357 2156 2521 2195 cursu
2549 2138 2813 2194 volvitur.
2835 2139 2948 2193 Bos
2975 2137 3198 2207 quidem
3228 2150 3325 2207 per
3345 2135 3585 2189 calorem
3606 2133 3771 2187 abla-

2185 2242 2272 2288 tus
2304 2243 2410 2288 est.
2444 2233 2512 2287 Et
2543 2232 2673 2286 hinc
2701 2242 2884 2296 testas,
2927 2245 2995 2285 ac
3025 2230 3203 2284 virilis
3244 2237 3378 2283 mtas
3418 2226 3764 2281 insinuatur.

2184 2324 2421 2385 Rursus,
2473 2322 2696 2392 quando
2755 2321 2999 2377 devexus
3046 2321 3112 2375 ad
3164 2319 3507 2375 occidentem
3556 2316 3764 2379 tendit,

2184 2416 2422 2470 calorem
2456 2416 2800 2483 relinquens,
2836 2422 2893 2468 et
2921 2412 3223 2467 siccitatem
3249 2410 3518 2473 retinens,
3548 2415 3606 2462 et
3628 2422 3767 2476 par-

2184 2514 2294 2561 tem
2328 2503 2553 2575 frigoris
2598 2504 2830 2565 habens,
2861 2501 3092 2570 earﬂque
3125 2517 3155 2555 a
3197 2509 3381 2561 nocte.
3405 2514 3547 2569 quae,
3582 2504 3645 2551 ut
3672 2496 3767 2550 di-

2182 2606 2330 2654 ctum
2355 2606 2458 2660 est,
2494 2596 2821 2652 naturaliter
2851 2595 3066 2666 frigida,
3086 2592 3311 2648 humida
3337 2599 3442 2657 est,
3472 2605 3658 2645 annon
3698 2594 3768 2641 ut

2182 2706 2348 2746 senex
2386 2690 2660 2760 quispiam
2689 2687 2902 2752 aridus,
2928 2688 3226 2754 laboreque
3261 2681 3556 2754 languidus
3591 2688 3768 2749 atque

2182 2781 2419 2842 fractus.
2447 2782 2705 2837 deorsum
2753 2781 2970 2835 videtur
2996 2792 3242 2847 praeceps
3270 2774 3538 2831 currere?
3566 2772 3770 2826 Nonne

2184 2874 2407 2929 videtur
2443 2874 2587 2929 istuc
2617 2884 2885 2927 autumno
2925 2885 3048 2926 esse
3082 2870 3286 2936 simile,
3314 2867 3553 2936 indeque
3577 2863 3768 2919 notari

2184 2983 2379 3023 senum
2417 2976 2635 3021 aetatem
2672 2979 2961 3019 exsuccam
2993 2977 3113 3017 esse
3143 2970 3200 3016 et
3232 2958 3507 3030 frigidam.

2768 3088 2995 3146 CAPUT
3035 3089 3171 3145 Vill.

2185 3186 2567 3256 Explicaturus
2611 3202 2827 3256 causam
2872 3186 3119 3238 vitiorum
3166 3183 3421 3256 corporis.
3468 3182 3576 3236 alio
3615 3181 3770 3237 abri-

2254 3253 2418 3326 pitur,
2456 3266 2503 3309 et
2527 3271 2622 3308 cur
2653 3255 2788 3308 Dens
2823 3256 3088 3326 hominem
3112 3269 3219 3326 nou
3234 3253 3544 3326 simplicem,
3574 3260 3640 3326 n_t_
3663 3269 3769 3326 un-

2253 3321 2393 3396 yelos
2432 3327 2707 3390 creaverit,
2731 3326 2898 3378 docet.
2947 3323 3148 3378 Deinde
3185 3323 3536 3377 deliramenta
3584 3321 3769 3375 Alani-

2251 3399 2516 3451 chworum
2541 3398 2852 3450 insectatur.

2252 3507 2522 3574 Quoniam
2549 3516 2735 3563 autem
2779 3506 2937 3577 quasi
2980 3505 3467 3576 quinquertionem
3519 3505 3761 3569 absolvi,

2182 3602 2238 3656 id
2281 3612 2387 3665 est,
2425 3608 2670 3670 tempora
2719 3601 2925 3665 Omnia,
2958 3610 3014 3656 et
3048 3609 3481 3671 tentperamenta
3527 3600 3757 3664 adduxi,

2182 3692 2348 3746 etiam
2381 3693 2614 3763 reliqua,
2652 3702 2713 3747 ut
2761 3692 2861 3747 tibi
2909 3694 3162 3764 promisi,
3201 3709 3495 3764 apponam.
3548 3693 3763 3760 Scopas

2182 3799 2317 3839 vero
2345 3794 2402 3840 et
2431 3785 2796 3855 propositum,
2817 3797 2901 3842 est
2928 3768 3137 3850 dicere,
3162 3787 3308 3840 unde
3332 3786 3401 3840 ab
3428 3786 3550 3855 ipso
3571 3786 3758 3840 statim

2185 3890 2345 3933 utero
2372 3878 2678 3933 infantibus
2699 3879 3015 3950 hujnsmodi
3044 3894 3205 3934 casus
3221 3894 3237 3942 ;
3256 3889 3314 3935 et
3338 3893 3556 3933 rursum
3586 3878 3760 3940 unde.

2186 3969 2448 4038 temporis
2478 3984 2789 4038 progressu,
2817 3977 3103 4039 postquam
3133 3970 3188 4023 in
3217 3970 3396 4025 lucem
3429 3978 3556 4023 sunt
3578 3969 3713 4024 editi
3738 3985 3756 4032 ;

2186 4060 2369 4116 dicere
2424 4071 2605 4116 autem
2654 4062 2893 4131 propitio
2939 4062 3202 4126 numine,
3248 4072 3412 4131 prout
3463 4063 3652 4124 vires,
3703 4073 3765 4117 et

2186 4152 2355 4206 verba
2379 4153 2555 4218 ipsum
2589 4153 3081 4221 suppeditawrint.
3120 4152 3188 4207 Et
3216 4154 3495 4223 quomodo
3529 4153 3753 4207 laudent
3830 4190 3837 4198 .

2187 4243 2352 4313 hujus
2386 4243 2607 4312 generis
2637 4242 2983 4298 incommoda
3013 4245 3119 4300 alia
3160 4245 3228 4299 ab
3260 4245 3377 4314 ipso
3413 4247 3605 4301 matris
3632 4245 3761 4299 alvo

2189 4349 2382 4404 usque,
2414 4335 2517 4389 alia
2551 4343 2673 4404 post
2717 4343 2899 4389 ortum
2938 4336 3240 4390 eveniunt?
3274 4336 3340 4392 Et
3377 4352 3627 4406 quamam
3664 4352 3764 4405 pe-

509 4418 656 4481 dam.
690 4420 893 4475 deinde
922 4422 1159 4478 siccitas.
1192 4423 1406 4493 Accipit
1431 4428 1576 4480 enim
1604 4426 1818 4482 initium
1843 4446 1909 4484 ex
1941 4447 2079 4499 pne-
2112 4427 2155 4481 υ
2187 4435 2446 4490 renuant,
2484 4441 2606 4496 qua:
2653 4426 3017 4491 curationem,
3059 4440 3122 4482 ac
3153 4428 3264 4482 cito
3303 4427 3527 4497 quidem
3558 4427 3764 4482 admit-

512 4523 699 4562 rorum
735 4520 918 4577 aetate,
961 4513 1050 4566 cui
1078 4516 1333 4583 cognatio
1366 4529 1490 4568 cum
1523 4532 1653 4572 vere
1685 4528 1789 4582 est,
1825 4536 1946 4588 qure
1973 4531 2083 4575 ter-

514 4603 699 4656 minus
755 4611 839 4656 est
895 4602 1116 4669 hiemis,
1166 4606 1325 4673 cujus
1380 4605 1504 4661 finis
1559 4619 1646 4663 est
1695 4609 1975 4674 humidus,
2023 4621 2084 4666 ut

515 4693 845 4763 principium
880 4695 1162 4765 frigidum.
1190 4697 1392 4752 Verum
1418 4712 1519 4768 ego
1555 4699 1657 4755 ista
1677 4717 1895 4771 quoque
1926 4719 2083 4771 para-

520 4786 761 4854 tligmate
801 4788 1040 4856 quodam
1074 4788 1391 4844 declarabo.
1438 4790 1689 4857 Quatuor
1729 4801 2082 4862 tempestates

512 4890 631 4930 esse
661 4877 919 4942 dicimus,
944 4889 999 4932 et
1041 4880 1265 4934 totidem
1294 4881 1588 4945 elementa,
1612 4892 1800 4937 anates
1826 4898 2080 4953 quatuor,

516 4967 741 5021 totidem
791 4969 1051 5025 videlicet
1103 4972 1493 5028 communione
1559 4975 1794 5043 quadam
1842 4977 1951 5032 illis
2000 4995 2086 5033 re-

514 5057 861 5124 spondentia.
887 5059 991 5113 Sed
1024 5060 1315 5130 quaternio
1341 5071 1426 5116 est
1454 5061 1594 5116 alius
1621 5063 1674 5117 in
1703 5075 1858 5133 parte
1893 5069 2082 5135 patris.

515 5143 956 5217 Unumquodque
984 5150 1130 5204 enim
1164 5159 1598 5221 tempus,aastas,
1621 5161 1942 5218 autumnus,
1970 5172 2083 5220 ver,

516 5232 694 5289 hiems
722 5238 948 5292 omnino
995 5254 1121 5309 pars
1163 5249 1248 5294 est
1277 5239 1428 5295 anni.
1463 5240 1599 5298 Cum
1651 5242 1814 5312 igitur
1840 5254 2085 5316 tempora

584 5350 632 5383 ⁹⁵
674 5350 871 5403 Esther
900 5366 1016 5415 χιιι,
1052 5352 1108 5409 9.
1183 5355 1229 5388 ⁸⁸
1264 5355 1405 5410 Psal.
1439 5371 1616 5421 Lxxvt,
1655 5357 1742 5410 12.

2186 4517 2348 4570 tunt?
2376 4524 2433 4571 et
2465 4532 2577 4586 quo
2621 4529 2780 4588 pacto
2809 4519 3054 4589 quaedam
3087 4532 3212 4572 cum
3260 4526 3507 4588 tempore
3550 4533 3765 4587 augen-

2186 4616 2300 4671 tur,
2326 4608 2575 4677 quzzdam
2609 4611 2765 4680 quasi
2813 4610 3187 4676 retrocedunt,
3218 4621 3276 4666 et
3318 4611 3545 4666 omnino
3578 4622 3764 4668 retro-

2184 4699 2355 4768 grada
2413 4701 2792 4755 evanescunt?
2843 4702 2906 4754 Et
2960 4701 3093 4771 quid
3150 4710 3263 4762 est.
3324 4703 3469 4772 quod
3529 4702 3763 4772 quidam

2186 4792 2517 4860 puniuntur,
2551 4793 2773 4862 quidam
2811 4797 3189 4850 coronantur?
3218 4796 3284 4850 Et
3316 4795 3596 4866 quomodo
3630 4797 3765 4864 qui-

2185 4884 2415 4939 husdam
2449 4885 2712 4941 conducit
2744 4888 3066 4942 servitutem
3099 4887 3311 4950 timere,
3340 4887 3674 4957 quibusdam
3701 4889 3758 4944 in

2184 4976 2441 5032 libertate
2480 4977 2700 5033 vivere?
2738 4977 2844 5032 Alii
2891 4979 3209 5048 capiuntur,
3235 4979 3328 5033 alii
3363 4980 3417 5032 in
3457 4979 3671 5037 honore
3703 4990 3763 5037 et

2185 5068 2353 5138 gloria
2396 5082 2545 5134 sunt,
2578 5085 2700 5124 cum
2733 5069 2857 5125 aliis
2891 5072 3054 5125 aliter
3091 5086 3149 5125 se
3190 5086 3280 5125 res
3318 5072 3500 5125 habet.
3534 5071 3759 5126 Infinita

2186 5171 2491 5214 cernuntur
2525 5162 2846 5217 discrimina
2875 5162 2931 5217 iu
2968 5162 3132 5218 rebus
3178 5163 3457 5227 humanis,
3492 5164 3761 5232 varieque

2187 5252 2637 5310 commiscentur.
2674 5255 2735 5310 In
2763 5256 2874 5311 Deo
2898 5265 2985 5311 est
3006 5264 3273 5326 potestas,
3303 5267 3361 5311 et
3394 5269 3606 5310 summa
3629 5254 3765 5324 qui-

1991 5445 2269 5508 Srholin.
2352 5510 2359 5516 ,

584 5542 600 5561 ⁴
631 5539 986 5618 communicet
1017 5546 1179 5613 igitur
1220 5548 1435 5618 magnis
1469 5564 1584 5601 cum
1615 5549 1754 5618 ﬂava
1783 5546 1886 5618 bile
1905 5548 1959 5599 in
1988 5564 2080 5601 ca-

518 5606 649 5671 lore,
672 5613 811 5679 ﬂava
837 5613 951 5666 bilis
975 5606 1092 5667 cu'm
1118 5625 1240 5668 atra
1267 5606 1580 5671 itt'siccitatc
1657 5625 1777 5670 atra
1816 5617 1932 5671 bilis
1961 5633 2078 5670 cum

516 5688 811 5750 pinei/mute
841 5685 894 5735 in
929 5685 1143 5753 frigore,
1177 5686 1420 5755 phlegma
1454 5704 1571 5739 cum
1593 5689 1849 5758 sanguine
1886 5689 1939 5741 in
1981 5688 2081 5739 hu-

2190 5547 3023 5645 more;“ita‘rsuhnmsquisqae
3061 5573 3251 5645 numer
3289 5576 3563 5645 propriam
3606 5577 3768 5616 suam

2189 5619 2498 5701 quatitatem
2548 5621 2722 5701 habet,
2775 5619 2992 5701 sanguis
3040 5619 3307 5698 calorem,
3350 5619 3467 5687 bilis
3534 5642 3765 5698 utraque

2189 5692 2496 5758 sicritatem,
2532 5692 2740 5763 plegma
2771 5692 2959 5765 frigus.
