4102 6200
323 349 426 419 εει

1774 344 2123 412 DIOPTRA.

3398 333 3587 414 ’842

326 475 455 529 dem
476 479 643 539 atque
666 464 1038 535 omnipotens.
1065 462 1248 520 Potuit
1291 463 1384 519 ille
1408 462 1646 519 animam
1670 464 1911 520 condere
1938 468 1989 530 Α
2017 465 2113 531 tia,
2161 478 2331 519 unum
2392 460 2708 536 imperium.
2761 458 2898 521 Tres
2948 458 3292 535 hypostases,
3326 463 3587 521 deitatem

328 558 637 630 simplicem
664 566 721 611 et
759 554 1182 617 subsistentem.
1214 553 1360 610 sicut
1392 556 1619 625 angelos
1656 555 1787 610 fecit
1820 555 1905 610 itt-

326 663 648 723 corporeos.
687 642 837 703 Idem
870 646 1076 717 quippe
1123 646 1431 701 animarum
1474 646 1906 717 angelorumque

327 745 630 800 fabricator
662 748 746 796 est
776 758 789 794 :
822 746 879 795 et
924 740 1164 795 condere
1205 740 1355 793 omni
1397 738 1619 794 turbida
1663 742 1907 795 motione

256 866 265 874 -
328 838 581 900 liberam,
618 831 852 905 perinde
883 839 946 886 ut
974 831 1229 887 cmlestes
1272 828 1400 886 illos
1440 832 1673 887 animos.
1708 830 1910 902 Hujus-

331 927 481 984 modi
528 934 771 993 namque
820 921 1098 978 metiones
1144 929 1603 992 corporatorum,
1632 934 1744 975 non
1786 934 1912 975 cor-

328 1034 463 1091 pore
510 1016 825 1071 vacantium
873 1020 1004 1067 sunt
1049 1011 1205 1067 :nisi
1260 1011 1385 1082 quis
1432 1010 1793 1066 intentionem
1844 1009 1913 1066 ad

327 1109 537 1180 aliquid
588 1108 751 1163 talem
800 1113 1011 1161 motum
1041 1104 1223 1169 voca,
1263 1112 1325 1159 ut
1363 1103 1419 1158 in
1466 1102 1678 1174 angelis
1716 1114 1911 1159 recens

330 1202 621 1274 productis
666 1199 896 1270 contigit
935 1214 952 1253 :
993 1204 1232 1268 quorum
1281 1194 1375 1251 alii
1448 1195 1700 1250 ordinem
1750 1208 1911 1250 suum

332 1295 777 1363 dignitatemque
856 1292 1250 1351 retinuerunt,
1300 1302 1426 1344 cum
1479 1301 1586 1358 qua
1642 1282 1917 1357 procreati

332 1393 531 1449 erant;
557 1384 647 1440 alii
684 1383 944 1454 superbia
997 1380 1195 1447 inﬂati,
1224 1391 1289 1435 ea
1320 1377 1668 1435 deciderunt.
1698 1372 1914 1433 Etenim

333 1493 463 1533 cum
512 1477 594 1532 sic
633 1485 819 1532 essent
853 1472 1131 1545 producti,
1170 1480 1230 1527 ut
1260 1470 1330 1525 ad
1373 1471 1577 1525 bonum
1603 1468 1810 1523 moveri
1840 1466 1917 1522 fa.

337 1568 542 1623 cillime
575 1576 822 1637 possent,
855 1564 959 1636 ipsi
988 1563 1056 1618 ad
1090 1563 1391 1634 pessimum
1422 1560 1635 1615 incitati
1675 1568 1824 1625 sunt,
1860 1570 1918 1612 et

339 1668 529 1712 contra
571 1656 739 1710 Deum
779 1670 838 1709 se
889 1654 1210 1717 ell'erentes,
1242 1653 1421 1722 majus
1449 1649 1708 1721 quiddam
1752 1665 1912 1720 quam

335 1765 438 1821 pro
465 1758 664 1804 natura
706 1763 807 1804 sua
833 1754 1236 1817 conceperant.
1265 1744 1388 1800 Non
1418 1756 1553 1815 ergo
1586 1741 1759 1797 creati
1789 1750 1920 1797 sunt

2016 575 2178 613 ttnam
2207 573 2553 614 veneramur.
2576 556 2697 613 Non
2736 568 2846 613 tres
2876 557 3034 623 deos,
3063 557 3159 614 sed
3191 566 3301 614 tres
3327 556 3592 630 hypoata-

2014 664 2102 704 ses
2140 648 2504 720 prmdicamus
2544 665 2559 703 :
2592 648 2766 703 Deum
2807 663 3003 712 unttm,
3038 647 3134 718 qui
3173 647 3375 703 caelum
3417 651 3473 703 in
3501 662 3593 703 or-

2016 740 2143 796 bem
2170 750 2375 804 versat,
2405 747 2462 795 et
2490 748 2693 796 terram
2716 739 2886 794 verbo
2919 738 3188 804 fundavit,
3214 738 3593 811 iumentisque

2015 841 2073 885 et
2099 831 2433 887 animalibus
2459 829 2737 886 universis
2769 829 3026 901 spiritum
3058 829 3369 900 inspiravit,
3403 838 3460 886 et
3482 831 3593 887 alia

2019 940 2088 980 ex
2112 938 2261 989 aere,
2295 924 2403 979 alia
2437 938 2505 979 ex
2529 938 2694 993 aqua,
2722 923 2828 979 alia
2850 940 2881 979 c
2910 930 3075 987 terra,
3099 923 3286 979 omnia
3322 923 3395 979 ad
3426 937 3594 995 gene-

2022 1018 2293 1072 rationem
2324 1025 2381 1071 et
2420 1016 2707 1073 interitum
2736 1017 2916 1082 ﬁnxit,
2948 1026 3006 1072 et
3036 1016 3325 1088 hucusque
3355 1025 3591 1073 tantum.

2024 1109 2202 1181 Atque
2237 1108 2368 1164 hinc
2399 1107 2668 1164 Dominus
2697 1108 3023 1183 animalium
3062 1108 3193 1165 item
3245 1118 3495 1181 apparet.
3534 1111 3595 1163 tu

2024 1217 2147 1271 qua:
2183 1201 2334 1258 enim
2380 1201 2506 1272 quis
2547 1201 2885 1268 dominatur,
2913 1201 2970 1256 in
3014 1200 3084 1256 iis
3119 1217 3220 1271 pro
3267 1201 3599 1258 auctcritate

2023 1294 2155 1364 agit.

2629 1419 2858 1479 CAPUT
2895 1416 2991 1478 IX.

2032 1541 2104 1595 De
2124 1537 2576 1613 providentia‘Dei
2597 1539 2649 1613 in
2680 1537 2888 1613 opiﬁcio
2912 1539 3116 1605 mundi,
3144 1546 3191 1593 et
3218 1552 3312 1613 cur
3334 1536 3601 1613 hominem

2199 1610 2582 1666 immutabitem
2606 1608 3063 1681 immortalemque
3085 1622 3189 1664 non
3221 1610 3419 1681 fecerit.

2097 1743 2202 1801 Sed
2250 1738 2735 1800 admirabilitatem
2772 1745 3071 1812 rationum,
3122 1745 3326 1817 quibus
3362 1747 3603 1805 mundus

340 1839 492 1905 mali,
531 1837 626 1895 sed
663 1839 792 1893 mali
839 1836 1190 1908 postmodum
1222 1838 1621 1907 apparuerunt.
1653 1831 1792 1889 Cum
1815 1831 1922 1904 igi-
1953 1831 1993 1886 Β
2023 1846 2105 1893 est
2135 1835 2335 1904 factus,
2364 1837 2664 1908 perpende.
2700 1838 2942 1892 Primum
2988 1838 3278 1896 constituit
3303 1841 3505 1896 coelum
3542 1855 3602 1896 et

340 1940 432 1986 tur
480 1931 696 1986 animas
736 1938 994 2000 tanquam
1040 1935 1258 1984 mentes
1300 1934 1582 1997 separatas
1627 1921 1932 1995 procreare

340 2033 558 2094 posset,
610 2030 809 2077 natura
859 2020 1163 2091 simplices,
1208 2018 1421 2074 ratione
1467 2027 1714 2084 ornatas,
1755 2016 1921 2071 nullis

340 2113 863 2186 perturbationibus
907 2111 1199 2178 obnoxias,
1242 2126 1355 2165 non
1390 2110 1471 2165 sic
1516 2122 1632 2174 eas,
1662 2108 1759 2165 sed
1809 2109 1921 2163 alio

344 2207 567 2262 ctmiro
619 2206 858 2275 quodam
919 2204 1084 2259 modo
1138 2202 1471 2274 procreavit,
1526 2202 1920 2270 hominemque

341 2299 566 2354 mistum
592 2298 855 2369 quiddam
885 2307 941 2352 et
970 2304 1411 2368 coagmentatum
1445 2290 1651 2359 effecit,
1688 2306 1920 2362 corpore

340 2390 605 2445 nimirum
633 2404 701 2443 ex
748 2388 1078 2444 inferiorum
1135 2401 1200 2442 ac
1240 2386 1612 2451 terrestrium,
1640 2385 1822 2440 anima
1855 2400 1921 2439 ex

342 2483 694 2553 superiorum
724 2494 790 2536 ae
835 2479 1148 2563 caelestium
1179 2478 1396 2543 ordine,
1423 2478 1627 2533 mentis
1656 2486 1712 2532 et
1740 2475 1921 2531 consi-

340 2577 403 2633 lii
434 2586 767 2647 compotem,
797 2584 855 2630 et
897 2576 1025 2639 hoc,
1060 2573 1347 2628 secundum
1379 2574 1688 2643 imaginem,
1720 2580 1779 2624 ut
1822 2584 1922 2640 po-

344 2670 575 2725 tentiam
600 2682 665 2723 ac
691 2667 1021 2738 sapientiam
1043 2678 1200 2720 suam
1225 2671 1380 2718 tanto
1403 2661 1720 2718 evidentius
1744 2668 1923 2714 osten-

346 2761 523 2825 deret,
543 2768 650 2831 qua
675 2760 836 2814 aliam
862 2757 1066 2822 adhuc,
1087 2763 1147 2810 et
1174 2768 1374 2810 novam
1393 2762 1706 2809 creaturam
1733 2765 1923 2807 creare

348 2862 550 2925 potest.
579 2854 710 2905 Nam
752 2851 798 2905 si
826 2859 883 2904 et
924 2849 1094 2911 hunc,
1125 2846 1405 2901 hominem
1437 2855 1591 2915 puta,
1618 2842 1921 2914 simplicem

350 2950 723 3017 procreasset,
772 2941 1093 3012 angelorum
1137 2947 1353 2993 tantum
1399 2945 1723 3007 procreatur
1770 2933 1924 2989 visus

350 3038 568 3091 fuisset.
611 3034 829 3090 Etenim
863 3032 1087 3104 quidam
1133 3047 1301 3103 prave
1347 3030 1716 3101 opinantium,
1752 3030 1922 3084 alium

347 3128 641 3188 honorum,
677 3125 844 3179 alium
875 3125 1143 3178 malorum
1198 3138 1319 3177 esse
1359 3132 1637 3177 auctorem
1673 3121 1925 3176 condito-

349 3233 577 3289 remque
624 3217 989 3272 arbitrantur.
1023 3215 1136 3270 Nec
1167 3223 1387 3289 putant,
1418 3223 1479 3268 ut
1524 3212 1776 3269 homines
1806 3224 1919 3267 sto-

345 3311 468 3377 lidi,
493 3318 778 3382 peccatum
809 3323 920 3362 non
949 3321 1071 3361 esse
1099 3304 1487 3372 substantiam,
1516 3316 1619 3359 nec
1641 3302 1909 3358 extrinse-

346 3418 467 3459 cam
494 3416 599 3457 nec
637 3402 993 3456 intriusccatn
1045 3417 1058 3452 :
1097 3396 1192 3453 sed
1245 3397 1491 3452 melioris
1525 3397 1913 3467 privationem,

347 3496 496 3551 sicut
531 3494 770 3550 tenebrae
803 3507 871 3548 ex
905 3492 1031 3561 fuga
1065 3491 1206 3544 lucis
1236 3487 1530 3553 exsistunt,
1562 3496 1618 3541 et
1657 3503 1762 3541 nox
1796 3496 1919 3557 post

347 3597 604 3637 occasum
656 3580 885 3651 Hesperi
924 3579 1191 3649 emergit,
1242 3580 1300 3632 et
1358 3576 1596 3631 vicissim
1660 3574 1916 3630 Lucifero

349 3671 760 3742 resplettdcnte,
825 3671 944 3740 ipsa
990 3669 1278 3739 repellitur
1325 3677 1379 3723 et
1429 3668 1586 3738 fugit.
1630 3666 1701 3725 Ut
1750 3668 1918 3738 igitur

349 3764 625 3818 honorum
669 3761 917 3815 omnium
945 3761 1102 3831 origo
1131 3770 1188 3816 et
1213 3761 1490 3831 cognitor,
1534 3759 1797 3814 radicitus
1822 3776 1919 3813 ex-

349 3854 605 3924 stirpavit
628 3868 851 3924 germen
879 3853 1163 3923 nequitia,
1190 3866 1353 3922 quam
1406 3861 1595 3921 aperte
1625 3851 1921 3921 appellavit

348 3946 616 4001 Dominus
645 3946 904 4009 domum,
937 3956 1100 4016 quam
1138 3945 1289 3999 venti
1332 3943 1493 3998 simul
1541 3940 1736 3997 ﬂantes
1771 3942 1919 3995 auris

350 4037 576 4102 divinis,
600 4044 657 4092 ct
690 4044 964 4092 torrentes
988 4035 1294 4092 circumﬂui
1325 4052 1388 4090 ex
1417 4034 1566 4088 fonte
1595 4049 1624 4087 a
1654 4033 1766 4087 Deo
1801 4048 1921 4087 sca-

353 4138 504 4186 tente
535 4130 837 4201 improviso
865 4131 1160 4193 irruentes,
1179 4129 1246 4182 ad
1268 4137 1467 4182 terram
1482 4124 1919 4180 detraxerunt".

350 4222 459 4279 Sed
499 4238 639 4293 quos
671 4221 891 4277 ﬁnxerit
941 4221 1385 4291 improbissimus
1430 4217 1712 4280 seductor,
1753 4214 1919 4269 edite.

350 4315 634 4379 Amentes,
655 4313 817 4369 deliri
844 4321 901 4368 et
943 4311 1195 4367 moribus
1220 4307 1582 4364 vitiosissimi.
1604 4307 1716 4361 Cur
1742 4314 1922 4359 tantas

348 4416 526 4479 nugas
553 4408 672 4462 ausi
723 4406 860 4463 estis
908 4406 1139 4478 nugari?
1182 4404 1262 4459 Ad
1311 4401 1473 4457 ﬁnem
1523 4400 1822 4472 geminum,
1872 4407 1927 4453 et

2023 1941 2251 1997 terram,
2285 1939 2342 1986 et
2395 1946 2518 2001 qum
2562 1944 2757 1986 eorum
2787 1929 3000 1985 ambitu
3046 1931 3424 1986 continentur.
3469 1932 3599 1987 Ele-

2024 2032 2209 2077 menta
2242 2022 2410 2078 simul
2443 2022 2694 2085 omnino,
2749 2022 2901 2077 nulla
2945 2036 3013 2077 ex
3068 2021 3299 2076 materia
3328 2021 3599 2078 condidit.

2022 2114 2262 2185 Angelos
2288 2113 2644 2186 cegitatione,
2687 2120 2750 2168 ut
2783 2112 3132 2179 exsisterent,
3172 2114 3326 2169 fecit.
3370 2112 3602 2180 Quanta:

2025 2206 2167 2262 istuc
2233 2206 2524 2277 potentiae!
2591 2205 2875 2261 Thronum
2933 2206 3262 2275 praeparavit
3312 2222 3326 2260 :
3393 2205 3599 2261 etenim

2025 2299 2209 2354 throni
2248 2298 2516 2354 Dominus
2553 2306 2658 2365 est,
2710 2314 2821 2353 non
2861 2298 3084 2368 penitus
3134 2297 3347 2353 honore
3378 2298 3599 2367 aequali,

2022 2389 2120 2445 sed
2172 2390 2555 2444 tantummodo
2609 2388 2976 2455 adorandum,
3037 2396 3099 2444 ut
3151 2388 3507 2453 honoratum,
3541 2396 3605 2443 ut

2022 2481 2346 2552 gloriosum,
2395 2490 2619 2551 propter
2672 2480 3028 2547 insidentem,
3077 2490 3135 2536 et
3177 2481 3233 2535 in
3272 2495 3343 2536 eo
3386 2480 3604 2551 requie-

2024 2579 2290 2635 scentem,
2322 2586 2486 2641 quem
2517 2571 2702 2626 omnia
2733 2572 2929 2625 timent
2962 2585 3026 2625 ac
3058 2578 3323 2625 tremunt.
3359 2569 3597 2625 Creatu-

2026 2679 2098 2717 rae
2116 2663 2310 2734 primae
2341 2671 2471 2718 sunt
2493 2664 2632 2727 istae,
2663 2678 2801 2734 quas
2821 2662 2944 2718 aliae
2971 2672 3406 2732 consequuntur.
3441 2663 3602 2717 Στοι-

2023 2750 2145 2827 χεῖα
2210 2773 2342 2813 vero
2389 2758 2662 2814 elementa
2724 2758 3007 2821 dicuntur,
3078 2756 3294 2813 ratione
3359 2756 3599 2819 ordinis.

2027 2849 2329 2904 secundum
2383 2864 2549 2918 quem
2596 2849 2927 2905 universitas
2968 2849 3264 2904 ordinatim
3311 2859 3398 2905 est
3451 2864 3603 2905 com-

2028 2943 2225 3013 posita,
2253 2949 2392 2997 nutu
2417 2941 2751 2998 Conditoris.
2776 2942 2918 3010 Quid
2951 2943 3100 2998 enim
3131 2943 3270 2998 citra
3301 2943 3601 3015 providem-

2028 3036 2158 3089 tiam
2218 3034 2368 3091 illius
2418 3033 2651 3102 factum,
2683 3034 2906 3105 quaeso?
2955 3034 3174 3091 Etenim
3214 3044 3277 3090 ut
3326 3035 3601 3107 quispiam

2028 3136 2305 3182 mercator
2332 3127 2588 3182 oneraria
2616 3136 2921 3196 compacta,
2958 3135 3016 3182 et
3044 3128 3260 3184 caeteris
3286 3128 3458 3184 armis
3480 3129 3604 3200 ejus

2030 3231 2135 3270 una
2168 3214 2472 3281 adornatis,
2499 3215 2906 3285 gubernaculis,
2934 3215 3287 3281 rudentibus,
3316 3218 3474 3281 velis,
3503 3233 3605 3273 ana

2029 3308 2234 3373 tenuis,
2268 3308 2516 3371 funibus,
2568 3307 2771 3376 quibus
2802 3308 2980 3362 malus
3014 3308 3070 3361 in
3124 3323 3291 3377 prora
3329 3308 3600 3374 ﬁrmatur.

2031 3398 2223 3463 remis,
2257 3397 2539 3463 anchoris,
2573 3407 2632 3453 et
2667 3398 2790 3467 pice
2837 3397 3168 3464 circumlita,
3196 3406 3254 3454 et
3291 3399 3461 3455 minio
3501 3400 3604 3457 de.

2028 3491 2195 3560 picta,
2224 3489 2268 3545 si
2301 3498 2489 3559 postea
2531 3488 2678 3544 illam
2708 3488 3024 3555 deduxerit,
3057 3498 3115 3545 et
3143 3490 3337 3562 pelago
3365 3494 3603 3548 secando

2025 3580 2318 3640 dimiserit,
2352 3579 2469 3648 ipse
2516 3594 2647 3634 vero
2681 3578 2874 3634 relicto
2924 3581 3140 3652 navigio
3201 3581 3349 3637 domi
3392 3582 3599 3649 sedeat,

2028 3684 2212 3723 nonne.
2253 3669 2508 3739 plurimis
2553 3668 2837 3736 ﬂuctibus,
2880 3680 2937 3725 et
2964 3670 3069 3724 sub
3111 3671 3257 3727 unda
3300 3672 3604 3728 latentibus

2028 3762 2195 3824 saxis,
2233 3763 2493 3832 sc0pulis,
2549 3762 2925 3834 charybdihus
2968 3772 3025 3818 et
3047 3764 3257 3835 scyllis,
3290 3774 3348 3820 et
3394 3765 3603 3835 promi-

2033 3853 2295 3909 neutibus
2330 3855 2526 3924 petris,
2563 3865 2621 3911 et
2650 3856 2850 3921 ventis,
2887 3865 2944 3910 et
2985 3857 3242 3925 procellis
3268 3857 3604 3912 immanibus

2030 3944 2266 4015 objecta,
2326 3956 2382 3999 et
2433 3945 2669 4015 impacta
2714 3944 3019 4016 frangatur,
3064 3954 3121 4000 et
3169 3946 3226 3999 in
3268 3946 3600 4014 profundum

2032 4036 2356 4091 hauriatur?
2380 4036 2436 4091 Si
2466 4053 2597 4108 ergo
2630 4036 2843 4107 absque
2880 4038 3249 4107 gubernatore
3275 4050 3444 4090 naves
3471 4050 3604 4090 con-

2032 4129 2195 4183 tineri
2237 4138 2293 4184 ct
2358 4130 2567 4185 servari
2624 4138 2929 4198 nequeunt.
2973 4129 3075 4183 hoc
3117 4127 3307 4181 mundi
3356 4127 3600 4183 universi

2031 4223 2305 4293 navigium
2356 4222 2566 4275 servari
2599 4235 2757 4288 posse
2795 4220 3101 4282 existimas,
3143 4219 3188 4273 si
3231 4219 3602 4289 gubernatore

2032 4311 2251 4367 careat?
2298 4308 2545 4376 Quatuor
2588 4310 2860 4364 elementa
2891 4308 3025 4361 mihi
3074 4317 3133 4361 ut
3166 4310 3479 4365 onerariam
3513 4311 3600 4366 in-

2038 4414 2214 4469 tuere,
2242 4419 2341 4473 pcr
2372 4418 2493 4472 quae
2527 4401 2630 4455 alia
2659 4401 2881 4470 quidem
2913 4410 3204 4469 portantur
3231 4410 3288 4456 et
3319 4404 3598 4473 navigant,

354 4502 703 4557 contrarium
730 4515 948 4556 omnem
987 4507 1295 4554 creaturam
1328 4495 1604 4564 respicere
1654 4492 1920 4547 asseritis.
1959 4508 2000 4560 ι)
2032 4494 2137 4548 alia
2168 4493 2540 4563 portabuntur
2580 4500 2635 4545 et
2669 4490 3025 4560 navigabunt.
3060 4489 3211 4545 Sicut
3241 4491 3425 4561 itaque
3453 4493 3600 4561 pela-

352 4590 401 4644 0
461 4591 933 4646 inconsideratum
979 4603 1251 4650 errorem,
1300 4584 1684 4640 adversantem
1741 4583 1929 4638 verbis
2025 4603 2147 4658 gus,
2178 4597 2273 4640 aut
2297 4584 2461 4639 etiam
2495 4583 2692 4637 fretum
2718 4583 2938 4653 aliquod
2960 4583 3099 4637 citra
3128 4585 3311 4636 navim
3346 4583 3600 4652 trajicere

349 4680 596 4745 Domini.
629 4680 721 4750 qui
767 4680 1041 4734 neminem
1079 4692 1238 4749 posse
1277 4674 1496 4729 duobus
1527 4672 1765 4728 dominis
1804 4688 1924 4727 ser-
2027 4676 2215 4734 nullus
2264 4685 2467 4747 potest,
2529 4676 2604 4730 ita
2665 4690 2768 4730 nec
2800 4678 2919 4730 sine
2968 4674 3259 4729 clementis
3308 4676 3598 4744 quisquam

347 4771 471 4825 vire
519 4779 753 4825 testatus
802 4770 1004 4823 est”!
1055 4767 1112 4824 Si
1169 4767 1312 4821 enim
1367 4763 1662 4833 aliquando
1704 4762 1928 4817 duobus
2028 4771 2170 4824 hanc
2223 4770 2390 4831 vitam
2448 4768 2790 4821 transmittit.
2849 4765 2941 4821 Sic
3000 4766 3239 4830 censuit,
3290 4765 3371 4831 sic
3410 4766 3603 4820 statuit

349 4860 726 4916 concordibus
749 4860 989 4914 dominis
1014 4858 1226 4913 servire
1248 4868 1416 4910 nemo
1442 4864 1641 4924 potest,
1666 4853 1774 4909 diis
1805 4868 1929 4908 sen-

352 4951 531 5006 tentia
587 4960 643 5005 et
699 4953 985 5005 voluntate
1042 4948 1417 5019 pugnantibus
1476 4947 1600 5015 quis
1649 4944 1933 5000 servierit?

355 5062 375 5093 ι
421 5041 531 5096 Aut
552 5042 700 5097 enim
726 5057 898 5096 unum
926 5039 1054 5095 odio
1085 5038 1341 5104 habebit;
1373 5038 1541 5092 alium
1559 5052 1690 5092 vero
1710 5036 1922 5107 diliget;

349 5141 452 5188 aut
497 5132 647 5189 hunc
700 5126 927 5202 quidem
959 5130 1278 5195 sustinebit,
1322 5129 1476 5183 illum
1523 5137 1858 5184 contemnet.
1901 5148 1919 5180 ο

349 5222 481 5279 llaec
504 5223 798 5279 atlirmatio
822 5233 909 5279 est
940 5221 1181 5284 Domini,
1215 5221 1487 5291 impuram
1520 5229 1575 5274 et
1607 5220 1924 5275 fraudulen-

349 5324 465 5369 tam
494 5314 925 5371 llaniehaeorum
974 5313 1296 5384 opinionem
1327 5311 1580 5366 funditus
1616 5312 1921 5367 cvellentis.

356 5408 517 5463 Unus
537 5416 623 5464 est
650 5422 819 5463 verus
849 5408 1015 5472 Deus,
1059 5422 1203 5463 unus
1233 5405 1531 5477 inspector,
1562 5423 1705 5462 unus
1742 5422 1924 5461 rerum

347 5513 576 5568 parens.
611 5500 666 5554 in
717 5501 894 5555 tribus
934 5499 1342 5571 hypostasibus,
1379 5498 1524 5553 haud
1565 5499 1800 5555 diversis
1834 5514 1929 5552 vo—

345 5589 676 5645 luntatibus.
711 5589 918 5645 Tribus
949 5590 1098 5644 enim
1136 5605 1245 5644 uua
1282 5590 1557 5656 voluntas,
1586 5606 1694 5645 una
1733 5601 1928 5660 potcn-

420 5769 463 5800 ’⁷
494 5764 691 5822 Matth.
718 5781 814 5830 vti,
854 5764 1047 5820 15-27.
1123 5767 1169 5799 ’⁸
1196 5760 1387 5820 Matth.
1423 5780 1496 5830 vr,
1519 5766 1708 5819 εει-24.

640 5862 933 5955 ΡΑΤιιοιη
966 5861 1083 5919 Gtt.
1117 5858 1420 5921 CXXVII.

2029 4862 2273 4916 Verbum
2322 4860 2709 4914 universorum
2760 4857 2979 4912 artifex.
3015 4858 3198 4923 Quare
3236 4868 3296 4912 ut
3328 4857 3485 4913 navis
3520 4873 3604 4912 res

2032 4967 2186 5008 ctorc
2220 4952 2486 5007 destituta
2518 4967 2626 5004 non
2664 4950 2818 5004 abest
2856 4967 2887 5004 a
2936 4950 3255 5005 discrimine
3279 4969 3292 5005 :
3314 4950 3431 5015 sic,
3463 4949 3600 5005 mihi

2034 5043 2221 5106 crede,
2248 5042 2467 5098 deserta
2492 5058 2522 5096 a
2547 5041 2900 5096 Providentia
2938 5049 3191 5095 creatura
3225 5041 3477 5110 proxima
3515 5050 3601 5095 est

2038 5135 2301 5205 periculo.
2342 5132 2457 5188 Hoc
2500 5134 2621 5187 loco
2652 5132 2804 5187 subit
2837 5148 2924 5187 me
2963 5131 3237 5188 dubitatio
3267 5132 3597 5203 perpleaior.

2024 5225 2309 5279 llominem
2357 5225 2548 5279 volens
2595 5224 2900 5295 producere
2957 5221 3244 5288 Conditor,
3282 5222 3426 5277 sicut
3472 5238 3601 5291 pro-

2029 5313 2212 5378 duxit,
2249 5328 2419 5367 unum
2445 5314 2648 5368 animal
2678 5329 2747 5367 ex
2787 5313 3026 5377 duobus,
3057 5312 3334 5382 quomodo
3366 5326 3473 5366 non
3507 5327 3603 5380 po-

2027 5405 2138 5458 tius
2167 5415 2367 5458 natura
2404 5405 2712 5475 simplicem
2766 5406 3044 5475 produxit,
3086 5415 3148 5459 ut
3179 5405 3406 5459 duraret
3451 5419 3602 5459 sem-

2026 5512 2146 5567 per,
2177 5512 2279 5551 nec
2303 5496 2601 5565 aliquando
2626 5498 2916 5551 interiret?
2944 5498 3017 5551 Ex
3040 5514 3149 5567 quo
3168 5498 3315 5551 enim
3343 5496 3603 5550 effectum

2030 5599 2112 5645 est
2145 5590 2289 5660 ignis
2323 5589 2681 5655 elementum,
2713 5589 3031 5659 neutiquam
3060 5590 3145 5644 vel
3170 5590 3355 5645 lumen
3377 5589 3500 5659 ejus
3518 5595 3602 5644 est

3231 5849 3306 5908 27
