4088 6214
436 296 544 364 813

1703 294 2041 359 PHILIPPI
2085 294 2472 356 SOLlTARll

3575 286 3683 358 δη

435 420 816 475 υιιεριιτθῐωη,
848 414 931 466 γυΙ
971 412 1133 465 ardor
1172 410 1494 466 exstinctus.
1531 410 1622 465 Sic
1656 413 1786 465 item
1826 423 2009 473 terrae,
2044 419 2084 470 Λ
2116 425 2143 463 a
2176 425 2398 463 carcere
2433 410 2651 478 opinor.
2713 406 2857 464 Mors
2902 408 3119 464 Domini
3160 408 3347 464 verbis
3384 408 3524 465 meis
3555 411 3689 465 asti-

440 509 670 577 alizrque
719 508 984 559 creatura:
1020 504 1073 556 in
1106 509 1251 555 statu
1279 515 1381 555 suo
1421 511 1795 571 perseverant.
1830 501 2003 555 llomo

435 605 617 650 autem
658 594 732 647 ita
750 598 976 646 creatus
1017 600 1119 649 cst.
1151 601 1210 644 ut
1256 592 1328 645 sit
1356 600 1550 645 natura
1579 592 1839 654 caducus,
1879 590 2005 644 bre-

435 688 520 741 vis
555 684 679 747 aevi,
708 683 790 737 sui
821 682 1126 746 dissimilis,
1168 689 1225 736 et
1253 682 1535 736 levissimo
1568 690 1845 735 momento
1876 696 2001 734 mu-

436 775 637 832 tabilis.
661 773 899 828 Rursum
922 771 1069 827 aliud
1092 772 1275 827 audivi
1294 780 1623 841 quaerentes,
1643 770 1999 841 quamobrem

431 869 577 922 Deus
615 865 894 920 hominem
946 880 1054 920 non
1094 873 1376 918 creaverat
1414 878 1445 917 a
1481 871 1764 917 senectute
1800 861 2003 914 immu-

431 973 581 1021 nem,
612 964 676 1010 ut
705 956 874 1010 vitam
907 970 1071 1025 quam
1092 954 1488 1025 longissimam,
1523 969 1586 1008 ac
1606 953 1725 1007 sine
1754 964 2002 1008 extremo

432 1048 795 1118 propagaret?
845 1046 1169 1116 Quanquam
1221 1054 1401 1101 autem
1455 1045 1683 1099 rationis
1720 1050 1804 1099 est
1847 1058 2002 1098 com-

430 1154 553 1207 pos,
588 1139 642 1193 in
675 1153 855 1207 eoque
886 1137 1074 1191 diﬂ‘ert
1110 1151 1172 1191 ac
1207 1143 1429 1207 praestat
1454 1136 1734 1199 omnibus,
1767 1144 1878 1189 non
1918 1145 2001 1189 ta-

432 1242 560 1283 men
588 1227 716 1282 inde
736 1242 921 1281 annos
948 1241 1081 1280 suos
1111 1225 1328 1296 longius
1372 1225 1702 1279 extenderit.
1738 1224 1796 1279 In
1818 1224 2006 1279 brutis

431 1320 810 1376 animantibus
852 1320 1133 1376 celeritate
1185 1319 1465 1374 antecedit
1520 1318 1785 1390 pardalis,
1844 1316 2003 1371 mali-

434 1426 576 1483 gnus
613 1419 697 1466 est
739 1410 1005 1474 camelus,
1059 1424 1221 1465 ursus
1273 1408 1489 1472 avidus,
1534 1409 1697 1478 lupus
1744 1422 1911 1477 rapax
1947 1415 2005 1461 et

437 1507 612 1568 ferus,
646 1518 823 1572 equus
853 1501 1175 1567 iracundus,
1220 1516 1360 1570 pavo
1410 1501 1704 1570 superbus,
1749 1500 2006 1555 columba

435 1597 658 1653 lasciva.
693 1595 828 1650 Aliis
855 1592 961 1648 alia
985 1603 1200 1658 natura,
1230 1593 1452 1648 habitus
1491 1604 1546 1648 et
1585 1592 1806 1649 aﬂ‘ectio
1833 1593 1995 1648 inest.

436 1691 483 1744 A
519 1688 754 1742 mortuis
778 1695 959 1742 autem
982 1685 1047 1740 ad
1076 1685 1366 1757 judicium,
1397 1686 1464 1739 ad
1495 1685 1781 1747 ultionem.
1807 1694 1862 1740 et
1888 1701 2007 1756 p03-

2117 502 2355 570 pulatu‘r.
2395 500 2650 554 Divinum
2676 499 2879 570 quippe
2911 514 3115 571 corpus
3139 510 3268 556 ante
3315 515 3504 557 necem
3536 501 3689 557 haud

2113 603 2233 648 erat
2260 593 2498 646 alienum
2528 591 2596 645 ab
2625 591 2875 655 interitu,
2902 591 3236 655 redivivum,
3267 591 3431 660 plane
3457 592 3689 647 humor-

2116 673 2244 748 tale,
2292 695 2348 740 et
2387 701 2417 738 a
2459 684 2811 753 corruptione
2858 683 3096 737 liberum
3145 681 3343 747 evasit,
3396 692 3586 752 typum
3630 691 3686 736 et

2113 777 2345 831 formam
2395 776 2690 846 praeferens
2747 773 3198 844 regenerationis.
3245 789 3370 843 qua:
3425 772 3687 830 omnibus

2113 867 2345 922 Domino
2375 861 2702 920 adveniente
2732 865 3033 935 continget.
3061 863 3313 919 Carnalis
3344 863 3492 918 enim
3519 878 3689 933 gene-

2112 957 2253 1012 ratio
2277 966 2701 1028 symptomatum
2747 955 2908 1024 plena
2956 963 3059 1019 est,
3086 968 3325 1023 quorum
3372 954 3528 1023 plura
3556 965 3689 1006 sunt

2112 1063 2340 1121 genera,
2374 1061 2537 1117 quam
2568 1047 2795 1102 arbores
2824 1046 2880 1099 in
2914 1042 3088 1099 silvis.
3119 1043 3256 1116 Quae,
3290 1043 3360 1100 de
3390 1044 3521 1098 anni
3551 1053 3691 1098 tem-

2112 1140 2361 1211 poribus,
2388 1139 2457 1193 de
2486 1138 2797 1203 elementis,
2828 1137 2897 1192 de
2929 1137 3205 1199 aetatibus,
3243 1136 3313 1191 de
3339 1135 3691 1199 humoribus,

2115 1230 2457 1299 simplicibus
2484 1237 2541 1283 et
2566 1228 2957 1298 coagmentatis
2983 1227 3099 1282 sive
3125 1225 3398 1281 cerneretis
3428 1224 3697 1280 disserui-

2110 1338 2263 1386 mus,
2314 1321 2587 1393 ejusmodi
2657 1329 2807 1376 sunt.
2855 1321 3121 1391 Deinceps
3171 1319 3240 1375 de
3308 1317 3696 1390 symptomatis

2117 1412 2392 1480 agendum
2425 1423 2532 1466 est.

2726 1478 2951 1535 CAPUT
3009 1478 3076 1533 X.

2119 1573 2353 1628 Tandem
2380 1566 2631 1642 partitum
2668 1581 3105 1633 monstrosarum,
3147 1580 3195 1624 et
3226 1569 3410 1639 aliqua
3456 1569 3699 1642 foeditate

2188 1640 2471 1712 insignium
2504 1658 2725 1712 causam?
2742 1643 3134 1712 incontinentia’
3152 1651 3441 1712 parentum
3456 1640 3690 1712 ascribit.

2189 1713 2255 1768 In
2283 1710 2362 1766 liis
2388 1713 2513 1777 ipsis
2547 1711 2801 1781 partubus
2826 1711 3110 1764 utilitatem
3136 1710 3206 1763 ad
3232 1724 3401 1763 mores
3421 1710 3696 1763 hominum

439 1795 540 1835 nas
565 1786 913 1848 peccatorum
948 1777 1300 1832 sustinendus
1329 1776 1583 1831 animalia
1614 1777 1666 1831 in
1700 1778 1869 1832 vitam
1902 1793 2012 1833 non
2048 1778 2092 1834 Β
2189 1776 2524 1853 corrigendos
2548 1776 2719 1836 inesse
2751 1781 3100 1834 demonstrat.

438 1869 694 1925 redeunt.
727 1868 833 1923 Sed
876 1867 1128 1922 homines
1173 1870 1415 1937 peccatis
1447 1869 1671 1923 obnoxii
1712 1879 1862 1934 sunt,
1895 1885 2012 1939 ρω-

439 1974 650 2030 nasque
683 1969 740 2013 et
791 1958 1060 2028 supplicia
1109 1968 1237 2013 ante
1278 1969 1336 2014 et
1390 1968 1510 2028 post
1556 1958 1769 2012 obitum
1823 1959 2011 2015 subire

440 2054 674 2112 habent.
719 2051 765 2105 si
796 2051 1004 2106 scelera
1035 2066 1133 2106 sua
1170 2066 1266 2120 per
1296 2051 1679 2120 pmnitentiam
1713 2066 1824 2105 non
1864 2051 2016 2107 dele-

440 2145 642 2206 verint.
677 2142 898 2198 Naturae
943 2150 1127 2197 autem
1174 2141 1531 2204 conduceret,
1582 2141 1628 2195 si
1681 2143 2015 2197 resurrectio

441 2238 590 2292 nulla
636 2244 804 2291 esset.
849 2234 1008 2291 Nunc
1048 2234 1116 2288 ad
1146 2233 1416 2305 judicium
1453 2232 1796 2304 resurgimus
1842 2242 2017 2302 quot—

442 2339 580 2400 quot
634 2342 826 2383 sumus
862 2326 1117 2396 improbi.
1159 2326 1363 2383 Verum
1394 2326 1571 2381 istanc
1612 2325 2012 2380 dubitationem

443 2419 694 2476 dissolvit
739 2419 828 2473 vir
862 2418 1086 2489 quidam
1125 2418 1431 2475 secundum
1466 2427 1787 2488 utrumque,
1816 2429 1870 2474 et
1905 2433 2018 2488 prie

444 2512 705 2566 omnibus
734 2508 1092 2581 probandus,
1143 2509 1239 2579 qui
1274 2512 1620 2580 apertissime
1660 2510 1815 2565 velut
1846 2525 1878 2565 e
1920 2524 2017 2564 su-

446 2603 625 2671 blimi,
655 2611 712 2658 et
743 2601 926 2657 medio
952 2610 1210 2672 suggestu
1248 2601 1446 2665 docet,
1486 2601 1705 2667 clamat,
1736 2599 2017 2672 praedicat,

450 2696 617 2750 vitam
648 2693 797 2749 hanc
824 2692 1089 2757 stadium,
1123 2700 1218 2746 aut
1243 2691 1657 2762 quinquertium
1684 2690 2018 2746 ducendam.

451 2785 868 2843 Stadiodromos
911 2783 1088 2840 videri
1139 2784 1393 2838 homines
1442 2783 1667 2838 virtutis
1720 2782 2020 2838 studiosos.

451 2876 593 2943 Quid
630 2875 780 2930 enim
813 2875 1055 2929 nobilius
1084 2888 1298 2927 morum
1325 2873 1723 2928 sanctimonia?
1745 2888 1853 2943 qua
1886 2887 2024 2942 prte-

452 2968 577 3036 diti,
610 2966 706 3022 Dei
738 2976 797 3021 et
846 2965 1046 3020 divina:
1075 2965 1260 3035 gloriae
1281 2963 1528 3019 haeredes
1548 2972 1733 3019 erunt.
1762 2963 2026 3034 Volupta-

441 3073 541 3117 Aes
565 3068 751 3116 autem
782 3072 906 3115 esse
932 3058 1140 3127 ﬂagella
1173 3056 1492 3111 duellatoris
1531 3055 1763 3111 Satanae.
1795 3055 1895 3111 Hic
1923 3071 2023 3110 au-

2195 1874 2457 1943 Quazdam
2499 1873 2648 1930 enim
2688 1873 2758 1927 ab
2788 1874 2908 1943 ipso
2941 1881 3236 1943 conceptu,
3267 1870 3519 1941 quaedam
3566 1877 3701 1938 post

2121 1978 2341 2040 partum
2374 1977 2586 2022 naturae
2625 1966 2881 2021 humanae
2928 1965 3105 2020 indita
3144 1972 3309 2034 atque
3357 1964 3563 2018 inserta
3611 1960 3701 2013 vi-

2124 2070 2343 2117 suntur.
2380 2059 2498 2116 Etsi
2546 2059 2692 2115 enim
2739 2057 2857 2113 huic
2907 2067 2969 2112 ut
3014 2064 3271 2127 portenta
3302 2054 3550 2126 quaedam
3594 2068 3701 2122 per

2128 2154 2413 2209 hominum
2444 2152 2613 2207 vitam
2645 2151 3010 2222 proterviant,
3051 2147 3412 2204 nihilominus
3456 2162 3484 2201 a
3521 2146 3694 2199 ratio-

2126 2247 2294 2301 nibus
2327 2245 2527 2300 divina:
2555 2244 2919 2299 Providentia:
2942 2242 3204 2313 pendent,
3231 2255 3355 2311 quas
3386 2254 3452 2294 ex
3476 2251 3703 2306 compa-

2129 2341 2339 2394 ratione
2367 2338 2681 2404 deterioris,
2712 2335 2859 2407 quod
2882 2335 3082 2390 melius
3105 2343 3212 2398 est,
3245 2332 3418 2402 magis
3433 2330 3699 2386 declarat.

2135 2428 2206 2484 Ut
2234 2430 2370 2483 illud
2399 2427 2625 2498 quidem
2658 2427 2808 2480 metu
2848 2424 3082 2494 periculi
3107 2423 3468 2483 declinemus,
3494 2418 3562 2472 ad
3595 2418 3702 2470 bo-

2131 2535 2264 2574 num
2329 2526 2515 2574 autem
2566 2517 2922 2588 praemiorum
2973 2513 3255 2569 desiderio
3305 2510 3702 2566 acceleremus.

2132 2612 2252 2667 Mos
2287 2613 2435 2667 enim
2473 2626 2503 2665 a
2533 2609 2848 2678 complexu,
2878 2616 3178 2677 corporum
3206 2604 3253 2660 si
3283 2602 3475 2667 erasis,
3509 2611 3569 2655 et
3596 2600 3705 2655 alia

2133 2702 2494 2773 congruentia
2542 2699 2775 2762 fuerint,
2815 2708 2874 2755 et
2910 2697 3110 2753 humor
3158 2711 3285 2751 cum
3334 2693 3517 2749 calore
3561 2691 3705 2747 bene

2134 2800 2497 2863 temperatus,
2552 2789 2861 2846 secundum
2905 2799 3203 2858 utrumque
3254 2785 3349 2856 qui
3408 2792 3706 2838 nascentur

2136 2884 2255 2946 ﬁlii,
2291 2882 2574 2938 habebunt
2604 2880 2829 2951 optime.
2881 2879 2978 2935 Sin
3021 2879 3172 2935 calor
3221 2877 3510 2931 humorem
3536 2887 3703 2927 exsu-

2136 2977 2435 3049 peraverit,
2460 2972 2754 3045 prudentia
2796 2972 2852 3026 in
2885 2969 3079 3026 sobole
3121 2967 3387 3024 elucebit.
3416 2965 3460 3020 E
3489 2972 3711 3018 contra-

2139 3067 2246 3133 rio,
2283 3066 2328 3120 si
2356 3066 2555 3119 humor
2586 3063 2779 3126 vicerit
2799 3062 3060 3128 calorem,
3091 3074 3249 3115 mens
3273 3056 3564 3129 prudentia
3594 3068 3709 3108 non

458 3164 570 3210 tem
601 3149 791 3225 (Deus)
824 3150 977 3205 velut
1002 3118 1044 3205 ξ
1084 3164 1266 3219 pugna
1307 3148 1634 3205 redeuntem
1666 3149 1837 3203 lilium
1866 3149 2017 3220 longe

2139 3159 2391 3224 multum,
2445 3164 2504 3211 et
2527 3169 2730 3225 corpus
2771 3154 2989 3209 viribus
3036 3166 3231 3223 parum
3273 3148 3498 3213 valebit,
3534 3161 3708 3201 mem-

353 3245 359 3251 ’
456 3245 904 3306 strenuissimum
940 3242 1243 3312 excipiens,
1295 3242 1512 3296 hetatur
1552 3248 1609 3296 et
1654 3244 1855 3313 gaudet
1902 3257 2027 3297 cum

457 3339 546 3394 his
574 3336 806 3392 verbis:
860 3333 906 3390 Ο
946 3333 1020 3387 fili
1058 3333 1410 3394 charissima,
1463 3333 1664 3388 venisti
1720 3348 1883 3388 cursu
1933 3341 2027 3388 tuo

457 3437 856 3487 consummato.
885 3425 1141 3480 Membris
1159 3425 1270 3480 tuis
1307 3425 1523 3480 Patrem
1552 3425 1791 3497 legitime
1824 3425 2027 3497 glorifi-

458 3524 626 3580 casti:
675 3521 885 3589 accipe,
911 3532 1014 3588 pro
1047 3532 1214 3587 secpo
1253 3528 1311 3572 et
1348 3515 1581 3573 consilio
1630 3527 1724 3571 tuo
1766 3517 2023 3571 laborum

459 3615 705 3687 premia,
740 3611 925 3680 qualia
951 3610 1306 3678 diligentibus
1349 3625 1433 3664 me
1467 3610 1790 3680 praeparavi.
1821 3609 1904 3663 Tu
1932 3625 2030 3663 au-

465 3716 577 3760 tem
638 3701 865 3757 volebas
917 3709 1198 3755 certamen
1261 3700 1523 3755 constitui
1581 3700 2029 3769 sempiternum?

462 3793 621 3861 Quis,
637 3792 890 3853 obsecro,
910 3790 1266 3845 certationem
1286 3791 1559 3845 sustinere
1586 3790 1873 3860 potuisset,
1897 3799 2035 3845 tam-

464 3882 569 3939 etsi
611 3890 761 3939 esset
821 3879 1226 3945 adamantinus,
1272 3887 1329 3933 et
1379 3879 1814 3941 invulnerabilis,
1862 3879 1907 3933 si
1946 3879 2034 3933 in-

466 3990 632 4045 super
665 3974 818 4030 hisce
842 3973 1078 4028 vinculis
1113 3970 1362 4041 corporis
1389 3970 1557 4025 levari
1586 3986 1696 4025 non
1726 3971 1940 4040 posset?
1967 3971 2036 4026 Et

465 4068 591 4139 quis
609 4068 829 4123 vinctus
851 4068 991 4122 adeo
1023 4063 1233 4132 infelix,
1293 4073 1353 4117 ut
1390 4063 1646 4118 tenebras
1675 4073 1732 4119 et
1760 4078 2036 4119 carcerem

467 4159 606 4216 nolit
656 4158 936 4230 eli'ugere?
979 4158 1074 4213 Sin
1116 4156 1322 4222 minus,
1372 4165 1429 4210 at
1470 4164 1620 4210 certe
1667 4170 1769 4225 pro
1825 4156 2039 4211 viribus

473 4254 616 4308 hanc
649 4251 755 4306 sibi
785 4250 1063 4306 miseriam
1106 4249 1178 4303 ita
1208 4249 1534 4303 imminuere
1558 4249 1697 4313 vult,
1724 4259 1786 4305 ut
1813 4262 2036 4320 propter

469 4344 827 4415 exiguitatem
846 4342 916 4396 ab
939 4357 1005 4396 ea
1025 4341 1179 4395 nullo
1195 4340 1415 4419 negotio
1433 4340 1721 4396 liberetur.
1744 4342 1912 4411 Cupis
1936 4357 2035 4396 au-

2138 3251 2481 3320 brorumque
2513 3255 2721 3303 tremor
2746 3255 3027 3316 sequetur.
3050 3244 3189 3300 Cum
3214 3244 3380 3298 enim'
3402 3249 3600 3296 natura
3635 3249 3717 3309 ty-

2136 3357 2269 3413 pum
2300 3349 2355 3397 et
2392 3340 2623 3395 formam
2653 3337 2797 3396 haud
2838 3338 2974 3393 satis
3022 3350 3145 3392 sese
3191 3332 3714 3395 accommodaverit,

2140 3443 2444 3507 conceptus
2472 3436 2588 3505 ipse
2612 3443 2670 3489 et
2708 3431 2875 3498 crasi,
2908 3443 2965 3486 et
3003 3430 3333 3485 formatione
3365 3427 3714 3488 immolatur,

2140 3538 2497 3599 gestaturque
2531 3525 2588 3580 in
2614 3534 2773 3580 utero
2795 3522 3176 3594 opprobrium,
3212 3518 3545 3591 prodigium.
3569 3531 3718 3569 mor~

2141 3618 2270 3682 bus,
2297 3616 2649 3680 dissolutum,
2688 3612 2918 3678 fmdum,
2948 3621 3005 3667 et
3037 3623 3266 3680 prorsus
3293 3607 3451 3662 mala:
3484 3604 3712 3660 habitu-

2143 3709 2312 3772 dinis,
2362 3708 2449 3762 vel
2503 3708 2559 3762 in
2599 3705 2860 3760 membris
2906 3702 3193 3763 omnibus.
3220 3701 3307 3757 vel
3336 3709 3489 3756 certe
3522 3698 3579 3752 in
3609 3697 3717 3750 ali-

2144 3800 2384 3871 quibus:
2417 3797 2665 3854 strabum
2697 3808 2853 3866 puta,
2889 3803 3051 3850 acuto
3092 3793 3292 3864 capite,
3336 3788 3718 3862 epilepticum,

2146 3892 2421 3947 mutilum.
2472 3889 2541 3944 Et
2573 3887 2704 3944 talia
2751 3901 2881 3942 sane
2927 3886 3012 3942 vel
3062 3885 3135 3940 ob
3170 3897 3480 3945 excessum,
3525 3879 3611 3935 vel
3643 3877 3720 3932 ob

2148 3982 2422 4038 defectum
2475 3980 2654 4035 solent
2710 3978 2854 4035 fieri.
2889 3976 3030 4044 ;Qui
3094 3974 3380 4030 moderate
3433 3969 3723 4027 amoribus

2148 4083 2400 4140 utuntur,
2440 4082 2753 4143 opportune
2807 4069 3252 4140 coniunctionem
3303 4066 3455 4121 illam
3492 4061 3722 4131 dispen-

2151 4177 2292 4225 sant.
2319 4166 2423 4232 Qui
2450 4166 2785 4234 impotenter
2818 4162 2873 4216 in
2902 4174 3161 4216 venerem
3203 4165 3397 4222 ruunt,
3425 4165 3483 4211 et
3519 4154 3723 4208 intem-

2149 4258 2362 4330 pestive
2390 4255 2766 4325 voluptatibus
2800 4254 2907 4309 illis
2952 4249 3482 4308 commiscendorum
3523 4261 3727 4316 corpo-

2153 4364 2274 4405 rum
2342 4347 2623 4410 fruuntur,
2681 4346 2750 4399 iis
2803 4344 3000 4400 abusio
3051 4342 3448 4398 detrimentosa
3503 4346 3609 4401 est,
3661 4346 3726 4393 et

472 4445 584 4490 tem
606 4432 1405 4505 perturbationibusinquinari
1438 4448 1502 4487 ac
1527 4433 1695 4502 pollui
1729 4434 2037 4502 pulchritu-
2078 4470 2121 4527 ι)
2151 4440 2414 4495 labuntur
2464 4437 2519 4490 in
2569 4435 2949 4506 ignominiam,
2975 4442 3031 4488 et
3066 4449 3125 4489 se
3158 4430 3493 4487 deridendus
3523 4429 3719 4499 propi-

475 4527 664 4583 dinom
699 4541 729 4580 a
758 4526 872 4581 Deo
901 4526 1105 4590 datam.
1133 4534 1189 4579 et
1213 4525 1357 4578 illam
1385 4540 1633 4595 magnam
1667 4524 1978 4595 imaginem,
2003 4525 2049 4580 si
2083 4521 2106 4527 ⁷
2150 4539 2282 4587 nant
2304 4528 2582 4583 omnibus.
2614 4526 2755 4581 Hinc
2791 4534 2848 4581 et
2876 4526 3194 4579 hominibus
3232 4521 3545 4579 istiusmodi
3576 4521 3731 4575 cata-

474 4618 938 4676 resurrectionem
982 4631 1086 4687 pro
1138 4618 1582 4672 remuneratione
1635 4616 1885 4671 laborum
1940 4632 2048 4671 non
2148 4621 2370 4676 mitates
2418 4604 2545 4672 inde
2601 4632 2777 4686 usque
2813 4631 2880 4671 ex
2912 4624 3069 4669 utero
3115 4614 3306 4668 inatris
3337 4611 3620 4672 eveniunt,
3669 4622 3733 4664 et

476 4713 582 4768 vis.
619 4712 688 4766 Et
714 4710 993 4781 quomodo
1020 4709 1274 4763 homines
1320 4707 1566 4776 qu0tidie
1604 4707 1660 4761 in
1690 4706 1896 4775 ﬂagitia
1940 4720 2049 4760 non
2149 4714 2428 4785 praecipue
2453 4709 2803 4766 vcem-dibus,
2844 4706 3099 4761 Ebrietas
3132 4717 3353 4773 quaque
3382 4710 3606 4772 ρι-οριει-
3635 4699 3735 4752 ni-

476 4803 859 4875 Ρτοίαδεηῑιιτι
912 4802 956 4856 εί
1001 4801 1205 4856 "Ullam
1258 4814 1544 4868 superesse
1598 4800 2053 4854 Γοευῐτθεῑίοηεηι
2152 4806 2318 4859 miam
2372 4799 2754 4871 intemperiem
2807 4797 3201 4852 detrimentosa
3247 4804 3354 4856 est.
3388 4792 3737 4863 genituram-

474 4897 857 4969 iudiciumque
890 4893 1260 4949 crediderint?
1299 4892 1594 4958 Quomodo.
1628 4908 1797 4961 porro
1827 4908 1935 4947 non
1970 4901 2056 4947 est
2154 4912 2262 4966 que
2312 4910 2420 4949 non
2483 4890 2797 4954 fecundam,
2858 4888 2955 4943 sed
3025 4886 3277 4942 inutilem
3347 4900 3414 4940 ac
3476 4882 3733 4937 sterilem

480 4988 809 5053 absurdum,
841 4987 1073 5041 rationis
1106 5000 1334 5039 munere
1365 4984 1709 5048 decoratum,
1748 4983 2049 5053 divinaque
2156 4986 2359 5042 reddit.
2416 4983 2556 5039 Hinc
2609 4977 3066 5050 reprehendenda
3118 4976 3482 5044 quorumdam
3531 4972 3732 5036 libido,

481 5083 759 5153 spiracula
792 5074 1075 5150 praelatum
1108 5076 1388 5141 omnibus,
1418 5075 1586 5129 vitam
1626 5076 1679 5128 in
1711 5090 1807 5145 spe
1841 5073 2053 5145 reposi-
2150 5079 2241 5150 qui
2290 5083 2501 5132 secreta
2554 5074 2643 5127 illa
2691 5071 2995 5144 conjugalia
3033 5067 3441 5140 imprudentius
3469 5064 3730 5120 miscent.

483 5182 596 5228 tam
622 5171 767 5225 nolle
798 5168 1036 5225 ‘vivere?
1072 5168 1181 5238 Ego
1226 5181 1359 5221 vero
1400 5166 1565 5220 etiam
1612 5166 1786 5234 ipsam
1818 5175 2052 5219 mortem
2150 5169 2421 5225 Caeterum
2459 5174 2632 5220 totum
2664 5166 2877 5220 crimen
2908 5178 3081 5235 penes
3112 5171 3296 5233 patres
3349 5158 3580 5223 residet,
3629 5156 3734 5226 qui

484 5262 634 5316 haud
683 5271 935 5325 mortem,
984 5258 1081 5313 sed
1119 5257 1497 5312 felicissimum
1545 5257 1839 5311 transitum
1873 5255 1940 5310 ad
1977 5256 2058 5309 vi-
2154 5261 2414 5316 mulieres
2458 5274 2525 5313 ex
2556 5258 2842 5313 mensibus
2891 5254 3202 5311 immundus
3247 5261 3589 5309 contrectare
3616 5263 3737 5303 non

486 5363 598 5406 tam
621 5351 779 5407 senio
810 5359 1113 5414 carentem,
1141 5361 1195 5405 et
1225 5364 1347 5419 qua
1372 5349 1437 5404 ad
1465 5358 1680 5419 tempus
1704 5349 2055 5419 pertulimus,
2157 5359 2412 5421 parcunt,
2435 5348 2581 5404 unde
2608 5346 2959 5420 postmodum
2982 5345 3152 5400 fmtus
3170 5340 3528 5401 abominandi
3550 5338 3737 5395 effun-

486 5459 680 5499 rorum
726 5441 1253 5507 remunerationem,
1296 5449 1353 5497 et
1392 5441 1723 5497 solutionem
1765 5441 2059 5510 quamdam
2168 5443 2377 5497 duntur
2405 5443 2445 5494 ‘.

1946 5534 2223 5595 Schoha.

558 5640 577 5657 '
618 5636 779 5691 Aiunt
823 5636 961 5689 enim
999 5636 1217 5706 quidam
1250 5650 1313 5690 ex
1345 5635 1706 5706 hujuscemodi
1745 5637 2058 5689 commercio
2165 5635 2568 5688 redundantiam
2604 5633 2819 5688 scilicet.
2867 5634 2942 5688 Ac
2997 5634 3042 5687 si
3089 5631 3301 5702 quidem
3350 5644 3485 5684 sane
3530 5629 3736 5755 gerit“

569 5707 876 5755 mobrosum
907 5708 1179 5755 auiddam.
1209 5715 1257 5755 et
1304 5705 1505 5755 lenram
1551 5708 1816 5755 uenerari-
1850 5716 2063 5755 uronter
2170 5720 2415 5755 corpora.
2441 5705 2599 5755 etiam
2628 5721 2764 5755 sana
2799 5713 2953 5755 erunt
2995 5719 3114 5755 ante
3158 5708 3499 5755 uenerantur.
3580 5700 3736 5750 'cor-

492 5716 541 5764 et
569 5707 876 5779 probrosum
907 5700 1179 5776 quiddam,
1209 5715 1257 5760 et
1304 5700 1505 5776 lepr‘am
1551 5708 1816 5777 generari,
1849 5716 2063 5777 prapter
2170 5720 2415 5773 corpora,
2441 5705 2599 5760 etiam
2628 5721 2764 5760 sana
2799 5713 2953 5759 erunt
2995 5700 3114 5765 qm
3158 5708 3499 5769 generantur.
3530 5700 3738 5755 Sicor-
