4102 6200
534 278 642 344 847

1820 276 2163 341 PHILIPPI
2196 240 2595 341 somniari

3709 286 3813 353 888

534 393 1083 463 imparatum‘atqne
1115 387 1380 441 inermem
1412 383 1722 451 inveniens,
1758 386 1884 443 telis
1913 396 1972 444 et
1990 388 2114 442 vul-
2139 393 2194 452 Α
2219 405 2339 446 rum
2372 389 2666 447 devolutus
2686 398 2770 446 est
2797 408 2812 447 :
2843 403 3076 461 quaeque
3108 398 3312 463 preter
3342 400 3596 452 naturam
3625 409 3803 462 erant.

529 483 758 540 neribus
786 496 913 538 eum
942 480 1093 535 nullo
1117 478 1340 550 negotio
1369 487 1745 549 prosterneret
1790 488 1959 550 atque
1982 496 2110 535 con-

528 578 738 634 ﬁceret.
799 572 1128 641 Duplicibus
1196 584 1361 640 porro
1411 579 1469 626 et
1530 568 1897 641 ﬁrmissimis,
1931 571 2105 626 armis

523 681 651 723 enm
711 661 1095 721 communivit.
1153 659 1231 715 Ea
1272 668 1403 715 sunt
1446 660 1725 732 cupiditas
1773 673 1828 717 et
1866 662 1966 718 ira:
1998 663 2101 717 vis.

520 757 651 824 Quae
681 768 998 824 quanquam
1025 752 1082 806 in
1117 765 1183 807 ea
1222 761 1377 822 parte
1411 752 1608 807 anima
1631 762 1946 818 versantur,
1981 769 2104 824 qum

517 846 736 902 consilii
777 860 977 916 expers
1005 853 1109 908 est,
1162 843 1310 914 quod
1358 858 1522 907 nemo
1554 847 1863 916 negaverit,
1898 845 2104 901 nihilo-

521 939 705 993 minus
736 935 937 993 ralioni
975 935 1041 992 ad
1078 935 1346 995 auxilium
1392 945 1451 992 et
1494 937 1668 995 robur
1697 936 2001 1007 quoddam,
2033 939 2101 997 ad

514 1030 866 1086 seductorem
888 1027 1297 1094 lacessendum,
1338 1028 1811 1099 persequendum,
1836 1039 2003 1101 atque
2032 1030 2100 1085 ad

514 1138 799 1180 sacrarum
831 1120 1113 1177 actionum
1148 1130 1358 1175 rectam
1382 1119 1751 1187 iunctionem,
1783 1122 1989 1193 quibus
2013 1122 2099 1178 di-

510 1214 702 1268 vinum
727 1226 937 1267 numen
967 1210 1310 1277 hominibus,
1342 1224 1576 1280 quorum
1611 1227 1798 1268 mores
1829 1224 1885 1269 et
1914 1215 2099 1268 studia

509 1305 580 1361 ad
622 1306 970 1363 sanctitatem
1025 1304 1302 1369 feruntur,
1339 1302 1625 1359 conciliari
1672 1304 1832 1369 solet,
1868 1303 1998 1359 data
2041 1314 2098 1360 et

507 1412 772 1453 concessa
811 1406 964 1452 sunt.
994 1395 1122 1451 Hart:
1149 1394 1263 1450 duo
1294 1393 1497 1464 ecquid
1531 1395 1953 1461 animadvertis,
1981 1408 2099 1450 tan-

507 1507 673 1562 quam
706 1501 911 1545 matres
940 1488 1213 1543 virtutum
1240 1495 1299 1541 et
1329 1485 1593 1541 vitiorum
1622 1486 1781 1542 esse?
1816 1496 2094 1542 verumta-

508 1599 635 1638 men
668 1598 778 1638 non
819 1582 1071 1636 omnium
1104 1593 1358 1651 prorsus,
1396 1578 1495 1635 sed
1540 1595 1664 1649 quae
1695 1594 1763 1635 ex
1796 1579 1933 1650 ipsis
1966 1595 2093 1650 pro-

508 1676 656 1749 gigni
722 1681 1154 1737 consueverunt,
1228 1686 1353 1741 quae
1416 1671 1593 1726 oratio
1645 1679 1839 1727 nostra
1891 1671 2097 1728 clarius

507 1767 937 1824 demonstrabit.
986 1765 1068 1820 Tu
1113 1763 1362 1819 aniuium
1421 1762 1507 1819 iac
1554 1764 1830 1831 attendas,
1877 1771 1936 1819 et
1979 1779 2095 1820 rem
2127 1761 2174 1820 Β

505 1877 725 1918 omnem
746 1875 1067 1933 cognosces.
1086 1856 1422 1928 Cupiditatis
1444 1871 1669 1928 germen
1705 1865 1791 1912 est
1824 1857 2088 1923 charitas,

505 1970 604 2025 per
643 1968 809 2025 quam
863 1952 919 2007 in
957 1952 1156 2008 cmium
1202 1950 1577 2005 ascendimus.
1611 1948 1722 2009 Sed
1756 1949 1906 2004 enim
1955 1950 2092 2005 libet

503 2048 817 2105 accuratius
858 2062 1026 2117 super
1071 2045 1179 2101 hoc
1220 2044 1530 2115 disputare.
1577 2043 1770 2113 Cogita
1822 2043 1985 2109 iram,
2034 2054 2093 2100 et

502 2138 862 2210 cupiditatem
896 2138 1145 2194 triticum
1173 2153 1296 2194 esse
1332 2138 1564 2202 bonum,
1592 2146 1651 2192 et
1676 2137 1847 2193 tritici
1875 2154 2089 2207 semen,

501 2231 653 2300 quod
685 2230 803 2301 ipse
833 2230 1073 2301 agricola
1115 2237 1173 2285 et
1201 2230 1480 2301 plantator
1516 2229 1789 2284 bonorum
1822 2230 2091 2284 Dominus

500 2323 717 2379 cultura
767 2324 1090 2389 intrinseca,
1127 2322 1305 2393 gratia
1341 2322 1630 2376 manifesta
1679 2323 2089 2392 supersemina-

499 2416 601 2469 vit.
631 2413 853 2469 Primus
875 2414 1044 2485 igitur
1072 2413 1238 2469 homo
1268 2428 1574 2469 conversus
1600 2422 1686 2468 est
1721 2414 1775 2466 in
1808 2428 2084 2484 soporem,

502 2516 562 2562 ut
595 2506 759 2563 docet
791 2505 1076 2576 Scriptura
1101 2507 1144 2559 '.
1197 2505 1304 2561 Sed
1350 2520 1608 2575 soporem
1651 2506 1798 2560 hunc
1842 2507 2086 2578 intelligo

500 2609 615 2654 tres
647 2590 815 2654 hasce
856 2596 1167 2669 passiones,
1207 2597 1563 2664 oblivionem,
1620 2598 1980 2668 ignorantiam
2028 2607 2085 2655 et

497 2700 780 2761 stuporem
812 2692 851 2744 °.

566 2781 827 2836 Inimicus
851 2795 982 2852 ergo
1016 2779 1423 2835 dormientibus
1445 2780 1805 2850 protoplastis
1835 2781 1978 2837 clam
2007 2783 2076 2838 ad

493 2874 796 2945 perniciem
846 2872 1011 2927 tritici
1060 2870 1269 2937 sizania
1314 2874 1572 2926 seminat.
1622 2872 1845 2928 Zizania
1892 2884 2076 2929 autem

495 2972 625 3019 sunt
653 2964 949 3019 ail'ectuum
979 2961 1225 3033 agitatio,
1255 2970 1311 3017 et
1334 2962 1532 3034 judicii
1566 2963 1908 3035 depravatio.
1946 2967 2079 3023 Inde

493 3073 618 3113 cum
648 3073 707 3113 se
734 3057 899 3111 homo
920 3063 1111 3112 contra
1149 3055 1422 3112 rationem
1451 3057 1831 3127 voluptatibus
1868 3059 2080 3115 submi-

492 3151 676 3218 sisset,
698 3149 847 3220 quod
891 3147 1242 3219 pmstantius
1289 3158 1394 3213 est,
1448 3148 1711 3204 deteriori
1760 3153 2081 3207 servitutem

491 3242 700 3298 servire
726 3240 927 3310 carpit;
981 3254 1092 3309 quo
1140 3238 1278 3293 nihil
1328 3239 1521 3310 pejus;
1564 3241 1669 3295 hoc
1718 3249 1821 3305 est,
1857 3243 2086 3311 spiritus

489 3332 797 3405 prudentia:
817 3330 1021 3397 carnis,
1042 3345 1096 3386 et
1123 3331 1363 3387 comedit
1383 3330 1530 3402 quod
1550 3332 1790 3387 comedit
1806 3333 1872 3388 de
1894 3335 2041 3405 ligno
2066 3353 2084 3394 :

488 3428 856 3499 quodcunque
877 3424 1095 3481 tandem
1123 3424 1259 3479 illud
1290 3435 1431 3489 erat,
1463 3424 1630 3495 idque
1657 3437 1840 3482 actum
1870 3428 2079 3483 invidia

488 3520 695 3575 diaboli
752 3527 809 3572 ct
857 3518 984 3573 Eva:
1038 3517 1413 3587 simplicitate.
1491 3516 1629 3573 Hinc
1690 3521 2080 3576 mortalitatem

488 3610 723 3673 invenit,
746 3617 803 3664 ct
823 3616 1078 3663 creatura
1096 3617 1354 3678 corrupta
1386 3618 1471 3665 est
1502 3611 1700 3677 simul;
1737 3612 1897 3667 simul
1938 3628 2082 3683 quo-

488 3718 596 3773 que
636 3707 894 3769 corrupta
939 3700 1116 3769 prima
1163 3709 1400 3769 quatuor
1447 3716 1699 3771 corpora.
1747 3704 1866 3759 Non
1930 3706 2078 3761 enim

498 3790 809 3862 oportebat,
863 3804 965 3844 nec
1005 3788 1255 3855 decebat,
1303 3790 1524 3845 homine
1581 3792 1757 3861 lapso,
1805 3794 2073 3849 mundum

487 3898 712 3940 manere
758 3882 1256 3953 incorruptibilem,
1285 3884 1444 3952 cujus
1484 3881 1575 3937 ille
1621 3893 1742 3938 erat
1778 3885 2073 3943 dominus:

485 3975 579 4032 sed
640 3974 826 4046 patius
868 3988 996 4029 cum
1053 3973 1278 4028 domino
1327 3972 1575 4028 diilluere
1639 3988 1705 4029 ac
1754 3974 1946 4043 dilabi,
2018 3985 2078 4031 ut

484 4081 610 4123 cum
682 4067 988 4122 habitatore
1058 4065 1433 4122 habitaculum
1506 4076 1858 4138 congrueret.
1942 4068 2076 4125 Inde

484 4158 739 4230 imaginis
800 4156 1153 4228 pulchritudo
1207 4156 1491 4213 obfuscata
1548 4166 1653 4223 est,
1713 4157 1841 4214 inde
1890 4160 2074 4216 cordis

484 4250 638 4321 regio
669 4248 960 4303 fruticibus
998 4247 1304 4315 luxurians,
1335 4247 1480 4302 unde
1513 4263 1738 4318 germen
1792 4249 2072 4320 impurum

480 4340 831 4413 germinavit.
875 4338 1102 4395 Inutiles
1148 4339 1334 4395 herbae
1373 4340 1703 4404 coorientes,
1753 4341 2072 4397 commodas

2221 481 2351 537 inde
2381 480 2688 538 secundum
2740 491 2995 536 naturam
3034 495 3356 552 evaserunt,
3393 488 3811 562 procedantque

2216 580 2269 627 et
2304 573 2601 643 proficiunt
2632 573 2702 628 ad
2734 572 2896 630 linem
2922 590 3096 645 usque
3131 576 3301 649 hujus
3321 578 3451 635 vita:
3477 580 3647 637 ambo
3670 583 3809 649 hac,

2213 675 2271 720 et
2303 664 2447 721 bona
2468 672 2525 719 et
2554 666 2719 731 maia,
2754 666 3006 732 seminis,
3033 665 3281 737 inquam,
3309 680 3369 725 et
3394 670 3635 728 invidiae.
3669 673 3809 731 Cum

2214 763 2398 811 autem
2426 757 2623 811 messis
2662 766 2887 827 tempus
2913 756 3224 825 advenerit,
3248 758 3578 832 colligentes
3597 764 3803 822 omnia.

2210 847 2476 904 Inimicus
2498 848 2669 910 enim,
2700 859 2761 903 ut
2792 849 3001 905 dictum
3025 858 3132 915 est,
3161 852 3438 909 deteriora
3465 858 3805 927 supersctuio

2213 937 2385 993 navit.
2413 938 2665 1010 Agricola
2687 939 2821 995 sinit
2840 955 2906 996 ea
2926 955 3057 996 cum
3081 941 3271 999 tritico
3286 958 3635 1014 cxcrescere,
3687 963 3803 1004 non

2211 1041 2273 1086 ut
2296 1032 2522 1088 meliora
2555 1032 2763 1089 semina
2796 1033 3136 1091 suﬂocarent
3159 1054 3173 1091 :
3197 1037 3296 1092 sed
3322 1048 3459 1094 utet
3488 1040 3606 1096 hac
3632 1040 3801 1096 simul

2208 1124 2266 1178 in
2297 1124 2449 1180 arvis
2474 1136 2784 1188 manerent.
2822 1126 2877 1181 id
2914 1135 3027 1193 est,
3071 1126 3131 1182 in
3177 1128 3467 1197 cordibus,
3525 1133 3609 1188 sic
3648 1131 3804 1189 cnim

2209 1216 2422 1287 tropice
2451 1217 2668 1273 vol-avit
2691 1233 2712 1272 .'
2741 1227 2803 1273 ut
2825 1233 2896 1273 ex
2917 1218 3124 1275 virtute
3177 1218 3330 1275 intus
3370 1221 3536 1278 insita
3579 1224 3667 1295 (ea
3716 1237 3806 1284 est

2206 1309 2384 1363 virtus
2417 1317 2473 1363 et
2515 1316 2763 1378 potestas
2796 1308 3000 1365 mentis
3020 1318 3078 1365 et
3105 1312 3347 1378 consilii,
3394 1314 3533 1369 citra
3583 1327 3810 1377 contro-

2205 1400 2462 1467 versiam)
2493 1401 2696 1455 malum
2727 1415 2953 1472 germen
2975 1412 3345 1468 exaresceret.
3382 1406 3590 1463 bonum
3631 1424 3806 1483 alge-

2202 1502 2385 1548 sceret
2427 1507 2493 1547 ac
2534 1492 2914 1550 solidesceret.
2961 1492 3060 1549 Sin
3112 1495 3320 1560 minus,
3378 1505 3435 1553 at
3472 1509 3627 1556 certe
3667 1501 3805 1558 dum

2203 1599 2331 1639 area
2356 1592 2711 1655 purgaretur,
2748 1600 2858 1655 qua
2900 1586 3227 1657 purgatione
3271 1589 3531 1647 vitiosum
3559 1606 3590 1648 a
3622 1595 3806 1665 probo

2205 1685 2596 1737 secerneretur
2616 1680 2679 1730 ".

2821 1794 3050 1853 CAPUT
3078 1797 3191 1853 XII.

2203 1881 2279 1936 De
2310 1893 2539 1962 quatuor
2584 1886 2864 1962 uirtutibus
2901 1888 3287 1962 cardinalibus,
3322 1904 3609 1962 eorumque
3657 1892 3805 1946 vitiis

2272 1957 2545 2025 appositis.
2591 1956 2766 2030 Multa
2811 1959 2940 2030 item
2981 1959 3044 2012 de
3092 1961 3259 2013 animi
3291 1956 3796 2030 perturbationibus,

2269 2041 2388 2096 qua?
2417 2035 2466 2080 et
2493 2044 2525 2082 a
2563 2029 2746 2099 quibus
2772 2028 3052 2083 uirtutibus
3075 2028 3405 2085 adorirentur.

2271 2137 2424 2194 Mens
2460 2138 2650 2210 igitur.
2693 2138 2828 2193 illud
2868 2137 3101 2195 rationis
3146 2140 3446 2211 particeps,
3480 2142 3567 2197 vel
3610 2143 3800 2213 potius

2201 2229 2336 2284 illud
2369 2250 2386 2281 ι
2418 2233 2721 2286 secundum
2748 2231 3062 2302 imaginem,
3100 2252 3119 2285 ι
3153 2243 3214 2288 ut
3242 2234 3502 2305 princeps
3524 2238 3793 2305 optimus,

2198 2318 2339 2385 aliis,
2365 2320 2655 2390 cupiditati
2681 2336 2901 2391 nempe,
2934 2332 2989 2377 et
3029 2322 3122 2377 irae
3145 2338 3271 2392 quae
3306 2339 3458 2379 arma
3490 2328 3791 2396 appellavi,

2198 2409 2471 2479 pra-uidet.
2504 2410 2551 2465 Α
2576 2420 2761 2466 mente
2791 2411 2957 2483 igitur
2987 2413 3276 2483 prudentia
3301 2425 3357 2471 et
3385 2400 3600 2487 iustitia
3624 2418 3786 2472 cillo-

2199 2511 2446 2567 rcscunt,
2476 2503 2598 2558 dua:
2633 2503 2792 2574 plane
2822 2505 3083 2568 virtutes,
3121 2522 3218 2576 per
3239 2523 3380 2577 quas
3401 2510 3586 2563 omnia
3614 2510 3790 2575 bona,

2195 2607 2306 2648 non
2356 2594 2495 2649 bona
2529 2595 2838 2653 rectissime
2884 2598 3098 2669 iudicat
3130 2607 3187 2653 et
3227 2597 3518 2655 discernit.
3574 2601 3782 2657 Judicii

2194 2685 2343 2740 enim
2377 2685 2615 2741 medulla
2657 2696 2742 2743 est
2766 2688 3048 2755 discretio,
3076 2690 3197 2746 sine
3224 2706 3333 2761 qua
3382 2693 3788 2761 propemodum

2194 2778 2377 2833 omnis
2396 2778 2541 2833 actio
2566 2781 2748 2835 inanis
2770 2789 2873 2836 est.
2905 2782 3134 2837 Peccata
3162 2783 3329 2854 igitur
3348 2783 3597 2850 rationis,
3623 2785 3789 2854 cujus

2191 2879 2276 2924 cst
2302 2868 2665 2940 principatus,
2702 2871 2916 2943 legibus
2947 2874 3277 2943 puniuntur,
3320 2883 3376 2929 et
3401 2875 3624 2945 quidem
3662 2891 3789 2945 gra-

2191 2962 2317 3017 vius
2350 2980 2362 3016 :
2401 2963 2497 3017 iraa
2521 2970 2703 3017 autem
2739 2973 2797 3018 et
2850 2964 3170 3034 cupiditatis
3198 2966 3402 3032 minus,
3428 2981 3494 3021 ex
3524 2982 3633 3037 qua
3670 2967 3791 3023 ele-

2191 3054 2376 3128 gantia
2405 3056 2782 3125 temperantia:
2820 3056 3041 3126 proﬂuit
3068 3074 3083 3111 :
3110 3058 3256 3113 sicut
3277 3074 3344 3113 ex
3369 3060 3447 3113 ira
3469 3058 3782 3114 fortitudo:

2190 3161 2259 3200 cx
2287 3146 2374 3202 his
2402 3146 2579 3201 tribus
2612 3160 2873 3217 quatuor,
2902 3157 2959 3203 et
2984 3150 3174 3219 prima:
3203 3150 3437 3204 virtutes
3464 3151 3781 3221 generales,

2188 3237 2267 3292 sic
2295 3238 2443 3293 enim
2484 3238 2769 3293 dicuntur.
2799 3238 3045 3304 Quatuor
3081 3250 3267 3293 autem
3296 3239 3387 3295 his
3423 3240 3510 3295 bis
3538 3250 3787 3309 quatuor

2185 3330 2320 3386 vitia
2349 3339 2725 3401 opponuntur,
2753 3330 2973 3401 quando
2997 3346 3338 3402 unaquaeque
3362 3331 3475 3387 duo
3492 3334 3659 3388 habet
3678 3335 3787 3389 ad-

2185 3423 2450 3486 versaria,
2499 3437 2735 3492 quorum
2782 3438 2957 3477 unum
3019 3423 3076 3479 in
3128 3437 3380 3489 excessu,
3430 3425 3665 3480 alterum
3723 3427 3783 3484 in

2187 3512 2404 3569 defectu
2442 3512 2681 3584 positum
2730 3525 2834 3573 est.
2888 3514 2968 3569 Ne
3017 3514 3177 3586 longe
3225 3516 3443 3583 abeam,
3480 3516 3783 3587 prudentia

2185 3604 2315 3659 hinc
2347 3606 2569 3675 quidem
2598 3605 3028 3675 simplicitatem,
3054 3606 3181 3663 inde
3202 3609 3485 3675 astutiam,
3509 3610 3630 3664 sive
3657 3609 3778 3665 eai-

2181 3696 2487 3750 Iiditatcm:
2521 3697 2737 3768 justitia
2775 3699 3033 3768 utrinque
3073 3698 3196 3769 plus
3218 3699 3403 3754 minus
3420 3700 3777 3756 habetzsunt

2182 3786 2331 3840 enim
2360 3797 2415 3841 et
2441 3788 2557 3842 lucc
2591 3789 2745 3843 vitia.
2777 3789 3113 3844 Fortitudlni
3162 3790 3421 3849 similiter
3456 3792 3567 3848 duo
3603 3810 3774 3863 repu-

2180 3887 2370 3949 gnant,
2410 3894 2649 3949 quorum
2699 3880 2933 3935 alterum
2975 3880 3207 3936 audacia
3254 3881 3482 3951 dicitur,
3534 3884 3775 3939 alterum

2183 3971 2466 4026 timiditas.
2501 3971 2634 4037 Quae
2671 3972 2880 4042 reliqua
2915 3982 3023 4037 est,
3074 3975 3475 4045 temperantia,
3521 3974 3774 4047 inquam,

2180 4063 2481 4134 petulantia
2509 4072 2566 4118 et
2592 4063 2815 4119 fatuitas
2846 4065 3214 4121 adversantur
3235 4067 3319 4121 “‘.

2248 4158 2610 4227 Quotcunque
2641 4168 2823 4211 autem
2847 4156 2967 4211 alite
2997 4158 3292 4223 motiones,
3327 4159 3478 4215 intus
3505 4159 3559 4214 in
3585 4160 3773 4219 medio

2176 4249 2379 4314 cordis,
2412 4264 2513 4303 seu
2538 4264 2741 4317 pravae,
2767 4264 2865 4304 seu
2899 4251 3369 4306 commendabiles
3392 4253 3769 4316 concitantur,

2175 4340 2543 4412 cogitationis,
2576 4350 2740 4411 atque
2769 4341 2998 4397 rationis
3025 4343 3168 4399 fetus
3204 4355 3352 4399 sunt.
3387 4344 3769 4399 Ratiocinatur

479 4443 533 4490 et
569 4433 729 4489 utiles
761 4431 1117 4488 sull‘ocarunt.
1146 4431 1213 4487 Et
1239 4431 1491 4487 celeriter
1542 4431 1609 4486 ad
1642 4433 1809 4488 vitam
1865 4434 2071 4490 bestia-
2099 4441 2152 4501 1)
2180 4435 2352 4495 enim,
2374 4443 2429 4488 et
2445 4434 2678 4504 indicat,
2708 4435 2926 4491 tametsi
2960 4432 3355 4507 nonnunquam
3385 4436 3591 4492 fallitur
3612 4439 3721 4487 ““.

552 4552 573 4580 ²
604 4548 740 4603 Gen.
776 4563 839 4611 II,
889 4545 980 4601 2i.

1966 4641 2246 4705 Scholia.

548 4745 854 4803 ‘Isidorus.
880 4744 1047 4812 Unde,
1067 4745 1625 4816 inquis,cogitationes
1650 4744 1884 4799 malarde
1905 4746 2057 4799 corde

478 4826 687 4881 exeunt,
718 4826 764 4870 et
804 4817 1065 4886 hominem
1093 4814 1413 4886 impellunt?
1444 4814 1528 4869 Ea:
1553 4829 1610 4867 eo
1632 4816 1771 4878 quod
1790 4816 2059 4869 dormiunt

476 4888 746 4960 agricoltc,
773 4902 901 4956 quos
921 4885 1140 4956 vigilare
1162 4885 1453 5009 oportebat,
1482 4894 1532 4938 et
1570 4886 1847 4950 excubare,
1886 4896 1931 4939 et
1948 4886 2062 5008 [Vh-

476 4975 592 5009 cere
620 4967 679 5009 ut
707 4957 920 5009 exbono
948 4957 1145 5009 semine
1220 4972 1349 5009 onus
1404 4956 1602 5009 fructus
1650 4957 1903 5009 urodiret.
2000 4958 2062 5009 isi

476 4956 592 5014 cere
620 4967 679 5011 ut
707 4957 920 5010 exbono
948 4957 1145 5009 semine
1187 4956 1349 5010 bonus
1402 4956 1602 5025 {ructus
1650 4957 1903 5025 prodiret.
1948 4956 2063 5009 Nisi

474 5032 616 5084 enim
644 5029 892 5083 satietate
921 5036 970 5080 et
999 5043 1185 5097 sopore
1221 5029 1518 5080 custodiam
1540 5028 1705 5081 nostri
1743 5026 2062 5095 prodidisse-

476 5116 615 5160 inus,
647 5100 881 5153 diuinam
921 5099 1206 5168 imaginem
1244 5097 1520 5167 fwdantes,
1548 5097 1641 5149 hoc
1684 5106 1779 5159 est,
1825 5097 2062 5149 divinum

474 5187 647 5224 semen
692 5168 1073 5231 adulterantes,
1118 5169 1448 5221 zizaniorum
1474 5176 1624 5220 sator
1647 5168 1923 5221 introitum
1962 5183 2064 5220 non

474 5242 888 5301 invenisset,ncc
923 5240 1084 5308 digna
1116 5239 1345 5306 ﬂammis
1369 5240 1422 5291 in
1449 5237 1595 5292 nobis
1620 5246 1867 5308 operatus
1897 5251 2064 5291 esset:

486 5330 503 5360 ι
549 5310 657 5373 Vis,
682 5313 842 5367 imus,
867 5307 1160 5379 colligimus
1178 5323 1236 5359 ea
1258 5309 1475 5373 thlatth.
1496 5322 1610 5361 xm.
1634 5307 1752 5374 28)?
1778 5326 1796 5358 ι
1826 5309 2071 5379 inquiunt

471 5380 689 5433 virtutes
727 5376 994 5447 angelicae.
1035 5379 1141 5429 .Setl
1186 5382 1360 5447 [acere
1406 5380 1541 5431 istuc
1592 5376 1952 5448 prohibentur,
2005 5394 2070 5431 ne

475 5466 590 5501 eum
613 5452 684 5503 eis
709 5464 817 5500 una
861 5448 1091 5499 triticum
1122 5450 1421 5501 eradicatur
1440 5463 1458 5500 :
1492 5463 1554 5501 ne
1585 5452 1721 5517 [orte
1749 5464 1855 5502 una
1879 5450 2070 5517 rapia-

472 5528 561 5571 tur
607 5527 876 5586 peccator,
916 5518 980 5589 de
1010 5519 1375 5589 emendatione
1401 5518 1638 5589 cogitans
1667 5536 1685 5572 :
1713 5535 1779 5572 ne
1813 5535 1930 5572 cum
1975 5536 2072 5589 pu-

471 5589 706 5642 rentibus
754 5588 1004 5657 improbis
1042 5587 1203 5641 simul
1237 5587 1637 5650 exscindantur,
1671 5597 1720 5641 et
1747 5587 2070 5643 damnentur

471 5657 641 5724 liberi,
676 5659 846 5712 adhuc
863 5674 1001 5728 saepe
1030 5659 1085 5711 in
1110 5658 1297 5712 lumbis
1328 5660 1581 5727 paternis,
1621 5659 1726 5712 Deo
1757 5669 1932 5713 autem
1949 5660 2070 5728 jam

468 5731 796 5798 exsistentes,
839 5730 928 5801 qui
967 5728 1107 5782 videt
1142 5728 1470 5792 abscondita,
1520 5729 1714 5797 quique
1765 5728 1908 5783 Esau
1958 5736 2073 5798 post

2167 4753 2434 4815 peccatum
2465 4761 2569 4798 non
2598 4746 2897 4823 demessuit,
2925 4762 2991 4801 ne
3030 4748 3192 4802 simul
3225 4748 3321 4803 Job
3343 4766 3409 4804 ea:
3458 4751 3557 4806 il.o
3594 4766 3765 4823 genus

2171 4823 2457 4869 ducturum
2484 4815 2824 4869 exscinderet.

2240 4890 2279 4908 “
2310 4886 2575 4961 Isidorus.
2594 4884 2893 4961 frudentia
2914 4890 3083 4944 media
3104 4899 3178 4944 est
3207 4891 3345 4944 inter
3366 4892 3762 4961 simplicitatem

2166 4965 2216 5031 et
2246 4958 2555 5031 versutiam.
2586 4956 2901 5031 Liberalitas
2952 4961 3091 5012 inter
3142 4956 3499 5031 profusionem
3530 4971 3579 5016 et
3602 4972 3761 5016 tena-

2168 5029 2399 5103 citatem.
2442 5026 2877 5103 Magnanimitas
2917 5031 3055 5103 inter
3116 5026 3484 5103 arrogantiam
3515 5042 3565 5087 et
3598 5034 3749 5103 abje-

2169 5098 2392 5150 ctionem
2425 5095 2610 5150 animi.
2641 5095 2912 5152 Fortitudo
2940 5102 3078 5153 inter
3099 5095 3378 5157 audaciam
3417 5112 3465 5156 et
3498 5095 3761 5157 timidita-

2174 5177 2299 5221 tem.
2340 5167 2515 5241 Pietas
2548 5168 2687 5241 inter
2710 5172 3131 5241 superstitionem
3172 5180 3221 5225 et
3256 5174 3601 5241 impietatem.
3645 5172 3760 5227 Es:-

2175 5247 2345 5315 trema
2366 5239 2537 5315 igitur
2579 5238 2850 5306 fugienda,
2879 5242 3053 5295 media
3092 5250 3270 5296 autem
3307 5238 3667 5315 persequenda
3705 5252 3757 5296 et

2167 5310 2412 5378 eligenda
2443 5318 2587 5360 sunt.

2246 5376 2311 5400 "‘
2351 5379 2606 5451 Basilius.
2639 5376 3073 5451 Perturbationes
3103 5384 3424 5451 importuna:
3438 5399 3500 5437 ac
3517 5381 3760 5437 violente

2167 5458 2312 5524 sunt,
2335 5450 2381 5500 si
2409 5458 2587 5524 cesset
2610 5450 2769 5524 ratio,
2815 5466 2923 5524 qua
2960 5450 3216 5524 valemus.
3269 5453 3353 5507 Ea
3388 5455 3684 5524 imperante
3703 5461 3755 5505 et

2169 5522 2423 5593 instante,
2462 5516 3018 5593 [acileir_t_obsequiunt
3063 5522 3394 5593 rediguntur.

2342 5589 2628 5641 Maximus.
2660 5586 2868 5642 Horum
2882 5591 2992 5645 alia
3008 5586 3303 5657 bonafalia
3322 5592 3467 5647 mala
3487 5601 3553 5648 ab
3579 5592 3752 5648 homi—

2172 5658 2324 5713 nibus
2346 5660 2745 5713 existimantur.
2770 5661 2933 5731 Atqui
2956 5679 3077 5717 cum
3100 5678 3194 5731 per
3206 5679 3262 5718 se
3290 5663 3426 5717 nihil
3438 5667 3507 5718 sit
3529 5663 3753 5730 malum,

2170 5739 2382 5800 propter
2395 5744 2547 5782 usum
2565 5731 2775 5799 proprie
2788 5732 2895 5787 sive
2910 5732 3111 5793 malum
3125 5734 3233 5790 sive
3251 5735 3444 5790 bonum
3461 5735 3753 5790 invenitur.
