4102 6200
476 356 479 361 ν
510 264 614 361 ,851

1741 273 2084 335 PHILIPPI
2127 227 2542 335 scuram.

3652 271 3758 332 852

510 356 694 443 amor,
725 387 950 450 propter
974 378 1233 449 gaudium
1266 377 1515 449 spiritus.
1545 382 1812 453 :egritudo
1836 384 1888 439 in
1918 387 2085 441 rebus
2114 392 2159 449 Α
2187 395 2373 443 autem
2418 384 2676 441 omnibus
2722 384 2870 439 intus
2906 382 3226 454 praesidens,
3272 380 3441 438 etiam
3490 382 3582 439 his
3618 383 3756 441 duc-

518 471 902 540 pt‘azsentibus,
936 480 993 525 et
1025 470 1429 526 mundanarum
1469 476 1833 544 contemptio.
1876 479 2083 533 Vitium

518 572 699 617 autem
745 562 948 616 acedia:
990 560 1048 615 in
1096 564 1398 632 gratiarum
1439 566 1683 629 actione,
1725 576 1782 621 et
1825 570 2083 637 praeclara

516 652 797 722 patientia,
847 652 916 706 ad
964 653 1135 707 Deum
1172 653 1439 717 ducente,
1461 657 1530 710 ab
1568 659 1832 728 operibus
1861 660 2081 713 demum

519 743 738 796 virtutis
785 744 1003 797 occulte
1059 745 1313 814 patratis.
1368 749 1642 813 oratione,
1702 751 2085 805 humiliatione

515 845 827 905 superatur.
862 837 1004 898 Quin
1040 848 1094 892 et
1120 856 1272 894 vanae
1302 842 1488 909 gloriae
1531 843 1766 909 cupidus
1811 844 2083 897 liberahe-

518 929 614 991 ris,
665 929 709 982 si
748 928 973 982 minime
1004 939 1195 984 contra
1242 933 1551 1001 proximum
1603 934 1769 987 stulte
1827 936 2082 1003 cleveris,

514 1020 660 1073 sicut
685 1019 815 1073 olim
842 1020 1216 1089 jactabundus
1262 1032 1454 1077 contra
1502 1024 1853 1093 publicanum
1895 1027 2086 1080 Phari-

514 1127 693 1166 saaus:
734 1121 787 1165 te
817 1127 950 1167 vero
982 1114 1229 1167 omnium
1264 1115 1516 1169 ultimum
1547 1127 1603 1169 et
1626 1117 1999 1185 profiteberis.
2031 1128 2087 1172 et

516 1204 818 1273 reputabis,
864 1213 919 1259 et
973 1206 1085 1260 Deo
1134 1207 1315 1261 omnia
1365 1216 1511 1262 recte
1564 1206 1705 1263 facta
1756 1217 1846 1263 tua
1890 1211 1942 1264 in
1991 1227 2086 1265 ac-

515 1296 691 1364 ceptis
726 1297 954 1351 referes.
983 1297 1117 1352 Nam
1159 1299 1432 1368 superbus
1474 1300 1881 1368 quodammodo
1925 1311 2088 1373 negat

517 1387 710 1440 Deum.
768 1386 822 1442 Si
871 1404 1001 1459 ergo
1041 1389 1306 1443 adversus
1354 1390 1635 1445 recensita
1684 1408 1928 1462 pugnare
1981 1394 2084 1456 vis,

516 1493 694 1548 eaque
726 1490 1079 1548 prosternere
1106 1481 1342 1535 maxime
1368 1491 1423 1536 et
1452 1491 1709 1549 potenter
1739 1483 1948 1555 fugare,
1981 1485 2086 1539 tela

517 1571 604 1626 his
629 1572 930 1635 contraria,
959 1588 1084 1641 qua:
1114 1574 1493 1643 exposuimus,
1525 1574 1763 1641 adhibe;
1793 1577 1894 1630 alia
1938 1577 2085 1631 enim

516 1663 605 1717 via
632 1664 749 1718 haec
774 1665 828 1718 in
865 1664 1045 1735 fugam
1077 1676 1286 1721 vertere
1310 1683 1418 1721 non
1452 1666 1638 1722 datur.
1678 1666 1783 1721 Sed
1815 1667 1960 1722 enim
1992 1669 2083 1738 qui

2188 477 2293 532 bus
2339 492 2553 532 summe
2598 476 2855 546 imperat,
2901 490 3075 544 caque
3124 474 3393 537 continet,
3435 474 3658 543 agitque
3701 485 3758 531 et

2188 568 2295 623 fert
2324 567 2692 637 undecunque
2727 581 2838 636 quo
2875 566 3014 620 vult.
3051 564 3157 620 Sed
3190 564 3459 619 virtutum
3498 573 3753 635 tanquam

2187 659 2443 731 princeps
2486 666 2570 712 est
2600 657 2760 719 ratio,
2804 655 3280 726 perturbationum
3329 671 3440 709 non
3469 658 3744 726 princeps,

2186 749 2283 804 sed
2314 748 2633 817 imperatrix
2663 749 2877 817 potius;
2914 747 2973 798 τὸ
3008 746 3225 814 λογικὸν
3264 756 3447 800 autem
3479 754 3565 800 est
3597 748 3758 816 ipsis-

2188 841 2361 915 simus
2388 841 2530 902 Θεῖος
2565 840 2688 902 νοῦς
2721 839 2927 909 (divina
2959 839 3132 907 mens)
3155 853 3276 907 qua:
3332 841 3614 907 passiones
3639 854 3751 893 non

2186 932 2350 986 simul
2373 943 2427 986 et
2457 946 2685 1001 prorsus
2714 931 2890 996 tollit;
2924 931 3016 985 sed
3052 939 3110 983 ut
3135 929 3472 983 fortissimus
3509 930 3751 984 relucta-

2191 1023 2362 1075 tor'et
2383 1021 2733 1076 adversarius
2769 1036 3089 1091 generosus,
3121 1031 3177 1076 et
3209 1020 3527 1090 passionum
3560 1032 3617 1076 et
3646 1037 3763 1076 mo-

2190 1129 2312 1167 rum
2391 1114 2580 1169 turbas
2641 1115 2878 1179 sternit,
2946 1124 3238 1168 uestrorum
3305 1112 3769 1169 inﬂammationes

2199 1206 2468 1276 reprimit,
2507 1215 2561 1261 et
2585 1207 2855 1260 motiones
2876 1207 3118 1267 cohibet,
3150 1216 3207 1260 et
3235 1207 3340 1260 tela
3359 1221 3607 1262 amorum
3628 1205 3767 1274 igni-

2192 1310 2370 1355 torum
2406 1298 2729 1368 exstinguit,
2775 1310 2831 1352 et
2859 1298 3099 1367 impetus
3126 1297 3524 1367 cogitationum
3558 1298 3765 1351 luctas-

2190 1410 2298 1463 que
2329 1395 2549 1448 avertit.
2588 1394 2706 1447 Non
2745 1400 2926 1446 tamen
2973 1393 3029 1445 in
3059 1392 3317 1446 omnibus
3346 1392 3630 1460 :rqualiter
3656 1392 3769 1446 vir-

2192 1494 2364 1539 tutem
2397 1484 2671 1549 ostendit;
2735 1483 2831 1537 sed
2876 1483 3079 1553 quibus
3132 1483 3277 1537 inest
3329 1498 3486 1538 mens
3540 1498 3673 1537 sana
3710 1492 3771 1538 et

2190 1574 2397 1645 optime
2450 1574 2720 1633 sentiens,
2756 1582 2813 1628 et
2872 1573 3061 1631 timor.
3084 1573 3326 1639 divinus,
3364 1582 3421 1626 et
3452 1573 3769 1628 novissimo.

2193 1682 2339 1734 rum,
2367 1666 2421 1719 in
2473 1665 2596 1719 istis
2623 1665 2761 1720 citra
2794 1665 3275 1734 perturbationum
3325 1666 3607 1720 molestias
3651 1666 3773 1720 ani-

522 1764 635 1809 tres
653 1756 1044 1825 compresserit
1072 1758 1145 1829 (id
1170 1765 1275 1821 est,
1304 1758 1759 1828 gastrimargiam,
1781 1730 2086 1821 avaritiam,
2122 1730 2163 1788 Β
2195 1771 2316 1811 mus
2366 1762 2517 1811 tenet
2555 1755 2925 1824 principatum
2956 1773 2970 1808 :
3005 1756 3152 1811 sicut
3187 1755 3415 1826 quidam
3461 1756 3771 1826 spiritualis

517 1859 712 1898 vanam
783 1845 1033 1915 gloriam,
1100 1846 1340 1915 primum
1407 1846 1642 1908 scilicet.
1712 1848 1963 1912 tertium,
2034 1857 2091 1903 et

517 1935 836 2006 septimum)
882 1937 1049 1991 etiam
1116 1935 1361 2006 quinque
1415 1936 1521 1991 alia
1575 1939 1932 2007 comprimet;
1992 1955 2092 2009 per

517 2042 639 2094 qua:
676 2026 778 2080 tria
832 2027 1184 2091 insatiabilis,
1213 2035 1270 2082 et
1309 2027 1450 2081 nihil
1489 2042 1600 2081 non
1639 2028 1849 2083 audens
1877 2028 2090 2083 daemon

514 2118 762 2182 emersit,
793 2117 1024 2183 insiluit,
1057 2117 1348 2172 Dominum
1372 2118 1638 2173 tentavit:
1671 2119 1872 2189 quibus
1898 2119 2089 2183 dediti,

517 2210 680 2280 longe
710 2209 991 2281 principes
1016 2218 1148 2265 sunt
1179 2209 1504 2264 vitiosorum
1529 2211 1797 2271 omnium.
1832 2211 2090 2265 mortales

516 2303 763 2374 pessimi.
782 2302 1144 2373 Comprimet,
1176 2302 1422 2373 inquam,
1452 2312 1778 2358 creterorum
1806 2303 2089 2359 audaciam

515 2407 573 2451 et
628 2395 1051 2465 impudentiam,
1114 2395 1359 2464 itemque
1421 2395 1742 2464 philautiam
1788 2397 2090 2464 turpiorem

515 2487 643 2551 illis,
675 2488 831 2557 cujus
854 2487 1017 2541 etiam
1063 2495 1237 2540 mater
1259 2494 1342 2540 est
1357 2485 1648 2555 cupiditas,
1677 2496 1738 2539 ut
1762 2486 1984 2555 quidam
2009 2501 2094 2541 sa-

515 2578 673 2647 piens
687 2592 875 2642 scnex,
902 2588 958 2633 et
990 2577 1046 2631 in
1076 2576 1292 2631 actione
1320 2585 1571 2631 versatus
1597 2576 1754 2631 dixit.
1780 2576 1877 2632 Est
1909 2586 2093 2631 autem

514 2670 779 2741 philautia
813 2670 1062 2741 corporis
1093 2684 1249 2723 amor
1289 2669 1702 2724 irrationabilis.
1734 2669 1861 2724 Tria
1916 2670 2094 2738 prima

517 2763 724 2817 horum.
756 2771 881 2816 octo
908 2778 923 2814 :
974 2761 1155 2830 (Gula,
1190 2761 1388 2825 libido,
1418 2762 1669 2826 avaritia,
1700 2762 1804 2824 ira,
1850 2761 2093 2826 triStitia,

517 2850 728 2914 acedia,
755 2865 894 2904 vana
925 2850 1117 2920 gloria,
1151 2850 1452 2919 superbia),
1491 2852 1694 2905 mundo
1722 2851 2095 2921 subjectorum

517 2948 688 2995 sunt:
726 2939 969 3011 quietam
1008 2940 1177 2994 vitam
1217 2940 1563 2995 sectantibus
1610 2941 1857 3011 quinque
1891 2940 2095 2995 bellum

516 3030 746 3085 faciunt.
798 3029 903 3097 Qui
943 3030 1045 3086 tria
1090 3032 1351 3102 neglexit,
1400 3047 1501 3087 nec
1555 3032 1701 3087 aliud
1757 3032 2097 3102 reliquorum

516 3121 903 3177 vincet.Van:e
933 3130 1114 3177 autem
1153 3132 1207 3176 et
1255 3121 1499 3192 plurima:
1538 3122 1732 3177 borum
1763 3131 1888 3177 octo
1921 3122 2096 3177 malo-

516 3228 661 3277 rum,
682 3213 932 3283 pessimae
950 3212 1130 3283 proles
1146 3224 1274 3269 sunt
1290 3229 1580 3268 numerum
1607 3213 1775 3269 ferme
1791 3214 2098 3279 stellarum,

517 3319 685 3376 super
709 3314 891 3376 guttas
916 3304 1247 3375 pluviarum,
1266 3318 1322 3361 et
1346 3321 1570 3362 arenam
1591 3307 1779 3361 maris.
1802 3307 2100 3363 Procreant

516 3396 684 3463 fetus,
733 3405 791 3450 ct
827 3395 881 3450 hi
927 3396 1065 3450 alios
1093 3405 1149 3451 et
1176 3395 1253 3449 iiii
1287 3412 1504 3451 rursum
1544 3396 1702 3463 alios,
1729 3397 1937 3452 zizania
1976 3413 2100 3468 pes-

516 3489 675 3554 sima,
706 3496 763 3543 et
804 3496 1001 3561 praeter
1045 3498 1315 3551 naturam,
1348 3504 1471 3558 quae
1506 3488 1763 3544 inimicus
1819 3489 2102 3545 dormien-

516 3578 669 3631 tibus
696 3577 1013 3633 hominibus
1060 3578 1538 3646 superseminavit.
1572 3578 1641 3633 Et
1680 3578 1923 3634 triticum
1972 3580 2101 3650 qui—

518 3668 647 3721 dem
703 3668 965 3721 virtutum
1016 3668 1261 3737 germina
1306 3669 1618 3736 statuimus,
1648 3686 1770 3740 qua:
1797 3670 2098 3725 secundum

522 3766 774 3813 naturam
836 3757 889 3809 in
944 3755 1301 3812 interioribus
1342 3758 1398 3812 in
1448 3767 1602 3828 parte
1648 3761 1844 3814 animre
1891 3761 2099 3815 intelli-

521 3845 722 3917 gentis,
763 3845 1049 3901 irascentis
1080 3846 1394 3900 sentiuntur
1425 3865 1438 3901 :
1479 3845 1623 3902 sicut
1654 3849 1866 3919 singula
1894 3850 2008 3921 jam
2046 3859 2101 3905 et

523 3937 898 4009 particulatim
931 3936 1243 4003 divisimus,
1271 3948 1328 3993 et
1360 3954 1390 3992 a
1424 3938 1635 3995 ratione
1668 3941 2014 4010 prudentiam
2045 3951 2102 3998 et

516 4036 809 4108 justitiam,
836 4049 865 4088 a
884 4030 1181 4104 c'upiditate
1213 4030 1652 4101 temperantiam,
1674 4032 1743 4087 ab
1772 4032 1853 4087 ira
1883 4032 2102 4090 fortitu-

522 4127 730 4190 dinem,
751 4135 990 4196 quatuor
1022 4125 1125 4180 ista
1153 4123 1375 4193 prodire
1406 4123 1667 4189 diximus,
1689 4141 1757 4179 ex
1779 4134 1899 4180 satu
1931 4126 2099 4182 tritici

519 4217 801 4274 videlicet.
852 4215 1229 4287 Cogitationes
1264 4224 1447 4270 autem
1495 4216 1829 4271 turbulentae
1886 4226 1943 4272 et
2000 4218 2101 4272 im-

523 4311 708 4382 proba:
736 4309 1027 4379 triplicitcr
1056 4309 1202 4363 intus
1243 4308 1447 4362 bellum
1483 4317 1671 4376 aperte
1713 4307 1953 4364 irritant.
1992 4312 2100 4364 Aut

2192 1856 2249 1901 et
2287 1844 2627 1916 experientia
2652 1846 2850 1901 doctus
2882 1855 3092 1901 censet.
3132 1846 3252 1900 Non
3289 1856 3520 1915 possunt
3554 1861 3770 1910 omnes,

2195 1936 2394 2006 inquit,
2428 1951 2528 2004 per
2554 1934 2777 1989 virtutis
2821 1934 3073 1990 semitam
3117 1935 3413 1989 incedere:
3446 1934 3541 1989 sed
3578 1935 3612 1987 ii
3646 1943 3772 1989 tan-

2194 2036 2332 2093 tum,
2376 2027 2468 2097 qui
2499 2026 2875 2081 continentius
2908 2026 3122 2080 vivunt.
3178 2024 3456 2081 Virtutum
3501 2036 3684 2080 autem
3715 2034 3773 2080 et

2196 2118 2569 2187 praestantior,
2618 2125 2675 2172 et
2705 2117 2901 2171 melior
2943 2126 3029 2172 est
3056 2117 3372 2186 prudentia,
3415 2133 3538 2187 qua:
3567 2118 3772 2187 cogita-

2195 2209 2345 2263 tione
2378 2217 2434 2264 et
2481 2208 2693 2262 ratione
2747 2209 3004 2263 universe
3052 2208 3348 2278 plurimum
3393 2208 3674 2279 adjuvant.
3712 2208 3771 2263 Si

2196 2302 2344 2358 enim
2379 2302 2541 2368 ratio,
2572 2310 2634 2365 ut
2680 2300 2864 2355 bonus
2908 2301 3124 2369 auriga,
3166 2308 3353 2371 partes
3394 2316 3519 2370 quas
3545 2299 3770 2370 quidem

2200 2403 2433 2457 naturae,
2497 2400 2555 2446 ut
2604 2392 2742 2454 dixi,
2814 2391 3153 2446 irrationalis
3192 2403 3342 2455 sunt,
3392 2391 3546 2446 freno
3587 2402 3772 2446 autem

2196 2487 2425 2542 rationis
2458 2487 2597 2555 bene
2635 2484 2876 2556 regentis
2903 2483 3160 2539 feruntur
3188 2492 3246 2539 et
3277 2493 3470 2555 parent
3499 2484 3682 2546 facile,
3715 2484 3771 2536 in

2196 2580 2400 2650 quibus
2456 2578 2717 2640 voluerit,
2760 2577 2902 2632 bene
2933 2578 3160 2641 rexerit,
3215 2592 3278 2631 ea
3321 2577 3548 2632 materia
3592 2575 3777 2630 laudis

2199 2671 2259 2725 iit
2288 2669 2580 2726 sanctioris
2627 2668 2754 2723 vitae
2793 2666 3082 2723 studiosis.
3113 2665 3247 2734 Quae
3286 2675 3417 2721 sunt
3467 2664 3770 2722 secundum

2200 2771 2476 2826 naturam,
2511 2759 2685 2826 ﬁunt;
2721 2775 2842 2830 quae
2887 2766 3077 2814 contra
3104 2767 3253 2822 sunt,
3292 2757 3598 2827 fugiuntur,
3634 2757 3780 2812 sicut

2201 2854 2257 2909 in
2289 2852 2722 2924 praecedentibus
2767 2851 3080 2907 docuimus.
3130 2850 3188 2906 Si
3231 2858 3413 2905 autem
3446 2849 3587 2903 ratio
3619 2849 3774 2918 prin-

2176 2959 2328 3014 -ceps
2353 2959 2461 3000 non
2485 2943 2624 2998 bene
2640 2950 2812 3013 regat,
2844 2943 2971 3011 quia
2992 2941 3197 3004 deﬁcit,
3215 2940 3372 3012 cujus
3400 2951 3484 2995 est
3513 2939 3645 3009 quid
3677 2939 3777 2993 de-

2125 3062 2167 3121 C
2201 3048 2325 3092 ceat
2351 3036 2619 3107 judicare,
2665 3035 2733 3090 de
2763 3043 2963 3091 cretero
2992 3050 3155 3090 omne
3199 3034 3593 3089 detrimentum
3628 3032 3683 3086 in
3716 3046 3779 3085 se

2198 3127 2365 3181 vertit
2390 3128 2428 3182 ‘.
2467 3126 2574 3180 Res
2607 3139 2826 3180 sursum
2857 3140 2920 3179 ac
2949 3124 3206 3180 deorsum
3240 3133 3406 3189 eunt;
3436 3123 3586 3177 illico
3628 3122 3781 3176 enim

2200 3220 2407 3274 veritas
2419 3206 2647 3288 putatur
2670 3217 3042 3282 mendacium,
3068 3227 3124 3270 et
3146 3216 3293 3285 quod
3311 3215 3472 3270 dulce
3492 3224 3599 3276 est,
3621 3229 3776 3267 ama-

2201 3324 2346 3373 rum,
2365 3319 2421 3362 ct
2435 3323 2681 3364 amarum
2702 3307 2883 3362 dulce.
2905 3306 3114 3361 Lumen
3142 3306 3198 3360 lli
3215 3306 3455 3360 tenebrte
3466 3314 3523 3361 et
3538 3304 3782 3360 tenebrat

2202 3400 2420 3465 lumen;
2454 3401 2597 3456 mala
2641 3409 2861 3465 natura,
2901 3399 3163 3455 videntur
3213 3399 3440 3470 optima,
3483 3406 3541 3454 et
3572 3399 3779 3468 optima

2201 3492 2481 3564 fugienda.
2519 3493 2575 3548 Si
2607 3493 2733 3563 quis
2770 3492 3118 3549 instiusmodi
3158 3492 3290 3546 falsa
3334 3491 3542 3562 judicia
3594 3490 3780 3556 faciat,

2206 3584 2404 3639 vitium
2435 3594 2492 3639 et
2524 3585 2739 3654 peccati
2789 3583 3045 3655 contagio
3092 3584 3289 3639 abesse
3333 3598 3442 3638 non
3478 3590 3677 3652 potest.
3712 3581 3783 3636 Et

2206 3683 2337 3730 tunc
2384 3674 2594 3730 zizania
2638 3690 2761 3731 cum
2801 3676 3047 3746 germine
3089 3682 3438 3739 excrescunt,
3470 3675 3781 3744 stirpesque

2154 3826 2158 3830 ,
2205 3766 2430 3822 inutiles
2464 3766 2520 3821 in
2571 3766 2719 3837 agris
2756 3766 3138 3837 spiritualibus
3171 3781 3232 3821 se
3268 3765 3632 3836 profundunt,
3671 3766 3780 3819 uti-

2203 3862 2363 3933 leque
2418 3862 2685 3927 triticum,
2734 3870 2791 3916 et
2840 3861 3102 3915 alimento
3153 3860 3413 3930 idoneum
3464 3858 3780 3924 discoloria,

2201 3965 2257 4008 et
2286 3970 2315 4008 a
2349 3962 2544 4009 natura
2577 3952 2934 4008 abhorrentia
2981 3951 3254 4007 sui'focant
3289 3954 3347 4006 “.
3407 3950 3544 4006 Nam
3591 3960 3654 4004 ut
3704 3959 3781 4004 te-

2204 4045 2425 4100 terrima
2454 4052 2761 4114 prmterque
2792 4050 3067 4107 naturam,
3116 4050 3174 4096 et
3215 4040 3524 4095 adulterina
3570 4038 3781 4095 semina

2201 4149 2325 4188 cum
2376 4134 2721 4188 naturalibus
2775 4132 3271 4203 comprehendant,
3332 4139 3390 4185 et
3435 4131 3778 4200 proveniant.

2204 4225 2319 4280 fieri
2376 4226 2587 4295 nequit.
2626 4225 2892 4280 Voluntas
2943 4223 3214 4292 corporis,
3251 4221 3544 4291 prudentia
3577 4220 3782 4282 carnis,

2200 4316 2542 4384 voluptatum
2597 4315 2899 4385 impostura
2946 4323 3150 4383 pra'ter
3212 4319 3464 4366 naturam
3530 4309 3783 4381 propagi.

524 4401 674 4458 enim
707 4401 884 4472 ipsum
910 4400 1213 4471 appetitum
1240 4398 1422 4454 cordis
1448 4407 1671 4453 movent
1696 4416 1709 4462 ;
1734 4409 1828 4452 aut
1854 4399 2096 4454 animum
2131 4394 2176 4452 D
2202 4422 2301 4462 nes
2342 4415 2490 4461 sunt,
2559 4406 2705 4472 Quas
2744 4406 2790 4460 si
2837 4405 3041 4461 sanctis
3108 4402 3395 4457 laboribus
3451 4399 3790 4471 oppresseri-

530 4494 598 4550 ad
631 4495 767 4550 iram
800 4504 856 4549 et
912 4494 1078 4548 bilem
1116 4492 1462 4559 accendunt;
1500 4501 1595 4546 aut
1627 4492 1863 4563 denique
1896 4494 2097 4549 rationi

524 4587 787 4642 tenebras
814 4584 1130 4640 oﬂ‘undunt.
1178 4584 1256 4639 Ex
1283 4583 1484 4653 quibus
1532 4583 1822 4653 contingit.
1857 4594 2096 4659 mentem

524 4676 773 4732 intimam
825 4682 1175 4731 obscuratum
1210 4674 1513 4744 producere
1545 4674 1598 4727 in
1654 4674 1876 4745 longum
1913 4691 2098 4733 sacras

522 4784 717 4840 preces
770 4785 878 4823 non
934 4783 1120 4838 posse,
1174 4766 1684 4836 intelligentemque
1738 4775 1795 4821 et
1855 4767 2095 4824 divinam

522 4872 734 4930 partem
784 4860 850 4915 ad
899 4859 1085 4915 lumen
1137 4858 1382 4914 divinant
1416 4858 1702 4917 .hebctari.
1761 4858 1835 4912 Τδ
1881 4859 2101 4927 λογικὸν

2203 4512 2345 4562 mus,
2392 4498 2700 4567 spiritualia
2741 4505 3017 4552 crescunt.
3054 4492 3323 4548 Triticum
3367 4503 3451 4547 est
3484 4490 3786 4547 secundum

2199 4597 2472 4642 naturam.
2534 4587 2749 4642 Etenim
2803 4583 3027 4640 virtutis
3090 4580 3315 4652 igniculi
3369 4596 3401 4633 a
3453 4588 3650 4634 natura
3693 4591 3794 4631 no-

2202 4680 2286 4734 bis
2333 4691 2464 4735 sunt
2515 4680 2702 4743 insiti;
2752 4688 2935 4733 motus
2967 4684 3151 4730 autem
3206 4672 3435 4735 turbidi,
3468 4681 3666 4742 praeter
3695 4682 3793 4723 na-

2202 4782 2381 4827 turam
2411 4781 2560 4836 sunt,
2603 4782 2663 4827 ut
2688 4772 2801 4826 dixi

2277 4863 2333 4921 Si
2375 4866 2537 4920 enim'
2567 4864 2886 4936 improbitas
2922 4871 3071 4919 esset
3122 4861 3328 4932 aliqua,
3358 4866 3421 4913 ut
3467 4856 3544 4912 ita
3588 4853 3788 4916 dicam.

1995 4998 2271 5064 Scholia.

605 5132 623 5151 ‘
651 5126 946 5197 Gregorius
976 5124 1277 5197 Nyssenus.
1312 5122 1596 5197 Qeceptum
1630 5120 1933 5197 intellectus
1955 5123 2112 5197 judi-

528 5200 690 5258 cium.
723 5192 840 5267 iﬁsa
892 5213 974 5250 res
1008 5192 1271 5267 sequitur.
1312 5192 1462 5267 Cum‘
1485 5193 1625 5245 enim
1678 5193 2113 5267 imperita_ratio

529 5285 636 5321 non
669 5263 924 5322 inuenerit
960 5266 1049 5318 ubi
1086 5263 1292 5317 utiliter
1326 5264 1488 5316 armis
1528 5270 1729 5323 utatur,
1762 5264 1815 5333 in
1850 5279 1905 5315 se
1936 5263 2108 5333 ipsum

528 5339 733 5404 ferrum
770 5334 1158 5389 auxiliatorum
1188 5335 1462 5398 convertit,
1494 5334 1546 5386 ei
1575 5333 1664 5400 qui
1695 5332 1836 5386 male
1864 5332 1987 5388 usus
2013 5345 2109 5399 est,

528 5408 876 5477 perniciosum
887 5443 899 5457 .

603 5480 639 5497 “
664 5477 951 5530 Maximus.
984 5472 1081 5527 Res
1110 5473 1238 5543 ipsa:
1269 5473 1478 5543 quidem
1507 5482 1654 5527 extra
1690 5474 1927 5526 animum
1964 5484 2107 5538 sunt,

530 5561 713 5600 earum
771 5545 1282 5614 veroicogitationes
1337 5560 1398 5614 ac
1440 5561 1620 5596 sensus
1675 5544 1817 5597 intra
1866 5543 2105 5613 animum

529 5618 843 5670 consistunt.
898 5613 1064 5667 Penes
1098 5615 1268 5683 ipsum
1314 5613 1475 5683 igitur
1520 5622 1614 5677 cst,
1646 5614 1805 5683 hisce
1838 5622 1931 5665 aut
1977 5614 2106 5667 bene

533 5694 626 5740 aut
660 5702 804 5739 secus
827 5686 904 5739 uti
928 5700 945 5739 :
971 5700 1063 5738 nec
1092 5683 1241 5738 aliud
1267 5682 1557 5754 quidquam
1592 5690 1666 5737 est
1694 5682 1920 5747 nminat,
1944 5700 2105 5754 quant

2214 5132 2536 5200 operationis
2568 5131 2884 5201 facultatum
2930 5138 3138 5201 natum
3167 5128 3238 5182 ad
3256 5126 3426 5201 ﬁnem
3465 5122 3791 5195 propositum

2211 5199 2494 5274 insitarum
2526 5199 2764 5271 defectio,
2798 5204 2905 5256 sive
2931 5200 3079 5254 bona:
3117 5199 3358 5274 omnium
3410 5203 3794 5274 rer‘um‘caust‘l

2210 5272 2517 5338 ignorantia
2540 5287 2558 5324 :
2579 5263 2695 5341 quae
2715 5263 2831 5325 cum
2860 5280 3085 5324 mentem
3107 5270 3396 5341 humanam
3421 5263 3787 5341 debilitaserit.

2210 5328 2382 5409 ipsam
2408 5360 2439 5394 a
2469 5328 2650 5395 divina
2679 5342 2976 5411 cognitione
2997 5339 3203 5411 penitus
3231 5336 3568 5408 peregrinam
3598 5328 3790 5391 reddit,

2211 5418 2259 5462 et
2288 5411 2440 5483 aliud
2477 5428 2694 5483 prorsus
2722 5411 2911 5483 nihil.”
3010 5479 3019 5483 Δ
3191 5479 3220 5483 _
3298 5479 3310 5483 Α
3706 5467 3750 5483 ν.

2281 5482 2341 5501 “”
2364 5470 2700 5551 Ιηιρ’νοὺὶιαε,
2735 5491 2826 5534 aut
2849 5479 3113 5551 illaudata
3142 5479 3367 5551 adfectio1
3384 5470 3714 5551 naturaliter
3730 5470 3790 5522 in

2213 5558 2408 5605 natura
2447 5544 2554 5605 non
2585 5554 2846 5605 cohazrent
2878 5567 2939 5604 ac
2967 5544 3291 5610 subsistunt;
3329 5546 3465 5601 Deus
3500 5545 3641 5599 enim
3673 5544 3789 5596 iuro

2210 5621 2547 5677 bulentarum
2571 5622 2861 5677 motionum
2885 5636 2989 5676 non
3017 5628 3093 5674 est
3123 5617 3386 5672 conditor.
