4102 6200
483 335 604 400 853

486 534 843 607 supplicium,
900 545 1005 585 nec
1067 529 1336 585 virtutum
1396 530 1707 587 cultoribus
1774 531 2061 601 prmmium

486 638 632 685 esset
663 622 1027 695 propositum.
1064 620 1122 677 Si
1150 621 1274 691 quis
1302 636 1434 691 ergo
1462 620 1864 677 consuetudine
1895 619 2059 687 mala,

484 725 542 771 et
586 714 697 768 vita
746 712 889 767 male
930 710 1129 766 feriata
1170 710 1495 766 all‘ectiones
1539 727 1568 765 a
1610 720 1809 766 natura
1854 710 2062 765 alienas

489 806 544 859 in
572 803 823 858 habitum
842 801 1204 865 converterit,
1230 800 1276 855 is
1295 816 1518 857 rursum
1540 799 1942 856 consuetudine
1967 803 2063 855 ho-

483 910 553 948 na
582 894 692 946 vim
727 893 875 947 illam
911 892 1029 947 vitii
1052 892 1106 945 in
1128 891 1349 948 virtutis
1370 891 1483 946 vim
1513 892 1811 962 remigrare
1835 899 1993 962 cogat
2019 893 2058 945 '.

482 986 778 1052 Postquam
818 983 969 1037 enim
1021 983 1157 1038 lines
1212 997 1342 1037 suos
1369 998 1590 1053 egressa
1639 981 1828 1047 fuerit,
1876 984 2060 1039 denuo

489 1077 543 1130 in
573 1075 810 1144 seipsam
840 1073 1099 1129 celeriter
1129 1075 1310 1130 redire
1340 1075 1722 1144 compellatur.
1757 1074 2060 1131 Etidcirco

488 1183 718 1237 magnus
744 1166 1099 1236 ille‘agricola
1132 1166 1414 1238 praecepit,
1437 1168 1798 1235 relinquenda
1827 1168 2058 1231 zizania,

489 1266 550 1312 ut
579 1266 827 1313 crescant
858 1272 983 1312 cum
1017 1258 1222 1325 tritico,
1257 1266 1318 1313 ut
1342 1260 1550 1329 plastes
1575 1259 1874 1329 providens
1900 1261 2061 1316 nobis

491 1363 560 1403 ne
589 1363 648 1403 re
676 1359 867 1403 natura
901 1348 1274 1417 pulcherrima
1307 1350 1656 1415 orbaremur,
1688 1365 1757 1404 ne
1783 1350 2059 1420 cupiditas

490 1455 615 1495 cum
675 1442 923 1511 germine
984 1442 1355 1511 improbitatis
1415 1442 1576 1496 simul
1616 1442 2054 1497 exscinderetur.

488 1532 623 1587 Nam
652 1533 696 1586 si
733 1547 839 1588 una
871 1549 995 1588 cum
1026 1534 1091 1587 iis
1142 1549 1263 1603 quae
1292 1543 1490 1604 praeter
1526 1543 1781 1599 naturam
1813 1542 1963 1599 sunt,
1993 1548 2057 1589 ea

487 1638 609 1693 quae
637 1624 941 1678 secundum
964 1633 1216 1679 naturam
1241 1632 1371 1677 sunt
1397 1624 1581 1677 omnia
1611 1623 2055 1688 extraherentur,

487 1722 687 1770 natura
718 1715 959 1770 humana
1006 1714 1074 1769 ad
1116 1715 1382 1770 auxilium
1422 1731 1584 1770 suum
1619 1716 1799 1782 aliter,
1830 1723 1886 1769 et
1915 1715 2057 1769 bene

483 1808 555 1863 iis
589 1807 668 1862 uti
710 1823 821 1862 non
862 1818 1067 1876 posset.
1102 1807 1385 1863 Cbaritate
1435 1808 1605 1870 enim,
1646 1823 1768 1878 quae
1801 1807 2056 1877 pulcher-

487 1898 627 1953 rima
659 1898 979 1968 cupiditatis
1012 1900 1195 1968 proles
1230 1908 1334 1962 est,
1364 1914 1396 1954 e
1440 1899 1600 1954 nobis
1649 1900 1813 1955 simul
1855 1900 2058 1964 excisa,

482 1988 632 2057 quod
687 1988 910 2044 tandem
963 1990 1321 2060 pbarmacum
1372 1991 1584 2045 utiliter
1635 1991 2068 2047 adhibebimus?

483 2080 593 2136 Ista
636 2089 818 2136 autem
878 2081 1041 2136 simul
1094 2081 1398 2149 dillluente,
1442 2098 1563 2153 quae
1616 2098 1769 2138 arma
1818 2084 1944 2154 quis
1988 2084 2059 2139 ad

481 2171 860 2226 defensionem
903 2172 989 2227 sui
1034 2180 1227 2228 contra
1272 2173 1462 2229 hostes
1494 2174 1711 2230 occulte
1748 2190 1849 2231 nos
1884 2191 2060 2246 oppu-

483 2276 717 2337 gnantes
748 2267 988 2322 habeat?
1018 2266 1311 2323 Armorum
1342 2264 1548 2338 quippe
1584 2269 1704 2323 loco
1738 2268 2059 2324 hominibus

480 2366 613 2412 sunt
641 2358 917 2427 appetitus
974 2366 1032 2414 et
1065 2357 1167 2412 ira.
1195 2358 1353 2425 Quod
1382 2358 1428 2413 si
1462 2360 1578 2415 haec
1609 2360 1876 2416 radicitus
1898 2361 2057 2416 evul-

481 2448 642 2512 scris,
678 2449 956 2519 quomodo
1003 2449 1186 2504 nudus
1229 2450 1459 2520 spiritus
1510 2450 1578 2505 ad
1622 2466 1859 2521 pugnam
1890 2460 1946 2507 et
1974 2452 2059 2506 lu-

478 2551 626 2596 ctam
686 2548 875 2595 contra
931 2540 1230 2606 daamones,
1283 2551 1447 2611 atque
1502 2540 1570 2595 ad
1626 2542 1801 2596 aciem
1860 2549 2056 2597 contra

481 2629 759 2700 principes
790 2630 1141 2686 tenebrarum
1173 2630 1547 2686 instruendam
1575 2630 1924 2702 aggrediatur
1951 2633 2030 2686 *Ὗ

550 2759 655 2826 Qui
715 2763 862 2816 enim
911 2762 1218 2818 secundum
1269 2763 1557 2834 spiritum,
1590 2780 1700 2819 non
1748 2765 2052 2821 secundum

480 2854 719 2908 animam
752 2863 986 2920 tantum,
1019 2856 1136 2910 sive
1181 2856 1484 2911 secundum
1533 2872 1752 2912 carnem
1796 2857 1938 2912 hanc
1969 2857 2052 2911 vi-

480 2959 610 2998 vere
656 2956 1086 3009 consueverunt,
1139 2962 1235 3003 COS
1286 2956 1497 3003 certum
1552 2957 1634 3003 εει
1680 2965 1712 3005 a
1756 2965 1870 3004 non
1907 2950 2050 3004 bono

482 3045 706 3106 propter
727 3037 929 3091 bonum
963 3037 1129 3107 pungi
1158 3054 1220 3092 ac
1249 3038 1542 3095 stimulari.
1568 3040 1671 3105 Qui
1703 3056 1832 3095 vero
1859 3041 2053 3095 vivunt

1927 330 2282 394 ῡΙΟΡἸἾῐΛ.

486 437 879 501 substantiatio
936 446 1032 493 aut
1082 446 1303 502 natura,
1361 453 1462 493 nec
1521 440 1887 496 sectatoribus
1947 441 2068 511 ejus
2094 442 2141 502 Α

3630 290 3738 392 sa

2747 438 2971 496 CAPUT
3010 438 3146 493 Xll’l.

2172 573 2431 651 Quisnam
2482 575 2907 651 carnalisuquis
2962 573 3234 651 animalis,
3273 572 3388 640 quis
3421 569 3737 651 _spiritualis

2240 643 2588 767 appellandus
2617 647 2704 698 sit.
2746 639 2927 698 Solum
2969 645 3022 697 id
3070 644 3261 697 bonum
3287 639 3432 710 quod
3474 639 3540 693 ea:
3572 639 3738 716 libera

2240 730 2303 766 vo
2329 722 2512 767 untate
2558 714 2824 767 nrwcedit.
2877 713 3087 767 laudem
3113 721 3160 767 et
3190 713 3465 767 nrwmium
3518 724 3735 763 mereri.

2240 713 2512 768 voluntate
2557 714 2824 784 prwcedit,
2877 713 3087 767 laudem
3113 721 3160 767 et
3188 713 3465 784 prwmium
3518 713 3735 763 mereri.

2241 850 2435 903 Amm.
2488 847 2595 903 Sed
2649 865 2768 919 age,
2810 848 3180 903 dill‘erentiam
3238 860 3626 916 personarum,
3678 852 3739 896 et

2168 941 2291 1012 quis
2304 941 2559 1005 carnalis,
2583 941 2707 1010 quis
2732 940 3055 1010 spiritualis,
3086 940 3211 1010 quis
3236 938 3457 993 demum
3484 935 3738 992 animalis

2167 1034 2259 1095 sit,
2298 1033 2430 1087 mihi
2465 1032 2716 1098 declara;
2754 1047 2857 1087 nec
2887 1032 3035 1086 enim
3068 1045 3299 1086 noscere
3326 1045 3491 1100 queo.

2237 1122 2403 1179 Cano.
2427 1123 2642 1178 Primus
2672 1124 2872 1177 horum
2911 1123 3126 1192 corpori
3157 1122 3501 1191 obsequitur,
3526 1129 3583 1176 et
3612 1134 3736 1175 cor-

2168 1214 2319 1284 poris
2352 1215 2733 1285 voluptatibus
2765 1216 2958 1280 servit,
2989 1215 3271 1285 vitamque
3311 1222 3524 1269 tantum
3555 1212 3734 1267 sensi-

2167 1310 2271 1364 bus
2302 1310 2604 1379 subjectam
2640 1308 2695 1363 in
2745 1309 2923 1364 rebus
2961 1308 3185 1364 caducis
3222 1307 3415 1378 exigit.
3456 1307 3510 1360 in
3539 1319 3650 1375 quo
3679 1312 3738 1358 ct

2164 1404 2412 1458 deterius
2454 1418 2485 1456 a
2531 1403 2912 1470 priestantiore
2964 1402 3253 1457 subactum
3305 1408 3411 1455 est.
3465 1396 3737 1453 Animalis

2162 1495 2379 1551 solutus
2413 1502 2469 1549 et
2504 1494 2660 1548 laxus
2685 1503 2771 1548 est
2810 1492 2881 1547 ad
2917 1493 3140 1547 babitus
3171 1506 3363 1546 revera
3392 1505 3504 1544 non
3538 1489 3734 1551 bonos,

2163 1586 2519 1654 animumque
2560 1584 2808 1639 nondum
2844 1584 3178 1638 illustratum
3222 1583 3426 1647 habet;
3462 1579 3561 1636 sed
3599 1578 3737 1632 vivit

2164 1677 2233 1732 ad
2253 1678 2580 1748 appetitum,
2611 1677 2706 1747 qui
2738 1677 2960 1731 videtur
2990 1676 3271 1743 optimus,
3290 1674 3555 1735 motibus,
3587 1671 3736 1726 desi-

2094 1780 2136 1834 B
2164 1768 2356 1832 deriis,
2399 1776 2455 1822 et
2478 1775 2691 1821 natura:
2720 1766 3116 1821 blandimentis
3151 1765 3420 1835 indulget.
3460 1762 3733 1832 Spiritus-

2161 1861 2269 1916 lem
2330 1874 2594 1915 vocamus
2649 1868 2923 1913 amantem
2980 1874 3165 1914 rerum
3228 1858 3576 1921 cmlestium;
3638 1855 3732 1924 qui

2169 1950 2404 2004 internis
2458 1948 2637 2004 oculis
2692 1947 2881 2002 divina
2940 1948 3186 2016 respicit,
3239 1957 3295 2002 et
3352 1944 3734 2000 tantummodo

2162 2041 2333 2095 vitam
2396 2039 2791 2108 sempiternam
2864 2038 3066 2110 diligit,
3123 2036 3310 2092 omnia
3380 2034 3732 2105 volnptuaria

2160 2131 2472 2196 coneulcat,
2523 2131 2732 2186 sanctis
2788 2129 3286 2186 exercitationibus
3333 2143 3393 2183 se
3440 2127 3629 2191 dedit,
3676 2134 3735 2179 et

2160 2221 2381 2293 spiritui
2411 2237 2633 2277 carnem
2675 2221 2917 2293 subjicit.
2948 2220 3106 2288 Quod
3149 2220 3195 2276 si
3229 2220 3407 2290 placet
3451 2218 3574 2284 tibi,
3618 2233 3731 2273 rem

2159 2316 2270 2369 alio
2335 2315 2503 2369 modo
2564 2314 2893 2385 explanabo.
2949 2312 3340 2382 Unusquisque
3422 2309 3731 2367 secundum

2160 2413 2413 2459 naturam
2449 2415 2505 2459 et
2531 2420 2753 2459 carnem
2783 2403 3110 2465 viventium,
3139 2404 3299 2473 plane
3335 2410 3568 2457 vocatur
3608 2399 3733 2454 ani-

2158 2497 2335 2560 malis,
2372 2505 2432 2551 ut
2466 2496 2561 2567 qui
2598 2506 2779 2552 mente
2825 2497 3070 2551 nondum
3114 2494 3406 2565 profecerit
3435 2496 3519 2550 “'.

2231 2589 2490 2644 Viventes
2537 2589 2684 2643 intra
2738 2588 3018 2658 spiritum,
3071 2587 3324 2642 carnales
3368 2585 3711 2655 appellamus

2155 2679 2259 2746 Qui
2310 2694 2495 2735 autem
2550 2688 2800 2737 naturam
2843 2680 2910 2734 ad
2959 2680 3217 2750 spiritum
3266 2686 3725 2745 attemperarunt.

2163 2769 2482 2838 spirituales
2529 2769 2780 2836 audiunt,
2833 2779 2893 2823 ut
2946 2770 3039 2838 qui
3096 2768 3359 2823 virtutem
3411 2773 3732 2822 exerceant.

2155 2861 2367 2916 Adhuc-
2396 2862 2613 2916 tertiam
2633 2862 3052 2931 explicationem
3087 2861 3354 2915 all'eram:
3391 2857 3583 2913 Mutuo
3630 2856 3733 2912 ad—

2155 2961 2447 3008 versantur
2477 2968 2603 3008 caro
2660 2962 2714 3008 et
2748 2953 2996 3022 spiritus.
3034 2952 3092 3006 ln
3124 2968 3238 3021 quo
3265 2967 3393 3007 caro
3431 2965 3731 3021 superave-

2155 3045 2257 3107 rit,
2281 3046 2328 3100 is
2358 3046 2562 3100 dicitur
2583 3046 2838 3101 carnalis.
2886 3046 2943 3099 lu
2985 3061 3095 3115 quo
3130 3045 3355 3115 spiritus
3377 3044 3597 3106 vicerit,
3641 3042 3732 3097 ille

478 3126 533 3180 in
563 3142 725 3181 carne
758 3129 998 3183 carnalia
1040 3131 1285 3197 sapiunt.
1334 3149 1352 3180 ι
1383 3130 1648 3185 Animalis
1692 3131 1838 3185 enim
1882 3131 2048 3185 homo
2079 3112 2120 3164 (ἶ
2152 3136 2783 3207 cstspiritualis,etjure
2805 3112 3018 3192 fructus
3034 3112 3261 3204 spiritus
3279 3135 3660 3192 dicendus"".

478 3232 585 3272 non
618 3216 852 3287 percipit
879 3233 944 3271 ea
976 3232 1098 3286 quae
1118 3230 1248 3274 sunt
1285 3221 1509 3289 Spiritus
1535 3220 1577 3284 ³,
1612 3240 1629 3271 ι
1670 3221 1868 3275 Paulus
1905 3222 2056 3275 velut

475 3322 546 3362 ex
589 3309 701 3363 alto
753 3310 1110 3379 pronuntiat:
1160 3328 1268 3365 non
1316 3312 1463 3366 enim
1516 3322 1600 3366 est
1648 3313 1901 3381 spiritus,
1956 3310 2050 3381 qui

477 3400 778 3455 secundum
810 3415 1031 3456 carnem
1063 3402 1217 3466 vivit,
1251 3403 1410 3473 cujus
1443 3403 1737 3471 prudentia
1767 3411 1852 3456 est
1897 3418 2047 3457 mors

482 3491 786 3558 periculum
812 3507 1092 3561 magnum,
1120 3501 1171 3545 et
1202 3507 1379 3561 pugna
1406 3499 1459 3545 et
1488 3489 1752 3544 distantia
1786 3506 1815 3544 a
1843 3488 2047 3544 divinis

482 3580 732 3649 penitus;
765 3582 967 3637 divinis
1002 3583 1148 3636 enim
1186 3582 1396 3652 legibus
1427 3580 1753 3635 omnimodis
1788 3580 2047 3634 adversa-

486 3680 594 3725 tur.
634 3673 930 3729 Prudentia
979 3686 1160 3730 autem
1205 3673 1452 3744 spiritus,
1489 3688 1675 3742 pacem
1705 3672 1882 3726 vivam
1925 3687 2044 3726 sca-

483 3764 618 3817 turit
641 3763 681 3819 ‘.
708 3765 809 3832 Qui
832 3768 1052 3822 carnale
1081 3783 1266 3822 semen
1292 3766 1546 3828 seminat,
1571 3765 1640 3819 de
1664 3779 1828 3818 carne
1852 3771 2042 3824 metet,

481 3862 647 3909 metet
679 3864 862 3910 autem
913 3865 1164 3911 mortem.
1204 3856 1308 3922 Qui
1345 3863 1530 3911 autem
1588 3855 1643 3908 in
1702 3855 1900 3923 spiritu
1957 3868 2046 3907 se-

480 3945 671 4007 minat,
723 3948 1027 4018 spiritualia
1089 3959 1280 4019 metet,
1333 3956 1391 4004 et
1450 3960 1683 4003 messem
1736 3945 2051 4016 corruptio.

477 4036 563 4090 nis
591 4038 633 4090 ⁸.

547 4279 568 4309 ⁸
600 4278 615 4331 l
648 4279 775 4335 Cor.
813 4295 873 4346 ll,
906 4280 992 4336 14.
1067 4284 1090 4314 ⁸
1123 4284 1283 4338 Rom.
1310 4300 1425 4352 Vill,
1457 4284 1491 4338 6
1513 4301 1667 4357 seqq.

2223 3226 2379 3293 Quod
2423 3228 2469 3282 si
2510 3228 2656 3281 inter
2688 3227 2852 3280 ambo
2891 3242 2994 3294 pax
3042 3226 3255 3281 inutilis
3288 3226 3474 3289 fuerit,
3521 3225 3631 3280 erit
3682 3225 3729 3279 is

2153 3317 2323 3371 homo
2368 3319 2644 3380 animalis,
2694 3317 2791 3385 qui
2843 3332 2974 3371 vere
3012 3316 3381 3385 cognitionem
3428 3316 3617 3372 habet.
3672 3324 3729 3369 et

2154 3408 2324 3460 vitam
2351 3408 2549 3461 animae
2577 3406 2797 3459 insitam
2828 3413 2888 3459 et
2910 3418 3226 3460 concessam
3256 3404 3411 3458 vivit.
3440 3404 3552 3458 Nec
3577 3403 3724 3457 enim

2154 3496 2448 3551 seminavit
2496 3497 2563 3551 in.
2598 3511 2784 3557 carne,
2820 3506 2881 3550 ut
2917 3496 3351 3564 corruptionem.
3376 3501 3547 3547 mctat
3578 3511 3592 3546 :
3628 3508 3729 3546 nec

2156 3601 2350 3640 rursus
2385 3584 2438 3638 in
2485 3587 2708 3655 spiritu,
2745 3596 2805 3640 ut
2839 3585 3003 3640 vitam
3033 3595 3296 3641 aeternam
3329 3593 3528 3646 motat;
3563 3592 3728 3652 atque

2153 3675 2282 3729 hinc
2313 3684 2370 3729 ut
2406 3676 2643 3729 medium
2674 3676 2959 3745 quiddam,
2989 3685 3045 3730 et
3067 3675 3318 3730 animalis
3345 3683 3430 3730 est

2227 3766 2419 3832 Qualis
2468 3767 2542 3822 sit
2587 3767 2826 3822 carnalis
2866 3768 3054 3831 homo,
3085 3767 3263 3836 qualis
3309 3752 3632 3837 spiritualis,
3670 3773 3723 3818 et

2148 3874 2259 3931 quo
2287 3870 2448 3930 pacto
2484 3875 2542 3915 se
2577 3871 2811 3930 uterque
2839 3860 3062 3925 habeat,
3094 3858 3492 3930 perfectissime
3525 3856 3728 3911 Paulus

2148 3953 2320 4007 novit.
2349 3951 2452 4007 Sed
2482 3963 2661 4007 tamen
2678 3968 2775 4007 eos
2801 3953 2945 4007 inter
2970 3968 3029 4006 se
3050 3965 3399 4019 comparans,
3422 3958 3723 4015 utrumque

2148 4060 2247 4113 per
2280 4059 2339 4099 se
2392 4044 2696 4114 plurimum
2733 4043 2915 4098 valere
2963 4050 3156 4097 contra
3187 4042 3424 4097 alterum
3467 4038 3722 4093 afﬁrmat.

2147 4133 2385 4189 Medium
2415 4144 2603 4190 tenent
2632 4135 2835 4198 locum,
2859 4133 3062 4204 quibus
3087 4148 3197 4189 non
3227 4132 3295 4188 ab
3326 4129 3722 4187 exercitatione

1745 4290 1769 4322 ⁸
1794 4287 1971 4344 Galat.
2010 4304 2087 4350 vr.
2111 4289 2168 4347 8³.

1950 4452 2226 4514 Scholia.

548 4617 847 4693 ‘lsidorus.
875 4618 1027 4675 Multi
1052 4620 1302 4676 mortales
1329 4633 1541 4691 peccata
1567 4633 1614 4675 et
1646 4625 1776 4679 vitia
1802 4628 2042 4693 quamvis
2078 4628 2120 4683 ο
2155 4626 2285 4681 dum
2320 4634 2572 4682 naturam
2603 4638 2726 4683 sunt
2756 4628 3121 4684 avellerentur.

470 4705 579 4742 non
594 4688 1092 4763 didicerint,_tamen
1110 4688 1448 4763 perpetrant;
1468 4692 1601 4746 bona
1617 4703 1788 4746 autem
1802 4688 2043 4763 quamvis

470 4775 536 4811 ea
568 4759 728 4821 docti,
759 4775 864 4812 non
895 4759 1211 4835 intelligunt
1232 4776 1250 4813 :
1277 4762 1368 4816 sed
1391 4764 1665 4835 suppliciis
1696 4759 1917 4835 grauida
1950 4782 2043 4835 per

469 4843 529 4881 se
579 4843 763 4881 amare
807 4836 858 4899 et
908 4832 1270 4899 concupiscere
1316 4848 1420 4886 non
1466 4832 1714 4887 desinunt
1765 4852 1777 4886 :
1819 4832 2041 4890 coronas

470 4904 649 4950 autem
669 4897 1031 4966 conciliantia,
1058 4897 1115 4952 ut
1142 4913 1495 4972 exsequantur
1516 4903 1707 4956 adduci
1735 4906 2038 4975 neutiquam

471 4976 708 5037 possunt.

542 5037 714 5092 Nilus.
758 5038 859 5090 Per
896 5048 1142 5093 conatum
1179 5042 1411 5095 studiose
1465 5042 1683 5096 amandi
1727 5044 1910 5107 Deum,
1945 5062 2037 5097 ne-

470 5106 739 5181 gligentiae
775 5109 879 5162 vim
919 5109 1182 5163 debellare
1223 5121 1270 5164 et
1310 5112 1556 5181 frangere
1621 5112 1773 5167 velis.
1810 5113 2040 5168 Consue-

474 5177 600 5255 tudo
628 5181 762 5255 enim
793 5181 1169 5255 consuetudine
1200 5177 1484 5234 mutatur:
1521 5189 1729 5236 tantum
1766 5200 1830 5237 ne
1866 5192 2049 5255 tyran-

472 5246 650 5299 nidem
686 5248 955 5305 obtendas.

458 5351 464 5357 ~
534 5316 931 5393 ."_Cupiditatis
952 5321 1142 5393 stirpes
1159 5330 1282 5375 sunt
1302 5321 1552 5393 citaritas,
1577 5330 1626 5374 et
1657 5324 2047 5393 temperantia;

473 5385 1158 5463 ad_hwc_intemperantia
1198 5399 1248 5445 et
1299 5392 1477 5446 libido.
1527 5392 1606 5446 Ea;
1651 5395 1732 5448 ira
1765 5385 2044 5463 'fortitudo

472 5457 690 5530 emicat,
712 5457 932 5521 insuper
966 5460 1212 5525 audacia,
1255 5474 1303 5514 et
1342 5464 1596 5516 timiditas
1651 5457 1842 5530 prater
1886 5474 2044 5518 natu-

468 5538 612 5606 ram.
757 5530 937 5582 anima
961 5546 1076 5597 qua!
1092 5540 1170 5583 est
1196 5533 1419 5586 rationis
1448 5526 1728 5606 particeps,
1758 5535 2039 5604 prudentia

473 5603 522 5667 et
553 5598 787 5661 justitia,
819 5610 1014 5667 prwler
1053 5610 1305 5654 naturam
1347 5598 1467 5655 vero
1505 5598 2031 5666 stultitia,‘avaritin,

468 5665 1188 5743 inrequalitasetinjustida.
1222 5672 1371 5736 Quod
1400 5674 1465 5743 si.
1516 5689 1630 5740 qua:
1661 5683 1851 5743 prwter
1875 5665 2033 5726 natu?

470 5748 590 5785 ram
616 5745 756 5801 sunt,
792 5737 1055 5793 evellenda
1095 5750 1283 5809 essent,
1307 5742 1466 5796 simul
1495 5737 1669 5796 omnia
1711 5760 1826 5812 qua:
1851 5760 2034 5797 secun-

2223 4697 2480 4753 Basilius.
2522 4697 2663 4763 Quid
2695 4699 2830 4752 lucri
2873 4707 2970 4762 est,
3020 4699 3075 4752 in
3129 4698 3308 4752 multis
3350 4712 3537 4752 vacare
3578 4700 3723 4752 omni

2150 4768 2566 4837 perturbatione,
2597 4769 2642 4823 si
2671 4769 2734 4822 ab
2771 4786 2875 4823 una
2911 4785 3097 4836 corpus
3132 4767 3545 4834 corrmnpatnr?
3585 4767 3720 4821 Nam

2151 4835 2345 4891 Petrus
2375 4845 2492 4907 post
2517 4846 2597 4908 tot
2628 4839 2839 4908 egregia
2884 4835 3046 4906 facta,
3079 4847 3141 4891 et
3175 4839 3573 4906 prtedicationes
3622 4844 3717 4900 tot,

2149 4907 2355 4979 audivit
2378 4906 2403 4962 ξ
2435 4925 2455 4958 ι
2483 4906 2598 4979 Nisi
2624 4906 2802 4961 lavero
2828 4918 2896 4969 te,
2921 4924 3022 4961 non
3049 4907 3256 4961 habebis
3288 4917 3491 4979 partem
3519 4922 3719 4960 mecum

2148 4975 2329 5044 (Joan.
2366 4993 2480 5037 xm.
2517 4977 2594 5040 8).

2219 5048 2283 5069 “'
2311 5046 2568 5118 Cyrillus.
2609 5047 2869 5100 Animalis
2896 5057 2993 5112 est,
3029 5048 3117 5118 qui
3167 5047 3451 5101 secundum
3506 5061 3718 5099 carnem

2145 5118 2346 5178 vivens,
2388 5119 2565 5171 animo
2597 5133 2690 5186 per
2725 5118 2971 5186 spiritum
3002 5118 3234 5170 nondum
3268 5118 3565 5171 illustratus
3606 5126 3718 5177 est;

2146 5189 2239 5239 sed
2270 5186 2668 5255 intelligentiam
2702 5188 3066 5241 tantummodo
3106 5189 3396 5241 lnnnanam
3432 5186 3719 5255 ingenitam

2147 5257 2321 5319 habet,
2353 5273 2513 5326 quam
2550 5258 2783 5327 omnium
2817 5258 3092 5310 animabus
3125 5258 3308 5327 Opifea:
3338 5257 3540 5310 inserit.

2218 5328 2307 5349 ⁸⁶·’
2329 5326 2778 5397 Quemadmodum
2802 5328 2951 5380 rebus
2970 5329 3124 5397 fluxis
3142 5327 3371 5381 immista
3396 5327 3577 5378 anima
3598 5340 3720 5378 eua-

2142 5397 2219 5450 dit
2251 5394 2506 5449 carnalis.
2551 5397 2628 5449 ita
2669 5412 2855 5464 corpus
2908 5394 3001 5465 per
3038 5398 3487 5466 incorruptionem
3523 5397 3718 5450 anima:

2139 5468 2327 5520 semini
2360 5466 2634 5537 pominico
2667 5468 2871 5519 unitum
2900 5467 3177 5537 spiritualc
3208 5468 3464 5537 redditur.

2218 5537 2328 5559 "“'
2353 5535 2474 5590 Scio
2507 5537 2676 5607 enim,
2712 5546 2765 5589 ut
2791 5535 3104 5591 discordiam
3131 5536 3415 5607 quamdam
3443 5535 3716 5604 Optimam,

2146 5607 2223 5659 sic
2249 5607 2409 5658 etiam
2453 5604 2787 5659 concordiam
2815 5608 3100 5666 quatndam
3134 5604 3559 5662 nocentissimum
3584 5618 3713 5657 csse.

2150 5674 2336 5728 Melius
2370 5684 2444 5728 est
2475 5677 2611 5731 enim
2642 5674 2909 5732 laudabile
2948 5678 3159 5743 bellum,
3203 5696 3359 5750 quam
3391 5692 3497 5746 pax
3541 5693 3571 5727 a
3610 5672 3719 5725 Dea

2143 5761 2421 5816 separaris.
2446 5774 2447 5777 η
3295 5777 3299 5783 δ
