  <div class='ocr_page' id='page_1' title='image "/cluster/home/n/w/nwhite01/storage/ocr_20150623/127/hvd.32044073502411/433.png"; bbox 0 0 4102 6200; ppageno 0'>
   <div class='ocr_carea' id='block_1_1' title="bbox 438 222 545 291">
    <p class='ocr_par' dir='ltr' id='par_1_1' title="bbox 438 222 545 291">
     <span class='ocr_line' id='line_1_1' title="bbox 438 222 545 291; baseline -0.084 0"><span class='ocrx_word' id='word_1_1' title='bbox 438 222 545 291; x_wconf 74' lang='lat'><strong>855</strong></span> 
     </span>
    </p>
   </div>
   <div class='ocr_carea' id='block_1_2' title="bbox 1678 217 2458 281">
    <p class='ocr_par' dir='ltr' id='par_1_2' title="bbox 1678 217 2458 281">
     <span class='ocr_line' id='line_1_2' title="bbox 1678 217 2458 281; baseline -0.005 -2"><span class='ocrx_word' id='word_1_2' title='bbox 1678 218 2021 279; x_wconf 81' lang='lat' dir='ltr'><strong>PHILIPPI</strong></span> <span class='ocrx_word' id='word_1_3' title='bbox 2062 217 2458 281; x_wconf 70' lang='lat' dir='ltr'><strong>SOLITARII</strong></span> 
     </span>
    </p>
   </div>
   <div class='ocr_carea' id='block_1_3' title="bbox 3596 222 3696 288">
    <p class='ocr_par' dir='ltr' id='par_1_3' title="bbox 3596 222 3696 288">
     <span class='ocr_line' id='line_1_3' title="bbox 3596 222 3696 288; baseline 0.02 -2"><span class='ocrx_word' id='word_1_4' title='bbox 3596 222 3696 288; x_wconf 75' lang='lat'><strong>856</strong></span> 
     </span>
    </p>
   </div>
   <div class='ocr_carea' id='block_1_4' title="bbox 438 308 3692 406">
    <p class='ocr_par' dir='ltr' id='par_1_4' title="bbox 438 308 3692 406">
     <span class='ocr_line' id='line_1_4' title="bbox 438 308 3692 406; baseline -0.001 -16"><span class='ocrx_word' id='word_1_5' title='bbox 438 333 688 405; x_wconf 85' lang='lat' dir='ltr'><strong>contigit,</strong></span> <span class='ocrx_word' id='word_1_6' title='bbox 722 336 818 391; x_wconf 87' lang='lat' dir='ltr'><strong>sed</strong></span> <span class='ocrx_word' id='word_1_7' title='bbox 846 338 1054 405; x_wconf 85' lang='lat' dir='ltr'><strong>absque</strong></span> <span class='ocrx_word' id='word_1_8' title='bbox 1086 336 1370 393; x_wconf 84' lang='lat' dir='ltr'><strong>laboribus</strong></span> <span class='ocrx_word' id='word_1_9' title='bbox 1411 334 1597 389; x_wconf 91' lang='lat' dir='ltr'><strong>innata</strong></span> <span class='ocrx_word' id='word_1_10' title='bbox 1637 341 1723 390; x_wconf 88' lang='lat' dir='ltr'><strong>est</strong></span> <span class='ocrx_word' id='word_1_11' title='bbox 1751 333 2011 390; x_wconf 87' lang='lat' dir='ltr'><strong>castimo-</strong></span> <span class='ocrx_word' id='word_1_12' title='bbox 2046 336 2093 395; x_wconf 67' lang='grc' dir='ltr'><strong>Α</strong></span> <span class='ocrx_word' id='word_1_13' title='bbox 2123 329 2179 391; x_wconf 88' lang='lat' dir='ltr'><strong>in</strong></span> <span class='ocrx_word' id='word_1_14' title='bbox 2241 328 2562 385; x_wconf 78' lang='lat' dir='ltr'><strong>memoriam</strong></span> <span class='ocrx_word' id='word_1_15' title='bbox 2616 327 2763 383; x_wconf 86' lang='lat' dir='ltr'><strong>dicta</strong></span> <span class='ocrx_word' id='word_1_16' title='bbox 2810 339 3159 387; x_wconf 73' lang='lat' dir='ltr'><strong>revocantes.</strong></span> <span class='ocrx_word' id='word_1_17' title='bbox 3202 330 3466 387; x_wconf 83' lang='lat' dir='ltr'><strong>Dominus</strong></span> <span class='ocrx_word' id='word_1_18' title='bbox 3513 308 3692 406; x_wconf 75' lang='lat' dir='ltr'><strong>igitur,</strong></span> 
     </span>
    </p>
   </div>
   <div class='ocr_carea' id='block_1_5' title="bbox 437 426 2013 492">
    <p class='ocr_par' dir='ltr' id='par_1_5' title="bbox 437 426 2013 492">
     <span class='ocr_line' id='line_1_5' title="bbox 437 426 2013 492; baseline 0.001 -11"><span class='ocrx_word' id='word_1_19' title='bbox 437 426 551 487; x_wconf 86' lang='lat' dir='ltr'><strong>nia.</strong></span> <span class='ocrx_word' id='word_1_20' title='bbox 608 435 665 483; x_wconf 91' lang='lat' dir='ltr'><strong>et</strong></span> <span class='ocrx_word' id='word_1_21' title='bbox 701 428 879 483; x_wconf 89' lang='lat' dir='ltr'><strong>honor</strong></span> <span class='ocrx_word' id='word_1_22' title='bbox 921 430 1107 484; x_wconf 90' lang='lat' dir='ltr'><strong>nullus</strong></span> <span class='ocrx_word' id='word_1_23' title='bbox 1147 428 1402 492; x_wconf 90' lang='lat' dir='ltr'><strong>habetur,</strong></span> <span class='ocrx_word' id='word_1_24' title='bbox 1461 442 1565 483; x_wconf 91' lang='lat' dir='ltr'><strong>nec</strong></span> <span class='ocrx_word' id='word_1_25' title='bbox 1613 442 1848 483; x_wconf 82' lang='lat' dir='ltr'><strong>coronas</strong></span> <span class='ocrx_word' id='word_1_26' title='bbox 1894 444 2013 482; x_wconf 91' lang='lat' dir='ltr'><strong>mc-</strong></span> 
     </span>
    </p>
   </div>
   <div class='ocr_carea' id='block_1_6' title="bbox 440 520 2015 590">
    <p class='ocr_par' dir='ltr' id='par_1_6' title="bbox 440 520 2015 590">
     <span class='ocr_line' id='line_1_6' title="bbox 440 520 2015 590; baseline 0.001 -16"><span class='ocrx_word' id='word_1_27' title='bbox 440 531 650 585; x_wconf 83' lang='lat' dir='ltr'><strong>rentur,</strong></span> <span class='ocrx_word' id='word_1_28' title='bbox 678 520 771 590; x_wconf 83' lang='lat' dir='ltr'><strong>qui</strong></span> <span class='ocrx_word' id='word_1_29' title='bbox 822 529 1025 575; x_wconf 85' lang='lat' dir='ltr'><strong>statum</strong></span> <span class='ocrx_word' id='word_1_30' title='bbox 1080 520 1353 575; x_wconf 75' lang='lat' dir='ltr'><strong>castitatis</strong></span> <span class='ocrx_word' id='word_1_31' title='bbox 1401 520 1519 575; x_wconf 86' lang='lat' dir='ltr'><strong>sine</strong></span> <span class='ocrx_word' id='word_1_32' title='bbox 1549 521 1851 577; x_wconf 87' lang='lat' dir='ltr'><strong>certamine</strong></span> <span class='ocrx_word' id='word_1_33' title='bbox 1884 529 2015 576; x_wconf 89' lang='lat' dir='ltr'><strong>sunt</strong></span> 
     </span>
    </p>
   </div>
   <div class='ocr_carea' id='block_1_7' title="bbox 439 610 2015 689">
    <p class='ocr_par' dir='ltr' id='par_1_7' title="bbox 439 610 2015 689">
     <span class='ocr_line' id='line_1_7' title="bbox 439 610 2015 689; baseline 0.002 -24"><span class='ocrx_word' id='word_1_34' title='bbox 439 612 643 689; x_wconf 79' lang='lat' dir='ltr'><strong>adepti.</strong></span> <span class='ocrx_word' id='word_1_35' title='bbox 677 610 890 665; x_wconf 78' lang='lat' dir='ltr'><strong>Etenim</strong></span> <span class='ocrx_word' id='word_1_36' title='bbox 932 626 997 667; x_wconf 82' lang='lat' dir='ltr'><strong>ex</strong></span> <span class='ocrx_word' id='word_1_37' title='bbox 1041 620 1199 671; x_wconf 85' lang='lat' dir='ltr'><strong>utero</strong></span> <span class='ocrx_word' id='word_1_38' title='bbox 1240 613 1431 673; x_wconf 82' lang='lat' dir='ltr'><strong>matris</strong></span> <span class='ocrx_word' id='word_1_39' title='bbox 1459 611 1703 668; x_wconf 85' lang='lat' dir='ltr'><strong>eunuchi</strong></span> <span class='ocrx_word' id='word_1_40' title='bbox 1744 611 1877 679; x_wconf 87' lang='lat' dir='ltr'><strong>nati,</strong></span> <span class='ocrx_word' id='word_1_41' title='bbox 1911 629 2015 668; x_wconf 88' lang='lat' dir='ltr'><strong>nec</strong></span> 
     </span>
    </p>
   </div>
   <div class='ocr_carea' id='block_1_8' title="bbox 442 703 2013 771">
    <p class='ocr_par' dir='ltr' id='par_1_8' title="bbox 442 703 2013 771">
     <span class='ocr_line' id='line_1_8' title="bbox 442 703 2013 771; baseline 0.001 -11"><span class='ocrx_word' id='word_1_42' title='bbox 442 705 723 761; x_wconf 73' lang='lat' dir='ltr'><strong>molestias</strong></span> <span class='ocrx_word' id='word_1_43' title='bbox 772 703 1022 759; x_wconf 90' lang='lat' dir='ltr'><strong>sentiunt</strong></span> <span class='ocrx_word' id='word_1_44' title='bbox 1064 704 1197 760; x_wconf 69' lang='grc' dir='ltr'><strong>Γωᾶί</strong></span> <span class='ocrx_word' id='word_1_45' title='bbox 1238 706 1465 771; x_wconf 91' lang='lat' dir='ltr'><strong>amoris,</strong></span> <span class='ocrx_word' id='word_1_46' title='bbox 1511 721 1615 761; x_wconf 90' lang='lat' dir='ltr'><strong>nec</strong></span> <span class='ocrx_word' id='word_1_47' title='bbox 1654 722 1840 762; x_wconf 90' lang='lat' dir='ltr'><strong>rerum</strong></span> <span class='ocrx_word' id='word_1_48' title='bbox 1885 722 2013 761; x_wconf 92' lang='lat' dir='ltr'><strong>cum</strong></span> 
     </span>
    </p>
   </div>
   <div class='ocr_carea' id='block_1_9' title="bbox 440 793 2015 867">
    <p class='ocr_par' dir='ltr' id='par_1_9' title="bbox 440 793 2015 867">
     <span class='ocr_line' id='line_1_9' title="bbox 440 793 2015 867; baseline 0.001 -18"><span class='ocrx_word' id='word_1_49' title='bbox 440 793 953 864; x_wconf 80' lang='lat' dir='ltr'><strong>perturbationibus</strong></span> <span class='ocrx_word' id='word_1_50' title='bbox 997 796 1439 867; x_wconf 87' lang='lat' dir='ltr'><strong>conjunctarum.</strong></span> <span class='ocrx_word' id='word_1_51' title='bbox 1494 796 1608 851; x_wconf 91' lang='lat' dir='ltr'><strong>Nec</strong></span> <span class='ocrx_word' id='word_1_52' title='bbox 1648 796 1880 865; x_wconf 85' lang='lat' dir='ltr'><strong>proinde</strong></span> <span class='ocrx_word' id='word_1_53' title='bbox 1932 796 2015 850; x_wconf 91' lang='lat' dir='ltr'><strong>di-</strong></span> 
     </span>
    </p>
   </div>
   <div class='ocr_carea' id='block_1_10' title="bbox 436 885 2011 958">
    <p class='ocr_par' dir='ltr' id='par_1_10' title="bbox 436 885 2011 958">
     <span class='ocr_line' id='line_1_10' title="bbox 436 885 2011 958; baseline 0.003 -20"><span class='ocrx_word' id='word_1_54' title='bbox 436 885 635 952; x_wconf 73' lang='lat' dir='ltr'><strong>gnandi</strong></span> <span class='ocrx_word' id='word_1_55' title='bbox 694 894 825 940; x_wconf 86' lang='lat' dir='ltr'><strong>sunt</strong></span> <span class='ocrx_word' id='word_1_56' title='bbox 889 886 1103 953; x_wconf 79' lang='lat' dir='ltr'><strong>gloria.</strong></span> <span class='ocrx_word' id='word_1_57' title='bbox 1155 896 1251 942; x_wconf 90' lang='lat' dir='ltr'><strong>aut</strong></span> <span class='ocrx_word' id='word_1_58' title='bbox 1304 888 1510 958; x_wconf 86' lang='lat' dir='ltr'><strong>gratia,</strong></span> <span class='ocrx_word' id='word_1_59' title='bbox 1561 887 2011 957; x_wconf 79' lang='lat' dir='ltr'><strong>quandoquidem</strong></span> 
     </span>
    </p>
   </div>
   <div class='ocr_carea' id='block_1_11' title="bbox 437 978 2011 1049">
    <p class='ocr_par' dir='ltr' id='par_1_11' title="bbox 437 978 2011 1049">
     <span class='ocr_line' id='line_1_11' title="bbox 437 978 2011 1049; baseline 0.002 -19"><span class='ocrx_word' id='word_1_60' title='bbox 437 978 657 1031; x_wconf 77' lang='lat' dir='ltr'><strong>labores</strong></span> <span class='ocrx_word' id='word_1_61' title='bbox 683 992 792 1035; x_wconf 87' lang='lat' dir='ltr'><strong>non</strong></span> <span class='ocrx_word' id='word_1_62' title='bbox 835 978 1227 1033; x_wconf 84' lang='lat' dir='ltr'><strong>toleraverunt.</strong></span> <span class='ocrx_word' id='word_1_63' title='bbox 1259 979 1468 1033; x_wconf 88' lang='lat' dir='ltr'><strong>Bonum</strong></span> <span class='ocrx_word' id='word_1_64' title='bbox 1515 979 1722 1049; x_wconf 79' lang='lat' dir='ltr'><strong>quippe</strong></span> <span class='ocrx_word' id='word_1_65' title='bbox 1763 980 2011 1033; x_wconf 67' lang='lat' dir='ltr'><strong>naturale</strong></span> 
     </span>
    </p>
   </div>
   <div class='ocr_carea' id='block_1_12' title="bbox 435 1069 1697 1138">
    <p class='ocr_par' dir='ltr' id='par_1_12' title="bbox 435 1069 1697 1138">
     <span class='ocr_line' id='line_1_12' title="bbox 435 1069 1697 1138; baseline 0.001 -15"><span class='ocrx_word' id='word_1_66' title='bbox 435 1069 886 1138; x_wconf 77' lang='lat' dir='ltr'><strong>approbationem</strong></span> <span class='ocrx_word' id='word_1_67' title='bbox 920 1079 977 1125; x_wconf 88' lang='lat' dir='ltr'><strong>et</strong></span> <span class='ocrx_word' id='word_1_68' title='bbox 1006 1070 1224 1125; x_wconf 89' lang='lat' dir='ltr'><strong>laudem</strong></span> <span class='ocrx_word' id='word_1_69' title='bbox 1256 1086 1365 1125; x_wconf 93' lang='lat' dir='ltr'><strong>non</strong></span> <span class='ocrx_word' id='word_1_70' title='bbox 1394 1080 1637 1126; x_wconf 90' lang='lat' dir='ltr'><strong>meretur</strong></span> <span class='ocrx_word' id='word_1_71' title='bbox 1659 1076 1697 1124; x_wconf 80' lang='lat'><strong>‘.</strong></span> 
     </span>
    </p>
   </div>
   <div class='ocr_carea' id='block_1_13' title="bbox 511 1160 2010 1233">
    <p class='ocr_par' dir='ltr' id='par_1_13' title="bbox 511 1160 2010 1233">
     <span class='ocr_line' id='line_1_13' title="bbox 511 1160 2010 1233; baseline 0 -17"><span class='ocrx_word' id='word_1_72' title='bbox 511 1160 610 1216; x_wconf 87' lang='lat' dir='ltr'><strong>Sin</strong></span> <span class='ocrx_word' id='word_1_73' title='bbox 637 1175 703 1215; x_wconf 78' lang='lat' dir='ltr'><strong>ex</strong></span> <span class='ocrx_word' id='word_1_74' title='bbox 732 1160 917 1216; x_wconf 75' lang='lat' dir='ltr'><strong>auiam</strong></span> <span class='ocrx_word' id='word_1_75' title='bbox 948 1168 1005 1215; x_wconf 89' lang='lat' dir='ltr'><strong>et</strong></span> <span class='ocrx_word' id='word_1_76' title='bbox 1034 1161 1316 1221; x_wconf 79' lang='lat' dir='ltr'><strong>voluntate</strong></span> <span class='ocrx_word' id='word_1_77' title='bbox 1346 1172 1655 1231; x_wconf 65' lang='lat' dir='ltr'><strong>praestetur,</strong></span> <span class='ocrx_word' id='word_1_78' title='bbox 1680 1163 1827 1233; x_wconf 87' lang='lat' dir='ltr'><strong>juste</strong></span> <span class='ocrx_word' id='word_1_79' title='bbox 1852 1178 2010 1217; x_wconf 92' lang='lat' dir='ltr'><strong>coro-</strong></span> 
     </span>
    </p>
   </div>
   <div class='ocr_carea' id='block_1_14' title="bbox 437 1253 2010 1326">
    <p class='ocr_par' dir='ltr' id='par_1_14' title="bbox 437 1253 2010 1326">
     <span class='ocr_line' id='line_1_14' title="bbox 437 1253 2010 1326; baseline 0.002 -19"><span class='ocrx_word' id='word_1_80' title='bbox 437 1268 564 1309; x_wconf 88' lang='lat' dir='ltr'><strong>nam</strong></span> <span class='ocrx_word' id='word_1_81' title='bbox 593 1253 846 1308; x_wconf 89' lang='lat' dir='ltr'><strong>sortitur.</strong></span> <span class='ocrx_word' id='word_1_82' title='bbox 892 1254 1260 1323; x_wconf 67' lang='lat' dir='ltr'><strong>Prterogativa</strong></span> <span class='ocrx_word' id='word_1_83' title='bbox 1294 1254 1465 1318; x_wconf 87' lang='lat' dir='ltr'><strong>enim,</strong></span> <span class='ocrx_word' id='word_1_84' title='bbox 1511 1263 1566 1310; x_wconf 87' lang='lat' dir='ltr'><strong>et</strong></span> <span class='ocrx_word' id='word_1_85' title='bbox 1609 1255 2010 1326; x_wconf 85' lang='lat' dir='ltr'><strong>adjumcntum,</strong></span> 
     </span>
    </p>
   </div>
   <div class='ocr_carea' id='block_1_15' title="bbox 435 1343 2013 1414">
    <p class='ocr_par' dir='ltr' id='par_1_15' title="bbox 435 1343 2013 1414">
     <span class='ocr_line' id='line_1_15' title="bbox 435 1343 2013 1414; baseline 0.005 -19"><span class='ocrx_word' id='word_1_86' title='bbox 435 1343 593 1411; x_wconf 77' lang='lat' dir='ltr'><strong>quod</strong></span> <span class='ocrx_word' id='word_1_87' title='bbox 614 1344 920 1414; x_wconf 80' lang='lat' dir='ltr'><strong>eujuspiam</strong></span> <span class='ocrx_word' id='word_1_88' title='bbox 944 1352 1157 1399; x_wconf 66' lang='lat' dir='ltr'><strong>naturae</strong></span> <span class='ocrx_word' id='word_1_89' title='bbox 1177 1343 1351 1409; x_wconf 87' lang='lat' dir='ltr'><strong>adest,</strong></span> <span class='ocrx_word' id='word_1_90' title='bbox 1388 1359 1497 1399; x_wconf 89' lang='lat' dir='ltr'><strong>non</strong></span> <span class='ocrx_word' id='word_1_91' title='bbox 1528 1354 1612 1401; x_wconf 89' lang='lat' dir='ltr'><strong>est</strong></span> <span class='ocrx_word' id='word_1_92' title='bbox 1643 1361 1808 1402; x_wconf 90' lang='lat' dir='ltr'><strong>causa</strong></span> <span class='ocrx_word' id='word_1_93' title='bbox 1833 1347 2013 1403; x_wconf 89' lang='lat' dir='ltr'><strong>laudis</strong></span> 
     </span>
    </p>
   </div>
   <div class='ocr_carea' id='block_1_16' title="bbox 436 1434 2011 1506">
    <p class='ocr_par' dir='ltr' id='par_1_16' title="bbox 436 1434 2011 1506">
     <span class='ocr_line' id='line_1_16' title="bbox 436 1434 2011 1506; baseline 0.004 -18"><span class='ocrx_word' id='word_1_94' title='bbox 436 1435 494 1488; x_wconf 86' lang='lat' dir='ltr'><strong>in</strong></span> <span class='ocrx_word' id='word_1_95' title='bbox 524 1435 611 1490; x_wconf 85' lang='lat' dir='ltr'><strong>his</strong></span> <span class='ocrx_word' id='word_1_96' title='bbox 635 1436 840 1505; x_wconf 78' lang='lat' dir='ltr'><strong>quibus</strong></span> <span class='ocrx_word' id='word_1_97' title='bbox 867 1434 1059 1502; x_wconf 81' lang='lat' dir='ltr'><strong>adest;</strong></span> <span class='ocrx_word' id='word_1_98' title='bbox 1104 1436 1199 1491; x_wconf 90' lang='lat' dir='ltr'><strong>sed</strong></span> <span class='ocrx_word' id='word_1_99' title='bbox 1230 1436 1283 1490; x_wconf 92' lang='lat' dir='ltr'><strong>id</strong></span> <span class='ocrx_word' id='word_1_100' title='bbox 1311 1438 1496 1506; x_wconf 89' lang='lat' dir='ltr'><strong>potius</strong></span> <span class='ocrx_word' id='word_1_101' title='bbox 1520 1439 1710 1494; x_wconf 88' lang='lat' dir='ltr'><strong>divino</strong></span> <span class='ocrx_word' id='word_1_102' title='bbox 1739 1440 2011 1496; x_wconf 83' lang='lat' dir='ltr'><strong>beneﬁcio</strong></span> 
     </span>
    </p>
   </div>
   <div class='ocr_carea' id='block_1_17' title="bbox 438 1526 2009 1600">
    <p class='ocr_par' dir='ltr' id='par_1_17' title="bbox 438 1526 2009 1600">
     <span class='ocr_line' id='line_1_17' title="bbox 438 1526 2009 1600; baseline 0.004 -21"><span class='ocrx_word' id='word_1_103' title='bbox 438 1526 857 1581; x_wconf 85' lang='lat' dir='ltr'><strong>attribuendum</strong></span> <span class='ocrx_word' id='word_1_104' title='bbox 883 1534 992 1582; x_wconf 87' lang='lat' dir='ltr'><strong>est.</strong></span> <span class='ocrx_word' id='word_1_105' title='bbox 1025 1526 1147 1581; x_wconf 89' lang='lat' dir='ltr'><strong>Non</strong></span> <span class='ocrx_word' id='word_1_106' title='bbox 1173 1527 1413 1583; x_wconf 86' lang='lat' dir='ltr'><strong>habetur</strong></span> <span class='ocrx_word' id='word_1_107' title='bbox 1444 1530 1617 1596; x_wconf 83' lang='lat' dir='ltr'><strong>gratia</strong></span> <span class='ocrx_word' id='word_1_108' title='bbox 1664 1529 1777 1600; x_wconf 88' lang='lat' dir='ltr'><strong>igni</strong></span> <span class='ocrx_word' id='word_1_109' title='bbox 1827 1532 2009 1586; x_wconf 85' lang='lat' dir='ltr'><strong>urenti</strong></span> 
     </span>
    </p>
   </div>
   <div class='ocr_carea' id='block_1_18' title="bbox 438 1621 2008 1693">
    <p class='ocr_par' dir='ltr' id='par_1_18' title="bbox 438 1621 2008 1693">
     <span class='ocr_line' id='line_1_18' title="bbox 438 1621 2008 1693; baseline 0.004 -19"><span class='ocrx_word' id='word_1_110' title='bbox 438 1629 498 1674; x_wconf 87' lang='lat' dir='ltr'><strong>et</strong></span> <span class='ocrx_word' id='word_1_111' title='bbox 540 1621 875 1676; x_wconf 82' lang='lat' dir='ltr'><strong>illuminanti</strong></span> <span class='ocrx_word' id='word_1_112' title='bbox 914 1640 929 1676; x_wconf 91' lang='lat'><strong>:</strong></span> <span class='ocrx_word' id='word_1_113' title='bbox 975 1623 1067 1678; x_wconf 84' lang='lat' dir='ltr'><strong>sed</strong></span> <span class='ocrx_word' id='word_1_114' title='bbox 1114 1622 1285 1693; x_wconf 87' lang='lat' dir='ltr'><strong>magis</strong></span> <span class='ocrx_word' id='word_1_115' title='bbox 1327 1624 1379 1678; x_wconf 90' lang='lat' dir='ltr'><strong>ei</strong></span> <span class='ocrx_word' id='word_1_116' title='bbox 1424 1622 1519 1692; x_wconf 86' lang='lat' dir='ltr'><strong>qui</strong></span> <span class='ocrx_word' id='word_1_117' title='bbox 1568 1623 1750 1692; x_wconf 83' lang='lat' dir='ltr'><strong>ignem</strong></span> <span class='ocrx_word' id='word_1_118' title='bbox 1788 1625 2008 1681; x_wconf 83' lang='lat' dir='ltr'><strong>struxit.</strong></span> 
     </span>
    </p>
   </div>
   <div class='ocr_carea' id='block_1_19' title="bbox 438 1711 2016 1786">
    <p class='ocr_par' dir='ltr' id='par_1_19' title="bbox 438 1711 2016 1786">
     <span class='ocr_line' id='line_1_19' title="bbox 438 1711 2016 1786; baseline 0.003 -20"><span class='ocrx_word' id='word_1_119' title='bbox 438 1711 663 1771; x_wconf 68' lang='lat' dir='ltr'><strong>Minime</strong></span> <span class='ocrx_word' id='word_1_120' title='bbox 702 1713 892 1784; x_wconf 68' lang='lat' dir='ltr'><strong>gratiae</strong></span> <span class='ocrx_word' id='word_1_121' title='bbox 930 1723 1170 1785; x_wconf 83' lang='lat' dir='ltr'><strong>aguntur</strong></span> <span class='ocrx_word' id='word_1_122' title='bbox 1210 1714 1346 1779; x_wconf 87' lang='lat' dir='ltr'><strong>nivi,</strong></span> <span class='ocrx_word' id='word_1_123' title='bbox 1385 1713 1531 1784; x_wconf 84' lang='lat' dir='ltr'><strong>quod</strong></span> <span class='ocrx_word' id='word_1_124' title='bbox 1569 1714 1889 1786; x_wconf 80' lang='lat' dir='ltr'><strong>lrigefaeiat.</strong></span> <span class='ocrx_word' id='word_1_125' title='bbox 1922 1714 2016 1771; x_wconf 91' lang='lat' dir='ltr'><strong>Sol</strong></span> 
     </span>
    </p>
   </div>
   <div class='ocr_carea' id='block_1_20' title="bbox 437 1804 2013 1876">
    <p class='ocr_par' dir='ltr' id='par_1_20' title="bbox 437 1804 2013 1876">
     <span class='ocr_line' id='line_1_20' title="bbox 437 1804 2013 1876; baseline 0.001 -17"><span class='ocrx_word' id='word_1_126' title='bbox 437 1804 744 1860; x_wconf 80' lang='lat' dir='ltr'><strong>clarissime</strong></span> <span class='ocrx_word' id='word_1_127' title='bbox 776 1804 944 1871; x_wconf 89' lang='lat' dir='ltr'><strong>lucet,</strong></span> <span class='ocrx_word' id='word_1_128' title='bbox 983 1806 1151 1869; x_wconf 87' lang='lat' dir='ltr'><strong>lucet,</strong></span> <span class='ocrx_word' id='word_1_129' title='bbox 1195 1806 1442 1876; x_wconf 86' lang='lat' dir='ltr'><strong>inquam,</strong></span> <span class='ocrx_word' id='word_1_130' title='bbox 1488 1820 1591 1860; x_wconf 89' lang='lat' dir='ltr'><strong>nec</strong></span> <span class='ocrx_word' id='word_1_131' title='bbox 1641 1806 1760 1860; x_wconf 83' lang='lat' dir='ltr'><strong>vult</strong></span> <span class='ocrx_word' id='word_1_132' title='bbox 1802 1806 2013 1861; x_wconf 90' lang='lat' dir='ltr'><strong>lucere.</strong></span> 
     </span>
    </p>
   </div>
   <div class='ocr_carea' id='block_1_21' title="bbox 440 1896 2017 1968">
    <p class='ocr_par' dir='ltr' id='par_1_21' title="bbox 440 1896 2017 1968">
     <span class='ocr_line' id='line_1_21' title="bbox 440 1896 2017 1968; baseline 0.001 -16"><span class='ocrx_word' id='word_1_133' title='bbox 440 1896 627 1952; x_wconf 84' lang='lat' dir='ltr'><strong>Solum</strong></span> <span class='ocrx_word' id='word_1_134' title='bbox 658 1897 798 1952; x_wconf 84' lang='lat' dir='ltr'><strong>velle</strong></span> <span class='ocrx_word' id='word_1_135' title='bbox 825 1913 948 1967; x_wconf 69' lang='lat' dir='ltr'><strong>quas</strong></span> <span class='ocrx_word' id='word_1_136' title='bbox 971 1898 1423 1967; x_wconf 66' lang='lat' dir='ltr'><strong>praestantissima</strong></span> <span class='ocrx_word' id='word_1_137' title='bbox 1451 1905 1602 1963; x_wconf 85' lang='lat' dir='ltr'><strong>sunt,</strong></span> <span class='ocrx_word' id='word_1_138' title='bbox 1629 1897 1861 1968; x_wconf 77' lang='lat' dir='ltr'><strong>gratiam</strong></span> <span class='ocrx_word' id='word_1_139' title='bbox 1887 1913 2017 1968; x_wconf 92' lang='lat' dir='ltr'><strong>pro-</strong></span> 
     </span>
    </p>
   </div>
   <div class='ocr_carea' id='block_1_22' title="bbox 439 1987 2008 2058">
    <p class='ocr_par' dir='ltr' id='par_1_22' title="bbox 439 1987 2008 2058">
     <span class='ocr_line' id='line_1_22' title="bbox 439 1987 2008 2058; baseline 0 -15"><span class='ocrx_word' id='word_1_140' title='bbox 439 1998 702 2045; x_wconf 77' lang='lat' dir='ltr'><strong>meretur.</strong></span> <span class='ocrx_word' id='word_1_141' title='bbox 734 1987 893 2055; x_wconf 87' lang='lat' dir='ltr'><strong>Quod</strong></span> <span class='ocrx_word' id='word_1_142' title='bbox 932 1988 976 2042; x_wconf 89' lang='lat' dir='ltr'><strong>si</strong></span> <span class='ocrx_word' id='word_1_143' title='bbox 1005 1987 1228 2043; x_wconf 90' lang='lat' dir='ltr'><strong>modum</strong></span> <span class='ocrx_word' id='word_1_144' title='bbox 1253 1988 1533 2058; x_wconf 81' lang='lat' dir='ltr'><strong>exquiras,</strong></span> <span class='ocrx_word' id='word_1_145' title='bbox 1561 1988 1815 2058; x_wconf 86' lang='lat' dir='ltr'><strong>quamvis</strong></span> <span class='ocrx_word' id='word_1_146' title='bbox 1841 2002 2008 2043; x_wconf 90' lang='lat' dir='ltr'><strong>carne</strong></span> 
     </span>
    </p>
   </div>
   <div class='ocr_carea' id='block_1_23' title="bbox 437 2079 2020 2150">
    <p class='ocr_par' dir='ltr' id='par_1_23' title="bbox 437 2079 2020 2150">
     <span class='ocr_line' id='line_1_23' title="bbox 437 2079 2020 2150; baseline -0.001 -15"><span class='ocrx_word' id='word_1_147' title='bbox 437 2089 678 2145; x_wconf 80' lang='lat' dir='ltr'><strong>constes.</strong></span> <span class='ocrx_word' id='word_1_148' title='bbox 746 2080 1000 2150; x_wconf 85' lang='lat' dir='ltr'><strong>superior</strong></span> <span class='ocrx_word' id='word_1_149' title='bbox 1058 2095 1247 2135; x_wconf 82' lang='lat' dir='ltr'><strong>amore</strong></span> <span class='ocrx_word' id='word_1_150' title='bbox 1302 2079 1554 2149; x_wconf 89' lang='lat' dir='ltr'><strong>corporis</strong></span> <span class='ocrx_word' id='word_1_151' title='bbox 1611 2080 1924 2149; x_wconf 90' lang='lat' dir='ltr'><strong>apparebis,</strong></span> <span class='ocrx_word' id='word_1_152' title='bbox 1964 2087 2020 2135; x_wconf 89' lang='lat' dir='ltr'><strong>et</strong></span> 
     </span>
    </p>
   </div>
   <div class='ocr_carea' id='block_1_24' title="bbox 439 2171 2017 2243">
    <p class='ocr_par' dir='ltr' id='par_1_24' title="bbox 439 2171 2017 2243">
     <span class='ocr_line' id='line_1_24' title="bbox 439 2171 2017 2243; baseline 0.001 -17"><span class='ocrx_word' id='word_1_153' title='bbox 439 2171 741 2227; x_wconf 85' lang='lat' dir='ltr'><strong>seminabis</strong></span> <span class='ocrx_word' id='word_1_154' title='bbox 784 2172 839 2226; x_wconf 91' lang='lat' dir='ltr'><strong>in</strong></span> <span class='ocrx_word' id='word_1_155' title='bbox 881 2171 1078 2242; x_wconf 83' lang='lat' dir='ltr'><strong>spiritu</strong></span> <span class='ocrx_word' id='word_1_156' title='bbox 1132 2180 1396 2226; x_wconf 86' lang='lat' dir='ltr'><strong>evacuata</strong></span> <span class='ocrx_word' id='word_1_157' title='bbox 1442 2187 1633 2227; x_wconf 88' lang='lat' dir='ltr'><strong>carne.</strong></span> <span class='ocrx_word' id='word_1_158' title='bbox 1687 2172 1800 2243; x_wconf 85' lang='lat' dir='ltr'><strong>Ego</strong></span> <span class='ocrx_word' id='word_1_159' title='bbox 1846 2183 1902 2228; x_wconf 92' lang='lat' dir='ltr'><strong>et</strong></span> <span class='ocrx_word' id='word_1_160' title='bbox 1959 2182 2017 2228; x_wconf 91' lang='lat' dir='ltr'><strong>tu</strong></span> 
     </span>
    </p>
   </div>
   <div class='ocr_carea' id='block_1_25' title="bbox 436 2261 2019 2333">
    <p class='ocr_par' dir='ltr' id='par_1_25' title="bbox 436 2261 2019 2333">
     <span class='ocr_line' id='line_1_25' title="bbox 436 2261 2019 2333; baseline 0.004 -18"><span class='ocrx_word' id='word_1_161' title='bbox 436 2261 655 2333; x_wconf 79' lang='lat' dir='ltr'><strong>spiritui</strong></span> <span class='ocrx_word' id='word_1_162' title='bbox 718 2261 1047 2325; x_wconf 87' lang='lat' dir='ltr'><strong>serviamus,</strong></span> <span class='ocrx_word' id='word_1_163' title='bbox 1097 2262 1317 2332; x_wconf 86' lang='lat' dir='ltr'><strong>corpori</strong></span> <span class='ocrx_word' id='word_1_164' title='bbox 1364 2262 1518 2316; x_wconf 90' lang='lat' dir='ltr'><strong>nullo</strong></span> <span class='ocrx_word' id='word_1_165' title='bbox 1579 2263 1763 2318; x_wconf 89' lang='lat' dir='ltr'><strong>modo.</strong></span> <span class='ocrx_word' id='word_1_166' title='bbox 1813 2263 2019 2321; x_wconf 86' lang='lat' dir='ltr'><strong>Paulus</strong></span> 
     </span>
    </p>
   </div>
   <div class='ocr_carea' id='block_1_26' title="bbox 439 2351 2016 2421">
    <p class='ocr_par' dir='ltr' id='par_1_26' title="bbox 439 2351 2016 2421">
     <span class='ocr_line' id='line_1_26' title="bbox 439 2351 2016 2421; baseline 0.003 -15"><span class='ocrx_word' id='word_1_167' title='bbox 439 2351 558 2408; x_wconf 65' lang='lat' dir='ltr'><strong>hinc</strong></span> <span class='ocrx_word' id='word_1_168' title='bbox 605 2352 852 2421; x_wconf 86' lang='lat' dir='ltr'><strong>loquitur</strong></span> <span class='ocrx_word' id='word_1_169' title='bbox 894 2352 961 2408; x_wconf 89' lang='lat' dir='ltr'><strong>ad</strong></span> <span class='ocrx_word' id='word_1_170' title='bbox 1005 2355 1287 2410; x_wconf 77' lang='lat' dir='ltr'><strong>Romanos</strong></span> <span class='ocrx_word' id='word_1_171' title='bbox 1330 2354 1579 2409; x_wconf 88' lang='lat' dir='ltr'><strong>scribens</strong></span> <span class='ocrx_word' id='word_1_172' title='bbox 1616 2372 1629 2408; x_wconf 89' lang='lat'><strong>:</strong></span> <span class='ocrx_word' id='word_1_173' title='bbox 1685 2374 1704 2405; x_wconf 70' lang='grc' dir='ltr'><em>ς</em></span> <span class='ocrx_word' id='word_1_174' title='bbox 1760 2354 1816 2410; x_wconf 90' lang='lat' dir='ltr'><strong>Si</strong></span> <span class='ocrx_word' id='word_1_175' title='bbox 1867 2356 2016 2410; x_wconf 90' lang='lat' dir='ltr'><strong>enim</strong></span> 
     </span>
    </p>
   </div>
   <div class='ocr_carea' id='block_1_27' title="bbox 439 2445 2017 2515">
    <p class='ocr_par' dir='ltr' id='par_1_27' title="bbox 439 2445 2017 2515">
     <span class='ocr_line' id='line_1_27' title="bbox 439 2445 2017 2515; baseline 0.004 -18"><span class='ocrx_word' id='word_1_176' title='bbox 439 2446 667 2514; x_wconf 75' lang='lat' dir='ltr'><strong>spiritus</strong></span> <span class='ocrx_word' id='word_1_177' title='bbox 682 2445 884 2503; x_wconf 85' lang='lat' dir='ltr'><strong>Christi</strong></span> <span class='ocrx_word' id='word_1_178' title='bbox 910 2456 1015 2515; x_wconf 83' lang='lat' dir='ltr'><strong>est,</strong></span> <span class='ocrx_word' id='word_1_179' title='bbox 1044 2448 1210 2502; x_wconf 88' lang='lat' dir='ltr'><strong>etiam</strong></span> <span class='ocrx_word' id='word_1_180' title='bbox 1235 2447 1291 2501; x_wconf 93' lang='lat' dir='ltr'><strong>in</strong></span> <span class='ocrx_word' id='word_1_181' title='bbox 1307 2447 1465 2502; x_wconf 91' lang='lat' dir='ltr'><strong>nobis</strong></span> <span class='ocrx_word' id='word_1_182' title='bbox 1481 2447 1573 2512; x_wconf 89' lang='lat' dir='ltr'><strong>sit,</strong></span> <span class='ocrx_word' id='word_1_183' title='bbox 1606 2466 1624 2498; x_wconf 75' lang='grc' dir='ltr'><strong><em>ι</em></strong></span> <span class='ocrx_word' id='word_1_184' title='bbox 1659 2457 1717 2502; x_wconf 92' lang='lat' dir='ltr'><strong>ut</strong></span> <span class='ocrx_word' id='word_1_185' title='bbox 1739 2448 1934 2502; x_wconf 79' lang='lat' dir='ltr'><strong>dixit‘.</strong></span> <span class='ocrx_word' id='word_1_186' title='bbox 1959 2448 2017 2504; x_wconf 89' lang='lat' dir='ltr'><strong>Si</strong></span> 
     </span>
    </p>
   </div>
   <div class='ocr_carea' id='block_1_28' title="bbox 439 2538 2014 2610">
    <p class='ocr_par' dir='ltr' id='par_1_28' title="bbox 439 2538 2014 2610">
     <span class='ocr_line' id='line_1_28' title="bbox 439 2538 2014 2610; baseline 0.003 -19"><span class='ocrx_word' id='word_1_187' title='bbox 439 2547 624 2594; x_wconf 70' lang='lat' dir='ltr'><strong>atuem</strong></span> <span class='ocrx_word' id='word_1_188' title='bbox 646 2540 771 2610; x_wconf 86' lang='lat' dir='ltr'><strong>quis</strong></span> <span class='ocrx_word' id='word_1_189' title='bbox 794 2555 907 2595; x_wconf 90' lang='lat' dir='ltr'><strong>non</strong></span> <span class='ocrx_word' id='word_1_190' title='bbox 926 2538 1094 2594; x_wconf 79' lang='lat' dir='ltr'><strong>fuerit</strong></span> <span class='ocrx_word' id='word_1_191' title='bbox 1114 2539 1391 2609; x_wconf 88' lang='lat' dir='ltr'><strong>particeps</strong></span> <span class='ocrx_word' id='word_1_192' title='bbox 1412 2539 1574 2609; x_wconf 79' lang='lat' dir='ltr'><strong>hujus</strong></span> <span class='ocrx_word' id='word_1_193' title='bbox 1597 2539 2014 2608; x_wconf 86' lang='lat' dir='ltr'><strong>charismatum,</strong></span> 
     </span>
    </p>
   </div>
   <div class='ocr_carea' id='block_1_29' title="bbox 418 2626 2021 2705">
    <p class='ocr_par' dir='ltr' id='par_1_29' title="bbox 418 2626 2021 2705">
     <span class='ocr_line' id='line_1_29' title="bbox 418 2626 2021 2705; baseline 0.002 -22"><span class='ocrx_word' id='word_1_194' title='bbox 418 2626 549 2686; x_wconf 56' lang='lat' dir='ltr'><strong>‘non</strong></span> <span class='ocrx_word' id='word_1_195' title='bbox 574 2643 661 2687; x_wconf 84' lang='lat' dir='ltr'><strong>est</strong></span> <span class='ocrx_word' id='word_1_196' title='bbox 679 2631 770 2686; x_wconf 80' lang='lat' dir='ltr'><strong>hic</strong></span> <span class='ocrx_word' id='word_1_197' title='bbox 787 2630 1018 2695; x_wconf 85' lang='lat' dir='ltr'><strong>Christi,</strong></span> <span class='ocrx_word' id='word_1_198' title='bbox 1047 2629 1143 2685; x_wconf 87' lang='lat' dir='ltr'><strong>sed</strong></span> <span class='ocrx_word' id='word_1_199' title='bbox 1162 2629 1487 2684; x_wconf 82' lang='lat' dir='ltr'><strong>Antichristi</strong></span> <span class='ocrx_word' id='word_1_200' title='bbox 1515 2631 1739 2699; x_wconf 89' lang='lat' dir='ltr'><strong>potius:</strong></span> <span class='ocrx_word' id='word_1_201' title='bbox 1769 2649 1788 2683; x_wconf 85' lang='grc'><strong><em>‹</em></strong></span> <span class='ocrx_word' id='word_1_202' title='bbox 1817 2630 2021 2705; x_wconf 88' lang='lat' dir='ltr'><strong>Quem-</strong></span> 
     </span>
    </p>
   </div>
   <div class='ocr_carea' id='block_1_30' title="bbox 440 2721 2018 2794">
    <p class='ocr_par' dir='ltr' id='par_1_30' title="bbox 440 2721 2018 2794">
     <span class='ocr_line' id='line_1_30' title="bbox 440 2721 2018 2794; baseline 0.001 -17"><span class='ocrx_word' id='word_1_203' title='bbox 440 2724 736 2778; x_wconf 80' lang='lat' dir='ltr'><strong>admodum</strong></span> <span class='ocrx_word' id='word_1_204' title='bbox 807 2724 974 2794; x_wconf 79' lang='lat' dir='ltr'><strong>igitur</strong></span> <span class='ocrx_word' id='word_1_205' title='bbox 1046 2722 1391 2793; x_wconf 84' lang='lat' dir='ltr'><strong>portavimus</strong></span> <span class='ocrx_word' id='word_1_206' title='bbox 1446 2721 1738 2793; x_wconf 79' lang='lat' dir='ltr'><strong>imaginem</strong></span> <span class='ocrx_word' id='word_1_207' title='bbox 1810 2724 2018 2779; x_wconf 89' lang='lat' dir='ltr'><strong>terreni</strong></span> 
     </span>
    </p>
   </div>
   <div class='ocr_carea' id='block_1_31' title="bbox 441 2812 2015 2884">
    <p class='ocr_par' dir='ltr' id='par_1_31' title="bbox 441 2812 2015 2884">
     <span class='ocr_line' id='line_1_31' title="bbox 441 2812 2015 2884; baseline -0.001 -14"><span class='ocrx_word' id='word_1_208' title='bbox 441 2817 520 2881; x_wconf 80' lang='lat' dir='ltr'><strong>(ct</strong></span> <span class='ocrx_word' id='word_1_209' title='bbox 553 2814 730 2869; x_wconf 70' lang='lat' dir='ltr'><strong>lactus</strong></span> <span class='ocrx_word' id='word_1_210' title='bbox 756 2823 843 2869; x_wconf 88' lang='lat' dir='ltr'><strong>est</strong></span> <span class='ocrx_word' id='word_1_211' title='bbox 877 2814 932 2868; x_wconf 89' lang='lat' dir='ltr'><strong>in</strong></span> <span class='ocrx_word' id='word_1_212' title='bbox 962 2814 1202 2867; x_wconf 85' lang='lat' dir='ltr'><strong>animam</strong></span> <span class='ocrx_word' id='word_1_213' title='bbox 1235 2813 1532 2878; x_wconf 85' lang='lat' dir='ltr'><strong>viventem,</strong></span> <span class='ocrx_word' id='word_1_214' title='bbox 1559 2822 1619 2865; x_wconf 87' lang='lat' dir='ltr'><strong>ut</strong></span> <span class='ocrx_word' id='word_1_215' title='bbox 1648 2813 1726 2868; x_wconf 89' lang='lat' dir='ltr'><strong>ait</strong></span> <span class='ocrx_word' id='word_1_216' title='bbox 1758 2812 2015 2884; x_wconf 84' lang='lat' dir='ltr'><strong>Scriptu-</strong></span> 
     </span>
    </p>
   </div>
   <div class='ocr_carea' id='block_1_32' title="bbox 441 2899 2016 2973">
    <p class='ocr_par' dir='ltr' id='par_1_32' title="bbox 441 2899 2016 2973">
     <span class='ocr_line' id='line_1_32' title="bbox 441 2899 2016 2973; baseline -0.001 -14"><span class='ocrx_word' id='word_1_217' title='bbox 441 2920 501 2959; x_wconf 85' lang='lat' dir='ltr'><strong>ra</strong></span> <span class='ocrx_word' id='word_1_218' title='bbox 524 2905 571 2973; x_wconf 84' lang='lat'><strong>&#39;)</strong></span> <span class='ocrx_word' id='word_1_219' title='bbox 590 2910 874 2973; x_wconf 82' lang='lat' dir='ltr'><strong>portemus</strong></span> <span class='ocrx_word' id='word_1_220' title='bbox 896 2912 951 2956; x_wconf 90' lang='lat' dir='ltr'><strong>et</strong></span> <span class='ocrx_word' id='word_1_221' title='bbox 973 2901 1265 2971; x_wconf 87' lang='lat' dir='ltr'><strong>imaginem</strong></span> <span class='ocrx_word' id='word_1_222' title='bbox 1290 2899 1535 2956; x_wconf 76' lang='lat' dir='ltr'><strong>cmlestis</strong></span> <span class='ocrx_word' id='word_1_223' title='bbox 1549 2901 1593 2966; x_wconf 80' lang='grc'><em>³,</em></span> <span class='ocrx_word' id='word_1_224' title='bbox 1619 2918 1639 2953; x_wconf 74' lang='grc' dir='ltr'><strong><em>ι</em></strong></span> <span class='ocrx_word' id='word_1_225' title='bbox 1670 2903 1715 2957; x_wconf 93' lang='lat' dir='ltr'><strong>si</strong></span> <span class='ocrx_word' id='word_1_226' title='bbox 1739 2902 2016 2971; x_wconf 87' lang='lat' dir='ltr'><strong>volumus,</strong></span> 
     </span>
    </p>
   </div>
   <div class='ocr_carea' id='block_1_33' title="bbox 2043 1665 2091 1723">
    <p class='ocr_par' dir='ltr' id='par_1_33' title="bbox 2043 1665 2091 1723">
     <span class='ocr_line' id='line_1_33' title="bbox 2043 1665 2091 1723; baseline 0 0"><span class='ocrx_word' id='word_1_227' title='bbox 2043 1665 2091 1723; x_wconf 88' lang='lat' dir='ltr'><strong>B</strong></span> 
     </span>
    </p>
   </div>
   <div class='ocr_carea' id='block_1_34' title="bbox 2118 419 3686 494">
    <p class='ocr_par' dir='ltr' id='par_1_34' title="bbox 2118 419 3686 494">
     <span class='ocr_line' id='line_1_34' title="bbox 2118 419 3686 494; baseline 0.004 -17"><span class='ocrx_word' id='word_1_228' title='bbox 2118 421 2214 491; x_wconf 84' lang='lat' dir='ltr'><strong>qui</strong></span> <span class='ocrx_word' id='word_1_229' title='bbox 2278 421 2445 481; x_wconf 89' lang='lat' dir='ltr'><strong>hosce</strong></span> <span class='ocrx_word' id='word_1_230' title='bbox 2528 419 2671 474; x_wconf 88' lang='lat' dir='ltr'><strong>duos</strong></span> <span class='ocrx_word' id='word_1_231' title='bbox 2728 420 2965 476; x_wconf 83' lang='lat' dir='ltr'><strong>mundos</strong></span> <span class='ocrx_word' id='word_1_232' title='bbox 3022 421 3306 489; x_wconf 82' lang='lat' dir='ltr'><strong>condidit,</strong></span> <span class='ocrx_word' id='word_1_233' title='bbox 3352 424 3686 494; x_wconf 79' lang='lat' dir='ltr'><strong>superiorem</strong></span> 
     </span>
    </p>
   </div>
   <div class='ocr_carea' id='block_1_35' title="bbox 2119 514 3692 584">
    <p class='ocr_par' dir='ltr' id='par_1_35' title="bbox 2119 514 3692 584">
     <span class='ocr_line' id='line_1_35' title="bbox 2119 514 3692 584; baseline 0.003 -14"><span class='ocrx_word' id='word_1_234' title='bbox 2119 530 2319 583; x_wconf 81' lang='lat' dir='ltr'><strong>nempe</strong></span> <span class='ocrx_word' id='word_1_235' title='bbox 2372 523 2429 568; x_wconf 91' lang='lat' dir='ltr'><strong>et</strong></span> <span class='ocrx_word' id='word_1_236' title='bbox 2505 514 2771 583; x_wconf 83' lang='lat' dir='ltr'><strong>priorem,</strong></span> <span class='ocrx_word' id='word_1_237' title='bbox 2821 514 3189 584; x_wconf 78' lang='lat' dir='ltr'><strong>posteriorem</strong></span> <span class='ocrx_word' id='word_1_238' title='bbox 3251 524 3311 571; x_wconf 85' lang='lat' dir='ltr'><strong>et</strong></span> <span class='ocrx_word' id='word_1_239' title='bbox 3359 515 3692 583; x_wconf 80' lang='lat' dir='ltr'><strong>inferiorem,</strong></span> 
     </span>
    </p>
   </div>
   <div class='ocr_carea' id='block_1_36' title="bbox 2119 608 3693 678">
    <p class='ocr_par' dir='ltr' id='par_1_36' title="bbox 2119 608 3693 678">
     <span class='ocr_line' id='line_1_36' title="bbox 2119 608 3693 678; baseline 0.004 -17"><span class='ocrx_word' id='word_1_240' title='bbox 2119 608 2530 678; x_wconf 77' lang='lat' dir='ltr'><strong>intelligentiam</strong></span> <span class='ocrx_word' id='word_1_241' title='bbox 2566 619 2621 662; x_wconf 89' lang='lat' dir='ltr'><strong>et</strong></span> <span class='ocrx_word' id='word_1_242' title='bbox 2645 622 2890 674; x_wconf 80' lang='lat' dir='ltr'><strong>sensum,</strong></span> <span class='ocrx_word' id='word_1_243' title='bbox 2920 616 2975 662; x_wconf 90' lang='lat' dir='ltr'><strong>et</strong></span> <span class='ocrx_word' id='word_1_244' title='bbox 3006 608 3125 671; x_wconf 53' lang='lat' dir='ltr'><strong>huic</strong></span> <span class='ocrx_word' id='word_1_245' title='bbox 3152 608 3369 675; x_wconf 81' lang='lat' dir='ltr'><strong>omnia,</strong></span> <span class='ocrx_word' id='word_1_246' title='bbox 3403 609 3496 671; x_wconf 75' lang='lat' dir='ltr'><strong>hic</strong></span> <span class='ocrx_word' id='word_1_247' title='bbox 3528 628 3693 670; x_wconf 85' lang='lat' dir='ltr'><strong>unum</strong></span> 
     </span>
    </p>
   </div>
   <div class='ocr_carea' id='block_1_37' title="bbox 2117 698 3698 771">
    <p class='ocr_par' dir='ltr' id='par_1_37' title="bbox 2117 698 3698 771">
     <span class='ocr_line' id='line_1_37' title="bbox 2117 698 3698 771; baseline 0.002 -17"><span class='ocrx_word' id='word_1_248' title='bbox 2117 700 2321 755; x_wconf 88' lang='lat' dir='ltr'><strong>animal</strong></span> <span class='ocrx_word' id='word_1_249' title='bbox 2355 698 2636 759; x_wconf 78' lang='lat' dir='ltr'><strong>hominem</strong></span> <span class='ocrx_word' id='word_1_250' title='bbox 2670 701 2855 755; x_wconf 81' lang='lat' dir='ltr'><strong>facere</strong></span> <span class='ocrx_word' id='word_1_251' title='bbox 2899 700 3098 765; x_wconf 77' lang='lat' dir='ltr'><strong>voluit,</strong></span> <span class='ocrx_word' id='word_1_252' title='bbox 3133 700 3278 771; x_wconf 79' lang='lat' dir='ltr'><strong>quod</strong></span> <span class='ocrx_word' id='word_1_253' title='bbox 3315 716 3384 761; x_wconf 74' lang='lat' dir='ltr'><strong>er.</strong></span> <span class='ocrx_word' id='word_1_254' title='bbox 3420 703 3698 762; x_wconf 81' lang='lat' dir='ltr'><strong>ambobus</strong></span> 
     </span>
    </p>
   </div>
   <div class='ocr_carea' id='block_1_38' title="bbox 2113 791 3694 863">
    <p class='ocr_par' dir='ltr' id='par_1_38' title="bbox 2113 791 3694 863">
     <span class='ocr_line' id='line_1_38' title="bbox 2113 791 3694 863; baseline 0.004 -18"><span class='ocrx_word' id='word_1_255' title='bbox 2113 792 2222 861; x_wconf 82' lang='lat' dir='ltr'><strong>jam</strong></span> <span class='ocrx_word' id='word_1_256' title='bbox 2260 791 2428 848; x_wconf 83' lang='lat' dir='ltr'><strong>dictis</strong></span> <span class='ocrx_word' id='word_1_257' title='bbox 2460 792 2777 853; x_wconf 79' lang='lat' dir='ltr'><strong>mistioncm</strong></span> <span class='ocrx_word' id='word_1_258' title='bbox 2814 800 2871 853; x_wconf 87' lang='lat' dir='ltr'><strong>et</strong></span> <span class='ocrx_word' id='word_1_259' title='bbox 2903 802 3400 863; x_wconf 69' lang='lat' dir='ltr'><strong>temperamentum</strong></span> <span class='ocrx_word' id='word_1_260' title='bbox 3437 796 3694 855; x_wconf 66' lang='lat' dir='ltr'><strong>haberet.</strong></span> 
     </span>
    </p>
   </div>
   <div class='ocr_carea' id='block_1_39' title="bbox 2120 884 3690 952">
    <p class='ocr_par' dir='ltr' id='par_1_39' title="bbox 2120 884 3690 952">
     <span class='ocr_line' id='line_1_39' title="bbox 2120 884 3690 952; baseline 0.006 -16"><span class='ocrx_word' id='word_1_261' title='bbox 2120 884 2187 938; x_wconf 85' lang='lat' dir='ltr'><strong>Et</strong></span> <span class='ocrx_word' id='word_1_262' title='bbox 2234 884 2439 943; x_wconf 77' lang='lat' dir='ltr'><strong>factum</strong></span> <span class='ocrx_word' id='word_1_263' title='bbox 2497 892 2555 939; x_wconf 88' lang='lat' dir='ltr'><strong>ct</strong></span> <span class='ocrx_word' id='word_1_264' title='bbox 2596 886 2881 945; x_wconf 81' lang='lat' dir='ltr'><strong>conditum</strong></span> <span class='ocrx_word' id='word_1_265' title='bbox 2927 895 3012 940; x_wconf 88' lang='lat' dir='ltr'><strong>est</strong></span> <span class='ocrx_word' id='word_1_266' title='bbox 3059 886 3342 946; x_wconf 77' lang='lat' dir='ltr'><strong>voluntate</strong></span> <span class='ocrx_word' id='word_1_267' title='bbox 3386 888 3690 952; x_wconf 76' lang='lat' dir='ltr'><strong>Creatoris.</strong></span> 
     </span>
    </p>
   </div>
   <div class='ocr_carea' id='block_1_40' title="bbox 2072 976 3525 1051">
    <p class='ocr_par' dir='ltr' id='par_1_40' title="bbox 2072 976 3525 1051">
     <span class='ocr_line' id='line_1_40' title="bbox 2072 976 3525 1051; baseline 0.003 -18"><span class='ocrx_word' id='word_1_268' title='bbox 2072 1030 2073 1033; x_wconf 44' lang='grc' dir='ltr'><strong>η</strong></span> <span class='ocrx_word' id='word_1_269' title='bbox 2116 976 2209 1051; x_wconf 83' lang='lat' dir='ltr'><strong>qui</strong></span> <span class='ocrx_word' id='word_1_270' title='bbox 2241 991 2340 1030; x_wconf 85' lang='lat' dir='ltr'><strong>sua</strong></span> <span class='ocrx_word' id='word_1_271' title='bbox 2371 992 2534 1033; x_wconf 79' lang='lat' dir='ltr'><strong>manu</strong></span> <span class='ocrx_word' id='word_1_272' title='bbox 2565 985 2620 1039; x_wconf 85' lang='lat' dir='ltr'><strong>et</strong></span> <span class='ocrx_word' id='word_1_273' title='bbox 2649 977 2914 1047; x_wconf 72' lang='lat' dir='ltr'><strong>sapientia</strong></span> <span class='ocrx_word' id='word_1_274' title='bbox 2948 978 3230 1040; x_wconf 71' lang='lat' dir='ltr'><strong>hominem</strong></span> <span class='ocrx_word' id='word_1_275' title='bbox 3265 981 3421 1037; x_wconf 73' lang='lat' dir='ltr'><strong>ﬁnxit</strong></span> 
     </span>
    </p>
   </div>
   <div class='ocr_carea' id='block_1_41' title="bbox 2183 1066 3691 1140">
    <p class='ocr_par' dir='ltr' id='par_1_41' title="bbox 2183 1066 3691 1140">
     <span class='ocr_line' id='line_1_41' title="bbox 2183 1066 3691 1140; baseline 0.005 -16"><span class='ocrx_word' id='word_1_276' title='bbox 2183 1066 2484 1126; x_wconf 75' lang='lat' dir='ltr'><strong>Considera</strong></span> <span class='ocrx_word' id='word_1_277' title='bbox 2508 1069 2848 1140; x_wconf 82' lang='lat' dir='ltr'><strong>mysterium.</strong></span> <span class='ocrx_word' id='word_1_278' title='bbox 2872 1070 3016 1139; x_wconf 78' lang='lat' dir='ltr'><strong>quod</strong></span> <span class='ocrx_word' id='word_1_279' title='bbox 3051 1070 3473 1138; x_wconf 62' lang='lat' dir='ltr'><strong>intclrligentiam</strong></span> <span class='ocrx_word' id='word_1_280' title='bbox 3497 1074 3691 1132; x_wconf 79' lang='lat' dir='ltr'><strong>vincit.</strong></span> 
     </span>
    </p>
   </div>
   <div class='ocr_carea' id='block_1_42' title="bbox 2114 1158 3697 1231">
    <p class='ocr_par' dir='ltr' id='par_1_42' title="bbox 2114 1158 3697 1231">
     <span class='ocr_line' id='line_1_42' title="bbox 2114 1158 3697 1231; baseline 0.004 -16"><span class='ocrx_word' id='word_1_281' title='bbox 2114 1158 2441 1216; x_wconf 83' lang='lat' dir='ltr'><strong>Universam</strong></span> <span class='ocrx_word' id='word_1_282' title='bbox 2462 1171 2990 1231; x_wconf 70' lang='lat' dir='ltr'><strong>naturamsuperum</strong></span> <span class='ocrx_word' id='word_1_283' title='bbox 3012 1170 3069 1217; x_wconf 88' lang='lat' dir='ltr'><strong>et</strong></span> <span class='ocrx_word' id='word_1_284' title='bbox 3094 1161 3353 1227; x_wconf 69' lang='lat' dir='ltr'><strong>inferum,</strong></span> <span class='ocrx_word' id='word_1_285' title='bbox 3372 1172 3425 1219; x_wconf 87' lang='lat' dir='ltr'><strong>et</strong></span> <span class='ocrx_word' id='word_1_286' title='bbox 3453 1163 3697 1220; x_wconf 80' lang='lat' dir='ltr'><strong>rationes</strong></span> 
     </span>
    </p>
   </div>
   <div class='ocr_carea' id='block_1_43' title="bbox 2116 1249 3700 1321">
    <p class='ocr_par' dir='ltr' id='par_1_43' title="bbox 2116 1249 3700 1321">
     <span class='ocr_line' id='line_1_43' title="bbox 2116 1249 3700 1321; baseline 0.005 -18"><span class='ocrx_word' id='word_1_287' title='bbox 2116 1249 2294 1307; x_wconf 85' lang='lat' dir='ltr'><strong>omnis</strong></span> <span class='ocrx_word' id='word_1_288' title='bbox 2328 1259 2539 1307; x_wconf 64' lang='lat' dir='ltr'><strong>natura:</strong></span> <span class='ocrx_word' id='word_1_289' title='bbox 2556 1251 2611 1307; x_wconf 92' lang='lat' dir='ltr'><strong>in</strong></span> <span class='ocrx_word' id='word_1_290' title='bbox 2636 1268 2811 1307; x_wconf 26' lang='lat' dir='ltr'><strong>unum.</strong></span> <span class='ocrx_word' id='word_1_291' title='bbox 2823 1251 3143 1321; x_wconf 80' lang='lat' dir='ltr'><strong>frequentes</strong></span> <span class='ocrx_word' id='word_1_292' title='bbox 3162 1253 3505 1316; x_wconf 57' lang='lat' dir='ltr'><strong>commeans.</strong></span> <span class='ocrx_word' id='word_1_293' title='bbox 3527 1264 3583 1309; x_wconf 90' lang='lat' dir='ltr'><strong>et</strong></span> <span class='ocrx_word' id='word_1_294' title='bbox 3632 1272 3700 1311; x_wconf 80' lang='lat' dir='ltr'><strong>ex</strong></span> 
     </span>
    </p>
   </div>
   <div class='ocr_carea' id='block_1_44' title="bbox 2116 1343 3694 1414">
    <p class='ocr_par' dir='ltr' id='par_1_44' title="bbox 2116 1343 3694 1414">
     <span class='ocr_line' id='line_1_44' title="bbox 2116 1343 3694 1414; baseline 0.002 -15"><span class='ocrx_word' id='word_1_295' title='bbox 2116 1343 2391 1407; x_wconf 85' lang='lat' dir='ltr'><strong>omnibus,</strong></span> <span class='ocrx_word' id='word_1_296' title='bbox 2425 1355 2485 1399; x_wconf 79' lang='lat' dir='ltr'><strong>ut</strong></span> <span class='ocrx_word' id='word_1_297' title='bbox 2507 1344 2814 1408; x_wconf 84' lang='lat' dir='ltr'><strong>collectam,</strong></span> <span class='ocrx_word' id='word_1_298' title='bbox 2845 1345 2992 1413; x_wconf 88' lang='lat' dir='ltr'><strong>quod</strong></span> <span class='ocrx_word' id='word_1_299' title='bbox 3018 1353 3165 1400; x_wconf 87' lang='lat' dir='ltr'><strong>esset</strong></span> <span class='ocrx_word' id='word_1_300' title='bbox 3196 1346 3550 1414; x_wconf 68' lang='lat' dir='ltr'><strong>prmstantim</strong></span> <span class='ocrx_word' id='word_1_301' title='bbox 3607 1363 3694 1402; x_wconf 84' lang='lat' dir='ltr'><strong>se-</strong></span> 
     </span>
    </p>
   </div>
   <div class='ocr_carea' id='block_1_45' title="bbox 2116 1436 3699 1507">
    <p class='ocr_par' dir='ltr' id='par_1_45' title="bbox 2116 1436 3699 1507">
     <span class='ocr_line' id='line_1_45' title="bbox 2116 1436 3699 1507; baseline 0.003 -19"><span class='ocrx_word' id='word_1_302' title='bbox 2116 1450 2374 1499; x_wconf 87' lang='lat' dir='ltr'><strong>cernens,</strong></span> <span class='ocrx_word' id='word_1_303' title='bbox 2403 1451 2433 1490; x_wconf 94' lang='lat' dir='ltr'><strong>a</strong></span> <span class='ocrx_word' id='word_1_304' title='bbox 2473 1445 2619 1490; x_wconf 88' lang='lat' dir='ltr'><strong>terra</strong></span> <span class='ocrx_word' id='word_1_305' title='bbox 2644 1436 2818 1507; x_wconf 75' lang='lat' dir='ltr'><strong>frigus</strong></span> <span class='ocrx_word' id='word_1_306' title='bbox 2850 1446 2907 1491; x_wconf 82' lang='lat' dir='ltr'><strong>et.</strong></span> <span class='ocrx_word' id='word_1_307' title='bbox 2926 1436 3229 1497; x_wconf 69' lang='lat' dir='ltr'><strong>siccitatem</strong></span> <span class='ocrx_word' id='word_1_308' title='bbox 3256 1438 3444 1503; x_wconf 83' lang='lat' dir='ltr'><strong>simul,</strong></span> <span class='ocrx_word' id='word_1_309' title='bbox 3474 1447 3535 1493; x_wconf 87' lang='lat' dir='ltr'><strong>et</strong></span> <span class='ocrx_word' id='word_1_310' title='bbox 3572 1454 3699 1494; x_wconf 89' lang='lat' dir='ltr'><strong>cum</strong></span> 
     </span>
    </p>
   </div>
   <div class='ocr_carea' id='block_1_46' title="bbox 2118 1530 3705 1600">
    <p class='ocr_par' dir='ltr' id='par_1_46' title="bbox 2118 1530 3705 1600">
     <span class='ocr_line' id='line_1_46' title="bbox 2118 1530 3705 1600; baseline 0.001 -15"><span class='ocrx_word' id='word_1_311' title='bbox 2118 1530 2255 1599; x_wconf 83' lang='lat' dir='ltr'><strong>ipsis</strong></span> <span class='ocrx_word' id='word_1_312' title='bbox 2279 1539 2451 1593; x_wconf 81' lang='lat' dir='ltr'><strong>atram</strong></span> <span class='ocrx_word' id='word_1_313' title='bbox 2485 1532 2653 1589; x_wconf 88' lang='lat' dir='ltr'><strong>bilem</strong></span> <span class='ocrx_word' id='word_1_314' title='bbox 2693 1531 2882 1588; x_wconf 79' lang='lat' dir='ltr'><strong>sumit.</strong></span> <span class='ocrx_word' id='word_1_315' title='bbox 2910 1532 3197 1600; x_wconf 66' lang='lat' dir='ltr'><strong>Phlegma.</strong></span> <span class='ocrx_word' id='word_1_316' title='bbox 3244 1532 3556 1596; x_wconf 86' lang='lat' dir='ltr'><strong>humorem,</strong></span> <span class='ocrx_word' id='word_1_317' title='bbox 3603 1532 3705 1587; x_wconf 80' lang='lat' dir='ltr'><strong>iri-</strong></span> 
     </span>
    </p>
   </div>
   <div class='ocr_carea' id='block_1_47' title="bbox 2116 1623 3701 1693">
    <p class='ocr_par' dir='ltr' id='par_1_47' title="bbox 2116 1623 3701 1693">
     <span class='ocr_line' id='line_1_47' title="bbox 2116 1623 3701 1693; baseline 0.001 -15"><span class='ocrx_word' id='word_1_318' title='bbox 2116 1639 2217 1693; x_wconf 80' lang='lat' dir='ltr'><strong>gus</strong></span> <span class='ocrx_word' id='word_1_319' title='bbox 2242 1623 2311 1680; x_wconf 79' lang='lat' dir='ltr'><strong>ab</strong></span> <span class='ocrx_word' id='word_1_320' title='bbox 2334 1640 2494 1692; x_wconf 87' lang='lat' dir='ltr'><strong>aqua.</strong></span> <span class='ocrx_word' id='word_1_321' title='bbox 2522 1624 2716 1683; x_wconf 65' lang='lat' dir='ltr'><strong>Coaei&#39;a</strong></span> <span class='ocrx_word' id='word_1_322' title='bbox 2746 1633 2932 1683; x_wconf 83' lang='lat' dir='ltr'><strong>autem</strong></span> <span class='ocrx_word' id='word_1_323' title='bbox 2955 1626 3103 1681; x_wconf 78' lang='lat' dir='ltr'><strong>aeris</strong></span> <span class='ocrx_word' id='word_1_324' title='bbox 3132 1624 3418 1683; x_wconf 71' lang='lat' dir='ltr'><strong>binariul</strong></span> <span class='ocrx_word' id='word_1_325' title='bbox 3448 1625 3701 1680; x_wconf 86' lang='lat' dir='ltr'><strong>humoris</strong></span> 
     </span>
    </p>
   </div>
   <div class='ocr_carea' id='block_1_48' title="bbox 2118 1714 3699 1788">
    <p class='ocr_par' dir='ltr' id='par_1_48' title="bbox 2118 1714 3699 1788">
     <span class='ocr_line' id='line_1_48' title="bbox 2118 1714 3699 1788; baseline -0.001 -17"><span class='ocrx_word' id='word_1_326' title='bbox 2118 1724 2176 1771; x_wconf 91' lang='lat' dir='ltr'><strong>et</strong></span> <span class='ocrx_word' id='word_1_327' title='bbox 2199 1717 2399 1775; x_wconf 75' lang='lat' dir='ltr'><strong>caloris</strong></span> <span class='ocrx_word' id='word_1_328' title='bbox 2433 1732 2646 1777; x_wconf 80' lang='lat' dir='ltr'><strong>necnon</strong></span> <span class='ocrx_word' id='word_1_329' title='bbox 2707 1716 3034 1788; x_wconf 79' lang='lat' dir='ltr'><strong>sanguinem</strong></span> <span class='ocrx_word' id='word_1_330' title='bbox 3063 1716 3135 1771; x_wconf 83' lang='lat' dir='ltr'><strong>ab</strong></span> <span class='ocrx_word' id='word_1_331' title='bbox 3178 1716 3397 1771; x_wconf 83' lang='lat' dir='ltr'><strong>eodem.</strong></span> <span class='ocrx_word' id='word_1_332' title='bbox 3419 1714 3699 1779; x_wconf 77' lang='lat' dir='ltr'><strong>Calorem.</strong></span> 
     </span>
    </p>
   </div>
   <div class='ocr_carea' id='block_1_49' title="bbox 2120 1806 3698 1877">
    <p class='ocr_par' dir='ltr' id='par_1_49' title="bbox 2120 1806 3698 1877">
     <span class='ocr_line' id='line_1_49' title="bbox 2120 1806 3698 1877; baseline -0.001 -15"><span class='ocrx_word' id='word_1_333' title='bbox 2120 1806 2485 1876; x_wconf 85' lang='lat' dir='ltr'><strong>similiterque</strong></span> <span class='ocrx_word' id='word_1_334' title='bbox 2515 1807 2818 1867; x_wconf 81' lang='lat' dir='ltr'><strong>siccitatem</strong></span> <span class='ocrx_word' id='word_1_335' title='bbox 2851 1808 2920 1864; x_wconf 85' lang='lat' dir='ltr'><strong>ab</strong></span> <span class='ocrx_word' id='word_1_336' title='bbox 2953 1809 3099 1877; x_wconf 81' lang='lat' dir='ltr'><strong>igne,</strong></span> <span class='ocrx_word' id='word_1_337' title='bbox 3136 1806 3284 1863; x_wconf 76' lang='lat' dir='ltr'><strong>unde</strong></span> <span class='ocrx_word' id='word_1_338' title='bbox 3339 1816 3558 1865; x_wconf 80' lang='lat' dir='ltr'><strong>certum</strong></span> <span class='ocrx_word' id='word_1_339' title='bbox 3609 1816 3698 1861; x_wconf 90' lang='lat' dir='ltr'><strong>est</strong></span> 
     </span>
    </p>
   </div>
   <div class='ocr_carea' id='block_1_50' title="bbox 2119 1895 3697 1966">
    <p class='ocr_par' dir='ltr' id='par_1_50' title="bbox 2119 1895 3697 1966">
     <span class='ocr_line' id='line_1_50' title="bbox 2119 1895 3697 1966; baseline -0.001 -15"><span class='ocrx_word' id='word_1_340' title='bbox 2119 1895 2319 1952; x_wconf 83' lang='lat' dir='ltr'><strong>ﬂavam</strong></span> <span class='ocrx_word' id='word_1_341' title='bbox 2351 1897 2517 1951; x_wconf 90' lang='lat' dir='ltr'><strong>bilem</strong></span> <span class='ocrx_word' id='word_1_342' title='bbox 2558 1897 2844 1957; x_wconf 79' lang='lat' dir='ltr'><strong>exsistere.</strong></span> <span class='ocrx_word' id='word_1_343' title='bbox 2884 1895 2931 1953; x_wconf 83' lang='lat' dir='ltr'><strong>A</strong></span> <span class='ocrx_word' id='word_1_344' title='bbox 2954 1895 3224 1966; x_wconf 85' lang='lat' dir='ltr'><strong>stirpibus</strong></span> <span class='ocrx_word' id='word_1_345' title='bbox 3256 1895 3367 1950; x_wconf 89' lang='lat' dir='ltr'><strong>vim</strong></span> <span class='ocrx_word' id='word_1_346' title='bbox 3420 1895 3604 1952; x_wconf 72' lang='lat' dir='ltr'><strong>alendi</strong></span> <span class='ocrx_word' id='word_1_347' title='bbox 3638 1905 3697 1950; x_wconf 88' lang='lat' dir='ltr'><strong>et</strong></span> 
     </span>
    </p>
   </div>
   <div class='ocr_carea' id='block_1_51' title="bbox 2119 1988 3704 2061">
    <p class='ocr_par' dir='ltr' id='par_1_51' title="bbox 2119 1988 3704 2061">
     <span class='ocr_line' id='line_1_51' title="bbox 2119 1988 3704 2061; baseline 0.001 -18"><span class='ocrx_word' id='word_1_348' title='bbox 2119 1989 2380 2061; x_wconf 80' lang='lat' dir='ltr'><strong>augendi,</strong></span> <span class='ocrx_word' id='word_1_349' title='bbox 2442 1990 2560 2046; x_wconf 72' lang='lat' dir='ltr'><strong>inec</strong></span> <span class='ocrx_word' id='word_1_350' title='bbox 2620 1991 2751 2056; x_wconf 91' lang='lat' dir='ltr'><strong>duo,</strong></span> <span class='ocrx_word' id='word_1_351' title='bbox 2796 1992 3039 2059; x_wconf 79' lang='lat' dir='ltr'><strong>inquam.</strong></span> <span class='ocrx_word' id='word_1_352' title='bbox 3100 1989 3343 2047; x_wconf 80' lang='lat' dir='ltr'><strong>Sensum</strong></span> <span class='ocrx_word' id='word_1_353' title='bbox 3386 2005 3421 2044; x_wconf 83' lang='lat' dir='ltr'><strong>a</strong></span> <span class='ocrx_word' id='word_1_354' title='bbox 3469 1988 3704 2044; x_wconf 82' lang='lat' dir='ltr'><strong>rationis</strong></span> 
     </span>
    </p>
   </div>
   <div class='ocr_carea' id='block_1_52' title="bbox 2119 2080 3705 2156">
    <p class='ocr_par' dir='ltr' id='par_1_52' title="bbox 2119 2080 3705 2156">
     <span class='ocr_line' id='line_1_52' title="bbox 2119 2080 3705 2156; baseline -0.004 -16"><span class='ocrx_word' id='word_1_355' title='bbox 2119 2084 2466 2156; x_wconf 78' lang='lat' dir='ltr'><strong>expertibus.</strong></span> <span class='ocrx_word' id='word_1_356' title='bbox 2494 2099 2735 2154; x_wconf 72' lang='lat' dir='ltr'><strong>eumque</strong></span> <span class='ocrx_word' id='word_1_357' title='bbox 2786 2083 3191 2140; x_wconf 80' lang='lat' dir='ltr'><strong>admirabilem.</strong></span> <span class='ocrx_word' id='word_1_358' title='bbox 3218 2082 3264 2135; x_wconf 83' lang='lat' dir='ltr'><strong>A</strong></span> <span class='ocrx_word' id='word_1_359' title='bbox 3320 2080 3605 2150; x_wconf 69' lang='lat' dir='ltr'><strong>lapidibus</strong></span> <span class='ocrx_word' id='word_1_360' title='bbox 3644 2086 3705 2135; x_wconf 86' lang='lat' dir='ltr'><strong>et</strong></span> 
     </span>
    </p>
   </div>
   <div class='ocr_carea' id='block_1_53' title="bbox 2119 2171 3703 2247">
    <p class='ocr_par' dir='ltr' id='par_1_53' title="bbox 2119 2171 3703 2247">
     <span class='ocr_line' id='line_1_53' title="bbox 2119 2171 3703 2247; baseline -0.003 -16"><span class='ocrx_word' id='word_1_361' title='bbox 2119 2175 2288 2247; x_wconf 82' lang='lat' dir='ltr'><strong>lignis</strong></span> <span class='ocrx_word' id='word_1_362' title='bbox 2317 2191 2425 2231; x_wconf 86' lang='lat' dir='ltr'><strong>non</strong></span> <span class='ocrx_word' id='word_1_363' title='bbox 2454 2176 2827 2232; x_wconf 85' lang='lat' dir='ltr'><strong>sentientibus</strong></span> <span class='ocrx_word' id='word_1_364' title='bbox 2851 2175 3203 2236; x_wconf 81' lang='lat' dir='ltr'><strong>densitatem.</strong></span> <span class='ocrx_word' id='word_1_365' title='bbox 3233 2183 3290 2228; x_wconf 91' lang='lat' dir='ltr'><strong>et</strong></span> <span class='ocrx_word' id='word_1_366' title='bbox 3306 2171 3703 2229; x_wconf 77' lang='lat' dir='ltr'><strong>coluerentiam</strong></span> 
     </span>
    </p>
   </div>
   <div class='ocr_carea' id='block_1_54' title="bbox 2121 2263 3707 2332">
    <p class='ocr_par' dir='ltr' id='par_1_54' title="bbox 2121 2263 3707 2332">
     <span class='ocr_line' id='line_1_54' title="bbox 2121 2263 3707 2332; baseline -0.003 -11"><span class='ocrx_word' id='word_1_367' title='bbox 2121 2268 2179 2323; x_wconf 83' lang='lat' dir='ltr'><strong>in</strong></span> <span class='ocrx_word' id='word_1_368' title='bbox 2208 2267 2417 2332; x_wconf 83' lang='lat' dir='ltr'><strong>nervis.</strong></span> <span class='ocrx_word' id='word_1_369' title='bbox 2462 2266 2523 2325; x_wconf 84' lang='lat' dir='ltr'><strong>in</strong></span> <span class='ocrx_word' id='word_1_370' title='bbox 2568 2268 2808 2327; x_wconf 78' lang='lat' dir='ltr'><strong>ossibus.</strong></span> <span class='ocrx_word' id='word_1_371' title='bbox 2858 2266 3146 2322; x_wconf 81' lang='lat' dir='ltr'><strong>Rationem</strong></span> <span class='ocrx_word' id='word_1_372' title='bbox 3175 2274 3234 2320; x_wconf 91' lang='lat' dir='ltr'><strong>et</strong></span> <span class='ocrx_word' id='word_1_373' title='bbox 3288 2273 3537 2327; x_wconf 70' lang='lat' dir='ltr'><strong>mentem</strong></span> <span class='ocrx_word' id='word_1_374' title='bbox 3564 2263 3707 2318; x_wconf 81' lang='lat' dir='ltr'><strong>divi-</strong></span> 
     </span>
    </p>
   </div>
   <div class='ocr_carea' id='block_1_55' title="bbox 2119 2352 3707 2428">
    <p class='ocr_par' dir='ltr' id='par_1_55' title="bbox 2119 2352 3707 2428">
     <span class='ocr_line' id='line_1_55' title="bbox 2119 2352 3707 2428; baseline -0.005 -15"><span class='ocrx_word' id='word_1_375' title='bbox 2119 2373 2251 2414; x_wconf 88' lang='lat' dir='ltr'><strong>num</strong></span> <span class='ocrx_word' id='word_1_376' title='bbox 2278 2356 2544 2428; x_wconf 82' lang='lat' dir='ltr'><strong>quiddam</strong></span> <span class='ocrx_word' id='word_1_377' title='bbox 2577 2358 2768 2427; x_wconf 80' lang='lat' dir='ltr'><strong>utique</strong></span> <span class='ocrx_word' id='word_1_378' title='bbox 2786 2355 2857 2415; x_wconf 90' lang='lat' dir='ltr'><strong>ab</strong></span> <span class='ocrx_word' id='word_1_379' title='bbox 2884 2356 3200 2425; x_wconf 84' lang='lat' dir='ltr'><strong>angelorum</strong></span> <span class='ocrx_word' id='word_1_380' title='bbox 3221 2363 3437 2417; x_wconf 84' lang='lat' dir='ltr'><strong>natura.</strong></span> <span class='ocrx_word' id='word_1_381' title='bbox 3470 2352 3539 2407; x_wconf 90' lang='lat' dir='ltr'><strong>ad</strong></span> <span class='ocrx_word' id='word_1_382' title='bbox 3569 2367 3707 2421; x_wconf 78' lang='lat' dir='ltr'><strong>quo—</strong></span> 
     </span>
    </p>
   </div>
   <div class='ocr_carea' id='block_1_56' title="bbox 2121 2446 3706 2518">
    <p class='ocr_par' dir='ltr' id='par_1_56' title="bbox 2121 2446 3706 2518">
     <span class='ocr_line' id='line_1_56' title="bbox 2121 2446 3706 2518; baseline -0.004 -13"><span class='ocrx_word' id='word_1_383' title='bbox 2121 2466 2243 2505; x_wconf 89' lang='lat' dir='ltr'><strong>rum</strong></span> <span class='ocrx_word' id='word_1_384' title='bbox 2269 2449 2684 2506; x_wconf 78' lang='lat' dir='ltr'><strong>similitudinem</strong></span> <span class='ocrx_word' id='word_1_385' title='bbox 2708 2464 2804 2518; x_wconf 87' lang='lat' dir='ltr'><strong>per</strong></span> <span class='ocrx_word' id='word_1_386' title='bbox 2825 2449 2942 2503; x_wconf 64' lang='lat' dir='ltr'><strong>hate</strong></span> <span class='ocrx_word' id='word_1_387' title='bbox 2962 2446 3295 2503; x_wconf 85' lang='lat' dir='ltr'><strong>accedimus.</strong></span> <span class='ocrx_word' id='word_1_388' title='bbox 3323 2446 3577 2501; x_wconf 82' lang='lat' dir='ltr'><strong>Animam</strong></span> <span class='ocrx_word' id='word_1_389' title='bbox 3602 2459 3706 2499; x_wconf 86' lang='lat' dir='ltr'><strong>au-</strong></span> 
     </span>
    </p>
   </div>
   <div class='ocr_carea' id='block_1_57' title="bbox 2123 2537 3706 2613">
    <p class='ocr_par' dir='ltr' id='par_1_57' title="bbox 2123 2537 3706 2613">
     <span class='ocr_line' id='line_1_57' title="bbox 2123 2537 3706 2613; baseline -0.004 -15"><span class='ocrx_word' id='word_1_390' title='bbox 2123 2553 2235 2598; x_wconf 89' lang='lat' dir='ltr'><strong>tem</strong></span> <span class='ocrx_word' id='word_1_391' title='bbox 2285 2559 2315 2598; x_wconf 89' lang='lat' dir='ltr'><strong>a</strong></span> <span class='ocrx_word' id='word_1_392' title='bbox 2361 2543 2661 2613; x_wconf 83' lang='lat' dir='ltr'><strong>semetipso</strong></span> <span class='ocrx_word' id='word_1_393' title='bbox 2717 2541 2976 2605; x_wconf 88' lang='lat' dir='ltr'><strong>contulit.</strong></span> <span class='ocrx_word' id='word_1_394' title='bbox 3040 2540 3320 2611; x_wconf 88' lang='lat' dir='ltr'><strong>inspirans</strong></span> <span class='ocrx_word' id='word_1_395' title='bbox 3367 2537 3706 2609; x_wconf 87' lang='lat' dir='ltr'><strong>spiraculum</strong></span> 
     </span>
    </p>
   </div>
   <div class='ocr_carea' id='block_1_58' title="bbox 2119 2629 3706 2703">
    <p class='ocr_par' dir='ltr' id='par_1_58' title="bbox 2119 2629 3706 2703">
     <span class='ocr_line' id='line_1_58' title="bbox 2119 2629 3706 2703; baseline -0.004 -14"><span class='ocrx_word' id='word_1_396' title='bbox 2119 2635 2267 2689; x_wconf 74' lang='lat' dir='ltr'><strong>vitae.</strong></span> <span class='ocrx_word' id='word_1_397' title='bbox 2290 2633 2544 2688; x_wconf 85' lang='lat' dir='ltr'><strong>Animam</strong></span> <span class='ocrx_word' id='word_1_398' title='bbox 2577 2633 2812 2703; x_wconf 87' lang='lat' dir='ltr'><strong>seipsam</strong></span> <span class='ocrx_word' id='word_1_399' title='bbox 2842 2642 3175 2698; x_wconf 89' lang='lat' dir='ltr'><strong>moventem,</strong></span> <span class='ocrx_word' id='word_1_400' title='bbox 3203 2640 3256 2687; x_wconf 89' lang='lat' dir='ltr'><strong>et</strong></span> <span class='ocrx_word' id='word_1_401' title='bbox 3293 2629 3507 2685; x_wconf 86' lang='lat' dir='ltr'><strong>moveri</strong></span> <span class='ocrx_word' id='word_1_402' title='bbox 3557 2644 3706 2683; x_wconf 87' lang='lat' dir='ltr'><strong>nun-</strong></span> 
     </span>
    </p>
   </div>
   <div class='ocr_carea' id='block_1_59' title="bbox 2120 2722 3709 2796">
    <p class='ocr_par' dir='ltr' id='par_1_59' title="bbox 2120 2722 3709 2796">
     <span class='ocr_line' id='line_1_59' title="bbox 2120 2722 3709 2796; baseline -0.004 -16"><span class='ocrx_word' id='word_1_403' title='bbox 2120 2741 2284 2796; x_wconf 89' lang='lat' dir='ltr'><strong>quam</strong></span> <span class='ocrx_word' id='word_1_404' title='bbox 2342 2726 2711 2792; x_wconf 88' lang='lat' dir='ltr'><strong>desinentem,</strong></span> <span class='ocrx_word' id='word_1_405' title='bbox 2764 2725 3001 2780; x_wconf 88' lang='lat' dir='ltr'><strong>animam</strong></span> <span class='ocrx_word' id='word_1_406' title='bbox 3035 2724 3364 2794; x_wconf 89' lang='lat' dir='ltr'><strong>simplicem,</strong></span> <span class='ocrx_word' id='word_1_407' title='bbox 3424 2722 3709 2776; x_wconf 87' lang='lat' dir='ltr'><strong>immorta-</strong></span> 
     </span>
    </p>
   </div>
   <div class='ocr_carea' id='block_1_60' title="bbox 2120 2815 3708 2884">
    <p class='ocr_par' dir='ltr' id='par_1_60' title="bbox 2120 2815 3708 2884">
     <span class='ocr_line' id='line_1_60' title="bbox 2120 2815 3708 2884; baseline -0.005 -12"><span class='ocrx_word' id='word_1_408' title='bbox 2120 2817 2252 2879; x_wconf 91' lang='lat' dir='ltr'><strong>lem.</strong></span> <span class='ocrx_word' id='word_1_409' title='bbox 2291 2832 2574 2884; x_wconf 90' lang='lat' dir='ltr'><strong>nunquam</strong></span> <span class='ocrx_word' id='word_1_410' title='bbox 2609 2825 3015 2881; x_wconf 88' lang='lat' dir='ltr'><strong>senescentem,</strong></span> <span class='ocrx_word' id='word_1_411' title='bbox 3042 2815 3182 2871; x_wconf 82' lang='lat' dir='ltr'><strong>nihil</strong></span> <span class='ocrx_word' id='word_1_412' title='bbox 3217 2815 3512 2870; x_wconf 85' lang='lat' dir='ltr'><strong>habentem</strong></span> <span class='ocrx_word' id='word_1_413' title='bbox 3548 2827 3708 2868; x_wconf 86' lang='lat' dir='ltr'><strong>cras-</strong></span> 
     </span>
    </p>
   </div>
   <div class='ocr_carea' id='block_1_61' title="bbox 2122 2904 3708 2979">
    <p class='ocr_par' dir='ltr' id='par_1_61' title="bbox 2122 2904 3708 2979">
     <span class='ocr_line' id='line_1_61' title="bbox 2122 2904 3708 2979; baseline -0.004 -15"><span class='ocrx_word' id='word_1_414' title='bbox 2122 2907 2403 2971; x_wconf 88' lang='lat' dir='ltr'><strong>situdinis,</strong></span> <span class='ocrx_word' id='word_1_415' title='bbox 2440 2922 2544 2962; x_wconf 88' lang='lat' dir='ltr'><strong>nec</strong></span> <span class='ocrx_word' id='word_1_416' title='bbox 2574 2907 2818 2965; x_wconf 59' lang='lat' dir='ltr'><strong>materiae</strong></span> <span class='ocrx_word' id='word_1_417' title='bbox 2838 2917 3161 2979; x_wconf 83' lang='lat' dir='ltr'><strong>corporatae,</strong></span> <span class='ocrx_word' id='word_1_418' title='bbox 3194 2916 3449 2961; x_wconf 89' lang='lat' dir='ltr'><strong>naturam</strong></span> <span class='ocrx_word' id='word_1_419' title='bbox 3490 2905 3574 2961; x_wconf 89' lang='lat' dir='ltr'><strong>sui</strong></span> <span class='ocrx_word' id='word_1_420' title='bbox 3612 2904 3708 2975; x_wconf 83' lang='lat' dir='ltr'><strong>ju-</strong></span> 
     </span>
    </p>
   </div>
   <div class='ocr_carea' id='block_1_62' title="bbox 440 2991 3705 3069">
    <p class='ocr_par' dir='ltr' id='par_1_62' title="bbox 440 2991 3705 3069">
     <span class='ocr_line' id='line_1_62' title="bbox 440 2991 3705 3069; baseline -0.002 -14"><span class='ocrx_word' id='word_1_421' title='bbox 440 3004 501 3052; x_wconf 71' lang='grc' dir='ltr'><strong>ει</strong></span> <span class='ocrx_word' id='word_1_422' title='bbox 541 2993 764 3065; x_wconf 69' lang='lat' dir='ltr'><strong>quidem</strong></span> <span class='ocrx_word' id='word_1_423' title='bbox 824 2994 1015 3065; x_wconf 75' lang='lat' dir='ltr'><strong>magis,</strong></span> <span class='ocrx_word' id='word_1_424' title='bbox 1072 2999 1158 3047; x_wconf 70' lang='grc' dir='ltr'><strong>εει</strong></span> <span class='ocrx_word' id='word_1_425' title='bbox 1208 2991 1355 3046; x_wconf 74' lang='lat' dir='ltr'><strong>enim</strong></span> <span class='ocrx_word' id='word_1_426' title='bbox 1402 2991 1679 3048; x_wconf 73' lang='lat' dir='ltr'><strong>secundus</strong></span> <span class='ocrx_word' id='word_1_427' title='bbox 1731 2993 1904 3049; x_wconf 77' lang='lat' dir='ltr'><strong>Adam</strong></span> <span class='ocrx_word' id='word_1_428' title='bbox 1963 2994 2088 3069; x_wconf 78' lang='lat' dir='ltr'><strong>illc</strong></span> <span class='ocrx_word' id='word_1_429' title='bbox 2126 3002 2205 3057; x_wconf 88' lang='lat' dir='ltr'><strong>ris</strong></span> <span class='ocrx_word' id='word_1_430' title='bbox 2242 3010 2299 3056; x_wconf 92' lang='lat' dir='ltr'><strong>et</strong></span> <span class='ocrx_word' id='word_1_431' title='bbox 2350 3000 2593 3066; x_wconf 86' lang='lat' dir='ltr'><strong>arbitrii,</strong></span> <span class='ocrx_word' id='word_1_432' title='bbox 2650 2999 2977 3055; x_wconf 88' lang='lat' dir='ltr'><strong>honoratam</strong></span> <span class='ocrx_word' id='word_1_433' title='bbox 3044 2998 3257 3054; x_wconf 87' lang='lat' dir='ltr'><strong>ratione</strong></span> <span class='ocrx_word' id='word_1_434' title='bbox 3311 2996 3705 3066; x_wconf 85' lang='lat' dir='ltr'><strong>conditamque</strong></span> 
     </span>
    </p>
   </div>
   <div class='ocr_carea' id='block_1_63' title="bbox 440 3083 2024 3158">
    <p class='ocr_par' dir='ltr' id='par_1_63' title="bbox 440 3083 2024 3158">
     <span class='ocr_line' id='line_1_63' title="bbox 440 3083 2024 3158; baseline -0.001 -15"><span class='ocrx_word' id='word_1_435' title='bbox 440 3104 552 3158; x_wconf 76' lang='lat' dir='ltr'><strong>quo</strong></span> <span class='ocrx_word' id='word_1_436' title='bbox 597 3098 684 3143; x_wconf 85' lang='lat' dir='ltr'><strong>est</strong></span> <span class='ocrx_word' id='word_1_437' title='bbox 729 3087 919 3142; x_wconf 84' lang='lat' dir='ltr'><strong>vivere</strong></span> <span class='ocrx_word' id='word_1_438' title='bbox 961 3086 1017 3141; x_wconf 91' lang='lat' dir='ltr'><strong>in</strong></span> <span class='ocrx_word' id='word_1_439' title='bbox 1053 3084 1274 3156; x_wconf 86' lang='lat' dir='ltr'><strong>spiritu,</strong></span> <span class='ocrx_word' id='word_1_440' title='bbox 1332 3092 1388 3140; x_wconf 91' lang='lat' dir='ltr'><strong>et</strong></span> <span class='ocrx_word' id='word_1_441' title='bbox 1441 3083 1630 3140; x_wconf 90' lang='lat' dir='ltr'><strong>vivere</strong></span> <span class='ocrx_word' id='word_1_442' title='bbox 1662 3085 1718 3140; x_wconf 91' lang='lat' dir='ltr'><strong>in</strong></span> <span class='ocrx_word' id='word_1_443' title='bbox 1771 3086 2024 3142; x_wconf 87' lang='lat' dir='ltr'><strong>incorru-</strong></span> 
     </span>
    </p>
   </div>
   <div class='ocr_carea' id='block_1_64' title="bbox 441 3182 711 3253">
    <p class='ocr_par' dir='ltr' id='par_1_64' title="bbox 441 3182 711 3253">
     <span class='ocr_line' id='line_1_64' title="bbox 441 3182 711 3253; baseline -0.004 -17"><span class='ocrx_word' id='word_1_444' title='bbox 441 3182 630 3253; x_wconf 69' lang='lat' dir='ltr'><strong>ptione</strong></span> <span class='ocrx_word' id='word_1_445' title='bbox 650 3182 711 3235; x_wconf 79' lang='lat'><strong>&quot;.</strong></span> 
     </span>
    </p>
   </div>
   <div class='ocr_carea' id='block_1_65' title="bbox 519 3273 2019 3347">
    <p class='ocr_par' dir='ltr' id='par_1_65' title="bbox 519 3273 2019 3347">
     <span class='ocr_line' id='line_1_65' title="bbox 519 3273 2019 3347; baseline 0.001 -19"><span class='ocrx_word' id='word_1_446' title='bbox 519 3294 541 3328; x_wconf 68' lang='grc' dir='ltr'>ε</span> <span class='ocrx_word' id='word_1_447' title='bbox 579 3274 907 3344; x_wconf 82' lang='lat' dir='ltr'><strong>Quicunque</strong></span> <span class='ocrx_word' id='word_1_448' title='bbox 933 3274 1082 3329; x_wconf 88' lang='lat' dir='ltr'><strong>enim</strong></span> <span class='ocrx_word' id='word_1_449' title='bbox 1124 3274 1305 3346; x_wconf 87' lang='lat' dir='ltr'><strong>ipsum</strong></span> <span class='ocrx_word' id='word_1_450' title='bbox 1336 3285 1690 3347; x_wconf 89' lang='lat' dir='ltr'><strong>receperunt,</strong></span> <span class='ocrx_word' id='word_1_451' title='bbox 1726 3274 1881 3331; x_wconf 87' lang='lat' dir='ltr'><strong>dedit</strong></span> <span class='ocrx_word' id='word_1_452' title='bbox 1912 3273 2019 3337; x_wconf 88' lang='lat' dir='ltr'><strong>eis.</strong></span> 
     </span>
    </p>
   </div>
   <div class='ocr_carea' id='block_1_66' title="bbox 443 3366 2024 3440">
    <p class='ocr_par' dir='ltr' id='par_1_66' title="bbox 443 3366 2024 3440">
     <span class='ocr_line' id='line_1_66' title="bbox 443 3366 2024 3440; baseline -0.001 -17"><span class='ocrx_word' id='word_1_453' title='bbox 443 3368 645 3438; x_wconf 87' lang='lat' dir='ltr'><strong>inquit.</strong></span> <span class='ocrx_word' id='word_1_454' title='bbox 682 3366 826 3423; x_wconf 74' lang='lat' dir='ltr'><strong>filios</strong></span> <span class='ocrx_word' id='word_1_455' title='bbox 863 3368 957 3424; x_wconf 92' lang='lat' dir='ltr'><strong>Dei</strong></span> <span class='ocrx_word' id='word_1_456' title='bbox 998 3368 1119 3439; x_wconf 90' lang='lat' dir='ltr'><strong>(per</strong></span> <span class='ocrx_word' id='word_1_457' title='bbox 1153 3368 1407 3440; x_wconf 84' lang='lat' dir='ltr'><strong>gratiam)</strong></span> <span class='ocrx_word' id='word_1_458' title='bbox 1446 3369 1562 3425; x_wconf 83' lang='lat' dir='ltr'><strong>ﬂeri</strong></span> <span class='ocrx_word' id='word_1_459' title='bbox 1592 3371 1647 3437; x_wconf 22' lang='grc' dir='ltr'><strong>’ςη</strong></span> <span class='ocrx_word' id='word_1_460' title='bbox 1679 3388 1698 3421; x_wconf 77' lang='grc' dir='ltr'><strong><em>ι</em></strong></span> <span class='ocrx_word' id='word_1_461' title='bbox 1725 3369 1877 3434; x_wconf 90' lang='lat' dir='ltr'><strong>deos,</strong></span> <span class='ocrx_word' id='word_1_462' title='bbox 1911 3382 2024 3422; x_wconf 90' lang='lat' dir='ltr'><strong>non</strong></span> 
     </span>
    </p>
   </div>
   <div class='ocr_carea' id='block_1_67' title="bbox 445 3460 2018 3533">
    <p class='ocr_par' dir='ltr' id='par_1_67' title="bbox 445 3460 2018 3533">
     <span class='ocr_line' id='line_1_67' title="bbox 445 3460 2018 3533; baseline -0.001 -17"><span class='ocrx_word' id='word_1_463' title='bbox 445 3462 608 3525; x_wconf 80' lang='lat' dir='ltr'><strong>tilias,</strong></span> <span class='ocrx_word' id='word_1_464' title='bbox 659 3461 807 3533; x_wconf 92' lang='lat' dir='ltr'><strong>quod</strong></span> <span class='ocrx_word' id='word_1_465' title='bbox 862 3462 1021 3533; x_wconf 83' lang='lat' dir='ltr'><strong>longe</strong></span> <span class='ocrx_word' id='word_1_466' title='bbox 1075 3462 1252 3528; x_wconf 77' lang='lat' dir='ltr'><strong>majus</strong></span> <span class='ocrx_word' id='word_1_467' title='bbox 1300 3470 1467 3532; x_wconf 88' lang='lat' dir='ltr'><strong>atque</strong></span> <span class='ocrx_word' id='word_1_468' title='bbox 1518 3460 1865 3532; x_wconf 67' lang='lat' dir='ltr'><strong>praestantius</strong></span> <span class='ocrx_word' id='word_1_469' title='bbox 1911 3467 2018 3516; x_wconf 89' lang='lat' dir='ltr'><strong>est.</strong></span> 
     </span>
    </p>
   </div>
   <div class='ocr_carea' id='block_1_68' title="bbox 443 3554 1941 3622">
    <p class='ocr_par' dir='ltr' id='par_1_68' title="bbox 443 3554 1941 3622">
     <span class='ocr_line' id='line_1_68' title="bbox 443 3554 1941 3622; baseline -0.003 -12"><span class='ocrx_word' id='word_1_470' title='bbox 443 3555 573 3622; x_wconf 62' lang='lat' dir='ltr'><strong>Quae</strong></span> <span class='ocrx_word' id='word_1_471' title='bbox 605 3562 938 3620; x_wconf 86' lang='lat' dir='ltr'><strong>sequuntur,</strong></span> <span class='ocrx_word' id='word_1_472' title='bbox 969 3554 1289 3618; x_wconf 89' lang='lat' dir='ltr'><strong>admodum,</strong></span> <span class='ocrx_word' id='word_1_473' title='bbox 1327 3564 1387 3608; x_wconf 90' lang='lat' dir='ltr'><strong>nt</strong></span> <span class='ocrx_word' id='word_1_474' title='bbox 1416 3569 1564 3619; x_wconf 90' lang='lat' dir='ltr'><strong>reor,</strong></span> <span class='ocrx_word' id='word_1_475' title='bbox 1604 3554 1941 3609; x_wconf 84' lang='lat' dir='ltr'><strong>intellexisti.</strong></span> 
     </span>
    </p>
   </div>
   <div class='ocr_carea' id='block_1_69' title="bbox 1049 3668 1451 3725">
    <p class='ocr_par' dir='ltr' id='par_1_69' title="bbox 1049 3668 1451 3725">
     <span class='ocr_line' id='line_1_69' title="bbox 1049 3668 1451 3725; baseline 0.005 -2"><span class='ocrx_word' id='word_1_476' title='bbox 1049 3668 1277 3725; x_wconf 81' lang='lat' dir='ltr'><strong>CAPUT</strong></span> <span class='ocrx_word' id='word_1_477' title='bbox 1309 3668 1451 3725; x_wconf 82' lang='lat' dir='ltr'><strong>XIV.</strong></span> 
     </span>
    </p>
   </div>
   <div class='ocr_carea' id='block_1_70' title="bbox 446 3758 2029 3826">
    <p class='ocr_par' dir='ltr' id='par_1_70' title="bbox 446 3758 2029 3826">
     <span class='ocr_line' id='line_1_70' title="bbox 446 3758 2029 3826; baseline -0.001 -14"><span class='ocrx_word' id='word_1_478' title='bbox 446 3760 902 3826; x_wconf 75' lang='lat' dir='ltr'><strong>Quemadmodum</strong></span> <span class='ocrx_word' id='word_1_479' title='bbox 938 3758 1077 3814; x_wconf 86' lang='lat' dir='ltr'><strong>Deus</strong></span> <span class='ocrx_word' id='word_1_480' title='bbox 1117 3761 1381 3817; x_wconf 81' lang='lat' dir='ltr'><strong>hominem</strong></span> <span class='ocrx_word' id='word_1_481' title='bbox 1417 3776 1535 3813; x_wconf 89' lang='lat' dir='ltr'><strong>cum</strong></span> <span class='ocrx_word' id='word_1_482' title='bbox 1566 3761 1825 3814; x_wconf 78' lang='lat' dir='ltr'><strong>creaturis</strong></span> <span class='ocrx_word' id='word_1_483' title='bbox 1860 3759 2029 3813; x_wconf 85' lang='lat' dir='ltr'><strong>omni-</strong></span> 
     </span>
    </p>
   </div>
   <div class='ocr_carea' id='block_1_71' title="bbox 516 3828 2024 3897">
    <p class='ocr_par' dir='ltr' id='par_1_71' title="bbox 516 3828 2024 3897">
     <span class='ocr_line' id='line_1_71' title="bbox 516 3828 2024 3897; baseline -0.001 -13"><span class='ocrx_word' id='word_1_484' title='bbox 516 3832 607 3884; x_wconf 88' lang='lat' dir='ltr'><strong>bus</strong></span> <span class='ocrx_word' id='word_1_485' title='bbox 640 3830 1116 3884; x_wconf 86' lang='lat' dir='ltr'><strong>communicantem</strong></span> <span class='ocrx_word' id='word_1_486' title='bbox 1150 3828 1385 3897; x_wconf 77' lang='lat' dir='ltr'><strong>ﬁnxerit.</strong></span> <span class='ocrx_word' id='word_1_487' title='bbox 1421 3828 1694 3894; x_wconf 82' lang='lat' dir='ltr'><strong>Quomodo</strong></span> <span class='ocrx_word' id='word_1_488' title='bbox 1725 3830 1862 3884; x_wconf 86' lang='lat' dir='ltr'><strong>idem</strong></span> <span class='ocrx_word' id='word_1_489' title='bbox 1905 3828 2024 3883; x_wconf 89' lang='lat' dir='ltr'><strong>Tri-</strong></span> 
     </span>
    </p>
   </div>
   <div class='ocr_carea' id='block_1_72' title="bbox 521 3901 1343 3971">
    <p class='ocr_par' dir='ltr' id='par_1_72' title="bbox 521 3901 1343 3971">
     <span class='ocr_line' id='line_1_72' title="bbox 521 3901 1343 3971; baseline -0.002 -15"><span class='ocrx_word' id='word_1_490' title='bbox 521 3902 709 3956; x_wconf 81' lang='lat' dir='ltr'><strong>nitatis</strong></span> <span class='ocrx_word' id='word_1_491' title='bbox 736 3901 1023 3971; x_wconf 77' lang='lat' dir='ltr'><strong>imaginem</strong></span> <span class='ocrx_word' id='word_1_492' title='bbox 1056 3901 1343 3954; x_wconf 83' lang='lat' dir='ltr'><strong>contineat.</strong></span> 
     </span>
    </p>
   </div>
   <div class='ocr_carea' id='block_1_73' title="bbox 519 4012 2020 4080">
    <p class='ocr_par' dir='ltr' id='par_1_73' title="bbox 519 4012 2020 4080">
     <span class='ocr_line' id='line_1_73' title="bbox 519 4012 2020 4080; baseline 0 -11"><span class='ocrx_word' id='word_1_493' title='bbox 519 4013 627 4069; x_wconf 86' lang='lat' dir='ltr'><strong>Sed</strong></span> <span class='ocrx_word' id='word_1_494' title='bbox 663 4012 812 4069; x_wconf 83' lang='lat' dir='ltr'><strong>unde</strong></span> <span class='ocrx_word' id='word_1_495' title='bbox 844 4013 1033 4078; x_wconf 83' lang='lat' dir='ltr'><strong>coepit,</strong></span> <span class='ocrx_word' id='word_1_496' title='bbox 1062 4013 1258 4068; x_wconf 89' lang='lat' dir='ltr'><strong>eodem</strong></span> <span class='ocrx_word' id='word_1_497' title='bbox 1291 4023 1606 4070; x_wconf 86' lang='lat' dir='ltr'><strong>revertetur</strong></span> <span class='ocrx_word' id='word_1_498' title='bbox 1635 4015 1835 4080; x_wconf 88' lang='lat' dir='ltr'><strong>oratio,</strong></span> <span class='ocrx_word' id='word_1_499' title='bbox 1868 4014 2020 4070; x_wconf 88' lang='lat' dir='ltr'><strong>dice-</strong></span> 
     </span>
    </p>
   </div>
   <div class='ocr_carea' id='block_1_74' title="bbox 447 4105 2023 4178">
    <p class='ocr_par' dir='ltr' id='par_1_74' title="bbox 447 4105 2023 4178">
     <span class='ocr_line' id='line_1_74' title="bbox 447 4105 2023 4178; baseline 0.003 -20"><span class='ocrx_word' id='word_1_500' title='bbox 447 4121 700 4176; x_wconf 79' lang='lat' dir='ltr'><strong>mnsque,</strong></span> <span class='ocrx_word' id='word_1_501' title='bbox 748 4115 810 4161; x_wconf 85' lang='lat' dir='ltr'><strong>ut</strong></span> <span class='ocrx_word' id='word_1_502' title='bbox 862 4120 1187 4176; x_wconf 87' lang='lat' dir='ltr'><strong>possumus.</strong></span> <span class='ocrx_word' id='word_1_503' title='bbox 1234 4105 1304 4161; x_wconf 81' lang='lat' dir='ltr'><strong>de</strong></span> <span class='ocrx_word' id='word_1_504' title='bbox 1347 4108 1738 4177; x_wconf 88' lang='lat' dir='ltr'><strong>procreatione</strong></span> <span class='ocrx_word' id='word_1_505' title='bbox 1794 4116 2023 4178; x_wconf 89' lang='lat' dir='ltr'><strong>propter</strong></span> 
     </span>
    </p>
   </div>
   <div class='ocr_carea' id='block_1_75' title="bbox 450 4197 2023 4269">
    <p class='ocr_par' dir='ltr' id='par_1_75' title="bbox 450 4197 2023 4269">
     <span class='ocr_line' id='line_1_75' title="bbox 450 4197 2023 4269; baseline 0.003 -20"><span class='ocrx_word' id='word_1_506' title='bbox 450 4198 559 4251; x_wconf 69' lang='lat' dir='ltr'><strong>duo</strong></span> <span class='ocrx_word' id='word_1_507' title='bbox 597 4197 722 4263; x_wconf 90' lang='lat' dir='ltr'><strong>ista,</strong></span> <span class='ocrx_word' id='word_1_508' title='bbox 758 4197 1044 4267; x_wconf 87' lang='lat' dir='ltr'><strong>superiora</strong></span> <span class='ocrx_word' id='word_1_509' title='bbox 1085 4206 1399 4269; x_wconf 83' lang='lat' dir='ltr'><strong>repetentes</strong></span> <span class='ocrx_word' id='word_1_510' title='bbox 1441 4200 1778 4265; x_wconf 89' lang='lat' dir='ltr'><strong>summatim,</strong></span> <span class='ocrx_word' id='word_1_511' title='bbox 1816 4210 1873 4256; x_wconf 90' lang='lat' dir='ltr'><strong>et</strong></span> <span class='ocrx_word' id='word_1_512' title='bbox 1918 4199 2023 4255; x_wconf 88' lang='lat' dir='ltr'><strong>tibi</strong></span> 
     </span>
    </p>
   </div>
   <div class='ocr_carea' id='block_1_76' title="bbox 2123 3085 3706 3163">
    <p class='ocr_par' dir='ltr' id='par_1_76' title="bbox 2123 3085 3706 3163">
     <span class='ocr_line' id='line_1_76' title="bbox 2123 3085 3706 3163; baseline -0.006 -15"><span class='ocrx_word' id='word_1_513' title='bbox 2123 3093 2361 3153; x_wconf 84' lang='lat' dir='ltr'><strong>maxime</strong></span> <span class='ocrx_word' id='word_1_514' title='bbox 2387 3092 2452 3147; x_wconf 93' lang='lat' dir='ltr'><strong>ad</strong></span> <span class='ocrx_word' id='word_1_515' title='bbox 2478 3092 2773 3163; x_wconf 85' lang='lat' dir='ltr'><strong>imaginem</strong></span> <span class='ocrx_word' id='word_1_516' title='bbox 2797 3090 3184 3150; x_wconf 87' lang='lat' dir='ltr'><strong>divinam.non</strong></span> <span class='ocrx_word' id='word_1_517' title='bbox 3220 3096 3401 3143; x_wconf 87' lang='lat' dir='ltr'><strong>tamen</strong></span> <span class='ocrx_word' id='word_1_518' title='bbox 3429 3102 3497 3142; x_wconf 79' lang='lat' dir='ltr'><strong>ex</strong></span> <span class='ocrx_word' id='word_1_519' title='bbox 3516 3085 3706 3140; x_wconf 76' lang='lat' dir='ltr'><strong>divina</strong></span> 
     </span>
    </p>
   </div>
   <div class='ocr_carea' id='block_1_77' title="bbox 2120 3176 3708 3254">
    <p class='ocr_par' dir='ltr' id='par_1_77' title="bbox 2120 3176 3708 3254">
     <span class='ocr_line' id='line_1_77' title="bbox 2120 3176 3708 3254; baseline -0.005 -14"><span class='ocrx_word' id='word_1_520' title='bbox 2120 3185 2451 3250; x_wconf 84' lang='lat' dir='ltr'><strong>substantia,</strong></span> <span class='ocrx_word' id='word_1_521' title='bbox 2483 3184 2628 3254; x_wconf 90' lang='lat' dir='ltr'><strong>quod</strong></span> <span class='ocrx_word' id='word_1_522' title='bbox 2659 3184 2782 3254; x_wconf 78' lang='lat' dir='ltr'><strong>fuge</strong></span> <span class='ocrx_word' id='word_1_523' title='bbox 2811 3183 2898 3238; x_wconf 85' lang='lat' dir='ltr'><strong>vel</strong></span> <span class='ocrx_word' id='word_1_524' title='bbox 2931 3181 3193 3252; x_wconf 82' lang='lat' dir='ltr'><strong>cegitare.</strong></span> <span class='ocrx_word' id='word_1_525' title='bbox 3226 3180 3310 3235; x_wconf 90' lang='lat' dir='ltr'><strong>vel</strong></span> <span class='ocrx_word' id='word_1_526' title='bbox 3345 3179 3531 3233; x_wconf 86' lang='lat' dir='ltr'><strong>dicere</strong></span> <span class='ocrx_word' id='word_1_527' title='bbox 3568 3176 3708 3232; x_wconf 88' lang='lat' dir='ltr'><strong>:scd</strong></span> 
     </span>
    </p>
   </div>
   <div class='ocr_carea' id='block_1_78' title="bbox 2120 3271 3631 3346">
    <p class='ocr_par' dir='ltr' id='par_1_78' title="bbox 2120 3271 3631 3346">
     <span class='ocr_line' id='line_1_78' title="bbox 2120 3271 3631 3346; baseline -0.009 -11"><span class='ocrx_word' id='word_1_528' title='bbox 2120 3295 2187 3335; x_wconf 80' lang='lat' dir='ltr'><strong>ex</strong></span> <span class='ocrx_word' id='word_1_529' title='bbox 2220 3279 2426 3334; x_wconf 88' lang='lat' dir='ltr'><strong>virtute</strong></span> <span class='ocrx_word' id='word_1_530' title='bbox 2480 3275 2866 3346; x_wconf 87' lang='lat' dir='ltr'><strong>omnipotenti,</strong></span> <span class='ocrx_word' id='word_1_531' title='bbox 2908 3290 3015 3345; x_wconf 91' lang='lat' dir='ltr'><strong>qua</strong></span> <span class='ocrx_word' id='word_1_532' title='bbox 3063 3272 3271 3328; x_wconf 86' lang='lat' dir='ltr'><strong>creavit</strong></span> <span class='ocrx_word' id='word_1_533' title='bbox 3313 3271 3495 3325; x_wconf 87' lang='lat' dir='ltr'><strong>omnia</strong></span> <span class='ocrx_word' id='word_1_534' title='bbox 3523 3271 3631 3321; x_wconf 85' lang='grc'><strong>“⁶⁹·.</strong></span> 
     </span>
    </p>
   </div>
   <div class='ocr_carea' id='block_1_79' title="bbox 2193 3360 3710 3434">
    <p class='ocr_par' dir='ltr' id='par_1_79' title="bbox 2193 3360 3710 3434">
     <span class='ocr_line' id='line_1_79' title="bbox 2193 3360 3710 3434; baseline -0.009 -7"><span class='ocrx_word' id='word_1_535' title='bbox 2193 3360 2568 3427; x_wconf 83' lang='lat' dir='ltr'><strong>Substantiam</strong></span> <span class='ocrx_word' id='word_1_536' title='bbox 2601 3365 2968 3429; x_wconf 88' lang='lat' dir='ltr'><strong>individuam,</strong></span> <span class='ocrx_word' id='word_1_537' title='bbox 3000 3365 3053 3418; x_wconf 93' lang='lat' dir='ltr'><strong>in</strong></span> <span class='ocrx_word' id='word_1_538' title='bbox 3085 3379 3192 3434; x_wconf 89' lang='lat' dir='ltr'><strong>qua</strong></span> <span class='ocrx_word' id='word_1_539' title='bbox 3233 3360 3710 3431; x_wconf 82' lang='lat' dir='ltr'><strong>incstiotelligen-</strong></span> 
     </span>
    </p>
   </div>
   <div class='ocr_carea' id='block_1_80' title="bbox 2122 3455 3707 3528">
    <p class='ocr_par' dir='ltr' id='par_1_80' title="bbox 2122 3455 3707 3528">
     <span class='ocr_line' id='line_1_80' title="bbox 2122 3455 3707 3528; baseline -0.01 -10"><span class='ocrx_word' id='word_1_540' title='bbox 2122 3461 2218 3528; x_wconf 78' lang='lat' dir='ltr'><strong>tia,</strong></span> <span class='ocrx_word' id='word_1_541' title='bbox 2247 3472 2305 3517; x_wconf 91' lang='lat' dir='ltr'><strong>et</strong></span> <span class='ocrx_word' id='word_1_542' title='bbox 2337 3475 2496 3515; x_wconf 90' lang='lat' dir='ltr'><strong>mens</strong></span> <span class='ocrx_word' id='word_1_543' title='bbox 2526 3458 2776 3519; x_wconf 86' lang='lat' dir='ltr'><strong>omnino.</strong></span> <span class='ocrx_word' id='word_1_544' title='bbox 2797 3466 2855 3512; x_wconf 90' lang='lat' dir='ltr'><strong>et</strong></span> <span class='ocrx_word' id='word_1_545' title='bbox 2884 3455 3112 3510; x_wconf 91' lang='lat' dir='ltr'><strong>verbum</strong></span> <span class='ocrx_word' id='word_1_546' title='bbox 3133 3463 3316 3508; x_wconf 84' lang='lat' dir='ltr'><strong>mente</strong></span> <span class='ocrx_word' id='word_1_547' title='bbox 3341 3460 3707 3521; x_wconf 86' lang='lat' dir='ltr'><strong>conceptum;</strong></span> 
     </span>
    </p>
   </div>
   <div class='ocr_carea' id='block_1_81' title="bbox 2124 3543 3711 3623">
    <p class='ocr_par' dir='ltr' id='par_1_81' title="bbox 2124 3543 3711 3623">
     <span class='ocr_line' id='line_1_81' title="bbox 2124 3543 3711 3623; baseline -0.008 -13"><span class='ocrx_word' id='word_1_548' title='bbox 2124 3570 2251 3609; x_wconf 91' lang='lat' dir='ltr'><strong>nam</strong></span> <span class='ocrx_word' id='word_1_549' title='bbox 2285 3568 2470 3609; x_wconf 89' lang='lat' dir='ltr'><strong>sermo</strong></span> <span class='ocrx_word' id='word_1_550' title='bbox 2505 3554 2597 3623; x_wconf 92' lang='lat' dir='ltr'><strong>qui</strong></span> <span class='ocrx_word' id='word_1_551' title='bbox 2636 3560 2721 3606; x_wconf 88' lang='lat' dir='ltr'><strong>est</strong></span> <span class='ocrx_word' id='word_1_552' title='bbox 2773 3550 2826 3604; x_wconf 91' lang='lat' dir='ltr'><strong>in</strong></span> <span class='ocrx_word' id='word_1_553' title='bbox 2854 3546 3313 3619; x_wconf 81' lang='lat' dir='ltr'><strong>lingua,prot‘crri</strong></span> <span class='ocrx_word' id='word_1_554' title='bbox 3342 3553 3398 3601; x_wconf 94' lang='lat' dir='ltr'><strong>et</strong></span> <span class='ocrx_word' id='word_1_555' title='bbox 3419 3544 3512 3599; x_wconf 87' lang='lat' dir='ltr'><strong>edi</strong></span> <span class='ocrx_word' id='word_1_556' title='bbox 3560 3543 3711 3599; x_wconf 81' lang='lat' dir='ltr'><strong>foras</strong></span> 
     </span>
    </p>
   </div>
   <div class='ocr_carea' id='block_1_82' title="bbox 2125 3628 3709 3715">
    <p class='ocr_par' dir='ltr' id='par_1_82' title="bbox 2125 3628 3709 3715">
     <span class='ocr_line' id='line_1_82' title="bbox 2125 3628 3709 3715; baseline -0.008 -14"><span class='ocrx_word' id='word_1_557' title='bbox 2125 3648 2193 3702; x_wconf 91' lang='lat' dir='ltr'><strong>ad</strong></span> <span class='ocrx_word' id='word_1_558' title='bbox 2231 3647 2522 3701; x_wconf 89' lang='lat' dir='ltr'><strong>audientes</strong></span> <span class='ocrx_word' id='word_1_559' title='bbox 2554 3628 2761 3715; x_wconf 83' lang='lat' dir='ltr'><strong>potest.</strong></span> <span class='ocrx_word' id='word_1_560' title='bbox 2784 3642 2955 3703; x_wconf 89' lang='lat' dir='ltr'><strong>Mens.</strong></span> <span class='ocrx_word' id='word_1_561' title='bbox 2984 3640 3150 3706; x_wconf 87' lang='lat' dir='ltr'><strong>ratio,</strong></span> <span class='ocrx_word' id='word_1_562' title='bbox 3186 3639 3392 3699; x_wconf 90' lang='lat' dir='ltr'><strong>anima.</strong></span> <span class='ocrx_word' id='word_1_563' title='bbox 3423 3637 3551 3699; x_wconf 71' lang='lat' dir='ltr'><strong>haec,</strong></span> <span class='ocrx_word' id='word_1_564' title='bbox 3596 3635 3709 3690; x_wconf 81' lang='lat' dir='ltr'><strong>tria</strong></span> 
     </span>
    </p>
   </div>
   <div class='ocr_carea' id='block_1_83' title="bbox 2124 3726 3709 3804">
    <p class='ocr_par' dir='ltr' id='par_1_83' title="bbox 2124 3726 3709 3804">
     <span class='ocr_line' id='line_1_83' title="bbox 2124 3726 3709 3804; baseline -0.009 -8"><span class='ocrx_word' id='word_1_565' title='bbox 2124 3750 2255 3796; x_wconf 91' lang='lat' dir='ltr'><strong>sunt</strong></span> <span class='ocrx_word' id='word_1_566' title='bbox 2284 3755 2391 3794; x_wconf 89' lang='lat' dir='ltr'><strong>una</strong></span> <span class='ocrx_word' id='word_1_567' title='bbox 2419 3748 2638 3804; x_wconf 87' lang='lat' dir='ltr'><strong>natura,</strong></span> <span class='ocrx_word' id='word_1_568' title='bbox 2677 3751 2784 3790; x_wconf 91' lang='lat' dir='ltr'><strong>una</strong></span> <span class='ocrx_word' id='word_1_569' title='bbox 2817 3734 3057 3790; x_wconf 85' lang='lat' dir='ltr'><strong>essentia</strong></span> <span class='ocrx_word' id='word_1_570' title='bbox 3087 3732 3398 3802; x_wconf 90' lang='lat' dir='ltr'><strong>congenita,</strong></span> <span class='ocrx_word' id='word_1_571' title='bbox 3433 3726 3709 3785; x_wconf 82' lang='lat' dir='ltr'><strong>stabilita-</strong></span> 
     </span>
    </p>
   </div>
   <div class='ocr_carea' id='block_1_84' title="bbox 2129 3818 3709 3900">
    <p class='ocr_par' dir='ltr' id='par_1_84' title="bbox 2129 3818 3709 3900">
     <span class='ocr_line' id='line_1_84' title="bbox 2129 3818 3709 3900; baseline -0.007 -15"><span class='ocrx_word' id='word_1_572' title='bbox 2129 3841 2236 3891; x_wconf 84' lang='lat' dir='ltr'><strong>tem</strong></span> <span class='ocrx_word' id='word_1_573' title='bbox 2258 3830 2493 3893; x_wconf 85' lang='lat' dir='ltr'><strong>habens,</strong></span> <span class='ocrx_word' id='word_1_574' title='bbox 2531 3827 2897 3900; x_wconf 84' lang='lat' dir='ltr'><strong>separationis</strong></span> <span class='ocrx_word' id='word_1_575' title='bbox 2919 3835 2973 3882; x_wconf 88' lang='lat' dir='ltr'><strong>et</strong></span> <span class='ocrx_word' id='word_1_576' title='bbox 3002 3824 3287 3891; x_wconf 87' lang='lat' dir='ltr'><strong>sectionis,</strong></span> <span class='ocrx_word' id='word_1_577' title='bbox 3323 3831 3380 3877; x_wconf 91' lang='lat' dir='ltr'><strong>et</strong></span> <span class='ocrx_word' id='word_1_578' title='bbox 3414 3818 3709 3879; x_wconf 87' lang='lat' dir='ltr'><strong>divisionis</strong></span> 
     </span>
    </p>
   </div>
   <div class='ocr_carea' id='block_1_85' title="bbox 2129 3910 3712 3995">
    <p class='ocr_par' dir='ltr' id='par_1_85' title="bbox 2129 3910 3712 3995">
     <span class='ocr_line' id='line_1_85' title="bbox 2129 3910 3712 3995; baseline -0.008 -17"><span class='ocrx_word' id='word_1_579' title='bbox 2129 3939 2358 3995; x_wconf 89' lang='lat' dir='ltr'><strong>prorsus</strong></span> <span class='ocrx_word' id='word_1_580' title='bbox 2380 3938 2580 3994; x_wconf 77' lang='lat' dir='ltr'><strong>expers</strong></span> <span class='ocrx_word' id='word_1_581' title='bbox 2611 3939 2626 3977; x_wconf 87' lang='lat'><strong>:</strong></span> <span class='ocrx_word' id='word_1_582' title='bbox 2668 3920 2805 3991; x_wconf 91' lang='lat' dir='ltr'><strong>quin</strong></span> <span class='ocrx_word' id='word_1_583' title='bbox 2830 3929 3021 3975; x_wconf 92' lang='lat' dir='ltr'><strong>contra</strong></span> <span class='ocrx_word' id='word_1_584' title='bbox 3049 3917 3252 3988; x_wconf 90' lang='lat' dir='ltr'><strong>potius,</strong></span> <span class='ocrx_word' id='word_1_585' title='bbox 3276 3924 3338 3970; x_wconf 90' lang='lat' dir='ltr'><strong>ut</strong></span> <span class='ocrx_word' id='word_1_586' title='bbox 3364 3910 3712 3984; x_wconf 79' lang='lat' dir='ltr'><strong>inseparabi-</strong></span> 
     </span>
    </p>
   </div>
   <div class='ocr_carea' id='block_1_86' title="bbox 2129 4003 3711 4082">
    <p class='ocr_par' dir='ltr' id='par_1_86' title="bbox 2129 4003 3711 4082">
     <span class='ocr_line' id='line_1_86' title="bbox 2129 4003 3711 4082; baseline -0.009 -10"><span class='ocrx_word' id='word_1_587' title='bbox 2129 4017 2198 4072; x_wconf 87' lang='lat' dir='ltr'><strong>lis</strong></span> <span class='ocrx_word' id='word_1_588' title='bbox 2226 4017 2390 4073; x_wconf 83' lang='lat' dir='ltr'><strong>Pater</strong></span> <span class='ocrx_word' id='word_1_589' title='bbox 2441 4023 2499 4070; x_wconf 89' lang='lat' dir='ltr'><strong>et</strong></span> <span class='ocrx_word' id='word_1_590' title='bbox 2564 4013 2802 4069; x_wconf 78' lang='lat' dir='ltr'><strong>Verbum</strong></span> <span class='ocrx_word' id='word_1_591' title='bbox 2844 4021 2901 4066; x_wconf 90' lang='lat' dir='ltr'><strong>et</strong></span> <span class='ocrx_word' id='word_1_592' title='bbox 2933 4010 3192 4082; x_wconf 86' lang='lat' dir='ltr'><strong>Spiritus.</strong></span> <span class='ocrx_word' id='word_1_593' title='bbox 3260 4015 3456 4061; x_wconf 89' lang='lat' dir='ltr'><strong>natura</strong></span> <span class='ocrx_word' id='word_1_594' title='bbox 3495 4013 3554 4060; x_wconf 90' lang='lat' dir='ltr'><strong>et</strong></span> <span class='ocrx_word' id='word_1_595' title='bbox 3595 4003 3711 4057; x_wconf 88' lang='lat' dir='ltr'><strong>vir-</strong></span> 
     </span>
    </p>
   </div>
   <div class='ocr_carea' id='block_1_87' title="bbox 2131 4094 3706 4176">
    <p class='ocr_par' dir='ltr' id='par_1_87' title="bbox 2131 4094 3706 4176">
     <span class='ocr_line' id='line_1_87' title="bbox 2131 4094 3706 4176; baseline -0.01 -10"><span class='ocrx_word' id='word_1_596' title='bbox 2131 4119 2246 4165; x_wconf 89' lang='lat' dir='ltr'><strong>tute</strong></span> <span class='ocrx_word' id='word_1_597' title='bbox 2270 4127 2286 4175; x_wconf 87' lang='lat'><strong>;</strong></span> <span class='ocrx_word' id='word_1_598' title='bbox 2315 4116 2400 4165; x_wconf 91' lang='lat' dir='ltr'><strong>est</strong></span> <span class='ocrx_word' id='word_1_599' title='bbox 2434 4107 2581 4163; x_wconf 87' lang='lat' dir='ltr'><strong>enim</strong></span> <span class='ocrx_word' id='word_1_600' title='bbox 2614 4104 2782 4176; x_wconf 82' lang='grc' dir='ltr'>μονὰς</span> <span class='ocrx_word' id='word_1_601' title='bbox 2808 4102 2992 4174; x_wconf 82' lang='grc' dir='ltr'><strong>τριάς,</strong></span> <span class='ocrx_word' id='word_1_602' title='bbox 3016 4101 3172 4172; x_wconf 90' lang='lat' dir='ltr'><strong>quasi</strong></span> <span class='ocrx_word' id='word_1_603' title='bbox 3200 4100 3352 4155; x_wconf 89' lang='lat' dir='ltr'><strong>dicas</strong></span> <span class='ocrx_word' id='word_1_604' title='bbox 3375 4099 3558 4154; x_wconf 83' lang='lat' dir='ltr'><strong>unitas</strong></span> <span class='ocrx_word' id='word_1_605' title='bbox 3576 4094 3706 4151; x_wconf 87' lang='lat' dir='ltr'><strong>Tri-</strong></span> 
     </span>
    </p>
   </div>
   <div class='ocr_carea' id='block_1_88' title="bbox 2127 4188 3707 4267">
    <p class='ocr_par' dir='ltr' id='par_1_88' title="bbox 2127 4188 3707 4267">
     <span class='ocr_line' id='line_1_88' title="bbox 2127 4188 3707 4267; baseline -0.012 -11"><span class='ocrx_word' id='word_1_606' title='bbox 2127 4202 2293 4267; x_wconf 85' lang='lat' dir='ltr'><strong>nitas,</strong></span> <span class='ocrx_word' id='word_1_607' title='bbox 2319 4198 2559 4255; x_wconf 77' lang='lat' dir='ltr'><strong>essentia</strong></span> <span class='ocrx_word' id='word_1_608' title='bbox 2608 4195 2927 4262; x_wconf 78' lang='lat' dir='ltr'><strong>uniformis,</strong></span> <span class='ocrx_word' id='word_1_609' title='bbox 2957 4202 3014 4248; x_wconf 86' lang='lat' dir='ltr'><strong>et</strong></span> <span class='ocrx_word' id='word_1_610' title='bbox 3045 4191 3362 4251; x_wconf 84' lang='lat' dir='ltr'><strong>dominatus</strong></span> <span class='ocrx_word' id='word_1_611' title='bbox 3406 4205 3553 4245; x_wconf 88' lang='lat' dir='ltr'><strong>unus</strong></span> <span class='ocrx_word' id='word_1_612' title='bbox 3571 4188 3707 4248; x_wconf 75' lang='lat'><strong>““&#39;.</strong></span> 
     </span>
    </p>
   </div>
   <div class='ocr_carea' id='block_1_89' title="bbox 515 4314 2018 4384">
    <p class='ocr_par' dir='ltr' id='par_1_89' title="bbox 515 4315 1971 4384">
     <span class='ocr_line' id='line_1_89' title="bbox 515 4315 1971 4384; baseline 0.002 -13"><span class='ocrx_word' id='word_1_613' title='bbox 515 4318 536 4350; x_wconf 79' lang='grc'><strong><em>⁸</em></strong></span> <span class='ocrx_word' id='word_1_614' title='bbox 567 4317 725 4371; x_wconf 79' lang='lat' dir='ltr'><strong>Rom.</strong></span> <span class='ocrx_word' id='word_1_615' title='bbox 756 4331 875 4382; x_wconf 71' lang='lat' dir='ltr'><strong>vnn,</strong></span> <span class='ocrx_word' id='word_1_616' title='bbox 901 4315 957 4370; x_wconf 83' lang='lat'><strong>9.</strong></span> <span class='ocrx_word' id='word_1_617' title='bbox 1038 4316 1059 4348; x_wconf 85' lang='lat'><strong>&quot;</strong></span> <span class='ocrx_word' id='word_1_618' title='bbox 1088 4316 1225 4371; x_wconf 81' lang='lat' dir='ltr'><strong>Gen.</strong></span> <span class='ocrx_word' id='word_1_619' title='bbox 1262 4332 1321 4384; x_wconf 84' lang='grc' dir='ltr'><strong>ιι,</strong></span> <span class='ocrx_word' id='word_1_620' title='bbox 1353 4317 1406 4372; x_wconf 88' lang='lat'><strong>7.</strong></span> <span class='ocrx_word' id='word_1_621' title='bbox 1483 4317 1504 4349; x_wconf 83' lang='grc'><strong>⁸</strong></span> <span class='ocrx_word' id='word_1_622' title='bbox 1535 4317 1557 4372; x_wconf 84' lang='grc'><strong>1</strong></span> <span class='ocrx_word' id='word_1_623' title='bbox 1584 4317 1711 4373; x_wconf 85' lang='lat' dir='ltr'><strong>Cor.</strong></span> <span class='ocrx_word' id='word_1_624' title='bbox 1750 4334 1839 4383; x_wconf 80' lang='lat' dir='ltr'><strong>xv,</strong></span> <span class='ocrx_word' id='word_1_625' title='bbox 1881 4318 1971 4375; x_wconf 77' lang='grc'><strong>49.</strong></span> 
     </span>
    </p>
   </div>
   <div class='ocr_carea' id='block_1_90' title="bbox 2123 4314 2533 4384">
    <p class='ocr_par' dir='ltr' id='par_1_90' title="bbox 2123 4314 2533 4383">
     <span class='ocr_line' id='line_1_90' title="bbox 2123 4314 2533 4383; baseline 0 -14"><span class='ocrx_word' id='word_1_626' title='bbox 2123 4318 2261 4373; x_wconf 81' lang='lat' dir='ltr'><strong>loan.</strong></span> <span class='ocrx_word' id='word_1_627' title='bbox 2295 4333 2332 4383; x_wconf 85' lang='grc' dir='ltr'><strong>ι,</strong></span> <span class='ocrx_word' id='word_1_628' title='bbox 2365 4316 2452 4370; x_wconf 72' lang='grc'><strong>12.</strong></span> <span class='ocrx_word' id='word_1_629' title='bbox 2525 4314 2533 4320; x_wconf 87' lang='grc'><em>’</em></span> 
     </span>
    </p>
   </div>
   <div class='ocr_carea' id='block_1_91' title="bbox 1934 4430 2211 4493">
    <p class='ocr_par' dir='ltr' id='par_1_91' title="bbox 1934 4430 2211 4493">
     <span class='ocr_line' id='line_1_91' title="bbox 1934 4430 2211 4493; baseline 0.007 -2"><span class='ocrx_word' id='word_1_630' title='bbox 1934 4430 2211 4493; x_wconf 77' lang='lat' dir='ltr'><strong>SchoHa.</strong></span> 
     </span>
    </p>
   </div>
   <div class='ocr_carea' id='block_1_92' title="bbox 527 4520 3709 4606">
    <p class='ocr_par' dir='ltr' id='par_1_92' title="bbox 527 4520 3709 4606">
     <span class='ocr_line' id='line_1_92' title="bbox 527 4520 3709 4606; baseline -0.005 -17"><span class='ocrx_word' id='word_1_631' title='bbox 527 4537 546 4555; x_wconf 78' lang='grc'><strong>⁸</strong></span> <span class='ocrx_word' id='word_1_632' title='bbox 566 4532 840 4606; x_wconf 52' lang='grc' dir='ltr'><strong>Ειιηίάεηι</strong></span> <span class='ocrx_word' id='word_1_633' title='bbox 860 4530 1055 4606; x_wconf 72' lang='lat' dir='ltr'><strong>multos</strong></span> <span class='ocrx_word' id='word_1_634' title='bbox 1111 4530 1273 4590; x_wconf 84' lang='lat' dir='ltr'><strong>habeo</strong></span> <span class='ocrx_word' id='word_1_635' title='bbox 1323 4530 1582 4606; x_wconf 66' lang='lat' dir='ltr'><strong>proferre,</strong></span> <span class='ocrx_word' id='word_1_636' title='bbox 1617 4546 1709 4606; x_wconf 72' lang='lat' dir='ltr'><strong>qui</strong></span> <span class='ocrx_word' id='word_1_637' title='bbox 1736 4539 1934 4586; x_wconf 81' lang='lat' dir='ltr'><strong>natura</strong></span> <span class='ocrx_word' id='word_1_638' title='bbox 1964 4531 2029 4585; x_wconf 89' lang='lat' dir='ltr'><strong>ab</strong></span> <span class='ocrx_word' id='word_1_639' title='bbox 2062 4535 2107 4601; x_wconf 80' lang='grc' dir='ltr'><strong>ι)</strong></span> <span class='ocrx_word' id='word_1_640' title='bbox 2135 4530 2407 4606; x_wconf 80' lang='lat' dir='ltr'><strong>angelus,_</strong></span> <span class='ocrx_word' id='word_1_641' title='bbox 2440 4541 2489 4584; x_wconf 86' lang='lat' dir='ltr'><strong>ct</strong></span> <span class='ocrx_word' id='word_1_642' title='bbox 2519 4532 2728 4606; x_wconf 86' lang='lat' dir='ltr'><strong>_anima</strong></span> <span class='ocrx_word' id='word_1_643' title='bbox 2793 4527 3013 4606; x_wconf 71' lang='lat' dir='ltr'><strong>rationis</strong></span> <span class='ocrx_word' id='word_1_644' title='bbox 3079 4539 3309 4606; x_wconf 73' lang='lat' dir='ltr'><strong>compos.</strong></span> <span class='ocrx_word' id='word_1_645' title='bbox 3337 4605 3343 4606; x_wconf 11' lang='grc' dir='ltr'><em>γ</em></span> <span class='ocrx_word' id='word_1_646' title='bbox 3370 4520 3709 4606; x_wconf 59' lang='lat' dir='ltr'><strong>Facultatum</strong></span> 
     </span>
    </p>
   </div>
   <div class='ocr_carea' id='block_1_93' title="bbox 445 4600 2029 4669">
    <p class='ocr_par' dir='ltr' id='par_1_93' title="bbox 445 4600 2029 4669">
     <span class='ocr_line' id='line_1_93' title="bbox 445 4600 2029 4669; baseline -0.005 -8"><span class='ocrx_word' id='word_1_647' title='bbox 445 4600 677 4667; x_wconf 72' lang='lat' dir='ltr'><strong>incunda</strong></span> <span class='ocrx_word' id='word_1_648' title='bbox 712 4601 929 4666; x_wconf 77' lang='lat' dir='ltr'><strong>muliere</strong></span> <span class='ocrx_word' id='word_1_649' title='bbox 967 4600 1425 4657; x_wconf 54' lang='lat' dir='ltr'><strong>abhorreantdn</strong></span> <span class='ocrx_word' id='word_1_650' title='bbox 1462 4600 1625 4669; x_wconf 74' lang='lat' dir='ltr'><strong>igitur</strong></span> <span class='ocrx_word' id='word_1_651' title='bbox 1664 4603 1814 4669; x_wconf 75' lang='lat' dir='ltr'><strong>hosce</strong></span> <span class='ocrx_word' id='word_1_652' title='bbox 1857 4610 2029 4655; x_wconf 86' lang='lat' dir='ltr'><strong>castos</strong></span> 
     </span>
    </p>
   </div>
   <div class='ocr_carea' id='block_1_94' title="bbox 450 4668 2026 4745">
    <p class='ocr_par' dir='ltr' id='par_1_94' title="bbox 450 4668 2026 4745">
     <span class='ocr_line' id='line_1_94' title="bbox 450 4668 2026 4745; baseline -0.003 -16"><span class='ocrx_word' id='word_1_653' title='bbox 450 4673 864 4745; x_wconf 62' lang='lat' dir='ltr'><strong>appellabimus,</strong></span> <span class='ocrx_word' id='word_1_654' title='bbox 899 4679 992 4726; x_wconf 89' lang='lat' dir='ltr'><strong>aut</strong></span> <span class='ocrx_word' id='word_1_655' title='bbox 1038 4672 1255 4745; x_wconf 75' lang='lat' dir='ltr'><strong>pmmio</strong></span> <span class='ocrx_word' id='word_1_656' title='bbox 1305 4670 1628 4742; x_wconf 71' lang='lat' dir='ltr'><strong>afﬁciamus?</strong></span> <span class='ocrx_word' id='word_1_657' title='bbox 1659 4668 1817 4727; x_wconf 85' lang='lat' dir='ltr'><strong>nullo</strong></span> <span class='ocrx_word' id='word_1_658' title='bbox 1853 4675 2026 4745; x_wconf 83' lang='lat' dir='ltr'><strong>modo.</strong></span> 
     </span>
    </p>
   </div>
   <div class='ocr_carea' id='block_1_95' title="bbox 448 4740 2029 4811">
    <p class='ocr_par' dir='ltr' id='par_1_95' title="bbox 448 4740 2029 4811">
     <span class='ocr_line' id='line_1_95' title="bbox 448 4740 2029 4811; baseline -0.003 -11"><span class='ocrx_word' id='word_1_659' title='bbox 448 4740 723 4800; x_wconf 76' lang='lat' dir='ltr'><strong>Castitatis</strong></span> <span class='ocrx_word' id='word_1_660' title='bbox 782 4744 925 4798; x_wconf 81' lang='lat' dir='ltr'><strong>cnim</strong></span> <span class='ocrx_word' id='word_1_661' title='bbox 977 4740 1054 4796; x_wconf 78' lang='lat' dir='ltr'><strong>est</strong></span> <span class='ocrx_word' id='word_1_662' title='bbox 1114 4740 1382 4796; x_wconf 79' lang='lat' dir='ltr'><strong>continere</strong></span> <span class='ocrx_word' id='word_1_663' title='bbox 1439 4755 1571 4803; x_wconf 80' lang='lat' dir='ltr'><strong>sese,</strong></span> <span class='ocrx_word' id='word_1_664' title='bbox 1629 4750 1685 4801; x_wconf 75' lang='lat' dir='ltr'><strong>et</strong></span> <span class='ocrx_word' id='word_1_665' title='bbox 1745 4740 2029 4811; x_wconf 76' lang='lat' dir='ltr'><strong>pugnando</strong></span> 
     </span>
    </p>
   </div>
   <div class='ocr_carea' id='block_1_96' title="bbox 448 4811 2028 4886">
    <p class='ocr_par' dir='ltr' id='par_1_96' title="bbox 448 4811 2028 4886">
     <span class='ocr_line' id='line_1_96' title="bbox 448 4811 2028 4886; baseline -0.003 -17"><span class='ocrx_word' id='word_1_666' title='bbox 448 4832 540 4886; x_wconf 73' lang='lat' dir='ltr'><strong>per</strong></span> <span class='ocrx_word' id='word_1_667' title='bbox 564 4814 769 4869; x_wconf 79' lang='lat' dir='ltr'><strong>labores</strong></span> <span class='ocrx_word' id='word_1_668' title='bbox 794 4812 1135 4884; x_wconf 78' lang='lat' dir='ltr'><strong>sudoresque,</strong></span> <span class='ocrx_word' id='word_1_669' title='bbox 1171 4812 1592 4881; x_wconf 77' lang='lat' dir='ltr'><strong>perturbationes</strong></span> <span class='ocrx_word' id='word_1_670' title='bbox 1610 4820 1658 4866; x_wconf 80' lang='lat' dir='ltr'><strong>et</strong></span> <span class='ocrx_word' id='word_1_671' title='bbox 1683 4811 2028 4879; x_wconf 82' lang='lat' dir='ltr'><strong>cupiditatem</strong></span> 
     </span>
    </p>
   </div>
   <div class='ocr_carea' id='block_1_97' title="bbox 446 4887 2021 5024">
    <p class='ocr_par' dir='ltr' id='par_1_97' title="bbox 446 4887 2021 5024">
     <span class='ocr_line' id='line_1_97' title="bbox 446 4887 2021 5024; baseline 0 -19"><span class='ocrx_word' id='word_1_672' title='bbox 446 4887 889 5009; x_wconf 43' lang='lat' dir='ltr'><strong>‘umgggiimus.</strong></span> <span class='ocrx_word' id='word_1_673' title='bbox 923 4952 1111 5023; x_wconf 81' lang='lat' dir='ltr'><strong>Imago</strong></span> <span class='ocrx_word' id='word_1_674' title='bbox 1138 4954 1334 5008; x_wconf 79' lang='lat' dir='ltr'><strong>terreni</strong></span> <span class='ocrx_word' id='word_1_675' title='bbox 1357 4952 1582 5024; x_wconf 79' lang='lat' dir='ltr'><strong>hominis</strong></span> <span class='ocrx_word' id='word_1_676' title='bbox 1607 4952 1872 5024; x_wconf 65' lang='lat' dir='ltr'><strong>pruiqu</strong></span> <span class='ocrx_word' id='word_1_677' title='bbox 1893 4952 2021 5005; x_wconf 68' lang='lat' dir='ltr'><strong>vitia</strong></span> 
     </span>
    </p>
   </div>
   <div class='ocr_carea' id='block_1_98' title="bbox 448 5018 2031 5094">
    <p class='ocr_par' dir='ltr' id='par_1_98' title="bbox 448 5018 2031 5094">
     <span class='ocr_line' id='line_1_98' title="bbox 448 5018 2031 5094; baseline -0.002 -15"><span class='ocrx_word' id='word_1_678' title='bbox 448 5034 604 5089; x_wconf 84' lang='lat' dir='ltr'><strong>sunt,</strong></span> <span class='ocrx_word' id='word_1_679' title='bbox 658 5025 929 5094; x_wconf 68' lang='lat' dir='ltr'><strong>ornantia,</strong></span> <span class='ocrx_word' id='word_1_680' title='bbox 988 5018 1441 5094; x_wconf 70' lang='lat' dir='ltr'><strong>inicmperantia.</strong></span> <span class='ocrx_word' id='word_1_681' title='bbox 1492 5018 1778 5094; x_wconf 57' lang='lat' dir='ltr'><strong>injustitial</strong></span> <span class='ocrx_word' id='word_1_682' title='bbox 1840 5018 2031 5094; x_wconf 64' lang='lat' dir='ltr'><strong>Imago</strong></span> 
     </span>
    </p>
   </div>
   <div class='ocr_carea' id='block_1_99' title="bbox 452 5092 2030 5163">
    <p class='ocr_par' dir='ltr' id='par_1_99' title="bbox 452 5092 2030 5163">
     <span class='ocr_line' id='line_1_99' title="bbox 452 5092 2030 5163; baseline -0.004 -12"><span class='ocrx_word' id='word_1_683' title='bbox 452 5106 629 5151; x_wconf 73' lang='lat' dir='ltr'><strong>autem</strong></span> <span class='ocrx_word' id='word_1_684' title='bbox 681 5093 901 5151; x_wconf 75' lang='lat' dir='ltr'><strong>caelestis</strong></span> <span class='ocrx_word' id='word_1_685' title='bbox 962 5092 1264 5150; x_wconf 70' lang='lat' dir='ltr'><strong>cardinales</strong></span> <span class='ocrx_word' id='word_1_686' title='bbox 1319 5092 1560 5156; x_wconf 75' lang='lat' dir='ltr'><strong>virtutes.</strong></span> <span class='ocrx_word' id='word_1_687' title='bbox 1612 5101 1668 5146; x_wconf 90' lang='lat' dir='ltr'><strong>ut</strong></span> <span class='ocrx_word' id='word_1_688' title='bbox 1725 5092 2030 5163; x_wconf 82' lang='lat' dir='ltr'><strong>prudentia,</strong></span> 
     </span>
    </p>
   </div>
   <div class='ocr_carea' id='block_1_100' title="bbox 452 5164 1397 5235">
    <p class='ocr_par' dir='ltr' id='par_1_100' title="bbox 452 5164 1397 5235">
     <span class='ocr_line' id='line_1_100' title="bbox 452 5164 1397 5235; baseline 0.002 -16"><span class='ocrx_word' id='word_1_689' title='bbox 452 5164 725 5235; x_wconf 64' lang='lat' dir='ltr'><strong>fortitudo.</strong></span> <span class='ocrx_word' id='word_1_690' title='bbox 754 5166 989 5235; x_wconf 86' lang='lat' dir='ltr'><strong>justitia,</strong></span> <span class='ocrx_word' id='word_1_691' title='bbox 1026 5167 1397 5233; x_wconf 83' lang='lat' dir='ltr'><strong>temperantia.</strong></span> 
     </span>
    </p>
   </div>
   <div class='ocr_carea' id='block_1_101' title="bbox 528 5233 2035 5305">
    <p class='ocr_par' dir='ltr' id='par_1_101' title="bbox 528 5233 2035 5305">
     <span class='ocr_line' id='line_1_101' title="bbox 528 5233 2035 5305; baseline -0.003 -16"><span class='ocrx_word' id='word_1_692' title='bbox 528 5242 592 5259; x_wconf 85' lang='lat'><strong>&quot;&#39;</strong></span> <span class='ocrx_word' id='word_1_693' title='bbox 625 5233 947 5305; x_wconf 36' lang='lat' dir='ltr'><strong>Quin—mpm:</strong></span> <span class='ocrx_word' id='word_1_694' title='bbox 987 5244 1062 5290; x_wconf 86' lang='lat' dir='ltr'><strong>est</strong></span> <span class='ocrx_word' id='word_1_695' title='bbox 1108 5244 1305 5290; x_wconf 84' lang='lat' dir='ltr'><strong>natura</strong></span> <span class='ocrx_word' id='word_1_696' title='bbox 1349 5251 1526 5290; x_wconf 84' lang='lat' dir='ltr'><strong>rerum</strong></span> <span class='ocrx_word' id='word_1_697' title='bbox 1556 5233 1889 5289; x_wconf 78' lang='lat' dir='ltr'><strong>conditarum</strong></span> <span class='ocrx_word' id='word_1_698' title='bbox 1920 5248 2035 5286; x_wconf 84' lang='lat' dir='ltr'><strong>om-</strong></span> 
     </span>
    </p>
   </div>
   <div class='ocr_carea' id='block_1_102' title="bbox 452 5305 2029 5377">
    <p class='ocr_par' dir='ltr' id='par_1_102' title="bbox 452 5305 2029 5377">
     <span class='ocr_line' id='line_1_102' title="bbox 452 5305 2029 5377; baseline -0.003 -18"><span class='ocrx_word' id='word_1_699' title='bbox 452 5308 620 5364; x_wconf 81' lang='lat' dir='ltr'><strong>nium.</strong></span> <span class='ocrx_word' id='word_1_700' title='bbox 653 5305 983 5377; x_wconf 64' lang='lat' dir='ltr'><strong>Intelligans,</strong></span> <span class='ocrx_word' id='word_1_701' title='bbox 1039 5313 1096 5358; x_wconf 84' lang='lat' dir='ltr'><strong>ut</strong></span> <span class='ocrx_word' id='word_1_702' title='bbox 1135 5305 1480 5377; x_wconf 80' lang='lat' dir='ltr'><strong>angelorum.</strong></span> <span class='ocrx_word' id='word_1_703' title='bbox 1508 5305 1748 5377; x_wconf 67' lang='lat' dir='ltr'><strong>Rationis</strong></span> <span class='ocrx_word' id='word_1_704' title='bbox 1790 5319 2029 5377; x_wconf 71' lang='lat' dir='ltr'><strong>compos,</strong></span> 
     </span>
    </p>
   </div>
   <div class='ocr_carea' id='block_1_103' title="bbox 450 5371 2024 5434">
    <p class='ocr_par' dir='ltr' id='par_1_103' title="bbox 450 5371 2024 5434">
     <span class='ocr_line' id='line_1_103' title="bbox 450 5371 2024 5434; baseline -0.003 -5"><span class='ocrx_word' id='word_1_705' title='bbox 450 5386 508 5429; x_wconf 78' lang='lat' dir='ltr'><strong>ut</strong></span> <span class='ocrx_word' id='word_1_706' title='bbox 539 5371 1133 5434; x_wconf 51' lang='lat' dir='ltr'><strong>hominumCSentiens.</strong></span> <span class='ocrx_word' id='word_1_707' title='bbox 1166 5371 1226 5427; x_wconf 80' lang='lat' dir='ltr'><strong>ut</strong></span> <span class='ocrx_word' id='word_1_708' title='bbox 1264 5376 1569 5431; x_wconf 83' lang='lat' dir='ltr'><strong>bestiarum.</strong></span> <span class='ocrx_word' id='word_1_709' title='bbox 1604 5374 1717 5429; x_wconf 82' lang='lat' dir='ltr'><strong>Vim</strong></span> <span class='ocrx_word' id='word_1_710' title='bbox 1745 5371 1947 5432; x_wconf 80' lang='lat' dir='ltr'><strong>alendi.</strong></span> <span class='ocrx_word' id='word_1_711' title='bbox 1974 5381 2024 5425; x_wconf 75' lang='lat' dir='ltr'><strong>rt</strong></span> 
     </span>
    </p>
   </div>
   <div class='ocr_carea' id='block_1_104' title="bbox 450 5442 2022 5515">
    <p class='ocr_par' dir='ltr' id='par_1_104' title="bbox 450 5442 2022 5515">
     <span class='ocr_line' id='line_1_104' title="bbox 450 5442 2022 5515; baseline -0.004 -16"><span class='ocrx_word' id='word_1_712' title='bbox 450 5445 679 5515; x_wconf 67' lang='lat' dir='ltr'><strong>augendi</strong></span> <span class='ocrx_word' id='word_1_713' title='bbox 696 5444 913 5509; x_wconf 79' lang='lat' dir='ltr'><strong>habens,</strong></span> <span class='ocrx_word' id='word_1_714' title='bbox 939 5452 998 5499; x_wconf 85' lang='lat' dir='ltr'><strong>ut</strong></span> <span class='ocrx_word' id='word_1_715' title='bbox 1021 5442 1353 5514; x_wconf 85' lang='lat' dir='ltr'><strong>plantarum.</strong></span> <span class='ocrx_word' id='word_1_716' title='bbox 1374 5445 1649 5510; x_wconf 85' lang='lat' dir='ltr'><strong>lnanima,</strong></span> <span class='ocrx_word' id='word_1_717' title='bbox 1674 5454 1731 5499; x_wconf 84' lang='lat' dir='ltr'><strong>ut</strong></span> <span class='ocrx_word' id='word_1_718' title='bbox 1757 5442 2022 5513; x_wconf 84' lang='lat' dir='ltr'><strong>lapidum:</strong></span> 
     </span>
    </p>
   </div>
   <div class='ocr_carea' id='block_1_105' title="bbox 453 5515 2022 5585">
    <p class='ocr_par' dir='ltr' id='par_1_105' title="bbox 453 5515 2022 5585">
     <span class='ocr_line' id='line_1_105' title="bbox 453 5515 2022 5585; baseline -0.001 -17"><span class='ocrx_word' id='word_1_719' title='bbox 453 5517 560 5570; x_wconf 63' lang='grc' dir='ltr'><strong>ἥατο</strong></span> <span class='ocrx_word' id='word_1_720' title='bbox 588 5515 765 5573; x_wconf 81' lang='lat' dir='ltr'><strong>omnia</strong></span> <span class='ocrx_word' id='word_1_721' title='bbox 798 5531 1013 5569; x_wconf 84' lang='lat' dir='ltr'><strong>rursum</strong></span> <span class='ocrx_word' id='word_1_722' title='bbox 1044 5522 1137 5569; x_wconf 86' lang='lat' dir='ltr'><strong>aut</strong></span> <span class='ocrx_word' id='word_1_723' title='bbox 1173 5532 1292 5571; x_wconf 90' lang='lat' dir='ltr'><strong>cum</strong></span> <span class='ocrx_word' id='word_1_724' title='bbox 1323 5517 1549 5571; x_wconf 80' lang='lat' dir='ltr'><strong>materia</strong></span> <span class='ocrx_word' id='word_1_725' title='bbox 1589 5517 1896 5585; x_wconf 82' lang='lat' dir='ltr'><strong>conjuncta.</strong></span> <span class='ocrx_word' id='word_1_726' title='bbox 1929 5522 2022 5566; x_wconf 86' lang='lat' dir='ltr'><strong>aut</strong></span> 
     </span>
    </p>
   </div>
   <div class='ocr_carea' id='block_1_106' title="bbox 453 5585 2022 5657">
    <p class='ocr_par' dir='ltr' id='par_1_106' title="bbox 453 5585 2022 5657">
     <span class='ocr_line' id='line_1_106' title="bbox 453 5585 2022 5657; baseline -0.003 -18"><span class='ocrx_word' id='word_1_727' title='bbox 453 5587 518 5639; x_wconf 77' lang='lat' dir='ltr'><strong>ab</strong></span> <span class='ocrx_word' id='word_1_728' title='bbox 565 5600 637 5657; x_wconf 72' lang='lat' dir='ltr'><strong>ea</strong></span> <span class='ocrx_word' id='word_1_729' title='bbox 672 5593 948 5657; x_wconf 78' lang='lat' dir='ltr'><strong>segregata</strong></span> <span class='ocrx_word' id='word_1_730' title='bbox 981 5594 1124 5640; x_wconf 88' lang='lat' dir='ltr'><strong>sunt.</strong></span> <span class='ocrx_word' id='word_1_731' title='bbox 1166 5585 1373 5641; x_wconf 84' lang='lat' dir='ltr'><strong>Prioris</strong></span> <span class='ocrx_word' id='word_1_732' title='bbox 1416 5589 1620 5657; x_wconf 75' lang='lat' dir='ltr'><strong>gettcris</strong></span> <span class='ocrx_word' id='word_1_733' title='bbox 1667 5594 1810 5657; x_wconf 68' lang='lat' dir='ltr'><strong>sunt.</strong></span> <span class='ocrx_word' id='word_1_734' title='bbox 1858 5594 2022 5657; x_wconf 70' lang='lat' dir='ltr'><strong>terra.</strong></span> 
     </span>
    </p>
   </div>
   <div class='ocr_carea' id='block_1_107' title="bbox 455 5653 2027 5729">
    <p class='ocr_par' dir='ltr' id='par_1_107' title="bbox 455 5653 2027 5729">
     <span class='ocr_line' id='line_1_107' title="bbox 455 5653 2027 5729; baseline -0.004 -15"><span class='ocrx_word' id='word_1_735' title='bbox 455 5671 569 5720; x_wconf 66' lang='lat' dir='ltr'><strong>cur,</strong></span> <span class='ocrx_word' id='word_1_736' title='bbox 619 5653 777 5729; x_wconf 83' lang='lat' dir='ltr'><strong>ignis,</strong></span> <span class='ocrx_word' id='word_1_737' title='bbox 824 5653 989 5728; x_wconf 79' lang='lat' dir='ltr'><strong>aqua,</strong></span> <span class='ocrx_word' id='word_1_738' title='bbox 1053 5664 1101 5711; x_wconf 75' lang='lat' dir='ltr'><strong>et</strong></span> <span class='ocrx_word' id='word_1_739' title='bbox 1148 5672 1212 5711; x_wconf 76' lang='lat' dir='ltr'><strong>ea:</strong></span> <span class='ocrx_word' id='word_1_740' title='bbox 1265 5659 1342 5712; x_wconf 70' lang='lat' dir='ltr'><strong>Itis</strong></span> <span class='ocrx_word' id='word_1_741' title='bbox 1396 5653 1659 5711; x_wconf 69' lang='lat' dir='ltr'><strong>concreta.</strong></span> <span class='ocrx_word' id='word_1_742' title='bbox 1718 5653 2027 5710; x_wconf 82' lang='lat' dir='ltr'><strong>Postcrioris</strong></span> 
     </span>
    </p>
   </div>
   <div class='ocr_carea' id='block_1_108' title="bbox 2134 4591 3708 4672">
    <p class='ocr_par' dir='ltr' id='par_1_108' title="bbox 2134 4591 3708 4672">
     <span class='ocr_line' id='line_1_108' title="bbox 2134 4591 3708 4672; baseline -0.007 -17"><span class='ocrx_word' id='word_1_743' title='bbox 2134 4591 2294 4672; x_wconf 48' lang='lat' dir='ltr'><strong>poiro</strong></span> <span class='ocrx_word' id='word_1_744' title='bbox 2337 4591 2407 4655; x_wconf 84' lang='lat' dir='ltr'><strong>ad</strong></span> <span class='ocrx_word' id='word_1_745' title='bbox 2437 4601 2679 4655; x_wconf 88' lang='lat' dir='ltr'><strong>animam</strong></span> <span class='ocrx_word' id='word_1_746' title='bbox 2710 4597 3086 4672; x_wconf 72' lang='lat' dir='ltr'><strong>pertinentium</strong></span> <span class='ocrx_word' id='word_1_747' title='bbox 3124 4591 3345 4672; x_wconf 50' lang='lat' dir='ltr'><strong>aliaest</strong></span> <span class='ocrx_word' id='word_1_748' title='bbox 3381 4591 3708 4672; x_wconf 63' lang='lat' dir='ltr'><strong>nutritionis,</strong></span> 
     </span>
    </p>
   </div>
   <div class='ocr_carea' id='block_1_109' title="bbox 2134 4662 3708 4737">
    <p class='ocr_par' dir='ltr' id='par_1_109' title="bbox 2134 4662 3708 4737">
     <span class='ocr_line' id='line_1_109' title="bbox 2134 4662 3708 4737; baseline -0.008 -11"><span class='ocrx_word' id='word_1_749' title='bbox 2134 4662 2245 4726; x_wconf 75' lang='lat' dir='ltr'><strong>alia</strong></span> <span class='ocrx_word' id='word_1_750' title='bbox 2276 4672 2613 4732; x_wconf 79' lang='lat' dir='ltr'><strong>accrationis.</strong></span> <span class='ocrx_word' id='word_1_751' title='bbox 2647 4662 2721 4723; x_wconf 68' lang='grc' dir='ltr'><strong>ια’</strong></span> <span class='ocrx_word' id='word_1_752' title='bbox 2755 4670 2809 4722; x_wconf 90' lang='lat' dir='ltr'><strong>in</strong></span> <span class='ocrx_word' id='word_1_753' title='bbox 2846 4663 3384 4737; x_wconf 23' lang='lat' dir='ltr'><strong>stirpibusiaidalicet.</strong></span> <span class='ocrx_word' id='word_1_754' title='bbox 3404 4662 3708 4737; x_wconf 43' lang='lat' dir='ltr'><strong>illinitu-</strong></span> 
     </span>
    </p>
   </div>
   <div class='ocr_carea' id='block_1_110' title="bbox 2133 4733 3706 4813">
    <p class='ocr_par' dir='ltr' id='par_1_110' title="bbox 2133 4733 3706 4813">
     <span class='ocr_line' id='line_1_110' title="bbox 2133 4733 3706 4813; baseline -0.006 -18"><span class='ocrx_word' id='word_1_755' title='bbox 2133 4743 2372 4813; x_wconf 79' lang='lat' dir='ltr'><strong>ginatria:</strong></span> <span class='ocrx_word' id='word_1_756' title='bbox 2416 4748 2466 4795; x_wconf 82' lang='lat' dir='ltr'><strong>et</strong></span> <span class='ocrx_word' id='word_1_757' title='bbox 2515 4747 2803 4813; x_wconf 74' lang='lat' dir='ltr'><strong>appetens,</strong></span> <span class='ocrx_word' id='word_1_758' title='bbox 2857 4746 2914 4791; x_wconf 89' lang='lat' dir='ltr'><strong>ut</strong></span> <span class='ocrx_word' id='word_1_759' title='bbox 2938 4733 2957 4813; x_wconf 49' lang='grc' dir='ltr'><em>ς</em></span> <span class='ocrx_word' id='word_1_760' title='bbox 2988 4737 3053 4813; x_wconf 86' lang='lat' dir='ltr'><strong>in_</strong></span> <span class='ocrx_word' id='word_1_761' title='bbox 3099 4734 3265 4789; x_wconf 81' lang='lat' dir='ltr'><strong>brutis</strong></span> <span class='ocrx_word' id='word_1_762' title='bbox 3298 4733 3706 4813; x_wconf 58' lang='lat' dir='ltr'><strong>animantibus.</strong></span> 
     </span>
    </p>
   </div>
   <div class='ocr_carea' id='block_1_111' title="bbox 2135 4802 3706 4877">
    <p class='ocr_par' dir='ltr' id='par_1_111' title="bbox 2135 4802 3706 4877">
     <span class='ocr_line' id='line_1_111' title="bbox 2135 4802 3706 4877; baseline -0.008 -10"><span class='ocrx_word' id='word_1_763' title='bbox 2135 4802 2262 4867; x_wconf 49' lang='lat' dir='ltr'><strong>&#39;Alia</strong></span> <span class='ocrx_word' id='word_1_764' title='bbox 2305 4802 2699 4871; x_wconf 74' lang='lat' dir='ltr'><strong>ratiocindtrix,</strong></span> <span class='ocrx_word' id='word_1_765' title='bbox 2743 4817 2794 4861; x_wconf 82' lang='lat' dir='ltr'><strong>et</strong></span> <span class='ocrx_word' id='word_1_766' title='bbox 2837 4807 3144 4877; x_wconf 80' lang='lat' dir='ltr'><strong>cogitatiua,</strong></span> <span class='ocrx_word' id='word_1_767' title='bbox 3189 4816 3247 4856; x_wconf 83' lang='lat' dir='ltr'><strong>ut</strong></span> <span class='ocrx_word' id='word_1_768' title='bbox 3291 4806 3346 4858; x_wconf 89' lang='lat' dir='ltr'><strong>in</strong></span> <span class='ocrx_word' id='word_1_769' title='bbox 3390 4802 3706 4857; x_wconf 76' lang='lat' dir='ltr'><strong>hominibus.</strong></span> 
     </span>
    </p>
   </div>
   <div class='ocr_carea' id='block_1_112' title="bbox 2137 4875 3708 4952">
    <p class='ocr_par' dir='ltr' id='par_1_112' title="bbox 2137 4875 3708 4952">
     <span class='ocr_line' id='line_1_112' title="bbox 2137 4875 3708 4952; baseline -0.007 -18"><span class='ocrx_word' id='word_1_770' title='bbox 2137 4880 2208 4934; x_wconf 82' lang='lat' dir='ltr'><strong>Et</strong></span> <span class='ocrx_word' id='word_1_771' title='bbox 2250 4883 2461 4952; x_wconf 82' lang='lat' dir='ltr'><strong>quidem</strong></span> <span class='ocrx_word' id='word_1_772' title='bbox 2503 4879 2784 4951; x_wconf 79' lang='lat' dir='ltr'><strong>facultates</strong></span> <span class='ocrx_word' id='word_1_773' title='bbox 2822 4875 3434 4952; x_wconf 42' lang='lat' dir='ltr'><strong>superiorutu‘generum</strong></span> <span class='ocrx_word' id='word_1_774' title='bbox 3467 4881 3708 4952; x_wconf 70' lang='lat' dir='ltr'><strong>pereunt.</strong></span> 
     </span>
    </p>
   </div>
   <div class='ocr_carea' id='block_1_113' title="bbox 2132 4944 3711 5023">
    <p class='ocr_par' dir='ltr' id='par_1_113' title="bbox 2132 4944 3711 5023">
     <span class='ocr_line' id='line_1_113' title="bbox 2132 4944 3711 5023; baseline -0.008 -18"><span class='ocrx_word' id='word_1_775' title='bbox 2132 4944 2274 5007; x_wconf 81' lang='lat' dir='ltr'><strong>tertii</strong></span> <span class='ocrx_word' id='word_1_776' title='bbox 2310 4944 2517 5022; x_wconf 69' lang='lat' dir='ltr'><strong>generis</strong></span> <span class='ocrx_word' id='word_1_777' title='bbox 2555 4959 2631 5023; x_wconf 66' lang='lat' dir='ltr'><strong>est</strong></span> <span class='ocrx_word' id='word_1_778' title='bbox 2677 4944 3020 5018; x_wconf 72' lang='lat' dir='ltr'><strong>sempiterna.</strong></span> <span class='ocrx_word' id='word_1_779' title='bbox 3059 4944 3249 5014; x_wconf 61' lang='lat' dir='ltr'><strong>Opifw;</strong></span> <span class='ocrx_word' id='word_1_780' title='bbox 3296 4944 3711 5023; x_wconf 37' lang='lat' dir='ltr'><strong>autemohorum</strong></span> 
     </span>
    </p>
   </div>
   <div class='ocr_carea' id='block_1_114' title="bbox 2130 5018 3711 5080">
    <p class='ocr_par' dir='ltr' id='par_1_114' title="bbox 2130 5018 3711 5080">
     <span class='ocr_line' id='line_1_114' title="bbox 2130 5018 3711 5080; baseline -0.008 -5"><span class='ocrx_word' id='word_1_781' title='bbox 2130 5018 2493 5078; x_wconf 79' lang='lat' dir='ltr'><strong>universorum</strong></span> <span class='ocrx_word' id='word_1_782' title='bbox 2571 5018 2715 5074; x_wconf 84' lang='lat' dir='ltr'><strong>Deus</strong></span> <span class='ocrx_word' id='word_1_783' title='bbox 2764 5026 3015 5071; x_wconf 86' lang='lat' dir='ltr'><strong>naturam</strong></span> <span class='ocrx_word' id='word_1_784' title='bbox 3068 5029 3275 5069; x_wconf 69' lang='lat' dir='ltr'><strong>omum</strong></span> <span class='ocrx_word' id='word_1_785' title='bbox 3321 5018 3711 5080; x_wconf 77' lang='lat' dir='ltr'><strong>cssentiamquc</strong></span> 
     </span>
    </p>
   </div>
   <div class='ocr_carea' id='block_1_115' title="bbox 2129 5095 2349 5148">
    <p class='ocr_par' dir='ltr' id='par_1_115' title="bbox 2129 5095 2349 5148">
     <span class='ocr_line' id='line_1_115' title="bbox 2129 5095 2349 5148; baseline -0.027 0"><span class='ocrx_word' id='word_1_786' title='bbox 2129 5095 2349 5148; x_wconf 74' lang='lat' dir='ltr'><strong>excedit.</strong></span> 
     </span>
    </p>
   </div>
   <div class='ocr_carea' id='block_1_116' title="bbox 2200 5150 3708 5219">
    <p class='ocr_par' dir='ltr' id='par_1_116' title="bbox 2200 5150 3708 5219">
     <span class='ocr_line' id='line_1_116' title="bbox 2200 5150 3708 5219; baseline -0.009 -1"><span class='ocrx_word' id='word_1_787' title='bbox 2200 5166 2287 5185; x_wconf 85' lang='lat'><strong>“&quot;</strong></span> <span class='ocrx_word' id='word_1_788' title='bbox 2312 5161 2718 5217; x_wconf 82' lang='lat' dir='ltr'><strong>Theodorctus.</strong></span> <span class='ocrx_word' id='word_1_789' title='bbox 2763 5156 2932 5212; x_wconf 84' lang='lat' dir='ltr'><strong>Habet</strong></span> <span class='ocrx_word' id='word_1_790' title='bbox 2968 5157 3107 5210; x_wconf 67' lang='lat' dir='ltr'><strong>etaim</strong></span> <span class='ocrx_word' id='word_1_791' title='bbox 3134 5156 3251 5217; x_wconf 83' lang='lat' dir='ltr'><strong>ipsa</strong></span> <span class='ocrx_word' id='word_1_792' title='bbox 3277 5150 3504 5219; x_wconf 84' lang='lat' dir='ltr'><strong>(anima)</strong></span> <span class='ocrx_word' id='word_1_793' title='bbox 3542 5151 3708 5204; x_wconf 86' lang='lat' dir='ltr'><strong>ratio-</strong></span> 
     </span>
    </p>
   </div>
   <div class='ocr_carea' id='block_1_117' title="bbox 2131 5221 3713 5301">
    <p class='ocr_par' dir='ltr' id='par_1_117' title="bbox 2131 5221 3713 5301">
     <span class='ocr_line' id='line_1_117' title="bbox 2131 5221 3713 5301; baseline -0.009 -13"><span class='ocrx_word' id='word_1_794' title='bbox 2131 5250 2248 5288; x_wconf 79' lang='lat' dir='ltr'><strong>nem</strong></span> <span class='ocrx_word' id='word_1_795' title='bbox 2266 5244 2315 5288; x_wconf 85' lang='lat' dir='ltr'><strong>et</strong></span> <span class='ocrx_word' id='word_1_796' title='bbox 2334 5232 2554 5288; x_wconf 82' lang='lat' dir='ltr'><strong>liberam</strong></span> <span class='ocrx_word' id='word_1_797' title='bbox 2574 5231 2659 5285; x_wconf 87' lang='lat' dir='ltr'><strong>sui</strong></span> <span class='ocrx_word' id='word_1_798' title='bbox 2672 5235 3003 5301; x_wconf 72' lang='lat' dir='ltr'><strong>potestatem.</strong></span> <span class='ocrx_word' id='word_1_799' title='bbox 3026 5226 3094 5301; x_wconf 69' lang='lat' dir='ltr'><strong>Et</strong></span> <span class='ocrx_word' id='word_1_800' title='bbox 3109 5231 3326 5301; x_wconf 74' lang='lat' dir='ltr'><strong>generat</strong></span> <span class='ocrx_word' id='word_1_801' title='bbox 3346 5221 3713 5291; x_wconf 66' lang='lat' dir='ltr'><strong>quidemn-iens</strong></span> 
     </span>
    </p>
   </div>
   <div class='ocr_carea' id='block_1_118' title="bbox 2131 5294 3713 5371">
    <p class='ocr_par' dir='ltr' id='par_1_118' title="bbox 2131 5294 3713 5371">
     <span class='ocr_line' id='line_1_118' title="bbox 2131 5294 3713 5371; baseline -0.01 -14"><span class='ocrx_word' id='word_1_802' title='bbox 2131 5310 2414 5361; x_wconf 83' lang='lat' dir='ltr'><strong>rationem.</strong></span> <span class='ocrx_word' id='word_1_803' title='bbox 2440 5320 2558 5358; x_wconf 87' lang='lat' dir='ltr'><strong>cum</strong></span> <span class='ocrx_word' id='word_1_804' title='bbox 2576 5294 2682 5371; x_wconf 80' lang='lat' dir='ltr'><strong>qua</strong></span> <span class='ocrx_word' id='word_1_805' title='bbox 2704 5298 2938 5369; x_wconf 80' lang='lat' dir='ltr'><strong>procedit</strong></span> <span class='ocrx_word' id='word_1_806' title='bbox 2958 5294 3201 5371; x_wconf 77' lang='lat' dir='ltr'><strong>spiritus,</strong></span> <span class='ocrx_word' id='word_1_807' title='bbox 3226 5294 3317 5364; x_wconf 85' lang='lat' dir='ltr'><strong>qui</strong></span> <span class='ocrx_word' id='word_1_808' title='bbox 3358 5307 3464 5371; x_wconf 81' lang='lat' dir='ltr'><strong>non</strong></span> <span class='ocrx_word' id='word_1_809' title='bbox 3484 5306 3713 5361; x_wconf 51' lang='lat' dir='ltr'><strong>gnarae</strong></span> 
     </span>
    </p>
   </div>
   <div class='ocr_carea' id='block_1_119' title="bbox 2132 5367 3711 5442">
    <p class='ocr_par' dir='ltr' id='par_1_119' title="bbox 2132 5367 3711 5442">
     <span class='ocr_line' id='line_1_119' title="bbox 2132 5367 3711 5442; baseline -0.006 -14"><span class='ocrx_word' id='word_1_810' title='bbox 2132 5382 2240 5432; x_wconf 89' lang='lat' dir='ltr'><strong>tur.</strong></span> <span class='ocrx_word' id='word_1_811' title='bbox 2265 5382 2323 5428; x_wconf 87' lang='lat' dir='ltr'><strong>ut</strong></span> <span class='ocrx_word' id='word_1_812' title='bbox 2341 5374 2515 5436; x_wconf 88' lang='lat' dir='ltr'><strong>ratio;</strong></span> <span class='ocrx_word' id='word_1_813' title='bbox 2546 5367 2637 5426; x_wconf 75' lang='lat' dir='ltr'><strong>sed</strong></span> <span class='ocrx_word' id='word_1_814' title='bbox 2654 5367 2774 5442; x_wconf 67' lang='lat' dir='ltr'><strong>eam</strong></span> <span class='ocrx_word' id='word_1_815' title='bbox 2795 5384 3002 5442; x_wconf 75' lang='lat' dir='ltr'><strong>semper</strong></span> <span class='ocrx_word' id='word_1_816' title='bbox 3028 5367 3334 5426; x_wconf 82' lang='lat' dir='ltr'><strong>comitatur,</strong></span> <span class='ocrx_word' id='word_1_817' title='bbox 3355 5370 3410 5442; x_wconf 52' lang='lat' dir='ltr'><strong>et</strong></span> <span class='ocrx_word' id='word_1_818' title='bbox 3458 5377 3595 5442; x_wconf 48' lang='grc' dir='ltr'><strong>ϐψ.</strong></span> <span class='ocrx_word' id='word_1_819' title='bbox 3620 5374 3711 5442; x_wconf 61' lang='grc' dir='ltr'><strong>ρξ-</strong></span> 
     </span>
    </p>
   </div>
   <div class='ocr_carea' id='block_1_120' title="bbox 2135 5430 3712 5513">
    <p class='ocr_par' dir='ltr' id='par_1_120' title="bbox 2135 5430 3712 5513">
     <span class='ocr_line' id='line_1_120' title="bbox 2135 5430 3712 5513; baseline -0.011 -14"><span class='ocrx_word' id='word_1_820' title='bbox 2135 5430 2321 5501; x_wconf 79' lang='lat' dir='ltr'><strong>ncrata</strong></span> <span class='ocrx_word' id='word_1_821' title='bbox 2352 5430 2604 5513; x_wconf 74' lang='lat' dir='ltr'><strong>procedit.</strong></span> <span class='ocrx_word' id='word_1_822' title='bbox 2638 5438 2814 5504; x_wconf 80' lang='lat' dir='ltr'><strong>Quam</strong></span> <span class='ocrx_word' id='word_1_823' title='bbox 2851 5430 2920 5492; x_wconf 65' lang='lat' dir='ltr'><strong>ob&#39;</strong></span> <span class='ocrx_word' id='word_1_824' title='bbox 2936 5453 3157 5493; x_wconf 86' lang='lat' dir='ltr'><strong>causam</strong></span> <span class='ocrx_word' id='word_1_825' title='bbox 3176 5443 3224 5491; x_wconf 82' lang='lat' dir='ltr'><strong>et</strong></span> <span class='ocrx_word' id='word_1_826' title='bbox 3261 5434 3399 5490; x_wconf 77' lang='lat' dir='ltr'><strong>ratio</strong></span> <span class='ocrx_word' id='word_1_827' title='bbox 3452 5430 3712 5498; x_wconf 74' lang='lat' dir='ltr'><strong>subsistit,</strong></span> 
     </span>
    </p>
   </div>
   <div class='ocr_carea' id='block_1_121' title="bbox 2132 5517 2430 5570">
    <p class='ocr_par' dir='ltr' id='par_1_121' title="bbox 2132 5517 2430 5570">
     <span class='ocr_line' id='line_1_121' title="bbox 2132 5517 2430 5570; baseline -0.01 0"><span class='ocrx_word' id='word_1_828' title='bbox 2132 5525 2180 5570; x_wconf 75' lang='lat' dir='ltr'><strong>et</strong></span> <span class='ocrx_word' id='word_1_829' title='bbox 2195 5517 2430 5570; x_wconf 75' lang='lat' dir='ltr'><strong>spiritus.</strong></span> 
     </span>
    </p>
   </div>
   <div class='ocr_carea' id='block_1_122' title="bbox 2206 5533 3709 5651">
    <p class='ocr_par' dir='ltr' id='par_1_122' title="bbox 2206 5533 3709 5651">
     <span class='ocr_line' id='line_1_122' title="bbox 2206 5533 3709 5651; baseline -0.001 -18"><span class='ocrx_word' id='word_1_830' title='bbox 2206 5533 2481 5637; x_wconf 43' lang='lat' dir='ltr'><strong>mir-&quot;721;;</strong></span> <span class='ocrx_word' id='word_1_831' title='bbox 2528 5581 2952 5651; x_wconf 86' lang='lat' dir='ltr'><strong>compositionem</strong></span> <span class='ocrx_word' id='word_1_832' title='bbox 3001 5594 3104 5651; x_wconf 82' lang='lat' dir='ltr'><strong>non</strong></span> <span class='ocrx_word' id='word_1_833' title='bbox 3156 5575 3412 5651; x_wconf 77' lang='lat' dir='ltr'><strong>admittit,</strong></span> <span class='ocrx_word' id='word_1_834' title='bbox 3455 5581 3709 5651; x_wconf 58' lang='lat' dir='ltr'><strong>emneatu}</strong></span> 
     </span>
    </p>
   </div>
   <div class='ocr_carea' id='block_1_123' title="bbox 2141 5645 3706 5729">
    <p class='ocr_par' dir='ltr' id='par_1_123' title="bbox 2141 5645 3706 5729">
     <span class='ocr_line' id='line_1_123' title="bbox 2141 5645 3706 5729; baseline -0.012 -19"><span class='ocrx_word' id='word_1_835' title='bbox 2141 5645 2820 5729; x_wconf 59' lang='lat' dir='ltr'><strong>quodimmateriale&#39;est,et</strong></span> <span class='ocrx_word' id='word_1_836' title='bbox 2839 5664 3042 5707; x_wconf 77' lang='lat' dir='ltr'><strong>omnem</strong></span> <span class='ocrx_word' id='word_1_837' title='bbox 3062 5645 3457 5717; x_wconf 81' lang='lat' dir='ltr'><strong>simplicitatem</strong></span> <span class='ocrx_word' id='word_1_838' title='bbox 3470 5645 3706 5709; x_wconf 78' lang='lat' dir='ltr'><strong>supcrat.</strong></span> 
     </span>
    </p>
   </div>
  </div>
