4102 6200
354 275 461 343 857

1799 287 2127 350 DIOPTRA
2142 336 2157 349 .

3507 301 3616 367 858

425 386 1938 482 litantemethoedicamus,illud,rsccundnmimagi-
1969 400 2017 457 Δ
2046 401 2204 461 mihi,
2268 404 2543 474 quomodo
2589 405 2790 473 anima,
2849 424 2974 464 cum
3044 409 3119 465 sit
3174 413 3389 482 gemina
3441 378 3621 473 beatis

358 495 508 543 nem,
541 499 561 531 ι
591 478 644 532 id
668 488 772 541 est,
792 479 993 540 anima,
1019 497 1174 538 mens
1194 496 1249 539 et
1276 487 1439 547 ratio.
1462 505 1807 563 consequens
1825 503 1930 557 est,

359 568 832 639 utinseparabil'ta
893 570 1038 638 sint;
1097 590 1221 628 nam
1271 576 1467 648 imago,
1500 592 1556 636 et
1606 593 1935 654 prolotypou

359 663 559 723 eodem
586 662 701 715 fere
732 662 896 716 modo
925 678 984 716 se
1014 664 1236 723 habent.
1261 668 1416 735 Quod
1449 671 1496 727 si
1520 672 1665 728 'nihil
1724 674 1934 729 discre-

360 756 600 826 pnerint,
629 770 714 819 est
744 759 1042 819 identitas:
1071 779 1250 831 neque
1275 765 1549 836 ejusmodi
1604 781 1695 821 res
1737 766 1934 833 imago,

359 865 460 905 nec
498 851 859 907 simulacrum
902 858 1145 909 vocanda
1200 869 1305 911 esu
1342 857 1479 911 Illud
1529 858 1694 912 enim.
1721 859 1929 913 increa-

357 949 499 1006 tum,
534 941 716 1012 imago
777 953 961 998 creata
1017 955 1120 1000 est.
1151 946 1221 1001 Et
1275 947 1380 1002 hoc
1403 960 1486 1004 est
1536 949 1826 1013 rationale,
1851 965 1939 1004 re-

358 1049 524 1103 gnum
575 1036 773 1089 anima:
804 1046 859 1090 et
895 1053 1039 1107 pars.
1065 1046 1118 1091 et
1153 1040 1355 1095 mentis
1383 1041 1606 1111 quidam
1641 1050 1852 1111 partus,
1882 1051 1939 1098 et

357 1121 609 1179 divinum
652 1126 1148 1195 propugnaculum,
1186 1136 1244 1183 et
1292 1129 1490 1184 anima:
1548 1130 1847 1200 peculium,
1883 1138 1941 1187 et

364 1216 531 1275 simul
562 1232 761 1285 prosus
797 1233 922 1272 eum
961 1234 1024 1273 ea
1066 1229 1284 1277 natum.
1307 1221 1386 1276 Ita
1420 1236 1609 1291 porro,
1640 1230 1695 1277 et
1721 1222 1940 1292 cupidi-

363 1315 446 1365 tas
468 1306 543 1362 ab
568 1308 747 1367 animo
767 1309 927 1365 bruta
952 1310 1201 1367 admistze
1243 1322 1372 1367 sunt
1402 1314 1600 1368 animae
1663 1313 1938 1379 humanae,

359 1408 421 1457 ct
449 1415 575 1459 cum
604 1401 797 1461 eadem
825 1403 981 1472 quasi
1008 1405 1064 1457 iu
1086 1420 1197 1459 una
1247 1405 1488 1460 statione
1533 1405 1838 1467 collocatae,
1882 1413 1942 1459 ut

362 1507 472 1546 una
493 1505 664 1561 usque
696 1492 1089 1550 adextremum
1143 1495 1461 1550 cohabilent
1506 1506 1677 1565 atque
1721 1510 1942 1564 perma-

361 1596 546 1639 neant.
568 1585 720 1651 Quod
739 1587 957 1656 quidem
974 1589 1192 1657 quando
1212 1599 1501 1644 venturum
1520 1590 1592 1645 sit
1607 1590 1835 1645 soliDeo
1845 1604 1941 1645 co-

358 1678 691 1748 gnitumest.
715 1679 925 1751 thuia
951 1682 1113 1739 simul
1133 1681 1479 1746 exstiterunt,
1512 1690 1694 1751 partes
1719 1681 1940 1751 quidem

357 1779 487 1827 sunt
504 1768 726 1833 animae,
748 1780 1053 1825 non-tamen
1070 1773 1394 1831 naturaliter
1407 1772 1520 1843 ipsa
1540 1772 1744 1833 anima,
1775 1772 1946 1842 siqui-

358 1858 479 1919 dem
496 1860 802 1917 animanon
821 1869 905 1916 est
926 1862 1101 1927 ira,et
1120 1864 1577 1934 cupidius,sieut
1605 1865 1764 1928 ratio,
1791 1879 1945 1923 mens

355 1959 415 2007 et
431 1951 661 2021 spiritus
681 1960 909 2022 cognata
943 1954 1302 2024 ejusdemque
1323 1955 1541 2025 generis
1574 1963 1726 2011 sunt.
1754 1956 1943 2025 Neque

354 2055 489 2099 vero
520 2039 626 2098 ista
644 2041 754 2097 duo
772 2042 840 2096 ab
857 2042 1037 2099 anima
1058 2044 1248 2101 abesse
1275 2053 1558 2115 nequeunt
1584 2063 1599 2100 :
1636 2056 1722 2101 est
1770 2045 1941 2111 enim,

356 2146 483 2195 cum
513 2132 595 2195 illi
623 2134 946 2199 adsunt,est
969 2150 1094 2190 cum
1126 2152 1234 2195 non
1262 2137 1483 2193 adsunt.
1504 2136 1719 2206 Quippe
1765 2137 1941 2193 donec

363 2221 550 2279 anima
572 2221 624 2277 in
656 2237 889 2292 corpore
919 2224 1243 2293 perstiterit,
1272 2224 1389 2279 haec
1439 2239 1659 2294 quoque
1694 2232 1755 2278 ut
1783 2223 1935 2278 inse-

355 2312 629 2382 parabilia
666 2315 917 2383 quaedam
949 2316 1361 2387 propugnacula
1410 2317 1460 2377 ei
1523 2316 1934 2381 adhaerescunt,

359 2420 467 2475 per
491 2421 614 2474 quae
633 2405 991 2471 adversariis,
1018 2408 1467 2478 oppugnantibus
1492 2408 1720 2469 resistit.
1747 2420 1807 2464 et
1832 2407 1935 2463 ad-

355 2510 574 2551 versum
596 2510 693 2550 eos
715 2495 802 2552 his
849 2495 1078 2567 indiget,
1128 2497 1273 2554 sicut
1314 2512 1476 2553 carne
1500 2497 1568 2552 ad
1628 2497 1942 2568 operimen-

263 2615 277 2625 ε
358 2593 472 2639 tmn
502 2593 558 2641 et
590 2592 965 2654 tegumentum
988 2600 1127 2653 opus
1155 2587 1341 2652 habet,
1372 2587 1688 2656 quandiu’ju
1716 2587 1939 2645 haevita

361 2686 638 2732 versatur.
685 2677 788 2733 Ubi
810 2692 840 2732 e
870 2692 1102 2747 corpore
1122 2680 1227 2737 isto
1254 2678 1694 2745 discesserit,iis
1736 2679 1804 2739 de
1836 2695 1940 2735 cre-

358 2780 478 2828 tero
509 2784 620 2825 non
652 2768 921 2839 indigebit
941 2785 957 2835 ;
980 2770 1124 2824 sicut
1141 2785 1242 2825 nec
1264 2785 1468 2839 corpus
1496 2771 1749 2827 exanime
1780 2779 1937 2840 tegu-

354 2859 556 2917 mentis
571 2867 715 2929 eget.
746 2860 879 2914 Nam
909 2874 1036 2913 cum
1066 2860 1287 2916 tandem
1322 2861 1519 2931 judicii
1544 2862 1697 2919 iliius
1725 2870 1937 2932 tempus

355 2952 558 3017 aderit,
584 2954 705 3009 duae
735 2962 921 3022 partes
970 2953 1089 3007 ista:
1134 2952 1483 3009 auferantur.
1532 2953 1714 3013 Causa.
1767 2955 1934 3026 hujus

2046 493 2158 547 illis
2185 494 2461 548 mentibus
2497 498 2675 564 (vacat
2699 498 2843 552 enim
2881 501 3027 554 omni
3084 502 3437 558 concretione
3485 521 3610 560 cor-

2040 587 2252 653 porea),
2294 596 2471 642 tamen
2502 588 2639 642 adeo
2675 591 2839 645 rebus
2879 590 3135 647 inanibus
3163 609 3287 661 qua:
3310 608 3472 649 sensu
3504 611 3622 667 perv

2038 675 2341 745 cipiuntur,
2404 678 2733 748 implicetur,
2802 681 3014 737 illarum
3076 684 3323 752 appetitu
3384 685 3618 755 ferveat,

2040 765 2147 821 illis
2178 767 2360 823 dedita
2400 777 2453 822 et
2486 768 2638 822 allisa
2669 770 2759 832 sit,
2798 780 2852 825 et
2899 772 2967 827 ab
3004 772 3122 827 istis
3167 773 3524 831 inferioribus
3547 792 3608 833 se

2047 860 2218 928 abripi
2297 861 2552 930 patiatur.
2614 861 2731 915 Non
2785 863 2930 916 enim
2993 863 3279 934 oportebat
3321 867 3610 922 arnateria

2040 953 2267 1005 liberam
2301 952 2599 1022 quidquam
2635 968 2758 1007 cum
2809 954 2875 1009 iis
2910 954 3113 1011 habere
3142 972 3456 1023 commune,
3505 974 3618 1028 quo

2043 1042 2267 1096 materia
2338 1043 2724 1108 continentur;
2803 1060 2906 1099 nec
2967 1048 3315 1116 corruptioni
3378 1048 3617 1104 obnoxia

2044 1131 2370 1195 consectari,
2417 1132 2663 1200 adeoque
2712 1136 3424 1211 corrumpiacorruptione
3483 1138 3620 1194 alie-

2044 1240 2168 1278 nam
2198 1233 2252 1277 et
2279 1224 2517 1279 divinam
2546 1243 2561 1292 ;
2601 1228 2755 1297 cujus
2815 1229 3095 1297 proprium
3123 1238 3211 1284 est
3241 1230 3535 1299 respicere,
3562 1242 3623 1285 et

2047 1316 2337 1371 intendere
2390 1317 2518 1373 illuc
2561 1334 2724 1373 omne
2759 1319 3113 1385 desiderium,
3165 1321 3314 1379 unde
3353 1321 3620 1391 originem

2050 1408 2226 1462 ducit.
3456 1421 3460 1426 '

2114 1498 2278 1555 Cino.
2304 1498 2571 1564 Quoniam
2598 1507 2870 1562 creatura,
2912 1510 2967 1555 et
3008 1501 3286 1558 mutabilis
3311 1512 3420 1567 est,
3455 1502 3622 1559 etiam

2047 1591 2303 1661 spiritum
2338 1599 2530 1645 mutat.
2567 1591 2844 1662 Quidquid
2906 1592 3051 1648 enim
3088 1594 3371 1649 conditum
3395 1603 3453 1648 et
3476 1609 3626 1648 eom-

2049 1681 2285 1748 positum
2316 1690 2419 1741 est,
2449 1680 2739 1734 mutationi
2766 1681 3074 1753 subjectum
3098 1691 3207 1738 est.
3257 1683 3625 1739 lmmulabili-

2051 1779 2133 1825 tas
2167 1781 2348 1825 autem
2380 1772 2498 1841 ejus
2527 1780 2733 1825 natura:
2789 1783 2895 1835 est,
2929 1788 3052 1842 quae
3078 1773 3191 1829 sola
3217 1783 3470 1829 naturam
3503 1790 3622 1828 om-

2050 1879 2171 1919 nem
2205 1864 2642 1933 supergreditur.
2668 1865 2921 1919 Animam
2977 1881 3140 1934 porro
3177 1866 3506 1936 simplicem,
3541 1866 3625 1922 in-

2047 1972 2368 2026 corporeum
2433 1956 2793 2011 substantiam
2863 1958 3196 2026 procreavit,
3250 1958 3412 2028 eique
3460 1974 3621 2014 usum

2045 2046 2277 2101 liberum
2314 2045 2543 2101 rationis
2587 2045 2887 2110 concessit,
2910 2054 2967 2101 et
3016 2063 3177 2118 agere
3205 2047 3272 2103 ad
3300 2048 3445 2118 quod
3486 2048 3621 2105 ferri

2047 2130 2373 2207 incitarique
2397 2137 2583 2191 sentit.
2624 2137 2991 2204 Quamobrem
3029 2146 3087 2191 ut
3115 2138 3379 2209 quiddam
3411 2140 3496 2195 sui
3527 2141 3622 2211 ju-

2044 2232 2120 2287 ris
2170 2247 2233 2285 ac
2289 2232 2596 2299 potestatis,
2634 2232 2801 2286 etiam
2855 2231 3112 2301 spiritum
3161 2242 3355 2288 mutat.
3391 2232 3620 2294 Constat

2043 2330 2247 2384 autem,
2284 2320 2710 2384 utdicebamus,
2741 2321 2956 2376 duabus
3014 2335 3071 2377 et
3123 2323 3300 2380 tribus
3348 2324 3621 2395 partibus.

2042 2422 2137 2462 seu
2180 2406 2437 2476 bipartito
2482 2416 2537 2463 et
2597 2407 2865 2477 tripartita
2916 2416 3018 2463 est.
3058 2408 3189 2465 Pars
3215 2410 3418 2480 quippe
3473 2410 3623 2466 illius

2045 2499 2216 2553 altera
2243 2514 2365 2554 cum
2394 2498 2755 2569 intelligentia
2786 2501 3079 2570 conjuncta
3106 2508 3213 2561 est,
3231 2501 3406 2557 altera
3427 2502 3618 2556 eadem

2041 2597 2214 2653 caret,
2239 2598 2301 2644 ut
2322 2603 2488 2658 supra
2521 2588 2829 2643 docuimus.
2864 2587 2947 2642 Ad
2996 2587 3367 2645 substantiam
3409 2605 3539 2644 vero
3564 2600 3623 2644 et

2042 2686 2292 2731 naturam
2332 2678 2478 2746 quod
2513 2677 2728 2739 attinet,
2783 2679 3012 2748 simplex
3046 2690 3150 2735 est.
3183 2682 3362 2749 Atque
3383 2679 3516 2734 hinc
3541 2678 3624 2733 di-

2039 2767 2199 2832 visio,
2245 2768 2300 2822 in
2349 2784 2456 2837 qua
2503 2768 2660 2822 tertia
2712 2784 2837 2838 pars
2895 2771 3166 2840 reperitur
3194 2789 3206 2825 :
3234 2779 3436 2841 praeter
3481 2769 3620 2825 iram

2040 2855 2298 2910 nimirum
2320 2864 2377 2909 et
2403 2856 2765 2925 cupiditatem
2791 2858 2953 2925 ratio,
2983 2859 3224 2928 partium
3269 2856 3619 2929 praestantis-

2039 2950 2197 3015 sima,
2231 2948 2479 3016 confusa,
2510 2956 2567 3005 et
2602 2949 2962 3007 similitudine
2997 2950 3320 3006 substantia:
3364 2949 3622 3004 devincta

355 3044 460 3110 rei,
488 3060 652 3114 supra
682 3044 827 3098 libro
853 3045 1095 3098 secundo
1137 3045 1405 3113 esplieata
1433 3054 1543 3111 est,
1568 3046 1755 3115 ibique
1784 3048 1938 3103 testis
1969 3060 2013 3118 ο
2051 3056 2179 3096 cum
2203 3041 2576 3112 sempiternis,
2608 3053 2882 3112 quatenus
2924 3043 3244 3114 angelorum
3294 3053 3505 3097 natura:
3536 3057 3623 3095 re-

354 3136 713 3210 gravissimus
775 3135 1051 3191 adductus
1117 3133 1416 3203 Gregorius
1459 3135 1759 3206 Nyssenus.
1824 3136 1937 3195 Sed

357 3229 503 3284 unde
530 3227 763 3298 digressi
791 3241 1004 3290 sumus,
1026 3241 1094 3280 eo
1146 3226 1467 3284 redeamus.
1494 3227 1704 3296 Duplex
1729 3228 1936 3284 dicitur

355 3320 556 3381 anima,
592 3319 826 3390 geminis
861 3332 892 3372 e
921 3316 1172 3387 partibus
1199 3318 1524 3391 conjuncta,
1550 3333 1788 3387 quarum
1827 3319 1935 3375 alia

358 3409 571 3466 ratione
603 3416 840 3471 constat,
876 3408 983 3465 alia
1014 3422 1127 3463 non
1150 3414 1387 3465 constat.
1424 3407 1523 3463 Est
1580 3408 1806 3477 insuper
1834 3407 1938 3461 tri-

357 3501 482 3572 plex
512 3516 608 3559 seu
637 3499 941 3569 tripartito,
960 3507 1018 3553 et
1081 3496 1281 3555 merito
1332 3506 1559 3569 propter
1627 3496 1932 3553 ternionem

356 3592 627 3663 partium,
648 3605 770 3663 qua:
798 3599 927 3645 sunt
975 3587 1139 3653 ratio,
1199 3589 1287 3645 ira.
1337 3592 1394 3645 et
1453 3585 1772 3659 cupiditas:
1807 3602 1933 3643 cum

357 3679 663 3741 substantia
693 3696 798 3738 una
826 3681 903 3739 sit
939 3689 1001 3739 et
1033 3676 1300 3751 simplex.
1326 3676 1487 3732 Nihil.
1530 3676 1691 3737 enim.
1723 3685 1935 3736 natura

356 3786 634 3842 corporeae
657 3770 839 3836 habet,
867 3785 979 3829 non
1029 3770 1275 3841 ﬁguram,
1311 3783 1434 3827 non.
1486 3769 1757 3836 colorem,
1817 3784 1927 3827 non

356 3865 725 3937 prolundum,
744 3880 862 3925 non,
890 3864 1275 3933 intervallum”
1295 3878 1406 3923 non
1436 3863 1682 3937 longum,
1715 3879 1823 3923 non
1851 3864 1933 3918 la-

356 3968 496 4018 tum.
527 3958 687 4015 Nulla
721 3957 779 4011 in
808 3972 874 4013 ea
911 3955 1259 4031 magnitudo,
1293 3955 1454 4011 nulla.
1485 3954 1741 4013 durities.
1775 3954 1933 4023 Quod

353 4050 585 4107 rationis
606 4058 693 4105 est
713 4064 959 4120 compos.
990 4049 1139 4107 ineo
1173 4048 1406 4122 angelos
1438 4058 1644 4119 aequat.
1686 4048 1934 4119 Reliquis

353 4141 572 4197 duobus
592 4142 660 4199 ad
683 4152 938 4198 naturam
967 4140 1326 4198 animantium
1358 4139 1601 4197 rationis
1626 4139 1931 4209 ementium

355 4233 592 4300 accedit,
626 4232 729 4297 ira.
751 4241 810 4291 et
825 4231 1130 4303 cupiditate
1159 4230 1456 4301 nimirum,
1478 4232 1685 4303 quain.
1739 4231 1932 4291 bestiis

2046 3132 2323 3201 spondet:
2360 3132 2504 3185 sicut
2555 3132 2785 3201 reliquae
2838 3133 2960 3186 dum
3031 3141 3217 3201 partes
3269 3148 3393 3187 cum
3424 3141 3622 3187 natura

2041 3224 2347 3279 belluarum
2382 3224 2809 3278 communicant.
2844 3224 3002 3278 Paria
3037 3229 3185 3278 enim
3234 3224 3461 3297 paribus
3485 3239 3621 3295 gau-

2038 3315 2190 3378 dent,
2221 3323 2424 3369 etcum
2462 3314 2529 3367 iis
2562 3315 3045 3384 congregantur“.

2107 3404 2261 3471 Quod
2292 3404 2494 3458 mentis
2545 3412 2600 3457 et
2646 3402 2863 3457 consilii
2893 3410 3006 3469 est,
3056 3403 3421 3458 substantiam
3475 3403 3622 3474 ejus-

2038 3497 2184 3550 modi
2217 3495 2580 3565 concupiscit,
2636 3494 3116 3565 immortalemque
3162 3493 3481 3565 angelorum
3513 3494 3619 3551 ali-

2037 3588 2275 3650 moniam
2310 3588 2506 3643 esurit.
2541 3586 2697 3653 Quod
2728 3586 2940 3641 ratione
2991 3594 3160 3653 caret,
3196 3585 3337 3640 infra
3379 3588 3615 3656 positum

2036 3679 2195 3733 humi”
2238 3688 2579 3744 nascentem,
2622 3677 3034 3746 corruptibilem
3113 3686 3169 3732 et
3200 3675 3406 3732 ﬂuxum
3453 3676 3616 3747 plane

2034 3771 2219 3828 cibum
2294 3763 2546 3841 appetit.'
2581 3769 2851 3837 Quoniam
2901 3769 3069 3841 igitur
3112 3769 3198 3825 hac
3241 3779 3448 3840 partes,
3489 3766 3620 3822 licet

2035 3863 2198 3918 simul
2228 3863 2359 3929 sint,
2399 3862 2544 3916 inter
2577 3876 2634 3916 se
2661 3860 3002 3926 discordant,
3031 3869 3087 3916 et
3115 3860 3618 3929 cominuscongrc-

2034 3955 2284 4019 diuntur,
2314 3960 2371 4008 et
2419 3952 2623 4008 bellum
2658 3951 2934 4022 quoddam
2988 3951 3281 4015 conﬂatur,
3324 3948 3507 4005 anima
3560 3959 3617 4006 ct

2035 4064 2268 4120 corpore
2297 4048 2711 4107 decertantibus
2753 4046 3115 4114 vicissimque.
3159 4058 3218 4098 se
3245 4041 3449 4097 acriter
3492 4056 3619 4111 pre-

2038 4140 2318 4195 mentibus
2374 4146 2431 4192 et
2481 4136 2742 4195 seditiose
2768 4132 3173 4206 cxagitantibus
3206 4131 3336 4187 dum
3366 4130 3457 4187 illa
3490 4144 3620 4200 pars

2037 4246 2275 4300 superna
2303 4227 2601 4290 desiderat,
2651 4240 2829 4297 eaque
2854 4224 3136 4279 intuetur:
3172 4221 3279 4278 ista
3329 4221 3447 4277 haec
3477 4220 3623 4276 infe-

353 4324 521 4384 etiam
552 4323 915 4394 reperiuntur
944 4338 1046 4385 :ex
1067 4338 1300 4399 corpore
1327 4323 1629 4395 siquidem,
1645 4332 1701 4380 et
1724 4324 1928 4385 anima.
1964 4333 2008 4388 ι)
2037 4323 2182 4377 riora
2215 4317 2639 4391 propensissime
2667 4315 2897 4386 appetit,
2925 4324 2980 4369 et
3015 4329 3217 4384 corpus
3242 4312 3487 4386 pondere
3508 4325 3622 4366 suo

353 4411 738 4468 commistione
815 4414 1341 4487 temperationeque
1397 4412 1710 4473 admirabili
1791 4414 1938 4472 Deus

352 4503 633 4563 hominem
655 4502 863 4563 enimut
898 4506 947 4565 ἰ.

958 4596 1187 4657 CAPUT
1214 4597 1333 4655 XV.

352 4686 466 4743 Cur
491 4693 696 4755 animo,
724 4708 842 4746 cum
878 4692 953 4746 sit.
970 4690 1307 4759 incorporea,
1350 4687 1501 4759 rebus
1545 4697 1723 4759 tamen
1754 4705 1937 4759 corpo-

428 4760 530 4840 reis
571 4761 946 4840 acAperiturii
991 4757 1336 4840 adnotarent.
1374 4757 1522 4840 Unde
1551 4757 1748 4840 bellum
1790 4757 1935 4840 intra

786 4828 1383 4901 paciﬁcatoriﬂuatuor
1411 4829 1664 4901 virtutum
1688 4828 1938 4901 cardina-

428 4897 559 4952 limu
587 4897 997 4970 oﬁrim'Gt-uia
1041 4897 1268 4970 Spiritus
1291 4899 1467 4953 sanati
1517 4898 1730 4968 quando
1764 4898 1935 4952 horni-

430 4968 580 5024 nibus
616 4970 924 5027 clametur.

430 4985 580 5024 arcu
616 4985 924 5025 amatur.

423 5077 620 5139 Astu.
669 5078 1107 5139 Admirationem
1159 5083 1218 5133 et
1274 5082 1561 5146 stuporem
1620 5081 1935 5131 commovet

2039 4423 2266 4471 terreno
2305 4411 2372 4466 ad
2427 4409 2617 4464 intima
2663 4407 2926 4473 declinat,
2970 4406 3202 4477 spiritus
3248 4405 3519 4461 violenter
3550 4418 3624 4459 ac

2037 4520 2136 4576 per
2167 4501 2511 4574 tyrannidem
2555 4500 2812 4555 deorsum
2840 4498 3098 4560 trahitur,
3120 4507 3177 4553 et
3221 4496 3287 4551 ad
3336 4495 3623 4566 improbos

2033 4594 2275 4656 allectus
2298 4591 2621 4663 impetiitur,
2669 4605 2887 4660 mque
2925 4588 3232 4661 prolabitur
3255 4589 3340 4643 “’.

2106 4705 2267 4762 lens
2289 4713 2479 4760 autem
2505 4710 2573 4758 ut
2599 4701 2922 4773 invpcrat'rix
2980 4699 3252 4771 quadam,
3286 4708 3349 4753 et
3388 4697 3617 4754 domina

2037 4798 2205 4857 etiam
2241 4795 2741 4868 perturbationum,
2766 4802 2827 4848 et
2846 4803 2906 4848 ut
2930 4808 3094 4862 supra
3132 4791 3429 4861 tetigimus,
3475 4789 3619 4845 divi-

2038 4905 2147 4947 nus
2171 4889 2599 4950 anime-oculus,
2627 4895 2685 4941 et
2729 4894 3111 4940 ornamentum
3168 4892 3224 4938 et
3275 4882 3613 4939 instrumen-

2038 4992 2181 5049 tum,
2200 4996 2267 5037 ex
2284 4981 2458 5037 altera
2483 4988 2637 5050 parte
2665 4987 2908 5033 tutamen
2937 4975 3173 5032 rationis
3186 4974 3397 5046 objicit,
3426 4980 3617 5028 ettota

2040 5070 2392 5145 cogitationis
2418 5070 2473 5126 vi
2504 5070 2820 5135 intervenit,
2847 5078 2904 5125 et
2934 5075 3211 5124 momenta
3241 5065 3408 5122 duelli
3450 5063 3618 5136 hujus

1830 5190 2016 5254 Schol
2031 5189 2111 5254 ia.

354 5312 451 5368 Eu
477 5315 616 5368 enim
641 5314 894 5385 quiddam
927 5313 1172 5386 simplex,
1209 5323 1258 5370 et
1287 5314 1602 5386 omnimodis
1643 5313 1928 5386 sincerum,

2096 5314 2134 5336 “
2155 5309 2318 5367 Omne
2346 5308 2551 5365 animal
2566 5308 2734 5378 diligit
2753 5308 2851 5361 sibi
2871 5306 3061 5371 simile,
3086 5316 3133 5360 et
3153 5307 3305 5359 homo
3321 5304 3608 5366 hominem,

355 5399 465 5456 non
497 5380 744 5447 mictum;
775 5402 879 5439 non
901 5380 1267 5456 compositum,
1311 5401 1405 5440 nec
1418 5384 1649 5456 ﬁguram
1681 5382 1925 5454 aliquam
2025 5384 2071 5438 si
2098 5382 2252 5456 modo
2278 5382 2448 5456 omnis
2472 5380 2819 5434 humanitatis
2849 5393 3034 5446 expers
3058 5392 3163 5430 non
3199 5382 3297 5428 est.

353 5454 593 5522 recipe“
616 5463 803 5524 potest.

425 5524 442 5541 ⁶
465 5525 656 5598 MM
684 5527 765 5579 Itis
801 5524 1062 5598 duplam“
1091 5526 1280 5598 triplex
1300 5524 1492 5598 dicitur
1526 5539 1544 5578 :
1571 5532 1685 5598 post
1742 5539 1925 5578 resur-

351 5594 650 5671 rectionem;
676 5610 800 5671 uerso
835 5589 930 5671 iter:
973 5589 1172 5671 duplam
1204 5612 1297 5649 nec
1336 5594 1548 5668 triplex,
1571 5589 1668 5650 sed
1715 5601 1926 5649 tantum
2023 5589 2437 5671 sedyerversam
2463 5589 2805 5671 voluntatem,
2838 5589 3062 5671 (iturum.
3101 5589 3298 5671 dicitli-r
3344 5589 3515 5671 70's“!

2026 5650 2149 5716 estis
2173 5662 2229 5715 in
2254 5660 2627 5722 came,.scdin
2651 5661 2838 5730 spiritu
2865 5658 3041 5729 (Rom.
3076 5671 3192 5721 vm,
3218 5653 3295 5721 9).
3341 5668 3361 5705 ο
3401 5650 3471 5707 Et
3498 5650 3602 5703 ite-

350 5661 582 5733 sintplea:
603 5664 713 5721 sive
742 5661 1056 5737 intelligens
1075 5667 1257 5737 futura
1285 5675 1383 5721 est.

2097 5455 2167 5473 "’
2204 5450 2406 5505 Patrius
2435 5465 2623 5520 corpus
2657 5464 2868 5502 carnem
2917 5443 3108 5520 uacare
3168 5443 3456 5520 consueuit,
3498 5456 3608 5496 non

2024 5521 2239 5592 quidem
2287 5510 2541 5574 naturain
2564 5521 2737 5590 ipsam
2755 5519 2988 5643 tergoris
3009 5519 3107 5572 ltac
3137 5531 3255 5571 uoce
3288 5510 3605 5582 intelligens,

2024 5592 2113 5643 sed
2135 5605 2437 5643 nerversam
2463 5589 2805 5643 voluntatem.
2884 5597 2910 5641 τ
2934 5604 3062 5642 cum.
3101 5587 3245 5641 dicit.
3280 5601 3298 5633 ι
3347 5580 3444 5635 Vos
3499 5596 3604 5633 mm

2884 5597 2910 5641 τ
2934 5604 3062 5642 cum.
3101 5587 3245 5641 dicit.
3280 5601 3298 5633 ι
3347 5580 3469 5635 Vos
3499 5596 3604 5633 mm
