4088 6214
1884 155 1889 158 .
1930 139 2113 158 ουρ-’ν’

453 278 565 341 859

452 493 641 548 mquus
659 493 720 532 ac
742 473 957 543 sapiens
985 471 1365 542 pronuntians,
1398 473 1757 544 cogitationes
1819 474 2015 528 melio-

460 585 550 625 res
582 584 611 621 a
640 565 1008 623 deterioribus
1049 564 1277 629 dirimit,
1309 573 1365 620 et
1416 566 1534 621 illas
1573 566 1892 632 admittens,
1929 567 2027 620 has

455 658 595 711 foras
613 656 793 724 ejicit;
823 663 984 724 atque
1001 662 1060 709 ut
1085 654 1360 724 inspector
1389 656 1663 720 indicans,
1687 656 2022 712 sententiam

454 749 577 810 fert,
621 762 713 801 seu
771 747 905 816 quid
942 756 1135 802 natura
1164 748 1394 818 justum.
1425 765 1518 805 seu
1552 759 1751 820 praeter
1779 761 2027 803 naturam

454 838 634 892 fuerit.
654 837 840 902 Menti,
859 838 935 909 τῷ
951 838 1045 909 νῷ,
1066 849 1301 909 quatuor
1321 841 1606 896 facultates
1617 857 1842 896 annexa:
1856 849 1985 895 sunt
2010 857 2024 893 :

458 930 828 1001 intelligentia,
857 930 1060 1001 ingenii
1086 931 1408 996 acrimonia,
1440 934 1891 1001 comprehensio,
1936 947 2028 987 so-

457 1023 634 1087 lertia.
676 1022 800 1077 llaec
841 1032 1097 1091 quatuor,
1140 1022 1384 1092 inquam,
1420 1024 1545 1079 inde
1578 1034 1835 1094 tanquam
1866 1040 1894 1079 a
1918 1038 2033 1079 ma-

460 1123 541 1167 tre
583 1114 930 1182 prodierunt,
986 1121 1042 1168 et
1069 1114 1221 1168 velut
1249 1129 1278 1167 a
1327 1111 1500 1183 stirpe
1548 1115 1907 1184 pullularunt.
1937 1117 2032 1168 Ast

460 1203 657 1257 anima:
732 1204 1018 1269 tripartitze
1048 1204 1291 1272 germina
1333 1219 1552 1256 rursum
1600 1203 1716 1258 haec
1744 1213 1891 1258 sunt.
1925 1204 2031 1258 Τοῦ

462 1292 643 1359 λόγου,
673 1292 902 1346 rationis
958 1292 1269 1361 prudentia,
1325 1302 1380 1347 et
1429 1292 1750 1362 justitia,ut
1810 1296 2030 1364 sapien-

466 1383 703 1435 tissimus
727 1384 983 1452 magister
1009 1384 1244 1437 Joannes
1273 1384 1643 1438 Damascenus
1676 1385 1773 1437 ait.
1807 1384 2033 1453 Cupidi-

468 1472 591 1525 tatis
624 1473 986 1541 pulcherrima
1018 1473 1235 1528 soboles
1292 1483 1375 1528 est
1419 1475 1797 1543 temperantia.
1826 1476 1869 1531 E
1903 1477 2035 1531 cali-

469 1560 623 1613 cibus
679 1561 773 1614 irae
832 1560 1094 1615 fortitudo
1150 1563 1477 1631 prorumpit.
1528 1563 1848 1626 Prudentia,
1913 1580 2036 1635 qua:

468 1651 664 1717 prima,
699 1659 754 1704 et
788 1652 1157 1720 pulcherrima
1186 1661 1290 1715 est,
1321 1654 1603 1722 peculiare
1642 1670 1841 1709 munus
1870 1655 2036 1712 habet

470 1742 722 1805 scrutari,
754 1751 808 1796 et
850 1758 1176 1812 pernoscere
1208 1744 1478 1813 profunda
1530 1745 1778 1815 spiritus.
1821 1748 2040 1802 Justitia

470 1835 834 1903 mqualitatem
886 1850 1124 1901 servare,
1158 1848 1213 1890 et
1252 1837 1570 1902 amicitiam,
1613 1838 1751 1892 bene
1776 1838 2046 1915 judicare,

470 1926 611 1979 bene
665 1925 907 2001 rationes
955 1926 1280 1992 subducere,
1346 1929 1726 1984 convenientia
1786 1931 2049 1999 utiliaque

471 2015 809 2083 dispensare.
862 2014 1165 2085 [Equalitas
1213 2018 1361 2072 enim
1394 2019 1459 2073 ad
1492 2020 1582 2089 jus
1629 2018 1888 2088 pertinet,
1939 2034 2050 2088 quo

470 2106 617 2161 enim
668 2106 774 2160 alio
827 2107 1172 2175 pertineret?
1217 2107 1615 2185 Temperantis,
1644 2109 1926 2178 proprium
1966 2118 2052 2165 est

472 2198 809 2253 castimonia:
858 2198 1134 2268 splendor,
1163 2207 1218 2254 et
1261 2201 1518 2270 gaudium
1578 2200 1825 2270 spiritus,
1850 2210 1906 2255 et
1944 2200 2051 2256 alia

473 2306 812 2360 qmecunque
839 2291 906 2346 de
954 2306 1017 2346 ea
1058 2292 1399 2348 scribuntur.
1443 2294 1732 2349 Generosa:
1763 2293 2048 2348 fortitudi—

475 2382 561 2438 nis
589 2381 789 2437 bellum
824 2390 1013 2437 contra
1049 2381 1204 2447 vitia,
1233 2383 1381 2452 quod
1404 2382 1584 2454 gladio
1609 2388 1842 2448 instans,
1862 2398 2050 2438 eorum

474 2476 714 2544 impetus
738 2484 791 2529 et
814 2474 1065 2530 incursus
1091 2483 1444 2544 praetruncat.
1473 2476 1893 2547 Perspicuitatis
1920 2491 2053 2549 ergo

474 2566 811 2636 exemplum,
842 2564 1337 2637 brevissimamque
1356 2567 1638 2623 notionem
1664 2567 1731 2622 ad
1761 2567 2057 2624 dilucidio-

426 2658 429 2665 “
477 2673 594 2716 rem
622 2659 873 2716 notitiam
902 2660 1021 2733 ejus
1060 2660 1207 2729 quod
1233 2660 1474 2716 diximus
1505 2660 1919 2731 subjungemus.
1958 2663 2057 2717 Est

476 2750 674 2808 animm
726 2752 1083 2813 conscientia,
1110 2751 1224 2807 sive
1250 2752 1337 2808 lex
1377 2753 1650 2824 quaedam,
1684 2768 1811 2807 cum
1843 2754 2058 2824 legibus

476 2842 873 2915 praeceptisque
928 2840 1132 2898 divinis
1162 2843 1504 2913 conspirans,
1554 2840 1888 2910 optimorum
1922 2859 2055 2913 ope-

479 2950 605 2993 ram
636 2936 981 3006 cooperalrix
1010 2941 1066 2990 et
1108 2934 1465 3000 administra;
1511 2940 1567 2987 et
1624 2933 1729 2987 ista
1769 2936 2058 2990 conscien-

481 3032 557 3088 tia
591 3036 678 3085 est
722 3029 810 3083 lex
855 3028 1105 3099 Spiritus.
1159 3025 1362 3083 Contra
1418 3027 1508 3082 lex
1543 3027 1776 3095 peccati,
1808 3011 1925 3083 siie
1975 3028 2060 3083 lex

480 3119 667 3181 carnis
703 3120 1001 3186 seductrix,
1031 3133 1100 3174 ex
1129 3116 1490 3190 impressione
1543 3115 1854 3173 daemonum
1885 3118 2060 3174 inhae-

483 3231 616 3274 rens
674 3212 935 3269 membris
978 3211 1210 3279 nostris,
1259 3220 1316 3268 et
1337 3219 1398 3267 ut
1441 3207 1581 3281 ignis
1622 3206 1984 3275 inﬂammans,
2009 3217 2065 3265 et

483 3305 838 3367 aestuandum
889 3304 1255 3378 cupiditatum
1328 3300 1674 3361 dulcitudine
1727 3299 2064 3368 demulcens,

486 3399 721 3473 paribus
752 3397 919 3453 armis
963 3397 1068 3469 legi
1100 3396 1452 3454 conscientiae
1496 3394 1843 3459 adversatur,
1879 3393 2069 3449 volen-

492 3503 716 3559 temque
772 3503 967 3559 parere
1016 3487 1227 3557 legibus
1277 3485 1510 3550 domini,
1546 3482 1786 3549 lacessit,
1834 3482 2071 3553 indeque

412 3646 417 3649 ἦ
494 3580 753 3651 Spiritum
808 3592 1124 3647 quanquam
1188 3576 1396 3647 peccati
1454 3572 1884 3630 fraudulentiam
1928 3573 2073 3629 indi-

498 3677 779 3741 gnantem,
815 3668 968 3723 velut
996 3667 1273 3737 captivum
1306 3666 1553 3722 abducit.
1584 3664 1656 3722 Ut
1695 3666 2074 3724 inimicissima

500 3769 686 3814 autem
756 3757 1138 3817 blandimento
1181 3758 1481 3828 voluptatis
1529 3765 1751 3828 pugnat,
1780 3768 1944 3830 atque
2000 3759 2076 3814 ita

502 3846 734 3920 peccati,
766 3846 912 3919 quod
947 3847 1143 3903 servile
1170 3856 1276 3914 est,
1307 3862 1525 3904 servum
1549 3846 1698 3901 facit.
1723 3846 1830 3903 Sed
1856 3847 2078 3903 divinus

505 3941 819 3998 l’aracletus
874 3939 1141 3995 miserans
1191 3940 1297 3997 hoc
1343 3940 1775 4005 incommodum,
1815 3939 2079 3995 adversus

505 4032 751 4107 spuriam
801 4041 858 4089 et
906 4031 1154 4087 fallacem
1177 4033 1358 4089 carnis
1401 4034 1572 4107 legem
1625 4033 1794 4088 robur
1842 4032 2081 4102 desuper

510 4124 884 4199 praestantiori
922 4123 1028 4196 legi
1062 4124 1470 4182 subministrat.
1504 4126 1621 4183 Lex
1661 4132 1844 4180 autem
1901 4121 2083 4179 carnis

508 4227 595 4273 est
633 4217 926 4287 cupiditas,
956 4216 1294 4273 irrationalis
1324 4216 1518 4273 anima:
1546 4232 1694 4288 pars.

580 4336 777 4387 Amm.
809 4332 877 4387 Et
899 4332 1195 4404 quomodo,
1228 4343 1286 4389 et
1316 4332 1536 4404 quando
1570 4332 1747 4402 gratia
1779 4330 1938 4388 nobis
1959 4330 2084 4402 opi-

515 4425 762 4481 tulatur?

588 4536 755 4594 Cano.
811 4536 950 4594 Cum
994 4536 1120 4608 quis
1160 4549 1412 4597 amorem
1471 4543 1528 4591 et
1577 4536 1830 4593 timorem
1871 4524 2090 4592 Domini

515 4629 836 4701 acquisierit
898 4637 956 4685 et
1016 4636 1285 4701 perpetuo
1326 4629 1776 4697 novissimorum,
1820 4639 1886 4685 ut
1929 4638 2093 4699 supra

502 4720 853 4795 monuimus,
877 4736 1087 4776 memor
1110 4719 1299 4775 fuerit.
1327 4718 1466 4775 Cum
1491 4735 1580 4775 res
1601 4718 1861 4777 adversas
1892 4720 2098 4790 gratias

518 4828 687 4883 agens
718 4812 1067 4879 toleraverit;
1085 4826 1211 4867 cum
1230 4826 1450 4882 semper
1471 4811 1731 4878 oraverit,
1757 4820 1813 4869 et
1828 4811 2096 4869 divinitus

520 4902 820 4974 inspiratas
872 4903 1186 4976 Scripturas
1238 4902 1464 4960 assiduo
1540 4920 1730 4962 secum
1787 4914 2093 4977 pertractao

520 4997 683 5055 verit.

1673 275 2024 335 PHILIPPI
2067 273 2456 337 SOLITARII

453 385 726 458 inspicit:
783 381 1200 450 arbitriumque,
1244 386 1310 434 ut-
1353 379 1522 451 judex
1574 390 1631 436 et
1685 381 2024 451 disceptator
2055 389 2102 443 Α

3578 260 3744 333 ,δδσ

2701 371 2926 429 CAPUT
3005 370 3145 427 XVI.

2129 495 2313 549 Prima
2341 494 2487 562 origo
2511 488 2633 543 belli
2690 487 2830 562 inter
2879 500 3068 562 corpus
3095 492 3146 562 et
3187 484 3470 562 animam.
3506 482 3728 537 Diaboli

2198 552 2608 634 appugmitiones
2634 558 2781 611 nobis
2805 555 3038 634 accidere
3049 552 3341 634 salutares.
3364 554 3729 634 Animam»-

2204 621 2531 686 r'u'm'ea'tra
2583 643 2771 697 corpus
2825 624 3145 697 recordetur.
3202 621 3475 697 Quomodo
3523 621 3728 697 absque

2200 716 2416 769 corpore
2448 698 2615 751 Deum
2652 692 3001 769 laudet._Quo
3038 702 3190 762 pacto
3230 692 3530 769 aﬂiciantur
3560 694 3732 769 spiri-

2199 763 2457 831 tus'beati,
2483 769 2626 821 exuli
2670 764 2998 832 corporibus.
3027 772 3074 815 et
3119 777 3303 814 sensus
3340 765 3451 815 sine
3483 763 3742 816 sensibus

2201 842 2445 895 habeant.
2488 838 2563 890 De
2594 831 2914 889 incremento
2935 831 3201 902 felicitatis
3228 833 3537 886 animarum
3558 832 3618 885 in
3635 847 3732 885 se-

2203 910 2371 963 cundo
2397 907 2592 963 Christi
2616 907 2869 959 adventu.

2202 1043 2465 1099 Anm.A
2518 1039 2793 1111 principio
2849 1052 3052 1107 corpus
3089 1045 3148 1092 et
3173 1036 3355 1091 anima
3401 1037 3454 1091 in
3505 1052 3732 1092 summa

2137 1134 2536 1204 tranquillitate
2564 1131 2846 1194 vivebant,
2864 1128 3341 1197 conveniebatque
3365 1128 3473 1182 illis
3499 1137 3734 1183 natura-

2133 1227 2279 1290 liter,
2301 1232 2356 1280 et
2378 1223 2594 1295 vigebat
2623 1223 2770 1277 inter
2802 1238 2867 1277 ea
2918 1222 3069 1276 nulla
3124 1219 3432 1274 otl‘ensione
3482 1219 3737 1273 intente—-

2133 1319 2298 1373 dente
2349 1317 2667 1372 concordia.
2694 1315 2854 1371 Unde
2904 1329 3059 1385 ergo,
3093 1322 3150 1367 et
3182 1312 3406 1382 quinam
3454 1312 3509 1365 in
3546 1319 3742 1367 tantas

2134 1410 2517 1465 dimicationes
2543 1407 2906 1462 inciderunt?
2936 1414 2991 1461 et
3027 1419 3151 1475 quae
3196 1404 3463 1473 utrinque
3514 1419 3742 1475 pugna-

2136 1516 2259 1556 rum
2286 1500 2516 1553 istarum
2552 1495 2777 1551 causa?

2205 1611 2370 1667 Cano.
2400 1611 2481 1664 Ex
2510 1623 2622 1678 quo
2652 1604 3017 1677 transgressio
3040 1604 3330 1658 hominum
3378 1603 3567 1674 generi
3602 1617 3739 1657 eve-

2075 1727 2113 1780 Β
2140 1704 2246 1768 nit,
2284 1719 2351 1759 ex
2383 1718 2515 1772 quo,
2558 1702 2809 1770 inquam,
2869 1697 3114 1753 Adamus
3161 1698 3350 1766 lapsus
3376 1705 3483 1755 est.
3516 1695 3735 1749 bellum

2150 1792 2295 1847 inter
2340 1791 2457 1846 haec
2502 1790 2737 1861 geritur,
2762 1797 2819 1843 et
2838 1803 2907 1843 ex
2942 1803 3029 1853 eo,
3068 1787 3305 1856 abrupto
3335 1785 3546 1841 foedere
3586 1785 3751 1838 intra

2151 1899 2271 1944 nos,
2298 1884 2498 1937 misere
2522 1889 2579 1938 et
2602 1897 2633 1936 a
2661 1881 2777 1936 Deo
2805 1888 2861 1935 et
2883 1879 2952 1933 ab
2980 1877 3150 1933 Edem
3174 1876 3517 1941 exturbatos,
3544 1885 3755 1929 natum-

2147 1985 2252 2041 est,
2285 1976 2353 2030 de
2381 1990 2491 2044 quo
2521 1974 2655 2028 satis
2697 1971 2872 2026 multa
2904 1971 2959 2025 in
2995 1967 3436 2039 praecedentibus
3464 1967 3747 2020 disserui-

2151 2082 2295 2122 mus.
2332 2067 2518 2121 Bestat
2548 2064 2777 2134 proinde
2802 2061 3083 2120 diabolus.
3115 2060 3185 2115 de
3215 2073 3326 2128 quo
3348 2058 3515 2113 etiam
3548 2057 3745 2112 dicen-

2150 2155 2301 2218 dum,
2334 2152 2610 2223 quomodo
2661 2151 2884 2205 tandem
2924 2150 3100 2204 hostis
3146 2146 3465 2202 hominibus
3512 2146 3747 2201 relictus

2150 2253 2253 2308 est,
2291 2241 2557 2313 permissu
2591 2239 2894 2305 Creatoris,
2925 2254 3036 2308 quo
3059 2237 3272 2307 judicio
3308 2237 3423 2306 ipse
3465 2236 3639 2290 novit.
3670 2235 3742 2290 Et

2151 2331 2428 2401 quomodo
2458 2346 2567 2386 non
2597 2330 2826 2400 perierit
2871 2328 3120 2390 omnino,
3147 2342 3258 2395 quo
3312 2326 3451 2380 nihil
3504 2334 3595 2380 est
3622 2326 3748 2379 exi-

2155 2423 2369 2479 tiosius.
2399 2422 2507 2478 Sed
2537 2438 2657 2493 age,
2692 2422 2860 2491 hujus
2887 2435 3131 2485 causam,
3162 2434 3259 2474 seu
3292 2420 3563 2472 rationem
3590 2433 3746 2471 nunc

2153 2515 2360 2585 accipe.
2395 2514 2518 2571 Vita
2583 2514 2684 2568 ista
2739 2512 2976 2568 stadium
3030 2520 3087 2565 et
3140 2519 3417 2564 certamen
3469 2508 3747 2578 quoddam

2153 2615 2209 2661 et
2238 2608 2383 2662 lucta
2413 2617 2520 2661 est.
2550 2604 2609 2661 Si
2641 2605 2819 2659 hostis
2877 2602 3139 2666 defuerit,
3162 2617 3272 2671 quo
3318 2611 3477 2670 pacto
3525 2599 3755 2654 laudem

2155 2699 2560 2768 assequemur?
2586 2697 2642 2752 Si
2681 2705 2961 2752 certamen
3024 2693 3237 2748 nullum
3269 2693 3361 2757 sit,
3388 2707 3496 2761 qua
3529 2692 3748 2746 ratione

2158 2787 2269 2842 dux
2291 2788 2565 2858 quispiam
2591 2787 2706 2858 regi
2725 2787 2929 2842 charus
2955 2785 3173 2841 fortiter
3195 2799 3253 2838 se
3271 2783 3463 2854 geret?
3485 2781 3541 2837 Si
3565 2781 3755 2837 absint

2161 2883 2483 2945 certamina,
2506 2882 2785 2953 quomodo
2809 2881 3029 2951 praemia
3059 2879 3453 2944 certaminum,
3484 2889 3543 2933 et
3574 2879 3750 2932 bono-

2159 2989 2267 3037 res,
2300 2981 2357 3027 et
2379 2973 2632 3029 donabis
2658 2974 2754 3043 qui
2800 2973 3043 3043 legitime
3090 2971 3447 3034 certaverint,
3493 2970 3749 3025 tribuen-

2084 3061 2377 3124 Ctur‘iSi
2435 3064 2691 3120 scandala
2744 3080 2856 3119 non
2912 3064 3160 3127 veniant,
3217 3061 3498 3131 quomodo
3562 3063 3765 3116 firmus

2166 3155 2439 3228 quispiam
2469 3163 2526 3211 et
2586 3163 2849 3212 constans
2912 3154 3244 3224 apparebit?
3296 3153 3351 3209 Si
3391 3169 3556 3223 quem
3606 3153 3763 3207 nulla

2168 3248 2407 3304 incessat
2435 3247 2740 3312 tribulatio,
2768 3247 3048 3318 quomodo
3073 3245 3333 3317 gaudium
3362 3244 3761 3300 nanciscetur?

2171 3340 2229 3396 Si
2257 3339 2452 3412 frigida
2484 3340 2666 3395 hiems
2702 3353 2813 3394 non
2843 3338 3139 3409 praecedat,
3164 3337 3385 3408 quando
3415 3344 3577 3391 aestas
3595 3335 3759 3391 etfui-

2170 3430 2316 3503 gebit
2340 3431 2364 3485 ?
2401 3431 2591 3501 Itaque
2613 3436 2669 3485 et
2691 3429 2906 3485 daemon
2927 3428 2995 3483 ad
3024 3428 3229 3483 bellum
3254 3436 3448 3482 contra
3471 3442 3573 3481 nos
3599 3441 3757 3481 exar-

2171 3525 2380 3590 descat,
2416 3532 2478 3577 ut
2506 3522 2637 3578 dum
2674 3530 2907 3594 tyranno
2935 3520 3268 3585 resistimus,
3291 3518 3609 3574 adversario
3638 3533 3758 3589 per-

2175 3628 2338 3669 cusso
2372 3612 2667 3670 victoriam
2702 3613 3010 3669 referamus
3042 3613 3268 3684 (mirum
3307 3626 3432 3668 cum
3478 3611 3549 3664 sit
3580 3612 3763 3664 incor-

2174 3721 2379 3777 poreus
2437 3721 2564 3762 eum
2627 3705 2774 3760 vinci
2806 3705 2876 3760 ab
2913 3704 3256 3773 hominibus)
3302 3705 3669 3772 victoresque,
3703 3709 3765 3755 ut

2177 3797 2388 3855 strenui
2406 3797 2715 3861 bellatores,
2737 3795 3181 3867 honorentur,!et
3209 3794 3773 3862 ceronamjaccipiant

2179 3889 2708 3956 immarcessibilem,
2732 3904 3010 3959 quemque
3038 3888 3130 3944 ille
3171 3896 3300 3944 ante
3357 3904 3549 3944 casum
3602 3902 3765 3943 suum

2182 3979 2381 4042 tenuit,
2398 3987 2602 4036 statum
2620 3977 3108 4048 conditionemque
3128 3978 3527 4048 adipiscantur.
3547 3978 3591 4033 Ο
3606 3978 3760 4047 abys-

2182 4085 2303 4127 sum
2331 4068 2706 4141 benignitatis,
2755 4084 2789 4124 ο
2821 4069 3496 4138 αἰνίιίθδξηιίεετίοοινάίω,
3547 4069 3757 4128 odium,

2186 4163 2428 4221 studium
2449 4160 2737 4233 perdendi,
2776 4162 3072 4232 petitiones
3104 4162 3419 4217 seductoris
3452 4162 3518 4215 ad
3559 4161 3763 4215 utilita-

2187 4265 2298 4311 tem
2328 4263 2384 4311 et
2400 4254 2625 4325 gloriam
2639 4267 2865 4308 suorum
2891 4252 3192 4307 amicorum
3216 4252 3507 4316 convertit,
3526 4252 3619 4322 qui
3646 4267 3764 4305 om-

2194 4347 2359 4404 niain
2392 4346 2590 4401 melius
2622 4347 2833 4400 mutati
2869 4344 2934 4399 Et
2962 4344 3017 4399 lit
3049 4344 3308 4415 quiddam
3348 4345 3475 4408 tale,
3511 4343 3672 4414 quale
3719 4341 3771 4397 si

2120 4413 2167 4471 θ
2193 4440 2442 4497 medicus
2493 4438 2766 4510 quispiam
2830 4436 3032 4507 viperis
3067 4413 3182 4491 aut
3254 4435 3378 4491 aliis
3439 4413 3769 4504 quibusdam

2195 4534 2355 4589 tetris
2372 4542 2427 4589 et
2450 4530 2780 4588 nocentibus
2801 4527 3006 4598 alioqui
3043 4526 3460 4582 medicamentis
3506 4524 3577 4580 ad
3601 4539 3772 4595 aegro-

2190 4611 2370 4683 torum
2401 4623 2740 4681 curationem
2769 4628 3018 4675 uteretur
3042 4635 3058 4685 ;
3081 4616 3544 4689 quemadmodum
3572 4624 3630 4669 et
3661 4614 3772 4667 fra-

2190 4728 2407 4775 ternum
2444 4715 2633 4772 odium
2658 4710 2898 4782 Josepho
2920 4708 3215 4765 utilitatem
3246 4707 3539 4763 maximam
3568 4720 3770 4776 appor-

2193 4807 2347 4873 tavit,
2376 4814 2436 4861 et
2482 4802 2779 4874 singularis
2827 4800 3113 4872 cujusdam
3167 4795 3491 4855 teconomia:
3544 4793 3777 4850 materia

2191 4904 2313 4970 fuit,
2343 4920 2451 4975 qua
2472 4902 2624 4969 Deus
2644 4897 2809 4955 etiam
2858 4895 3018 4952 vendi
3061 4895 3310 4966 permisit
3339 4895 3600 4966 juvenem
3651 4890 3772 4962 pul-

2191 4995 2549 5059 cherrimum,
2582 5001 2644 5048 ut
2658 5006 2786 5048 eum
2814 4989 3028 5063 Egypti
3057 4988 3363 5060 principem
3390 4985 3773 5048 constitueret.

1980 5252 1983 5257 ν
2016 5178 2291 5242 Scholia.

535 5393 674 5440 rum,
703 5394 721 5429 ι
752 5374 852 5441 Qui
876 5381 1052 5427 autem
1099 5373 1157 5428 in
1188 5388 1347 5428 carne
1385 5381 1529 5435 sunt,
1580 5369 1686 5425 Deo
1744 5368 1952 5441 placere
1988 5384 2094 5423 non

534 5454 747 5518 possunt
773 5439 941 5518 (Ibid.
966 5444 1044 5518 8).
1072 5463 1091 5497 ι
1123 5442 1520 5518 Namipseille,
1555 5443 1645 5511 qui
1666 5442 1780 5518 .hmc
1816 5439 1977 5518 dicit,
1999 5455 2099 5492 an-

536 5510 641 5572 non
675 5510 889 5571 carnem
924 5514 1143 5571 indutus
1172 5510 1338 5568 erat?
1365 5511 1483 5567 Non
1510 5510 1633 5583 ergo
1657 5512 1764 5566 [uec
1782 5510 1880 5564 sibi
1905 5510 2098 5583 adver-

536 5589 650 5642 sari
672 5587 782 5650 ait;
811 5586 904 5641 sed
954 5584 1407 5657 deimprobarym
1436 5581 1797 5657 bonarumque
1826 5581 2097 5657 cogitatio-

539 5675 667 5714 num
704 5657 992 5712 certamine
1022 5649 1272 5727 loquitur.
1300 5653 1507 5709 Etenim
1536 5650 1665 5707 velle
1688 5649 1734 5706 et
1761 5649 1921 5719 nolle,
1946 5665 2101 5719 penes

2200 5365 2436 5419 animam
2465 5370 2608 5417 sunt.
2660 5361 2829 5433 Atque
2874 5362 3067 5433 idcirco
3102 5356 3256 5433 (ιε-ιλ]
3290 5354 3412 5433 Περ
3456 5363 3652 5433 autem_
3681 5352 3777 5408 sibi

2201 5437 2422 5489 invicem
2460 5425 2812 5487 adversantur
2837 5429 3043 5501 (Galat.
3066 5445 3120 5492 ν,
3143 5428 3256 5501 l7).
3292 5445 3312 5476 ι
3344 5425 3419 5480 Et
3462 5434 3523 5479 ut
3560 5426 3770 5501 animm,

2209 5507 2265 5559 in
2290 5506 2467 5575 pravis
2499 5497 2872 5571 cupiditatibus
2907 5502 3013 5554 suis
3037 5497 3314 5575 procedere
3342 5512 3406 5575 ne
3430 5497 3770 5575 permitteret,

2204 5564 2462 5645 tanquam
2517 5564 2833 5645 piedagogus
2867 5580 2915 5625 et
2945 5564 3194 5641 magister
3235 5570 3291 5624 in
3329 5564 3472 5622 aiant
3511 5564 3773 5621 meliorem

2208 5662 2299 5700 nos
2315 5641 2542 5708 'duceus,
2569 5641 2682 5698 ha'c’
2696 5641 2997 5713 prolocutus
3027 5649 3122 5695 (δι.
