4102 6200
404 323 520 389 -861
1862 326 2024 387 DIOI

2064 326 2195 387 ΓΒΑ
2209 374 2224 388 .
3577 329 3684 396 862

421 431 687 492 Similiter
714 440 771 487 et
805 428 1062 487 Satanam
1102 433 1423 489 certaminis
1452 433 1626 490 nostri
1662 449 1864 504 prreses
1898 452 1999 491 nos
2029 441 2072 495 Α
2105 436 2221 490 sola
2270 434 2435 506 longe
2470 434 2705 506 plurima
2753 444 2811 491 et
2840 436 2982 492 bona
3016 445 3071 493 et
3111 438 3251 494 mala
3305 451 3586 511 operatur,
3629 452 3687 499 et

423 537 741 596 oppugnare
791 538 900 577 non
934 530 1103 586 vetat,
1138 532 1199 576 ut
1260 532 1462 593 tropaea
1495 524 1564 579 de
1600 525 1840 578 inimicis
1893 536 2005 581 sta-
2113 527 2305 593 Deum,
2356 527 2401 580 si
2438 527 2601 581 modo
2637 544 2775 597 pura
2830 529 2922 595 sit,
2966 537 3024 584 et
3087 530 3131 584 si
3168 531 3426 597 voluerit,
3458 533 3689 587 vocibus

425 617 711 673 tuentibus
734 631 966 671 coronas
989 616 1175 686 gloria:
1207 626 1412 672 nectat.
1457 616 1673 683 Quanto
1700 617 2003 672 difficiliora
2109 618 2294 674 cordis
2343 620 2660 674 intrinsecis
2692 621 2953 687 celebrat,
3001 637 3105 677 nec
3137 623 3395 678 alicunde
3422 624 3688 694 prohibe-

430 710 758 773 certamina,
783 718 934 763 tanto
958 709 1255 764 illustriora
1304 710 1546 774 decora;
1585 724 1695 778 quo
1728 708 2007 778 graviores
2109 721 2219 773 tur,
2264 712 2622 781 quantumvis
2675 712 2856 766 anima
2911 714 3094 769 adhuc
3143 716 3361 784 corpori
3402 716 3683 786 colligata.

424 798 771 861 amictiones,
809 813 876 852 eo
914 798 1318 867 splendidiores
1352 814 1594 853 coronae.
1641 798 2005 866 Proportioue
2111 806 2146 856 A
2187 820 2297 873 quo
2342 813 2616 873 exempta,
2654 803 2708 857 id
2749 805 2922 874 magis
2951 807 3115 860 etiam
3173 807 3454 877 magisque
3510 806 3683 863 facit:

425 890 570 947 enim
608 906 821 945 merces
852 891 1024 946 labori
1048 891 1421 961 persolvitur;
1457 889 1509 943 id
1533 890 1678 960 quod
1723 891 1833 960 iam
1879 898 2005 942 ante
2107 895 2327 966 quando
2355 896 2465 949 Deo
2506 910 2768 964 praesens,
2803 897 3021 951 sublato
3064 899 3173 963 iam
3214 900 3440 968 speculo
3477 899 3681 955 clarius

428 981 720 1050 perspicue
748 980 1059 1035 docuimus.
1102 981 1207 1035 Sed
1243 983 1469 1051 pelagus
1488 980 1792 1037 clementia:
1820 991 1875 1034 et
1904 979 2004 1032 bo-
2110 987 2289 1056 ipsum
2316 987 2771 1057 manifestinsque
2803 990 3231 1059 contemplatur,
3264 998 3320 1044 et
3364 1006 3466 1060 pro
3486 992 3683 1048 amicis

425 1074 618 1128 uitatis
648 1074 947 1144 perpende.
968 1073 1212 1129 Labores
1235 1090 1299 1129 ac
1330 1074 1719 1129 tribulationes
1746 1088 1849 1126 una
1879 1087 2002 1126 cutn
2107 1078 2226 1132 sine
2265 1092 2399 1131 voce
2445 1086 2726 1147 precatur,
2782 1089 2843 1133 ut
2885 1095 3007 1149 quae
3047 1096 3076 1134 a
3124 1080 3417 1151 semetipsa
3466 1096 3686 1151 semper

426 1163 529 1219 hac
556 1165 667 1218 vita
696 1163 862 1227 finiri,
889 1164 1209 1235 absolvique
1237 1166 1376 1227 vult,
1400 1180 1523 1234 qua:
1543 1163 1788 1233 angustis
1824 1161 2007 1217 termi-
2108 1178 2395 1223 moveatur
2432 1178 2486 1224 et
2527 1169 2806 1224 incitetur.
2860 1170 3076 1225 Laudes
3106 1172 3251 1225 enim
3274 1171 3491 1226 divinas
3527 1171 3684 1226 inde-

429 1255 519 1309 nis
568 1254 1067 1318 circumscribitur.
1093 1264 1149 1310 et
1192 1255 1248 1309 in
1286 1271 1392 1325 qua
1434 1270 1555 1309 cum
1592 1262 1855 1324 perpetua
1898 1254 2007 1308 sint
2108 1259 2249 1314 fesse
2282 1276 2407 1314 cum
2456 1261 2668 1330 angelis
2695 1261 2978 1316 celebrare
3014 1278 3127 1316 non
3179 1262 3528 1325 dormientis,
3584 1260 3681 1316 sed

430 1361 553 1414 quze
585 1345 846 1416 afﬂigunt,
877 1360 1152 1416 perpauca
1183 1356 1314 1400 sunt
1340 1361 1461 1417 quae
1484 1346 1699 1401 animos
1724 1354 2002 1399 recreant.
2106 1352 2382 1422 vigilantis
2401 1360 2505 1407 est.
2533 1351 2689 1418 Quod
2712 1368 2832 1407 eam
2857 1363 3112 1422 prmstare
3136 1354 3237 1409 SS.
3258 1355 3481 1409 Patrum
3506 1361 3687 1410 coetus

433 1437 568 1503 Quia
598 1436 858 1490 nimirum
899 1436 1168 1507 quidquid
1213 1449 1299 1492 est
1328 1438 1494 1509 hujus
1525 1438 1762 1509 generis,
1822 1436 2005 1490 futuro
2106 1443 2285 1496 docet.
2324 1442 2558 1513 Lingua,
2590 1451 2646 1497 et
2675 1457 2927 1499 sermone
2950 1445 3082 1499 huic
3107 1446 3251 1509 vitae,
3282 1455 3339 1501 et
3365 1445 3686 1500 hominibus

431 1529 633 1584 sazculo
667 1538 935 1593 reservat,
966 1546 1068 1601 per
1124 1532 1286 1601 cujus
1337 1531 1515 1601 Spatia
1568 1530 1721 1585 nullo
1765 1542 2005 1598 unquam
2108 1530 2197 1585 hic
2234 1531 2549 1585 viventibus
2584 1532 2858 1599 imprimis
2889 1549 3029 1602 opus
3050 1541 3153 1597 est,
3195 1534 3341 1603 quod
3375 1533 3679 1603 quidquam

433 1620 539 1674 fine
565 1620 868 1676 claudenda
894 1620 1130 1676 felicitas
1155 1623 1506 1678 extendetur.
2106 1621 2192 1674 vel
2219 1620 2438 1683 audire,
2471 1620 2556 1674 vel
2621 1613 2846 1683 etl‘errc,
2880 1622 2967 1675 vel
3039 1636 3199 1675 sensa
3245 1620 3481 1675 aliorum
3529 1633 3683 1687 quae-

499 1715 697 1767 Anma.
728 1713 841 1781 Ego
864 1727 1030 1782 porro
1062 1712 1195 1767 illud
1222 1714 1387 1768 etiam
1411 1724 1575 1786 atque
1614 1716 1803 1775 etiam.
1834 1718 2003 1775 vehe-
2031 1762 2080 1821 Β
2109 1714 2342 1779 stiones,
2372 1713 2575 1782 placita
2617 1715 2721 1768 nisi
2760 1729 2863 1783 per
2894 1728 3203 1768 sermonem
3259 1727 3352 1767 ore
3384 1721 3440 1767 et
3493 1711 3684 1780 lingua

429 1812 755 1873 menterque
808 1803 1076 1868 admiror,
1130 1804 1410 1874 quomodo
1456 1806 1641 1862 anima
1695 1808 2003 1863 divinarum
2031 1803 2079 1821 ”
2108 1808 2405 1877 prolatum,
2430 1815 2486 1862 et
2503 1807 2740 1877 cogitata
2769 1822 3065 1876 peraerem
3087 1806 3328 1861 medium
3347 1805 3683 1860 indicantem

430 1894 700 1948 mentium
730 1894 945 1955 similis,
978 1893 1221 1949 hostium
1245 1895 1606 1966 intelligentia
1627 1898 2003 1967 prwditorum,
2109 1898 2415 1968 intelligere
2467 1904 2775 1967 nequeunt.
2829 1897 2943 1952 Nec
2991 1905 3170 1967 potest
3221 1898 3403 1951 anima
3435 1896 3681 1965 quandin

430 1987 964 2058 atqueideonatura
1007 1986 1224 2056 parium
1273 1987 1511 2042 insultus
1556 1988 1862 2058 praevidere
1914 2006 2006 2046 ne-
2107 1989 2162 2045 in
2192 1989 2546 2045 tabernaculo
2602 2004 2703 2044 suo
2734 1987 2968 2053 habitat,
3020 1987 3139 2042 sine
3186 1986 3574 2043 instrumentis
3626 1994 3686 2043 et

430 2089 615 2150 queat.
653 2078 759 2133 Sed
796 2078 850 2132 in
876 2092 1039 2133 causa
1080 2088 1164 2132 est
1190 2077 1377 2133 carnis
1408 2079 1709 2143 crassities,
1740 2096 1860 2150 quae
1887 2096 2010 2150 pro-
2106 2096 2239 2136 voce
2293 2080 2622 2136 sententiam
2676 2094 2833 2133 suam
2881 2076 3190 2140 enuntiare,
3224 2085 3280 2131 et
3339 2092 3504 2146 agere
3560 2088 3697 2145 qua,

431 2171 603 2225 hibet.
634 2170 820 2239 Itaque
854 2169 944 2226 ubi
976 2183 1207 2239 corpore
1230 2169 1410 2223 soluta
1458 2168 1644 2234 fuerit,
1682 2178 1798 2225 tum
1851 2172 2008 2226 deni—
2107 2172 2245 2235 vult,
2285 2181 2343 2227 et
2389 2171 2472 2242 agi
2502 2177 2587 2226 est
2612 2185 2788 2240 opus;
2840 2182 2942 2222 nec
2973 2174 3124 2222 motu
3160 2174 3391 2223 externo
3419 2166 3487 2221 ad
3516 2181 3687 2236 opera

431 2275 539 2330 que
580 2259 923 2329 prtevidebit.

2107 2265 2340 2327 moveri,
2374 2280 2473 2336 per
2513 2279 2635 2333 qua:
2667 2262 2849 2333 qualis
2882 2261 2959 2316 sit
3004 2269 3356 2331 agnoscatur.
3393 2259 3549 2314 Tunc
3580 2259 3680 2314 ab-

501 2349 668 2406 Cano.
700 2350 1078 2421 Significatum
1103 2362 1190 2408 est
1211 2351 1657 2423 praecedentibus
1683 2351 2011 2424 disputatio—
2102 2358 2245 2429 jecm
2275 2358 2460 2411 carnis
2486 2356 2653 2420 mole,
2702 2370 2828 2410 cum
2861 2354 2930 2409 ad
2964 2352 3230 2408 mundum
3261 2350 3670 2421 supramunda—

433 2440 614 2505 nibus,
651 2450 765 2496 tres
824 2440 879 2495 in
926 2442 1159 2498 cerebro
1208 2442 1498 2498 facultates
1530 2443 1733 2508 inesse,
1776 2444 2007 2500 remini-
2107 2465 2240 2504 num
2294 2448 2632 2519 pervenerit,
2670 2446 2739 2501 ad
2797 2446 3065 2501 mundum
3106 2444 3526 2514 intelligentcm,
3578 2443 3685 2497 im-

433 2544 698 2596 scentem,
750 2532 1161 2603 imaginanlem.
1221 2534 1554 2604 cogitantem
1605 2533 1875 2599 Videlicet.
1909 2550 2010 2605 per
2108 2542 2421 2605 mortalem,
2449 2539 2629 2595 omnis
2661 2538 2907 2593 materia:
2924 2545 3205 2607 expertem
3233 2549 3297 2591 ac
3330 2534 3599 2598 divinum,
3624 2539 3686 2588 ut

433 2638 568 2692 quas
594 2623 864 2686 meminit.
918 2625 1121 2695 cogitat
1149 2633 1205 2681 ct
1246 2624 1415 2681 Videt.
1452 2624 1557 2680 Sed
1598 2625 1646 2680 Si
1677 2624 1817 2680 iorlc
1846 2624 2010 2680 laeda-
2108 2631 2336 2686 materia
2376 2644 2600 2690 vacans,
2653 2636 2714 2681 ut
2759 2625 2979 2680 ratione
3032 2633 3216 2687 utens,
3265 2630 3320 2677 et
3363 2619 3687 2678 substantiae

434 2725 524 2768 tur
542 2714 727 2783 aliquo
745 2714 908 2769 modo
928 2716 1011 2770 vis
1042 2716 1281 2780 cerebri,
1308 2717 1419 2771 ictu
1444 2716 1535 2772 teli
1557 2725 1651 2771 aut
1676 2715 1841 2787 gladii
1866 2731 2011 2772 more
2107 2722 2256 2779 socia
2279 2736 2390 2775 non
2417 2728 2543 2791 eget
2568 2719 2767 2772 horum
2811 2718 2996 2786 aliquo
3023 2728 3365 2785 quaecunque
3393 2718 3685 2782 corporata

436 2805 614 2867 tifero,
641 2805 754 2861 haec
787 2805 890 2860 tria
918 2821 947 2859 a
969 2821 1054 2861 me
1080 2806 1229 2862 dicta
1264 2807 1427 2861 simul
1457 2806 1701 2872 amittit;
1731 2806 1905 2861 otiosa
1925 2813 2010 2862 est
2107 2825 2272 2870 sunt:
2311 2826 2424 2867 non
2453 2810 2687 2867 cerebro
2716 2807 2788 2863 ad
2837 2807 3183 2871 memoriam,
3226 2820 3336 2860 non
3385 2801 3572 2865 corde.
3624 2808 3686 2857 et

432 2899 582 2955 enim
619 2900 905 2963 memoria,
940 2908 997 2954 et
1028 2899 1316 2969 phantasia
1353 2910 1488 2965 tota,
1541 2900 1717 2955 otiosa
1750 2902 1878 2954 item
1912 2911 2009 2955 co-
2107 2903 2436 2969 visceribus.
2475 2898 2919 2957 Prtestantiorem
2972 2911 3104 2952 vero
3138 2902 3423 2966 aspectum
3477 2907 3679 2949 conse-

432 2986 645 3061 gitatio,
668 2987 986 3058 prudentia,
1010 2989 1271 3059 cognitio,
1308 2989 1475 3055 actio,
1508 2989 1703 3053 motio,
1734 2997 1789 3044 et
1812 3005 2009 3059 opera-

2107 3000 2296 3071 quitur
2327 3012 2486 3053 mens
2533 2997 2675 3067 (qua:
2732 3010 2857 3051 cum
2920 2993 3105 3048 anima
3159 3000 3287 3047 nata
3340 2997 3398 3045 et
3453 3003 3578 3044 eum
3621 3002 3684 3043 ea

434 3080 532 3136 tio.
578 3079 718 3135 Num
770 3079 938 3150 igitur
979 3080 1229 3136 dicemus
1282 3081 1547 3147 animam,
1583 3097 1709 3136 cum
1750 3082 2054 3171 expedita¢

2063 3117 2075 3169 ς
2109 3110 2281 3150 unum
2311 3103 2367 3149 et
2388 3092 2638 3148 divinum
2667 3089 2774 3162 est)
2806 3088 3083 3147 sermonis
3111 3094 3297 3142 autem
3322 3084 3529 3140 vocalis
3553 3092 3683 3139 tunc

435 3185 670 3239 corpore
700 3169 767 3224 ad
794 3170 1098 3234 Christum,
1142 3171 1403 3227 Ecclesia:
1437 3178 1625 3242 caput,
1654 3182 1716 3226 ut
1739 3173 2004 3242 scriptum
2046 3169 2056 3171 ⁷
2108 3188 2295 3243 “unus
2325 3187 2435 3242 ει-ῑι
2462 3187 2646 3242 υευεο,

435 3269 519 3319 est
554 3261 620 3325 ‘°,
669 3261 966 3318 excesserit
1028 3261 1189 3317 talem
1254 3264 1643 3319 excessuram?
1707 3263 2007 3319 Recordari
2178 3277 2605 3341 Αειίηιει-ίοτίε,
2634 3274 2814 3344 quiin
2873 3273 3072 3328 affectu
3122 3282 3181 3326 et
3228 3277 3379 3325 motu
3434 3266 3688 3323 rationali

439 3363 554 3409 mm
586 3355 791 3424 Ροίεΐίῑ
816 3364 1073 3409 “Momm
1119 3366 1176 3411 εἰ
1204 3366 1584 3425 cognitioni").
1611 3366 1669 3410 ει
1701 3357 2007 3411 aulicorum
2109 3376 2217 3432 est,
2254 3377 2316 3423 ut
2346 3376 2560 3438 partus,
2588 3373 2644 3421 et
2669 3364 2845 3429 notio,
2885 3372 2942 3418 et
2960 3362 3243 3417 munimen
3276 3358 3529 3419 rationis,
3567 3357 3687 3412 sive

437 3453 494 3501 et
523 3444 754 3503 fratrum
785 3459 1037 3511 suorum,
1076 3455 1132 3502 et
1155 3446 1482 3512 liberorum,
1511 3454 1567 3501 et
1599 3455 1915 3516 parentum,
1945 3461 2009 3500 ac
2109 3456 2307 3512 animm
2351 3463 2410 3511 ει
2444 3455 2645 3511 mentis
2692 3452 2865 3508 divini
2911 3460 3188 3522 aspectus,
3219 3450 3405 3518 hujus,
3440 3449 3686 3517 inquam,

438 3551 540 3606 pro
593 3536 659 3590 iis
703 3537 1031 3608 simpliciter
1087 3552 1246 3593 orare
1288 3536 1605 3602 Dominum,
1655 3538 1798 3593 sicut
1851 3537 2008 3592 tertia

2115 3565 2254 3605 usus
2280 3548 2411 3604 erit.
2441 3547 2563 3603 Non
2588 3554 2676 3603 est
2708 3552 2893 3602 autem
2924 3543 3071 3599 aliud
3106 3543 3176 3598 ab
3229 3540 3358 3602 alio.
3414 3538 3512 3613 sed
3543 3537 3688 3593 idem

441 3625 811 3695 diSputatione
839 3627 1308 3692 confirmavimus,
1343 3626 1509 3697 idque
1547 3642 1651 3683 nec
1694 3626 2008 3692 cerebrum,
2110 3648 2334 3706 natura,
2394 3637 2656 3708 ευρεηιίε
2692 3646 2752 3693 ει
2794 3651 2828 3691 a
2874 3633 2990 3692 Deo
3039 3632 3260 3688 donatis
3295 3627 3691 3699 splendoribus

443 3733 546 3773 "9°
568 3732 684 3778 οοτν
725 3733 828 3773 nec
858 3718 1008 3775 ³ηυά
1040 3718 1353 3775 membrum
1386 3719 1636 3790 corporis
1685 3718 1916 3784 habens,
1955 3719 2011 3774 in
2110 3732 2441 3793 excitatum,
2479 3729 2620 3785 citra
2651 3742 2867 3790 vocem,
2898 3733 2956 3782 et
2980 3738 3267 3793 sermones
3286 3722 3383 3794 qni
3435 3719 3691 3778 sentiun-

442 3808 644 3878 qaibus
673 3824 846 3875 mens,
873 3818 933 3864 ut
959 3813 1014 3865 in
1040 3812 1268 3867 sedibus
1284 3812 1402 3867 suis
1448 3825 1690 3875 manere,
1714 3817 1769 3864 et
1792 3810 2013 3881 requie—
2115 3831 2223 3878 ιυιι,
2256 3821 2450 3876 sermo
2495 3829 2683 3876 autem
2739 3819 2843 3874 iste
2872 3825 3061 3874 noster
3093 3831 3193 3886 per
3220 3812 3685 3874 enuntiationem.

440 3913 599 3955 εοθτθ
639 3900 916 3965 πεδίων,
953 3917 1056 3957 ἰθο
1109 3918 1378 3972 organum
1422 3902 1645 3972 ειίιιιιοά
1674 3901 1848 3965 νοείδν
1903 3916 2013 3956 ηοη
2112 3928 2219 3971 nec
2253 3912 2417 3969 aliter
2463 3910 2770 3982 profertur,
2810 3916 2872 3964 ut
2920 3924 2950 3964 a
2981 3904 3477 3963 circumstantibus
3506 3901 3693 3973 perci-

438 3990 703 4062 lingnam,
741 4008 852 4047 non
894 3993 1048 4047 labra
1079 3991 1341 4062 denique.
2114 4003 2319 4074 piatur.
2368 4001 2696 4071 Paradigma
2744 4014 2879 4055 vero
2954 3999 3108 4068 prius
3160 3996 3229 4051 de
3289 3995 3527 4058 cithara,
3578 4007 3691 4048 non

508 4083 701 4136 Asina.
758 4082 1017 4139 Exoritur
1082 4083 1218 4137 mihi
1289 4084 1603 4154 scrupulus.
1665 4082 1787 4151 Quo
1852 4092 2014 4154 pacto
2117 4115 2128 4152 ι

2117 4112 2518 4169 usquequaque
2551 4111 2678 4151 cum
2730 4093 2937 4157 anima,
2990 4107 3099 4160 qua
3153 4088 3423 4144 rationem
3474 4085 3690 4140 obtinet

441 4173 625 4228 dixisti
660 4184 809 4240 ante,
840 4176 1164 4233 memoriam
1199 4184 1333 4232 tunc
1362 4178 1666 4231 amicorum
1698 4176 1848 4231 nulla
1880 4175 2017 4231 obli-
2114 4190 2390 4259 εοηειιυῖι,
2418 4186 2614 4241 Anima
2642 4184 2789 4239 enim
2852 4183 3098 4252 sejuncta
3144 4186 3231 4234 est
3260 4193 3291 4233 a
3319 4176 3551 4231 materia
3582 4188 3692 4244 qua

440 4266 601 4332 vione
627 4266 862 4321 deletam
900 4267 989 4333 iri,
1018 4274 1074 4323 et
1108 4278 1290 4324 tamen
1330 4283 1451 4323 eam
1481 4267 1619 4322 citra
1649 4282 1852 4338 corpus
1875 4268 2011 4322 nihil
2115 4278 2329 4332 cithara
2352 4283 2594 4343 constat,
2626 4274 3024 4342 Incorporeum
3060 4284 3226 4340 porro
3266 4277 3324 4325 et
3362 4279 3691 4336 corporeum

440 4356 649 4426 P0559?
2117 4370 2263 4424 inter
2284 4383 2344 4424 se
2369 4366 2594 4421 diversa
2631 4372 2784 4425 sunt,
2818 4371 2877 4419 et
2901 4360 3132 4417 nimium
3165 4367 3429 4430 quantum
3457 4356 3692 4410 alterum

511 4446 674 4503 οληο·
708 4448 775 4503 Ei
803 4448 911 4504 hoc
955 4449 1208 4519 exemplo
1241 4448 1479 4518 quodam
1506 4447 1661 4505 breVi
1690 4447 2006 4504 ἀεθῖθτθδο·
2044 4451 2087 4506 Ι)
2116 4461 2184 4516 ab
2209 4459 2384 4514 altero
2426 4455 2616 4522 distat,
2644 4463 2701 4511 et
2728 4462 3026 4522 utrumque
3068 4448 3537 4519 comparationem
3569 4458 3697 4514 pro-

439 4537 618 4593 Etiam
653 4540 856 4608 psaltes
906 4538 1252 4597 citharmdus
1281 4548 1400 4595 arte
1450 4540 1661 4595 musica
1708 4549 2016 4609 temperare
2117 4550 2292 4621 priam
2323 4564 2388 4603 ex
2422 4546 2642 4609 eodem,
2677 4554 2733 4600 et
2775 4544 2841 4599 ad
2874 4541 3040 4602 idem,
3080 4537 3383 4594 secundum
3435 4541 3690 4621 naturam

440 4631 616 4686 melos
640 4630 779 4687 citra
807 4631 1238 4687 instrumentum
1263 4645 1373 4685 non
1422 4639 1624 4700 potest,
1661 4645 1764 4686 nec
1787 4630 2015 4697 tibicen,
2116 4620 2371 4699 έοι-ιίιυιο,
2427 4638 2565 4695 cum
2619 4652 2784 4692 sensu
2825 4633 2975 4689 enim
3024 4646 3240 4691 sensus,
3289 4637 3347 4682 et
3394 4620 3723 4695 intellectio,‘

442 4720 488 4776 si
525 4722 689 4776 tibias
721 4720 926 4777 fractas
966 4721 1245 4776 habuerit.
1275 4720 1490 4791 Corpus
1536 4736 1659 4776 esse
1698 4729 1829 4791 puta
1861 4737 2017 4793 orga-

2116 4748 2241 4788 cum
2277 4728 2674 4792 intellectione,
2707 4734 2768 4780 ut
2796 4724 2975 4781 simile
3006 4736 3131 4777 cum
3184 4716 3349 4772 simili
3401 4725 3692 4782 compara-

443 4828 598 4875 ’δίκην
634 4829 733 4868 se“
770 4814 1220 4879 ίηδιτυῐηθηίυῐη»
1246 4812 1516 4868 artiﬁcem
1548 4813 1721 4883 ipsam
1753 4811 2014 4867 animal“-
2120 4834 2229 4880 tur.
2259 4822 2338 4876 Ne
2370 4830 2531 4892 putes
2573 4826 2756 4874 autem
2802 4815 3037 4885 spiritus
3080 4808 3312 4883 perinde
3358 4806 3521 4869 allici,
3567 4818 3691 4876 cum

513 4906 707 4959 ANIMA.
742 4905 820 4961 Ne
869 4906 1172 4969 cuncteris,
1206 4919 1344 4960 neve
1390 4903 1576 4959 tardes
1608 4903 2015 4959 dubitationem
2122 4915 2133 4969 1

2122 4914 2260 4969 hinc
2289 4910 2580 4974 evolarint,
2628 4919 2691 4963 nt
2719 4908 2808 4962 hic
2830 4903 3230 4960 alliciebantur.
3265 4897 3388 4953 Alio
3435 4894 3599 4951 modo
3631 4906 3691 4948 se

443 4997 681 5053 solvere.
2117 5006 2287 5060 habet
2322 5003 2532 5073 utique.
2585 5001 2702 5055 lllic
2744 4998 2892 5054 cnim
2940 4994 3145 5050 divinis
3204 4989 3513 5062 fulgoribus
3569 4984 3696 5041 illu-

512 5090 678 5146 Cano.
737 5091 981 5162 Apparet
1040 5098 1094 5147 te
1145 5089 1302 5145 valde
1347 5087 1676 5144 obliviosam
1707 5096 1764 5144 et
1817 5089 2019 5144 imme-
2117 5102 2386 5157 strantur,
2412 5099 2469 5145 et
2504 5090 2720 5145 aPatre
2740 5086 3011 5141 luminum
3038 5080 3345 5138 luminibus
3389 5076 3693 5145 replentur,

445 5196 655 5237 morem
691 5198 813 5239 esse
851 5198 1049 5239 eorum
1101 5200 1225 5254 quae
1285 5184 1451 5239 tertia
1482 5182 1860 5253 disputatione
1900 5181 2019 5237 dis-
2129 5194 2297 5258 prout
2348 5186 2586 5255 quisque
2641 5180 2706 5235 ad
2738 5177 3030 5233 fruendum
3068 5175 3260 5259 lumen
3307 5177 3393 5225 est
3439 5167 3693 5222 idoneus.

442 5273 592 5331 serui
640 5283 696 5329 et
714 5274 1033 5331 memoravi.
1058 5275 1210 5333 Mens
1228 5276 1374 5332 enim
1399 5274 1649 5347 quamvis
1678 5273 2022 5346 penitissime
2122 5275 2280 5331 Sicut
2323 5273 2471 5329 enim
2526 5270 2672 5342 ignis
2713 5269 2920 5322 ferrum
2966 5270 3241 5336 penetrat,
3279 5268 3336 5317 et
3382 5270 3695 5328 quanquam

519 5391 566 5425 “
587 5389 790 5461 Ephes.
814 5406 854 5459 ι,
886 5393 979 5447 22.

1931 5484 2209 5548 Scholia.

515 5586 533 5608 ‘
554 5584 807 5640 Basilius.
841 5585 988 5640 Visus
1016 5585 1251 5653 corporis
1278 5593 1356 5639 est
1399 5585 1465 5640 ab
1498 5585 1675 5652 oculo,
1707 5588 1846 5641 visus
1902 5590 2021 5640 ani—
2128 5598 2177 5642 ει
2202 5590 2408 5642 anima.
2441 5584 2536 5639 Est
2553 5581 2815 5653 siquidem
2856 5575 3123 5633 naturalis
3177 5566 3697 5694 quietiamﬁfacullas

515 5670 546 5694 ν
565 5672 598 5694 n
630 5664 801 5694 manu
827 5656 925 5694 u'ln'
952 5655 1198 5694 ὄπηρηὸιιρ
1238 5653 1476 5694 “idalium
1499 5674 1510 5685 -
1556 5672 1659 5694 nnn
1705 5657 1782 5694 ειη
1815 5663 1989 5694 lnmpu
2126 5660 2297 5694 nnrh’u
2331 5657 2524 5694 animm
2548 5650 2854 5694 οιιιιὸιηυιιίςΔ
2880 5658 2927 5694 el
2957 5664 3061 5694 mm
3083 5644 3392 5694 adventum.
3475 5648 3492 5692 ι
3516 5636 3697 5691 οεηΙιιδ

443 5636 806 5725 magis
827 5636 1476 5725 .‘sii’sagésauaaa'a
1494 5636 1519 5720 ξ
1534 5636 1675 5709 Ἰέὸῖ
1705 5636 2011 5718 iiIi-anili},
2126 5636 2527 5725 auaritiae
2548 5636 2855 5711 rationata.
2880 5658 2927 5703 et
2951 5664 3061 5725 μου
3083 5636 3405 5725 advénzitia.
3428 5636 3501 5725 Ειγ
3516 5636 3699 5725 agnitus

443 5730 504 5777 ιι
540 5723 770 5779 alterum
806 5714 1032 5779 alterqu
1049 5733 1260 5779 natura:
1291 5725 1390 5779 sit:
1416 5714 1507 5779 sed
1564 5727 1704 5779 idem
1748 5734 1825 5780 est
1868 5714 2012 5781 mens
2124 5714 2538 5797 quidemanima:
2564 5735 2641 5780 est
2662 5738 2825 5789 mens,
2845 5718 3025 5776 oculus
3044 5726 3221 5771 autem
3241 5714 3433 5768 mentis
3450 5714 3696 5787 cognitio.
