4102 6200
483 349 591 415 £63

1711 345 2053 406 PHILIPI'I
2096 344 2488 405 SOLlTARll

3628 336 3729 404 864

485 461 743 525 densum,
776 468 957 515 tamen
1001 455 1159 511 facile
1187 461 1461 523 penetrat,
1511 458 1878 521 naturamque
1924 451 2057 507 ferri
2089 453 2135 509 Α
2163 451 2450 522 Spiritibus
2507 461 2563 505 et
2612 449 2901 505 animabus
2958 448 3189 519 concipe
3216 465 3228 502 ε
3260 412 3379 514 iras,
3423 462 3548 502 cum
3603 446 3728 505 hinc

487 551 735 622 ignitam,
766 558 821 605 et
855 548 1034 619 ignem
1067 545 1268 602 cﬂicit:
1295 544 1442 616 quod
1470 559 1594 599 cum
1619 543 2055 614 alioquinigrum

488 643 584 706 sit,
616 640 882 704 rubescit,
934 648 990 696 et
1025 639 1324 694 obscurum
1356 637 1546 708 fulget,
1578 644 1633 692 et
1662 636 1922 707 frigidum
1966 652 2060 692 ca-

487 733 643 787 lescit
685 740 743 786 et
799 730 1130 788 incenditur.
1161 738 1218 784 et
1269 729 1415 783 urit?
1449 726 1596 798 quod
1621 728 1766 797 tangi
1818 736 2054 797 poterat,

486 832 712 893 propter
740 832 1056 892 susceptum
1109 822 1288 891 ignem
1325 821 1398 874 sit
1439 819 1818 885 intractabile;
1869 818 1941 874 ita
1998 831 2056 874 tu

483 916 552 970 de
584 914 784 974 anima.
820 924 876 968 et
910 914 977 969 de
1015 915 1135 985 ejus
1165 913 1458 984 splendore
1481 912 1640 966 velim
1688 913 2050 977 ratiocineris,

485 1022 516 1061 tt
541 1021 651 1075 quo
691 1021 757 1060 ex
791 1005 1105 1060 Divinitatis
1141 1003 1604 1074 contemplatione
1645 1003 1920 1067 clarescit,
1960 1018 2053 1072 po-

485 1104 699 1164 testque
728 1094 1081 1149 intellectuali
1109 1093 1273 1148 modo
1305 1094 1512 1158 videre,
1556 1094 1728 1163 loqui,
1757 1103 1813 1150 et
1839 1094 2053 1160 audire,

485 1198 541 1242 et
560 1186 1013 1254 scntirelunien,
1045 1195 1246 1243 etcum
1277 1185 1494 1256 angelis
1519 1186 1795 1240 exsultare
1831 1186 2050 1256 gaudio,

482 1286 540 1332 ct
567 1276 757 1333 eadem
778 1292 901 1333 cum
930 1278 1039 1332 illis
1071 1277 1534 1347 contemplatione
1561 1276 1791 1346 perfrui.
1831 1284 1889 1331 et
1925 1292 2056 1331 con-

486 1368 810 1434 tubernalis,
841 1378 897 1424 et
924 1368 1290 1424 cobabitatrix
1316 1369 1590 1439 justorum
1616 1365 1878 1436 appellari
1902 1383 1917 1419 :
1944 1381 2053 1421 non

488 1468 667 1515 tantcn
701 1460 1002 1516 secundum
1044 1475 1262 1515 sensum
1297 1459 1564 1529 corporis,
1601 1457 1696 1512 sed
1745 1457 2056 1528 intelligen-

485 1550 614 1604 tiam
636 1552 831 1606 solam.
863 1550 1004 1605 Sunt
1027 1550 1174 1605 enim
1225 1551 1341 1605 hate
1373 1549 1647 1620 ejusmodi
1694 1556 1891 1604 natura
1933 1563 2052 1614 sua,

485 1647 548 1696 ut
617 1650 828 1696 tantum
884 1641 1189 1712 intelligant
1243 1651 1300 1695 et
1368 1641 1762 1711 intelligantur,
1818 1648 1874 1695 et
1931 1640 2055 1696 illos

483 1729 731 1799 quinque
771 1731 1020 1801 corporis
1051 1746 1246 1787 sensus
1281 1744 1474 1786 omnes
1529 1730 1811 1803 effugiant.
1873 1730 2054 1787 Mente

2160 544 2568 614 emigraveriut,
2613 554 2809 598 sensus
2855 555 3139 597 assumere
3172 539 3241 594 ad
3271 539 3635 609 loquendum,
3674 552 3728 596 et

2159 635 2476 701 vivendum,
2498 643 2553 690 et
2581 642 2810 691 caeteros
2859 647 3069 687 omnes.
3101 629 3208 686 Sed
3243 644 3527 685 assumere
3570 631 3722 684 ratio.

2160 743 2227 781 ne
2263 725 2497 795 quadam
2530 740 2640 780 non
2677 739 2964 795 corporea,
2985 720 3116 778 dum
3152 732 3348 776 natura
3374 737 3495 792 qua:
3527 732 3611 777 est
3639 737 3728 775 sn-

2158 830 2255 889 pra
2293 829 2545 873 naturam
2602 826 2866 888 operatur
2916 815 2974 871 in
3030 814 3288 869 omnibus
3336 822 3392 867 et
3424 816 3495 868 sit
3549 817 3728 871 omnia

2157 910 2415 965 omnibus
2468 925 2635 980 supra
2682 920 2845 979 quam
2916 906 3309 977 comprehendi
3363 915 3563 974 potest.
3612 904 3726 961 Non

2155 1003 2300 1056 enim
2335 1001 2582 1056 divinum
2619 1013 2823 1055 numen
2860 1009 2986 1071 eget
3033 1012 3152 1060 ore,
3198 1012 3304 1051 non
3335 1011 3584 1067 corpore,
3615 1014 3720 1050 non

2155 1094 2365 1163 lingua.
2399 1109 2509 1148 non
2540 1091 2725 1162 aliquo
2755 1091 2863 1148 alio
2897 1090 2966 1146 ad
2998 1088 3520 1146 communicandum
3566 1088 3729 1159 spiri-

2157 1184 2326 1248 tibus,
2364 1192 2422 1239 et
2443 1184 2640 1238 animat
2670 1182 2919 1247 cuilibet,
2952 1196 3075 1251 quae
3112 1179 3372 1234 vetuerit.
3396 1179 3501 1233 Sed
3538 1194 3730 1249 quem-

2157 1273 2451 1327 admodum
2473 1271 2771 1328 virtutibus
2801 1269 3304 1334 adminlstratoriis,
3325 1269 3401 1323 ita
3431 1269 3518 1323 his
3539 1270 3729 1324 eadem

2155 1365 2403 1435 largitur.
2433 1362 2716 1420 Sententia
2739 1365 2885 1420 enim
2920 1376 3045 1418 cum
3085 1360 3450 1418 sentientibus
3472 1371 3526 1414 et
3551 1362 3685 1415 iutel
3709 1392 3730 1400 κ

2153 1455 2373 1525 iigentia
2427 1470 2555 1510 cum
2608 1453 3059 1524 intelligentibus,
3121 1460 3183 1505 ut
3210 1450 3408 1505 similia
3430 1466 3552 1504 eum
3581 1449 3735 1505 simi-

2154 1546 2300 1600 libus
2330 1544 2581 1601 conferre
2605 1542 2817 1618 justum
2849 1553 2954 1599 est.
2994 1541 3356 1613 Intelligcntia
3391 1549 3572 1595 autem
3604 1557 3729 1595 cum

2158 1639 2528 1694 sentientibus
2558 1653 2589 1693 e
2635 1636 2857 1693 diverso
2917 1648 3236 1706 comparare
3287 1632 3458 1700 nefas,
3508 1642 3736 1704 propter

2156 1737 2480 1783 naturarum
2513 1724 2807 1781 discrimen
2854 1726 3065 1782 scilicet
3092 1742 3109 1777 :
3133 1722 3228 1779 sed
3259 1723 3582 1792 incorporea
3606 1738 3733 1776 eum

485 1821 600 1877 sola
623 1822 817 1886 utitur,
842 1837 905 1877 ea
941 1822 1112 1886 videt,
1144 1831 1199 1877 et
1228 1822 1511 1892 prmvidet,
1541 1821 1663 1877 visu
1709 1822 2048 1885 acutissimo,
2087 1793 2128 1848 Β
2156 1817 2516 1888 incorporeis,
2542 1826 2598 1872 et
2644 1832 2876 1888 corpora
2925 1816 3164 1871 vicissim
3228 1828 3352 1870 cum
3410 1812 3736 1882 corporibus

484 1912 803 1984 angelorum
844 1913 1089 1984 proprio,
1126 1913 1451 1984 divinasque
1493 1923 1550 1969 et
1575 1931 1858 1985 nunquam
1902 1915 2051 1970 visas

483 2002 929 2071 pulchritudines
980 2005 1403 2075 contemplatur.
1459 2006 1616 2071 Quod
1670 2006 1714 2061 si
1757 2021 1878 2077 quae
1928 2006 2052 2061 dico

484 2093 583 2148 tibi
613 2094 888 2164 paradoxa
942 2096 1225 2160 videntur,
1281 2095 1348 2151 ad
1402 2095 1565 2152 ﬁdem
1620 2098 2051 2154 conlirmandam

483 2187 799 2258 paradigma
831 2186 1105 2242 adhibebo
1194 2174 1202 2185 ’

548 2277 609 2333 Si
635 2288 798 2333 noctu
838 2293 936 2349 per
961 2281 1202 2348 quietem
1236 2279 1459 2336 videres
1501 2281 1761 2352 juvenem
1815 2281 2050 2351 aliquem

474 2376 684 2423 statura
730 2367 929 2423 eximia
978 2367 1261 2437 formaque
1300 2369 1762 2438 pulcherrimum,
1795 2379 1912 2424 arte
1964 2370 2049 2424 in-

474 2458 861 2529 superabilem,
906 2474 1071 2529 opere
1127 2459 1533 2524 inimitabilem,
1564 2459 1748 2530 specie
1811 2462 2052 2517 maxime

476 2549 787 2614 invidenda,
841 2550 1032 2621 procul
1065 2566 1094 2605 a
1127 2549 1301 2620 patria
1354 2565 1474 2617 sua,
1505 2550 1744 2605 externis
1792 2550 2054 2607 internis-

404 2660 417 2669 δ
450 2632 584 2710 ’ίιιω
633 2640 977 2696 οιηιὶῑειίὺυε
1028 2640 1412 2711 conspicuum,
1456 2636 1766 2695 incredibili
1800 2641 2057 2696 candoris

478 2730 659 2785 nitore
716 2740 993 2795 ornatum,
1045 2732 1394 2801 capillorum,
1450 2746 1586 2786 auro
1635 2731 1805 2801 magis
1838 2730 2055 2784 radian-

476 2816 615 2870 tium
646 2818 909 2872 varietate
946 2818 1286 2885 distinctum,
1317 2821 1561 2890 undique
1591 2820 2054 2875 circumfusarum

476 2907 746 2963 luminum
789 2906 1025 2963 ﬂammis
1058 2919 1479 2976 coruscantem;
1509 2911 1733 2980 piausus
1765 2920 1819 2966 et
1857 2913 2055 2967 canui.

475 3012 546 3052 na
579 3013 610 3052 a
644 2998 1025 3054 ministrorum
1059 3000 1236 3055 turbis
1267 3000 1558 3066 ferentem,
1580 3011 1635 3056 et
1681 3002 2051 3057 ministerium

2153 1927 2484 1982 componere
2513 1918 2730 1981 oportet
2749 1912 2813 1966 “.

2227 2007 2360 2074 Qua:
2389 2011 2573 2062 autem
2610 2005 2830 2076 superis
2860 2016 2925 2059 ac
2954 2004 3275 2061 cmieslibus
3307 2021 3431 2062 eum
3469 2003 3555 2059 bis
3608 2004 3734 2056 infi-

2155 2100 2259 2155 mis
2320 2099 2666 2168 terrenisque
2730 2098 3092 2167 comparatio,
3145 2107 3239 2151 aut
3302 2095 3735 2153 convenientia?

2155 2200 2252 2248 aut
2277 2206 2398 2262 qum
2433 2189 2747 2246 communio
2775 2188 2945 2242 menti
2981 2202 3107 2242 cum
3150 2187 3237 2241 his
3262 2201 3385 2257 qum
3438 2197 3732 2256 apparent.

2158 2292 2255 2338 aut
2285 2282 2501 2352 corpori
2544 2296 2666 2336 cum
2714 2279 2800 2333 bis
2849 2295 2972 2348 quae
3004 2294 3204 2347 corpus
3237 2294 3345 2333 non
3379 2281 3544 2333 sunt?
3572 2277 3731 2345 Quod

2154 2375 2199 2432 si
2235 2375 2358 2446 quis
2389 2383 2499 2429 tota
2529 2387 2653 2428 cum
2685 2372 2812 2427 totis
2866 2372 3183 2435 contulerit,
3223 2386 3331 2424 non
3359 2372 3469 2441 jam
3506 2369 3729 2440 paradi-

2154 2485 2297 2541 gnta.
2328 2466 2422 2522 sed
2454 2474 2549 2520 aut
2585 2464 2661 2521 ita
2694 2465 2895 2527 dicam,
2924 2462 3179 2519 identitas
3216 2465 3343 2518 crit.
3371 2462 3507 2518 Cum
3541 2462 3734 2531 itaque

2156 2560 2216 2615 in
2262 2559 2489 2613 materia
2537 2557 2857 2612 vacantibus
2906 2555 3373 2625 comparationem
3414 2568 3521 2609 non
3574 2555 3732 2610 iuve-

2155 2651 2325 2715 niam,
2354 2649 2740 2719 paradigmatis
2788 2647 3161 2701 materialibus
3214 2647 3523 2702 necessario
3581 2653 3732 2701 utor.

2154 2740 2333 2806 Quare
2364 2754 2432 2794 ne
2462 2737 2825 2808 reprehendo,
2850 2752 2919 2791 ne
2950 2735 3271 2806 indigneris,
3314 2749 3533 2790 causam
3581 2734 3731 2788 enim

2157 2830 2478 2900 ignorantiae
2517 2842 2650 2882 mea:
2684 2828 2837 2897 prius
2871 2827 3175 2881 enuntiavi.
3222 2826 3373 2881 Mens
3402 2825 3737 2879 intrinsecus

2156 2935 2277 2991 quae
2305 2919 2580 2988 concepit,
2604 2932 2698 2973 seu
2723 2918 2958 2988 cogitata
2989 2932 3084 2972 sua
3118 2916 3324 2987 profert
3354 2915 3499 2986 apud
3535 2931 3616 2980 sc,
3650 2914 3705 2969 id

2156 3029 2264 3083 que
2300 3026 2534 3080 semper,
2572 3026 2673 3065 nec
2710 3012 3129 3081 patiatur;quae
3175 3009 3396 3079 quidem
3457 3008 3605 3063 foras
3659 3006 3731 3061 ad

474 3089 1103 3160 perpetuumdongeque
1131 3090 1614 3162 iucundissimae.
1641 3093 1888 3148 lucidis“
1927 3102 2040 3148 tum
2077 3116 2121 3178 ρ
2155 3104 2292 3159 alios
2320 3103 2594 3174 depromi,
2624 3111 2679 3158 et
2710 3104 2778 3157 ab
2804 3102 2873 3157 iis
2902 3101 3157 3172 cognosci
3204 3118 3313 3155 non
3350 3109 3601 3171 possunt.
3620 3100 3738 3155 Nec

474 3195 694 3250 quoque
727 3179 781 3234 in
810 3181 1047 3236 amicum
1075 3183 1231 3238 valde
1263 3185 1475 3243 clarum
1498 3199 1665 3254 quem
1691 3186 1880 3240 vidisti
1907 3202 2052 3241 nun--

476 3287 664 3342 quam,
690 3273 978 3343 quaerebas
1011 3282 1197 3330 autem
1238 3275 1505 3345 reperire,
1540 3285 1599 3332 et
1644 3278 1834 3334 videre
1884 3280 2049 3335 etiam

476 3364 673 3435 oculis,
700 3367 842 3421 sicut
873 3365 1301 3436 cogitationibus
1327 3366 1538 3423 vidisti.
1566 3368 1865 3425 Absentem
1903 3372 2049 3426 enim

473 3471 542 3512 ex
566 3455 708 3512 fama
732 3467 951 3513 tantum
966 3458 1256 3526 dilexeras,
1276 3466 1338 3513 ut
1355 3459 1591 3515 amicum
1617 3460 1779 3516 laude
1800 3461 2048 3533 dignum,

471 3556 531 3601 et
566 3547 629 3601 in
654 3560 889 3602 numero
913 3548 1323 3618 ponendum.Si
1364 3550 1473 3605 tibi
1513 3552 1810 3622 contigerit
1847 3553 1963 3608 haec
1997 3555 2048 3609 in

476 3638 686 3693 somnis
708 3638 916 3703 videre,
941 3653 1011 3692 an
1047 3649 1207 3709 potes
1244 3640 1452 3707 dicere,
1498 3644 1778 3712 quomodo
1819 3652 1938 3699 tum
1982 3646 2049 3700 ad

475 3728 663 3783 locum
688 3728 1008 3794 accesseris,
1035 3739 1091 3785 et
1124 3731 1405 3799 quomodo
1434 3732 1490 3786 in
1525 3733 1730 3787 lectulo
1758 3734 1967 3804 iacens,
1995 3747 2052 3792 et

476 3833 725 3883 manens,
762 3827 820 3875 et
852 3819 1155 3888 dormiens,
1199 3828 1258 3876 et
1304 3820 1527 3876 interno
1576 3833 1732 3878 uultu
1781 3825 2048 3882 immobili

474 3919 784 3967 cmnmotus
816 3911 884 3966 ad
929 3926 1019 3967 res
1055 3912 1197 3978 illas,
1217 3922 1279 3967 ut
1312 3913 1567 3983 putabas,
1600 3915 1823 3980 adieris,
1849 3917 2051 3986 quibus

476 4002 702 4058 tandem
728 4002 984 4073 pedibus,
1012 4018 1119 4074 qua
1167 4016 1337 4059 carne
1392 4012 1565 4060 totum
1605 4020 1831 4062 cursum
1855 4022 2049 4078 repen-

474 4099 534 4148 te
558 4092 930 4164 celeriterque
965 4094 1297 4166 peregeris?
1332 4093 1546 4162 Quibus
1587 4095 1773 4151 oeuﬁe
1816 4095 2050 4155 intuitus

472 4180 551 4268 eis
578 4181 796 4250 faciem,
820 4183 1021 4255 quibus
1045 4186 1275 4243 auribus
1307 4186 1570 4256 audieris,
1596 4202 1719 4258 qua:
1745 4197 1799 4245 te
1827 4190 2050 4247 audisse

472 4274 673 4341 putas?
697 4276 903 4345 quibus
931 4292 1096 4347 porro
1129 4278 1294 4335 labiis
1326 4278 1571 4335 anticum
1594 4281 1914 4338 osculatus?
1938 4298 2049 4354 quo

470 4377 593 4427 ore,
614 4379 721 4435 qua
758 4366 946 4438 lingua
969 4384 1096 4425 eum
1123 4371 1397 4427 allocutus
1411 4371 1443 4425 τ
1469 4371 1608 4428 Vere
1638 4372 1776 4428 mihi
1812 4388 2047 4443 respon-

2157 3196 2303 3250 enim
2342 3204 2524 3266 potest
2555 3195 2720 3249 etiam
2755 3195 2966 3266 lingua,
2999 3203 3054 3249 ct
3089 3192 3156 3247 ad
3204 3191 3492 3248 audientes
3549 3193 3731 3246 notio-

2158 3302 2288 3342 num
2320 3294 2376 3341 et
2412 3285 2898 3357 intelligentiarum
2949 3298 3173 3341 suarum
3232 3284 3402 3339 fetum
3459 3283 3732 3354 proferre.

2158 3376 2542 3431 Verumtamen
2585 3373 2862 3444 quomodo
2895 3390 3004 3429 non
3036 3373 3228 3445 possit,
3267 3373 3453 3428 dicere
3477 3388 3585 3427 non
3636 3372 3739 3426 ha-

2158 3467 2262 3521 beo
2284 3480 2529 3536 prorsus.
2553 3465 2749 3520 Partus
2780 3464 2926 3520 enim
2959 3466 3182 3529 mentis,
3221 3463 3435 3518 tametsi
3472 3477 3734 3519 sermone

2159 3559 2269 3613 sint
2289 3557 2664 3629 explicabiles,
2688 3566 2868 3611 tamen
2914 3557 3207 3627 aliquando
3251 3570 3348 3612 eos
3393 3571 3574 3611 sermo
3632 3568 3735 3608 ex-

2156 3647 2393 3717 primere
2418 3646 2628 3715 nequit.
2659 3645 2716 3701 Si
2747 3647 2896 3699 enim
2930 3660 3117 3716 posses
3160 3643 3343 3706 edere,
3374 3652 3429 3699 et
3458 3644 3513 3698 in
3552 3642 3734 3698 lucem

2124 3730 2125 3733 “
2156 3736 2370 3801 efferre,
2399 3746 2529 3791 tunc
2557 3735 2720 3792 etiam
2752 3735 2956 3790 donum
2984 3735 3325 3805 aliquantum
3364 3733 3588 3804 majoris
3636 3747 3733 3786 co-

2155 3829 2440 3900 gnitionis,
2462 3837 2517 3883 et
2546 3827 2615 3883 ab
2643 3828 3030 3882 universorum
3071 3826 3181 3881 Deo
3215 3825 3491 3882 charisma
3539 3826 3743 3895 quaie-

2155 3935 2372 3990 cunque
2399 3919 2627 3974 haberet
2644 3919 2724 3972 “".

2227 4011 2549 4081 Paradigma
2594 4010 2759 4066 breve
2788 4009 2841 4064 in
2872 4009 3014 4064 hanc
3060 4022 3174 4063 rem
3227 4001 3544 4061 all‘ercmus.
3585 4002 3656 4059 Ut
3682 4005 3731 4056 si

2154 4101 2278 4173 quis
2307 4101 2374 4156 ad
2413 4101 2662 4156 homines
2699 4100 2928 4156 diversa:
2951 4098 3157 4171 linguae
3210 4097 3450 4159 venerit,
3481 4103 3540 4152 et
3588 4103 3733 4149 tem-

2155 4208 2286 4263 pore
2349 4200 2618 4262 quantum
2676 4192 2943 4261 placuerit
3020 4189 3166 4262 apud
3214 4204 3311 4244 eos
3367 4191 3720 4255 consumpto,

2156 4298 2321 4339 voces
2347 4280 2570 4353 quidem
2606 4282 2753 4354 ipsas
2791 4282 3082 4354 intelligat,
3104 4297 3200 4337 eas
3248 4290 3427 4335 tamen
3464 4293 3562 4333 ore
3605 4288 3735 4346 pro-

2154 4373 2408 4429 nuntiare
2474 4382 2735 4444 nequeat,
2797 4388 2902 4429 uec
2962 4373 3074 4429 ullo
3150 4370 3313 4427 modo
3410 4368 3730 4432 dialectum,

468 4454 665 4511 dehis:
691 4457 810 4513 Non
849 4459 962 4516 vidi
997 4460 1193 4517 faciem
1241 4463 1415 4519 oculis
1446 4464 1733 4534 corporis;
1761 4464 2040 4535 quomodo
2073 4465 2118 4525 D
2143 4481 2239 4522 seu
2270 4463 2600 4536 peculiarem
2632 4466 2779 4537 genti
2808 4465 3050 4537 linguam
3101 4474 3199 4519 sua
3250 4462 3434 4533 lingua
3481 4472 3728 4515 versare.

469 4544 624 4601 enim
682 4549 1009 4620 consopitus
1061 4551 1470 4608 videremised
1520 4554 1724 4609 mentis
1753 4563 1810 4610 et
1849 4556 2044 4610 animat

470 4634 721 4705 pupillis,
761 4637 867 4695 hoc
890 4650 1103 4697 certum
1134 4652 1237 4698 est.
1268 4642 1326 4701 Si
1361 4643 1479 4699 haec
1510 4643 1648 4699 mihi
1687 4645 2041 4714 respondeas,

470 4722 528 4779 id
575 4725 736 4795 dicis,
792 4730 943 4802 quod
994 4741 1269 4788 amantem
1320 4733 1569 4789 veritatis
1632 4733 1814 4802 decet,
1837 4743 1894 4790 et
1939 4750 2043 4805 ego

469 4818 848 4877 testimonium
880 4821 981 4878 tibi
1010 4822 1202 4890 feram,
1225 4831 1280 4881 et
1309 4823 1600 4881 assentiar.
1627 4823 1759 4880 Tale
1807 4823 1941 4896 quid
1972 4824 2042 4882 de

2150 4554 2280 4612 Tale
2306 4556 2480 4628 igitur
2502 4564 2560 4612 et
2588 4556 2727 4611 mihi
2761 4570 2864 4612 usu
2902 4554 3071 4611 venit.
3118 4552 3353 4610 Sensum
3393 4565 3458 4607 ac
3488 4557 3729 4606 mentem

2149 4646 2481 4718 scriptorum
2513 4647 2721 4717 optime
2758 4645 3045 4717 percipio;
3069 4644 3169 4702 sed
3192 4660 3317 4715 quas
3347 4640 3590 4714 percepi,
3615 4652 3726 4694 non

2149 4735 2317 4791 etiam
2342 4735 2530 4808 lingua
2558 4735 2884 4807 depromere
2917 4750 3162 4805 possum.
3201 4734 3307 4789 Sed
3364 4731 3513 4786 unde
3564 4725 3732 4784 deﬂe-

2150 4827 2351 4896 ximus,
2381 4843 2448 4884 eo
2497 4842 2689 4884 rursus
2731 4825 3098 4889 redeundum,
3125 4835 3181 4880 et
3239 4822 3496 4896 probatio
3521 4900 3525 4904 ἢ
3551 4820 3729 4891 major

1964 4966 2245 5031 Scholia.

537 5088 561 5108 ⁸
583 5082 886 5162 Sejemlunt,
914 5085 1214 5162 aliud_e_sue
1249 5091 1590 5162 paradigma,
1631 5092 1786 5162 aliud,
1818 5093 2046 5162 parabo-

468 5154 957 5226 luuufarudigu
1002 5157 1216 5226 quidem
1238 5154 1338 5222 est,
1358 5161 1405 5214 si
1434 5154 1608 5217 s'imile
1644 5161 1809 5217 simili
1819 5154 1829 5162 ’
1859 5165 2044 5228 confe-

469 5243 617 5297 ram.
641 5232 692 5297 et
717 5241 1026 5297 componam
1051 5241 1071 5280 :
1098 5235 1156 5282 ut
1201 5229 1468 5284 rationale
1513 5248 1633 5286 cum
1689 5231 1965 5295 rationali,
1991 5241 2042 5286 et

469 5295 694 5350 rationis
731 5295 915 5364 expers
941 5312 1061 5348 cum
1090 5298 1312 5351 rationis
1342 5311 1573 5364 experte.
1611 5300 1899 5363 Parabola,
1926 5319 2045 5355 cum

470 5364 875 5454 ianttaletseu
897 5442 914 5454 Δ
932 5364 1184 5454 dissimile
1213 5382 1330 5454 cum
1346 5364 1646 5454 "dissimili,
1668 5379 1742 5454 ut.
1780 5372 2044 5425 hominem

471 5432 601 5488 cum
630 5434 797 5498 leone,
820 5442 914 5487 aut
941 5432 1153 5503 planta,
1176 5442 1271 5489 aut
1303 5436 1410 5491 alio
1440 5432 1763 5510 hujusmodi.

547 5505 590 5526 ⁶⁶
618 5502 1049 5587 Qomparationu
1096 5505 1235 5557 enim
1268 5507 1323 5559 in
1368 5510 1449 5587 bis
1501 5525 1620 5587 qua:
1651 5510 1886 5587 ejusdem
1921 5519 2045 5587 sunt

472 5573 704 5644 generis,
724 5573 961 5627 adhiberi
1007 5584 1386 5629 commorunt
1405 5592 1424 5630 :
1446 5573 1524 5631 ρκ’
1552 5573 1811 5633 similibus
1855 5580 2045 5650 quippe

475 5640 675 5696 similia
698 5712 707 5715 Α
727 5642 1019 5715 discuntur.
1054 5641 1136 5698 Ne
1164 5644 1330 5715 igitur
1360 5649 1538 5701 omnia
1588 5650 1642 5702 in
1679 5650 2044 5715 paradigmate

475 5658 675 5696 suumn
727 5658 1019 5697 mactatur.
1054 5658 1136 5698 ne
1164 5658 1330 5715 igitur
1360 5658 1538 5701 omnia
1588 5658 1642 5702 in
1679 5658 2044 5719 paradigntate

479 5712 798 5784 respondere
818 5713 1070 5783 postules,
1098 5722 1190 5769 aut
1214 5716 1268 5771 in
1302 5725 1446 5786 typo,
1468 5726 1562 5771 aut
1594 5718 1646 5771 in
1671 5718 1918 5790 imagine.
1944 5717 2048 5775 Nec

2153 5096 2306 5164 enim,
2346 5094 2459 5160 iam
2506 5095 2849 5164 parodigma.
2888 5102 2985 5147 aut
3036 5099 3210 5164 typus,
3236 5097 3337 5143 aut
3358 5089 3541 5164 imago
3572 5098 3725 5157 esset,

2150 5165 2198 5219 si
2219 5163 2439 5234 haberet
2453 5159 2636 5219 omnia
2658 5159 2917 5226 ahenae,
2934 5159 3131 5234 quc—ist
3152 5162 3275 5231 ipsa
3301 5174 3359 5213 re
3381 5175 3501 5216 ure
3521 5159 3723 5225 “sunt.

2149 5233 2242 5289 sed
2268 5234 2409 5287 idem
2440 5250 2676 5299 prorsus.

2224 5304 2288 5325 "‘
2317 5302 2658 5358 Gennadius.
2689 5301 2779 5357 Est
2796 5304 2933 5357 enim
2950 5302 3195 5372 cognitio,
3217 5314 3334 5371 qua:
3364 5315 3605 5354 sermone
3630 5314 3724 5352 ea:-

2151 5371 2343 5441 plicari
2370 5382 2536 5455 potest
2563 5373 2771 5455 absque
2816 5371 3055 5455 sermone
3084 5388 3102 5425 :
3123 5379 3283 5455 etest
3325 5371 3554 5455 cognitio
3601 5384 3723 5455 eum

2149 5439 2408 5512 sermone.
2441 5441 2576 5496 Sunt
2611 5439 2749 5495 enim
2782 5442 2955 5502 multi,
3001 5441 3351 5512 cognitionem
3389 5439 3600 5512 quidem
3628 5439 3723 5490 Ita-

2152 5510 2347 5571 bentes,
2370 5526 2664 5582 sermonem
2701 5526 3035 5582 nequaquam
3050 5509 3078 5577 ξ
3096 5520 3152 5564 ut
3186 5509 3590 5582 Lidiota:,et_qui
3619 5521 3721 5582 non

2156 5588 2372 5650 possunt
2395 5580 2698 5650 signiﬁcare
2726 5579 2789 5634 ac
2817 5579 3001 5634 docere
3024 5579 3312 5650 perspicue,
3335 5593 3454 5648 qua
3474 5580 3723 5650 inmte

2155 5648 2365 5723 habent,
2384 5660 2431 5704 et
2445 5648 2710 5723 proferre,
2731 5651 2893 5705 donec
2928 5648 3067 5706 Deus
3095 5650 3177 5705 Itis
3205 5663 3499 5703 temonem
3529 5648 3718 5714 κατ’

2159 5720 2353 5773 tiverit.
