4102 6200
417 298 528 369 865
1864 292 2224 361 moerus
3571 302 3685 373 εω

418 411 676 489 ponenda
710 411 768 468 in
800 424 995 468 eorum
1023 409 1390 482 gratiam,qui
1421 424 1511 466 res
1549 408 1748 466 animm
1779 423 1811 464 c
1840 409 1998 465 testi-
2028 422 2072 480 Α
2102 424 2267 481 quam
2311 410 2446 483 justi
2483 419 2616 469 sunt
2667 412 2945 485 adepturi,
2995 413 3244 486 quando,
3274 422 3336 472 ut
3372 415 3685 486 docuimus,

418 504 622 560 moniis
652 502 1092 574 Scripturarum,
1139 511 1197 558 et
1228 502 1478 560 doctrina
1536 518 1692 559 sacra
1724 502 2004 572 perdisce—
2106 499 2165 554 in
2195 500 2371 572 gloria
2399 501 2709 573 judicatum
2760 506 2999 574 venerit,
3028 516 3084 562 et
3141 520 3378 578 corpora
3433 507 3687 567 rediviva

416 609 478 650 re
510 592 763 665 cupiunt.
780 592 884 649 Per
906 606 1030 662 quae
1050 590 1535 662 quantum'animze
1556 590 1772 645 valeam
1792 588 2005 663 perspi-
2105 591 2430 662 prodibant,
2457 603 2522 649 ιιι
2556 594 2720 650 simul
2780 596 2953 668 gloria
3008 597 3320 654 adiciantur
3364 606 3424 654 et
3452 599 3685 671 majore,

416 686 552 743 cias.
582 684 787 741 Verum
819 697 941 754 age,
969 697 1092 752 qua:
1123 682 1213 738 hic
1241 682 1448 753 scripta
1481 688 1613 736 sunt
1644 679 1798 737 audi.

678 793 765 853 Ea:
791 791 994 866 Cyrillo
1022 793 1334 864 patriarcha
1361 791 1748 847 Alexandrino.

483 911 741 968 Rationis
770 924 963 981 capax,
988 916 1047 965 et
1077 908 1390 979 intelligens
1412 906 1618 972 anima,
1642 915 1766 977 post
1788 905 1999 961 disces-

410 1020 535 1061 sum
566 1018 639 1059 ex
671 1003 779 1059 hoc
823 1016 1059 1073 corpore
1095 1011 1155 1057 et
1197 1001 1358 1063 vivit,
1385 1008 1443 1055 et
1474 1006 1784 1070 permanet,
1828 1007 1887 1053 et
1918 998 2002 1051 lo.

422 1096 619 1167 quitur
652 1103 1047 1166 congruenter,
1068 1102 1126 1148 et
1157 1099 1421 1163 Operatur
1451 1090 1730 1157 similiter,
1759 1105 1872 1145 non
1894 1089 1998 1145 sub

414 1188 672 1259 imagine,
726 1186 824 1242 sed
882 1201 1011 1241 vere
1062 1193 1118 1239 et
1150 1183 1610 1246 substantialiter,
1649 1196 1776 1252 erga
1824 1180 1996 1236 Deum

415 1279 627 1334 habens
684 1277 963 1340 ﬁduciam,
1004 1291 1117 1347 quo
1160 1275 1391 1346 jubente
1451 1272 1694 1328 mittitur
1741 1271 1798 1325 in
1858 1271 2000 1328 hanc

414 1370 605 1435 vitam,
637 1376 860 1439 propter
916 1368 1151 1423 aliorum
1183 1367 1485 1421 multorum
1525 1363 1995 1420 commoditatem.

414 1459 630 1518 Etenim
656 1475 781 1516 cum
807 1475 1027 1531 semper
1057 1469 1364 1524 moveatur,
1395 1471 1675 1528 nunquam
1724 1471 1835 1511 non
1864 1456 1996 1527 agit.

413 1556 561 1611 Dens
609 1554 799 1623 utique
840 1568 954 1607 non
1011 1561 1096 1608 est
1157 1561 1525 1617 mortuorum,
1571 1548 1670 1604 sed
1722 1549 1995 1612 vivorum,

410 1661 607 1702 omnes
658 1647 807 1701 enim
851 1643 931 1699 illi
987 1642 1206 1699 vivunt.
1236 1643 1392 1710 Quod
1435 1643 1481 1698 si
1534 1657 1646 1700 non
1696 1653 2000 1712 cperantur

408 1739 606 1796 animae
633 1749 718 1810 tut
746 1737 935 1793 multis
962 1736 1187 1810 placet),
1212 1751 1393 1809 neque
1422 1736 1588 1792 etiam
1624 1736 1839 1791 vivunt.
1862 1732 1996 1789 Nam

410 1847 519 1886 nou
556 1830 798 1901 operari,
822 1845 1118 1901 corporum
1146 1838 1234 1887 est
1263 1838 1629 1893 mortuorum,
1652 1836 1711 1882 et
1737 1825 1999 1881 immobi-

416 1924 577 1978 lium.
603 1923 749 1979 Deus
788 1923 1103 1994 spirituum,
1134 1931 1192 1976 et
1222 1922 1405 1976 omnis
1431 1922 1632 1977 carnis.
1662 1921 1806 1977 Deus
1833 1919 1998 1993 spiri-

424 2026 602 2082 tuum,
624 2015 880 2071 videlicet
906 2016 1234 2070 animarum.
1260 2014 1429 2073 Aiunt
1456 2015 1639 2084 itaque
1664 2020 1776 2069 tres
1803 2012 1995 2085 pueri:

429 2131 447 2164 ι
490 2110 825 2175 Denedicite,
871 2107 1099 2178 spiritus
1138 2117 1195 2163 et
1234 2109 1431 2161 animae
1468 2107 1765 2176 iustorum,
1814 2105 1987 2161 Domi-

413 2202 628 2258 no“-“.
642 2200 822 2269 »ρυοά
838 2199 1064 2255 laudant
1076 2208 1134 2254 et
1153 2197 1764 2266 bcncdieuntjustorum
1779 2198 1994 2263 animae,

412 2308 522 2349 non
554 2301 639 2348 est
665 2291 1078 2357 dormientium,
1124 2303 1226 2344 nec
1263 2288 1591 2344 otiosorum.
1624 2288 1810 2358 thui
1846 2286 1995 2342 vid-et

413 2384 631 2439 animas
657 2390 1000 2447 sanctorum,
1026 2379 1240 2434 animas
1266 2389 1584 2434 sanctorum
1606 2378 1777 2432 videt.
1806 2379 1872 2432 Et
1896 2378 1992 2447 qui

410 2474 562 2530 videt
589 2473 908 2544 angelorum
940 2470 1231 2533 visionem,
1269 2471 1491 2539 angelos
1543 2468 1712 2523 videt.
1742 2467 1811 2522 Et
1854 2466 1992 2521 ordo

413 2568 468 2622 in
499 2567 748 2621 ordinem
778 2579 888 2620 non
920 2572 1298 2626 convertetur,
1323 2572 1517 2631 etquae
1552 2568 1864 2630 sequuntur
1887 2560 1989 2629 (α).

481 2660 676 2714 Astu.
725 2657 781 2712 Si
834 2658 1002 2727 igitur
1052 2654 1403 2710 verissimum
1443 2662 1549 2719 est,
1591 2660 1651 2706 ιιι
1687 2662 1773 2706 est
1805 2651 1988 2720 plane,

415 2754 625 2806 animas
686 2750 959 2804 bonorum
1011 2749 1068 2801 in
1125 2747 1325 2801 corium
1382 2743 1639 2806 subvehi,
1697 2742 1753 2797 in
1788 2743 1993 2813 quibus

412 2846 550 2900 locis
601 2844 696 2899 Dei
733 2842 928 2906 Filius,
974 2856 1140 2912 super
1181 2841 1403 2905 throno,
1442 2837 1509 2892 ad
1562 2835 1845 2891 dexteram
1892 2831 1990 2888 Dei

413 2939 590 2995 Patris
642 2936 868 3002 residet,
897 2946 957 2990 ut
990 2935 1260 3003 scriptum
1288 2941 1373 2986 est
1402 2930 1463 2995 ¹⁸,
1487 2939 1545 2985 et
1576 2923 1991 2983 ministratoris:

414 3032 648 3087 virtutes
693 3045 818 3085 cum
861 3029 1057 3083 timore
1110 3026 1523 3089 circumastant,
1569 3030 1629 3076 ut
1675 3022 1789 3093 jam
1827 3027 1989 3074 antea

411 3122 658 3180 secundo
701 3121 849 3175 libro
882 3118 1143 3183 docuisti,
1172 3116 1486 3173 evehuntur
1512 3124 1721 3178 autem,
1750 3120 1826 3167 ut.
1845 3126 1986 3181 prm—
2016 3118 2059 3177 ρ

413 3214 521 3269 mia
563 3226 892 3268 coronarum
932 3209 1226 3279 accipiant,
1258 3207 1482 3279 quando
1522 3205 1702 3262 Judex
1740 3203 1990 3259 omnium

413 3305 482 3360 ad
502 3304 770 3376 judicium
807 3300 1177 3357 exercendum
1211 3299 1602 3363 venerit,num
1636 3303 1782 3351 tanta
1816 3296 1989 3364 gloria

411 3396 615 3467 poterit
642 3395 961 3465 contingere
982 3393 1262 3464 quidpiam
1280 3390 1618 3463 jucundius?
1647 3389 1713 3442 Et
1739 3401 1989 3457 quaenam

412 3488 638 3543 omnino
669 3485 844 3557 gloria
876 3485 980 3539 hac
1004 3483 1353 3555 praestantior
1381 3481 1699 3550 contingat:
1728 3486 1823 3531 aut
1848 3491 1989 3545 quo-

413 3576 578 3634 modo
617 3576 954 3649 glorificatur
993 3590 1162 3646 penes
1186 3574 1334 3645 quod
1387 3566 1472 3628 est
1522 3570 1703 3626 omnis
1735 3568 1989 3641 gloria,et

413 3669 641 3740 gloriam
704 3682 922 3723 omnem
977 3679 1402 3734 sermonemque
1479 3662 1786 3732 superans?
1827 3659 1988 3729 Apud

412 3774 579 3832 quem
610 3772 741 3815 sunt
792 3774 990 3814 omnes
1038 3758 1241 3812 divina:
1287 3753 1476 3826 gloriae
1537 3752 1802 3807 thesauri.
1851 3750 1989 3805 Nam

413 3852 561 3925 quod
590 3853 812 3923 plenum
842 3861 948 3919 est,
975 3859 1202 3905 externa
1231 3847 1549 3907 accessione
1581 3844 1727 3898 haud
1753 3843 1983 3914 indiget.

411 3946 717 4002 Animabns
750 3954 935 3999 autem
986 3952 1196 3998 tantum
1236 3939 1554 4009 impertitur
1583 3936 1769 4008 gloria:
1798 3945 1855 3990 et
1881 3935 1991 3989 cla-

410 4040 610 4104 ritatis,
638 4036 825 4092 habita
847 4026 1060 4089 ratione
1085 4034 1354 4104 cujusque
1380 4030 1730 4095 meritorum,
1759 4037 1820 4083 ut
1845 4027 1989 4081 mul-

410 4142 526 4187 tum
555 4130 721 4185 etiam
754 4125 1012 4198 supersit.
1031 4123 1179 4179 idem
1214 4121 1425 4192 angelis
1452 4119 1511 4174 lit
1533 4121 1570 4174 ".

475 4224 642 4279 Cano.
673 4222 832 4278 Nunc
866 4234 994 4290 pars
1024 4216 1240 4272 modica
1267 4215 1453 4287 gloria:
1501 4214 1651 4270 illius
1690 4213 1984 4277 universae,

408 4322 506 4370 aut
533 4314 732 4385 pignus
764 4311 949 4382 potius
997 4306 1272 4378 quoddam
1312 4304 1661 4370 conceditur,
1695 4303 1838 4359 unde
1866 4314 1986 4358 tan-

406 4420 573 4478 quam
604 4421 672 4461 ex
709 4417 891 4473 ungue
922 4401 1140 4457 leonem
1184 4397 1466 4468 conjicias,
1494 4396 1701 4467 gloriae,
1734 4396 1982 4465 inquam,

482 4536 601 4567 ¹¹·¹²
632 4535 770 4589 Dan.
799 4547 881 4596 ιιι,
916 4530 1004 4585 86.
1084 4528 1128 4560 υ
1165 4526 1374 4582 Coloss.
1400 4540 1486 4591 ιιι,
1522 4525 1573 4579 1.

1657 4526 1721 4558 ³³⁸
1746 4525 1905 4582 Joan.
1938 4542 2028 4596 xx,
2061 4526 2154 4582 ‘21.

2101 693 2158 740 et
2204 683 2530 756 insigniore,
2567 693 2627 742 et
2662 689 2926 759 gaudium
2958 704 3029 745 ex
3072 690 3295 761 gaudio,
3341 689 3573 763 gloriam
3613 704 3687 746 ex

2102 774 2275 844 gloria
2306 774 2636 845 percipiant,
2662 790 2933 847 praesente
2958 779 3068 851 jam
3092 779 3201 835 fine
3224 780 3409 836 seaculi
3432 794 3561 837 cum
3585 780 3687 835 Do-

2101 868 2286 924 minus
2299 868 2367 923 ad
2383 868 2547 925 linem
2571 871 2741 926 mbos
2753 871 3126 930 inducendum
3144 874 3383 939 venerit,
3403 883 3465 929 ιιι
3478 874 3594 929 dixi
3618 869 3690 929 “.'

2168 958 2402 1027 Quando
2461 961 2634 1033 igitur
2691 962 2947 1019 Salvator
2994 978 3303 1038 exsurgens
3329 984 3363 1023 e
3396 967 3686 1038 sepulcro,

2100 1052 2341 1124 primum
2366 1052 2436 1107 ad
2478 1052 2786 1124 discipulos
2842 1055 2997 1111 intus
3032 1065 3393 1128 congregatos
3428 1065 3687 1122 accessit,

2100 1156 2158 1202 et
2220 1160 2413 1216 pacem
2477 1145 2633 1202 dedit
2665 1147 2708 1180 ¹³
2729 1149 2772 1213 ',
2797 1156 2859 1202 ut
2910 1148 3172 1219 princeps
3227 1149 3380 1219 pacis
3403 1149 3449 1181 ’δ
3481 1160 3693 1204 mutnus

2103 1238 2400 1293 maximum
2434 1238 2687 1294 divinum
2720 1240 2980 1310 spiritum
3006 1240 3089 1295 eis
3111 1239 3368 1296 donavit.

2168 1332 2364 1388 Astu.
2398 1333 2541 1389 Num
2588 1334 2831 1404 perfecte
2854 1346 2908 1390 et
2941 1334 3155 1407 integne
3207 1333 3469 1407 spiritum
3521 1346 3687 1391 acce-

2099 1436 2320 1497 perunt,
2341 1435 2438 1480 aut
2463 1425 2600 1496 quid
2639 1426 2897 1482 tandem?

2167 1514 2333 1571 Cano.
2380 1514 2458 1570 Ne
2493 1515 2644 1570 istud
2701 1514 2931 1586 cogites,
2957 1529 3097 1571 neve
3145 1516 3321 1582 dicas,
3342 1531 3454 1573 non
3483 1525 3685 1584 totum,

2103 1621 2273 1661 unum
2303 1615 2486 1661 autem
2552 1615 2685 1662 tunc
2735 1605 3038 1671 charisma,
3063 1607 3314 1663 solvendi
3366 1609 3685 1680 ligandiqne

2102 1697 2421 1753 hominibus
2480 1707 2701 1768 peccata
2766 1709 3118 1768 acceperunt.
3169 1700 3308 1756 Cum
3366 1701 3685 1757 advenisset

2027 1774 2291 1843 Bautem
2347 1788 2657 1844 destinatus
2715 1790 2858 1855 dies,
2917 1791 3171 1862 discipuli
3224 1793 3456 1865 gratiam
3512 1802 3686 1849 totam

2101 1877 2333 1947 spiritus
2374 1890 2733 1950 acceperunt.
2771 1881 2964 1936 Simile
3014 1881 3085 1937 de
3137 1885 3428 1939 animabus
3474 1885 3683 1955 cogita,

2100 1985 2222 2027 cum
2248 1970 2518 2041 judicium
2551 1972 2784 2038 venerit,
2802 1982 2860 2026 et
2874 1973 3045 2044 judox
3063 1974 3294 2040 sederit,
3313 1984 3372 2029 ut
3402 1975 3458 2029 in
3491 1991 3550 2030 ιιι
3579 1976 3682 2031 lib.

2099 2062 2307 2119 dictum
2335 2071 2439 2118 est.
2471 2062 2627 2118 Nune
2676 2065 2842 2118 etiam
2886 2079 3058 2134 super
3092 2066 3197 2120 hoc
3233 2066 3549 2139 paradigma
3583 2084 3682 2139 poa

2099 2153 2365 2211 nendum.
2398 2154 2468 2207 Et
2495 2154 2718 2224 plurimi
2757 2164 2817 2210 et
2845 2156 3041 2225 optimi
3074 2156 3176 2211 viri
3222 2158 3276 2212 in
3319 2159 3485 2228 regali
3525 2160 3676 2228 pala—

2099 2246 2176 2299 tio
2232 2247 2463 2314 degunt,
2502 2252 2563 2298 et
2613 2253 2862 2315 tempore
2909 2247 3193 2317 aliquanto
3247 2250 3363 2319 regi
3406 2250 3678 2319 serviunt,

2095 2351 2224 2392 eum
2283 2337 2574 2393 intuentur
2624 2338 2877 2407 quotidie
2949 2350 3006 2395 et
3051 2349 3291 2395 amant:
3328 2357 3436 2396 non
3494 2350 3678 2398 tamen

2094 2429 2278 2483 statim
2324 2429 2596 2485 honorum
2641 2432 2866 2500 praemia
2913 2442 3351 2502 consequuntur,
3387 2435 3483 2488 sed
3530 2444 3678 2505 post,

2096 2534 2157 2579 ut
2190 2532 2494 2587 merentur,
2521 2523 2595 2577 ita
2622 2524 2706 2578 eis
2745 2524 2920 2595 gratia
2951 2525 3211 2592 refertur,
3239 2534 3297 2582 et
3333 2527 3678 2593 conditione,

2092 2624 2150 2670 et
2181 2615 2501 2680 nomine,et
2529 2616 2819 2681 ordine,et
2843 2617 2997 2671 omni
3020 2616 3351 2688 dignitatum
3379 2618 3683 2688 splendore

2092 2709 2544 2765 eohonestantur.
2563 2709 2685 2764 Non
2719 2709 3017 2764 admodum
3049 2709 3335 2767 dissimilis
3356 2720 3442 2766 est
3462 2712 3676 2766 anima-

2093 2815 2216 2859 rum
2250 2800 2481 2856 ratio.ln
2506 2800 2660 2856 melis
2687 2801 2908 2872 quidem
2939 2800 3181 2871 perfecte
3211 2801 3482 2867 habitant,
3512 2800 3680 2857 Crea-

2094 2892 2310 2961 torique
2340 2891 2684 2964 assistentes,
2704 2908 2833 2948 eum
2859 2891 3304 2962 eontemplantur
3327 2899 3383 2946 et
3405 2893 3681 2962 gaudent.

2092 2983 2201 3040 Sed
2226 2998 2353 3038 cum
2399 2982 2621 3038 tandem
2668 2998 2872 3054 corpus
2919 2997 3143 3054 quoque
3172 2982 3226 3037 in
3266 2982 3685 3039 resurrectione

2093 3077 2187 3133 illa
2208 3077 2459 3136 omnium
2494 3078 2776 3132 communi
2818 3078 3151 3149 receperint,
3194 3085 3330 3133 tunc
3356 3077 3521 3131 etiam
3553 3089 3680 3148 gra-

2096 3173 2184 3228 tiae
2214 3174 2446 3243 gloria
2488 3183 2546 3228 et
2586 3173 2839 3228 laborum
2875 3173 3097 3243 praemia
3137 3172 3478 3243 phnissima,
3509 3184 3675 3227 coro-

2093 3281 2303 3335 nasque
2328 3265 2732 3336 adipiscentur.

2689 3391 2916 3450 CAPUT
2953 3392 3118 3446 XVII.

2093 3502 2357 3561 Christum
2386 3521 2503 3558 cum
2540 3508 2746 3558 latrone
2771 3504 3166 3575 inqparadisum
3190 3501 3347 3558 illum
3369 3508 3673 3557 terrestrem

2162 3591 2268 3629 non
2316 3576 2600 3656 introiisse.
2633 3591 2738 3657 nec.
2787 3574 2958 3627 ullam
3009 3575 3314 3655 animarum
3367 3583 3675 3627 sanctorum

2160 3654 2276 3716 post
2302 3651 2417 3714 ejus
2458 3651 2891 3698 resurrectionem
2923 3661 2988 3699 eo
3021 3651 3276 3697 introire.

2158 3758 2380 3817 Christo
2414 3758 2695 3825 crueilixo,
2713 3766 2771 3814 et
2796 3759 2852 3814 in
2897 3759 3065 3814 vitam
3118 3771 3368 3825 reverso,
3389 3771 3540 3812 nune
3562 3757 3674 3829 jam

2088 3853 2250 3909 nobis
2300 3853 2553 3909 fidelibus
2584 3861 2709 3924 post
2742 3863 3075 3924 praesentem
3106 3853 3274 3908 vitam
3310 3851 3591 3917 terrestri,
3612 3861 3669 3905 et

2088 3947 2194 4003 sub
2225 3962 2449 4002 sensum
2473 3948 2703 4002 cadente
2731 3947 2989 4017 paradiso
3017 3960 3128 4001 non
3158 3954 3249 4000 est
3269 3960 3433 4014 opus,
3455 3945 3666 4013 ingres—

2088 4054 2150 4094 su
2192 4039 2248 4095 in
2301 4039 2503 4095 coelum
2573 4037 2835 4092 omnibus
2909 4036 3207 4107 patefacto,
3263 4034 3677 4089 exsultantibus

2087 4147 2307 4204 semper
2336 4132 2481 4203 apud
2508 4132 2709 4201 ipsum,
2737 4138 2798 4187 ut
2825 4139 2885 4187 et
2914 4143 3017 4184 nos
3052 4128 3250 4192 simus,
3278 4127 3371 4181 ubi
3408 4126 3527 4196 ipse
3560 4137 3670 4180 est.

2087 4218 2180 4271 Ait
2234 4219 2407 4285 enim,
2439 4235 2457 4268 ι
2493 4226 2553 4270 ιιι
2603 4217 2695 4270 ubi
2736 4231 2838 4285 ego
2881 4230 3025 4281 sum,
3050 4224 3107 4273 et
3138 4230 3238 4275 vos
3285 4215 3489 4271 sitis".
3513 4215 3671 4281 Quod

2087 4322 2256 4378 porro
2287 4309 2656 4363 Damascenus
2694 4307 2793 4374 ait,
2852 4307 2906 4361 in
2957 4308 3215 4377 sepulcro
3242 4322 3498 4377 corpore,
3526 4308 3671 4377 apud

2090 4398 2296 4454 inferos
2314 4400 2518 4465 anima,
2541 4411 2600 4456 ut
2620 4401 2761 4457 Deus
2780 4401 2835 4456 in
2857 4401 3117 4471 paradiso
3141 4416 3273 4459 eum
3303 4401 3674 4472 latrone(l7),

2232 4529 2276 4561 ”*
2308 4528 2409 4583 lsa.
2443 4543 2516 4593 ix,
2542 4527 2595 4582 6.
2676 4526 2720 4561 ¹⁸
2747 4526 2905 4582 Joan.
2937 4540 3051 4591 xw,
3089 4525 3140 4578 5.

1638 4640 1859 4702 Jacobi
1888 4642 2164 4704 Gretseri
2211 4653 2398 4706 none.

479 4779 590 4847 (Π)
621 4775 791 4847 Docet
817 4781 1010 4827 auczor
1043 4770 1315 4847 latronem
1350 4765 1421 4847 ⁸ιιι
1454 4763 1771 4847 paradisum
1803 4772 1981 4847 t-e'rrg-

407 4833 586 4907 strenu,
627 4845 912 4899 inductum
946 4857 1012 4895 ex
1062 4839 1153 4891 illo
1188 4833 1468 4905 promisso
1511 4835 1716 4907 Christi
1749 4851 1762 4888 :
1809 4833 1980 4889 Hodie

406 4904 610 4974 inerunt
643 4917 746 4969 eris
772 4914 827 4966 in
872 4910 1145 4982 paradiso.
1314 4904 1627 4982 communis
1649 4913 1706 4957 et
1734 4919 1987 4982 veracit-

409 4988 611 5061 positio
642 4994 729 5061 est
757 4974 1037 5061 Christum
1079 4979 1281 5032 latroni
1313 4977 1420 5030 illis
1442 4975 1628 5061 verbis
1662 4974 1986 5061 promisisse

407 5044 676 5114 irationem
706 5052 1041 5110 beatificam,
1065 5062 1296 5115 eamque
1321 5045 1559 5114 paradisi
1581 5044 1804 5099 nomine
1837 5045 1987 5098 desi-

403 5142 623 5219 gnasse.
662 5125 818 5219 Vide!
852 5116 1498 5219 ινιτιιιιιὶειιιιιιιιωὸξιειηηἒ
1550 5124 1684 5194 tom.
1710 5115 1763 5219 |ll
1801 5115 1894 5168 5—3
1932 5132 1983 5183 p.

403 5202 423 5219 ι
584 5210 719 5219 --.ι’-⁸
753 5209 799 5219 ﬂ.
867 5207 927 5219 n-
1006 5206 1041 5219 n
1096 5205 1128 5219 Π
1336 5204 1365 5219 n
1404 5202 1479 5219 om
1507 5201 1616 5219 ³1⁸ίὲ
1670 5203 1701 5219 ῐὶ
1730 5200 1831 5219 ’ὶΙὶιὶ
1869 5201 1976 5219 I\l\l|

396 5185 463 5256 ἒ.
494 5199 720 5254 Thomm
753 5193 820 5248 ad
866 5199 973 5245 art.
1006 5206 1067 5256 ιι,
1095 5205 1153 5259 q.
1186 5186 1275 5241 46.
1309 5185 1366 5239 ln
1403 5185 1619 5241 caeteris
1670 5186 1833 5255 plane
1868 5201 1979 5238 non

2086 4766 2233 4822 favet
2270 4767 2495 4839 Dioptra
2524 4768 2700 4824 errori
2737 4761 3670 4839 recentiorum_Grmcor9ln._asse-

2087 4840 2351 4903 rentium,
2374 4829 2618 4892 animum
2641 4840 2918 4908 justiorum
2944 4845 3070 4908 ante
3092 4833 3238 4908 diem
3264 4829 3455 4901 judieii
3490 4832 3668 4886 beati-

2090 4908 2279 4963 tudine
2326 4901 2436 4962 non
2475 4901 2705 4977 perfrui.
2747 4907 2863 4960 ιιιιο
2909 4906 3177 4977 adversus
3226 4901 3373 4977 hunc
3421 4914 3667 4957 errorem

2086 4981 2268 5031 omnia
2306 4971 2489 5032 verba'
2522 4978 2765 5048 Diaptrwr
2806 4975 3140 5048 hocreodcm
3188 4971 3370 5048 capite
3418 4986 3664 5048 pugnare

2086 5047 2371 5102 videntur.
2402 5049 2477 5101 De
2512 5042 2633 5116 qno'
2660 5047 2827 5100 multa
2856 5047 3020 5101 etiam
3050 5044 3370 5116 Gennadius
3398 5042 3664 5116 adversus

2086 5121 2380 5240 gqpulares
2414 5112 2545 5173 suos
2588 5117 2813 5172 Graecos
2864 5117 2921 5169 in
2969 5114 3285 5184 Defensione
3314 5126 3411 5183 pro
3438 5112 3663 5165 concilio

2155 5198 2421 5240 orentma.

2155 5193 2421 5242 orentina.

1938 5280 2213 5344 Scholia.

476 5391 834 5463 'Dionysius.
890 5388 1100 5463 Etenim
1149 5387 1228 5439 ita
1266 5383 1618 5455 intelligente;
1667 5381 1977 5463 angelorum

401 5474 629 5517 natura:
659 5450 895 5515 nouimus
919 5458 1089 5510 adhuc
1117 5470 1400 5519 assumere,
1441 5450 1758 5523 semperque
1794 5470 1825 5504 a
1861 5450 1977 5521 glo-

398 5536 487 5587 ria
518 5534 575 5585 in
624 5531 875 5601 gloriam,
906 5536 966 5601 Aet
995 5544 1026 5579 a
1057 5527 1350 5601 cognitione
1389 5527 1444 5578 in
1479 5524 1852 5594 cognitionem,
1871 5530 1919 5574 et
1945 5538 1978 5574 a

398 5593 659 5659 rharitat'e
684 5603 740 5654 in
766 5599 1082 5653 charitatem
1108 5593 1378 5666 proﬁcere.

2156 5389 2195 5404 “
2228 5386 2367 5441 Pars
2403 5401 2645 5455 quamam
2683 5384 2807 5438 doni
2839 5393 2913 5438 est
2950 5385 3205 5447 arrhabo,
3230 5391 3275 5436 et
3306 5398 3476 5455 parva
3511 5391 3664 5453 gutta

2083 5455 2147 5526 de
2180 5459 2355 5526 gratia
2383 5451 2499 5526 illa.
2526 5455 2667 5509 Tunc
2705 5456 2946 5509 uniuersa
2977 5456 3154 5525 gratia
3185 5451 3316 5526 doni
3344 5451 3539 5526 Christi
3559 5459 3663 5507 da-

2084 5524 2223 5578 bitur
2244 5525 2562 5589 hominibus,
2591 5536 2637 5577 et
2672 5527 2883 5579 tristitia
2913 5524 3076 5595 quam
3107 5524 3295 5595 habent
3327 5524 3523 5579 animo
3543 5538 3663 5592 pec-

2083 5606 2344 5662 catorum,
2367 5595 2647 5667 infernalis
2669 5594 2931 5651 suoalicii
2952 5611 3077 5665 pars
3111 5604 3209 5650 cat.
3248 5594 3304 5649 Si
3332 5596 3451 5648 sola
3478 5595 3663 5648 anima

474 5721 551 5789 la)
582 5718 761 5774 Locus
806 5716 1022 5786 longior
1053 5722 1139 5789 est
1185 5711 1453 5789 fortassis,
1482 5712 1549 5766 .in
1583 5711 1740 5766 libris
1807 5718 1998 5766 contra
2037 5708 2313 5770 Julianum
2357 5731 2372 5770 :
2401 5723 2457 5771 et
2490 5714 2603 5784 ipsa
2635 5715 2838 5786 scripta
2894 5714 2954 5771 Β.
2981 5714 3169 5785 Cyrilli
3231 5723 3470 5776 exstant,
3515 5706 3661 5764 unde

402 5790 510 5845 sibi
533 5781 754 5858 'reliqua
780 5781 967 5857 petere
1001 5788 1126 5855 quis
1164 5781 1708 5855 poterin-Portunus.
