4102 6200
294 304 414 374 869

1758 294 2114 359 DIOPTRA.

3459 298 3579 362 870.

302 425 454 481 tione
488 418 605 474 oris
630 415 716 481 ";
752 423 812 469 et
852 414 1082 469 verbum
1110 413 1319 484 prmbet
1365 412 1797 483 praedicantibus
1839 409 1897 463 in
1927 413 1972 466 Α
2002 405 2096 461 Dei
2131 403 2467 475 publicando
2526 416 2914 478 peragrarunt.
2959 407 3154 463 Postea
3212 424 3343 464 vero
3393 410 3587 467 Patres

302 521 536 576 virtute,
571 519 633 563 ut
658 506 801 562 liber
829 505 1174 561 Psalmorum
1215 505 1269 560 in
1301 506 1502 575 spiritu
1548 505 1730 570 docet,
1780 502 1896 573 ipse

301 604 473 659 etiam
501 603 605 655 hoc
629 615 726 654 seu
767 597 1065 667 abjectnm,
1098 613 1195 652 seu
1239 592 1495 667 magnum
1530 595 1820 665 inspiravit
1856 599 1895 647 '.

374 694 491 749 Nisi
541 691 690 748 enim
730 674 935 743 dorium
995 687 1289 743 desursum
1341 688 1725 750 descenderet,
1779 686 1898 741 sine

304 786 502 854 plaste,
535 780 668 852 quid
700 780 909 850 plasma
941 776 1378 844 faceret?Quam
1410 777 1557 832 enim
1588 776 1712 847 quis
1740 775 1899 829 intel-

302 876 613 947 ligentiam,
650 882 712 929 ut
750 873 957 928 donum
992 886 1022 926 a
1055 870 1356 926 Conditore
1391 870 1607 933 habuit,
1654 869 1745 923 illa
1781 869 1898 938 ipsa

306 968 549 1024 vicissim
582 965 651 1020 ab
676 980 745 1020 eo
776 965 997 1019 tandem
1048 971 1351 1033 repetetur.
1397 962 1532 1034 Ligo
1562 961 1733 1025 enim,
1767 960 1896 1025 falx,

306 1068 569 1121 rastrum,
593 1071 772 1121 serra,
814 1054 1065 1119 dolabra,
1099 1053 1337 1117 terebra,
1371 1053 1604 1125 gladius,
1644 1052 1821 1115 hasta,
1844 1060 1901 1107 et

306 1151 580 1222 quidquid
635 1149 761 1205 vitae
800 1148 1054 1203 humanae
1131 1147 1384 1211 inservit,
1464 1144 1899 1216 unumquodque

309 1246 512 1299 horum
547 1242 791 1297 omnium
817 1240 885 1294 ad
935 1255 1074 1309 opus
1116 1249 1200 1293 est
1236 1237 1543 1300 inventum,
1578 1252 1684 1291 non
1720 1247 1901 1291 tamen

312 1336 489 1390 ullum
523 1347 747 1404 prorsus
774 1346 872 1402 per
891 1345 950 1385 se
974 1339 1184 1384 motum
1209 1328 1377 1383 habet
1409 1344 1422 1381 :
1453 1327 1547 1382 sed
1581 1327 1723 1380 alius
1750 1325 1899 1380 aliud
1926 1340 1931 1345 '

314 1424 548 1490 invenit,
581 1434 640 1479 ut
662 1438 759 1493 per
790 1421 844 1476 id
874 1430 1057 1492 posset
1083 1418 1231 1490 quod
1252 1419 1453 1475 liberet
1480 1417 1714 1473 efﬁcere.
1749 1416 1900 1471 Velle

315 1528 527 1580 autem,
556 1524 613 1569 et
660 1528 820 1584 posse
869 1529 900 1567 a
934 1513 1047 1566 Deo
1084 1513 1319 1581 accepit,
1353 1520 1507 1566 extra
1542 1525 1705 1580 quem
1738 1524 1902 1564 nemo

315 1605 618 1677 quidquam
650 1612 856 1675 potest,
885 1619 996 1657 non
1034 1620 1216 1673 agere,
1254 1619 1363 1658 non
1408 1603 1571 1665 velle,
1619 1617 1728 1655 non
1772 1616 1900 1670 par-

313 1714 466 1762 vum,
495 1713 604 1752 non
630 1712 889 1768 magnum
921 1696 1160 1766 denique
1198 1714 1211 1749 :
1242 1697 1389 1750 sicut
1419 1695 1630 1749 nullum
1668 1693 1899 1748 istorum

313 1791 812 1845 instrumentorum
838 1788 1120 1858 quidpiam
1160 1788 1340 1858 ipsum
1394 1802 1426 1841 a
1482 1801 1563 1847 se,
1606 1794 1661 1839 et
1712 1800 1811 1855 per
1841 1799 1899 1839 se

316 1886 547 1944 motum,
572 1877 753 1934 facere
787 1893 890 1933 nec
933 1887 1128 1947 Sponte
1158 1878 1225 1931 ad
1258 1892 1397 1947 opus
1424 1876 1558 1931 cieri
1594 1885 1799 1945 potest,
1856 1874 1901 1929 si

311 1970 535 2033 artifex,
561 1981 618 2025 et
657 1984 855 2025 manus
880 1970 1133 2034 artiticis,
1166 1984 1291 2039 quae
1314 1979 1466 2023 motu
1498 1969 1565 2023 ad
1591 1969 1776 2038 operis
1805 1968 1904 2022 ali-

316 2064 476 2134 cujus
492 2077 650 2117 usum
679 2069 886 2127 utatur,
914 2076 1021 2115 non
1044 2061 1307 2118 adfuerit.
1332 2061 1443 2116 Nec
1460 2062 1571 2116 ullo
1594 2061 1757 2116 modo
1777 2060 1905 2115 abs-

314 2169 426 2225 que
446 2155 625 2208 divina
657 2169 760 2223 ope
818 2154 1088 2224 quispiam
1124 2155 1207 2209 vel
1255 2164 1399 2225 agat,
1440 2155 1524 2209 vel
1561 2154 1787 2224 cogitet,
1819 2153 1903 2209 vel

316 2248 600 2316 loquatur.
638 2245 783 2301 Deus
831 2247 980 2301 enim
1024 2245 1294 2311 condidit,
1336 2247 1484 2301 Deus
1533 2247 1683 2300 enim
1734 2247 1904 2300 vitam

312 2338 570 2409 largitur.
606 2337 687 2391 Ab
716 2336 809 2391 illo
836 2352 1019 2406 posse,
1052 2349 1104 2391 ct
1140 2338 1372 2407 spirare,
1398 2346 1456 2392 et
1480 2336 1621 2393 velle
1647 2339 1904 2393 sumitur.

316 2431 389 2486 Et
421 2431 700 2501 quomodo
737 2432 873 2485 citra
903 2430 1205 2500 potentiam
1240 2430 1568 2486 sustinentis
1595 2433 1803 2496 omnia,
1852 2440 1910 2485 et

316 2522 628 2588 scientiam,
668 2528 725 2577 et
756 2537 953 2576 manus
1004 2520 1138 2576 mihi
1198 2530 1255 2577 et
1289 2521 1457 2592 pedes
1517 2522 1908 2593 impertientis,

317 2614 440 2684 ipse
467 2628 566 2684 per
603 2628 695 2667 me
741 2610 1044 2682 quidquam
1082 2611 1389 2685 intelligere
1422 2622 1478 2669 et
1523 2629 1685 2685 agere
1724 2615 1910 2669 divina

320 2707 563 2777 desuper
599 2712 868 2775 potestate
896 2702 1223 2760 adversante
1247 2705 1505 2775 possem?
1528 2705 1793 2777 Exemplo
1822 2722 1911 2762 res

319 2796 524 2851 clarior
575 2795 687 2850 ﬂet.
746 2794 1005 2860 Ferrarii,
1056 2810 1293 2865 quorum
1335 2810 1478 2866 opus
1517 2796 1573 2850 in
1611 2795 1761 2853 ferro
1804 2806 1911 2862 est,

320 2885 530 2938 ferrum
558 2892 793 2939 tractant
846 2893 1012 2954 atque
1049 2885 1115 2939 ad
1157 2884 1476 2956 largitorem
1507 2886 1665 2953 ferri,
1697 2897 1753 2942 et
1795 2888 1916 2959 opi-

322 2974 479 3029 ficem
498 2974 745 3051 omnium
774 2973 1100 3043 respiciunt.
1126 2973 1186 3027 In
1211 2988 1445 3028 massam
1466 2981 1650 3028 autem
1675 2974 1912 3044 primum

2002 494 2336 566 complures,
2367 495 2606 550 humana
2622 512 2686 551 ac
2710 496 2895 552 divina
2927 497 3197 566 sapientia
3222 498 3501 561 instructi,
3529 512 3588 555 et

2000 599 2280 639 sacrarum
2332 602 2517 640 rerum
2567 587 2947 651 scientissimi,
3002 588 3163 644 libris
3229 590 3382 644 hisce
3437 592 3591 647 velut

1999 676 2712 750 fundamentisquibusdam
2735 681 3008 745 nixi,cum
3034 682 3366 753 martyribus
3382 698 3581 751 super-

1997 771 2365 835 aediﬂcarunt,
2415 777 2472 824 et
2505 770 2780 840 prima-vae
2830 772 3095 826 doctrinm
3147 788 3213 826 ex
3248 774 3398 828 omni
3430 786 3601 846 parte,

1999 861 2367 925 adharentes,
2397 859 2619 929 scriptis
2652 862 2765 914 suis
2803 861 3103 917 Ecclesiam
3148 863 3348 918 mirum
3381 866 3435 919 in
3473 881 3592 921 mo-

2000 951 2131 1006 dum
2148 960 2505 1006 exornarunt.
2530 952 2686 1007 Alius
2721 954 2870 1007 enim
2900 955 3034 1009 odas
3060 957 3402 1025 composuit;
3424 959 3605 1031 alius,

2002 1045 2213 1100 cantica
2244 1059 2384 1114 quos
2416 1046 2645 1114 εἰρμοὺς
2677 1058 2875 1101 vocant
2903 1063 2918 1110 ;
2964 1046 3125 1111 alius,
3160 1063 3396 1117 versus;
3424 1050 3588 1117 alius,

2001 1135 2183 1206 lepida
2210 1137 2446 1206 στιχηρὰ
2475 1136 2696 1200 triodia,
2726 1139 2991 1207 troparia,
3041 1140 3370 1210 προσόμοια,
3418 1159 3590 1199 cano-

2003 1244 2124 1293 nas,
2174 1229 2556 1299 ἀναδαθμοὺς,
2604 1231 2943 1302 καθίσματα,
2976 1234 3255 1300 contacia;
3285 1236 3447 1301 alius,
3479 1238 3591 1307 spi-

2005 1322 2285 1375 ritualium
2318 1320 2570 1377 modulos
2592 1321 2968 1391 Psalmorum;
2991 1324 3104 1392 alii,
3130 1328 3398 1395 profunda
3428 1329 3591 1398 Spiri-

2009 1421 2097 1466 tus
2138 1421 2193 1465 et
2213 1410 2474 1466 Ecclesi:e
2490 1413 2743 1482 dogmata
2767 1422 3175 1482 tractaverunt;
3204 1414 3295 1471 alii
3320 1417 3387 1471 de
3407 1418 3591 1473 incar-

2006 1500 2230 1556 natione
2252 1502 2416 1557 Verbi
2444 1502 2813 1573 disputantes,
2850 1506 3098 1559 omnium
3134 1508 3589 1577 blaSphemoinnt

2004 1606 2377 1662 perverseque
2424 1593 2770 1663 opinantium
2815 1610 2912 1649 ora
2966 1598 3396 1659 obstruxerunt;
3450 1601 3595 1655 alius

2005 1683 2319 1753 eloquentia
2349 1684 2873 1751 excellentissimus;
2908 1686 3048 1742 alius
3074 1688 3387 1757 disputator
3415 1705 3543 1743 acer
3562 1718 3594 1735 -

2009 1777 2220 1841 rimus;
2277 1775 2418 1830 alios
2463 1780 2887 1833 commentarios
2940 1780 3164 1850 reliquit
3208 1780 3277 1833 de
3313 1782 3491 1834 anima
3541 1791 3595 1836 et

2006 1869 2126 1939 ejus
2181 1868 2558 1931 tabernaculo,
2593 1868 2661 1922 de
2712 1869 3132 1938 pulchritudine
3167 1871 3388 1926 virtutis
3436 1882 3490 1926 et
3527 1875 3595 1928 de

2008 1960 2350 2031 turpitudine
2381 1961 2664 2024 vitiorum,
2700 1961 2766 2015 ad
2813 1963 3164 2017 commodum
3200 1973 3253 2017 et
3299 1964 3593 2020 utilitatem

2004 2051 2221 2106 litteras
2250 2051 2709 2107 consectantium.
2750 2051 2850 2107 Cui
2887 2053 3075 2123 igitur,
3114 2064 3174 2107 ut
3199 2054 3473 2119 dicebam,
3513 2055 3596 2110 fa-

2008 2143 2186 2200 cultas
2211 2145 2481 2200 orationis
2513 2160 2775 2200 concessa
2808 2154 2908 2211 est,
2942 2146 3031 2201 hic
3069 2146 3235 2202 etiam
3263 2163 3331 2202 ex
3371 2159 3490 2203 arte
3525 2148 3597 2203 li-

2009 2234 2139 2288 bros
2165 2244 2348 2305 potest
2399 2249 2777 2304 componere:
2827 2236 2976 2306 quod
3018 2236 3164 2292 idem
3200 2237 3490 2307 imperitus
3542 2248 3599 2293 et

2008 2326 2282 2381 barbarus
2341 2326 2577 2382 barbare
2635 2329 2938 2397 pnestabit.
2974 2330 3082 2385 Sed
3137 2332 3598 2401 quemadmodum

2009 2416 2165 2471 faber
2185 2416 2453 2472 ferrarius
2474 2433 2683 2474 massas
2705 2419 2838 2474 ferri
2864 2430 3080 2485 tractat,
3110 2422 3396 2476 materiam
3428 2424 3601 2478 infor-

2011 2524 2154 2564 mem
2197 2520 2464 2579 paratam,
2511 2511 2824 2581 futurisque
2868 2512 3155 2568 laboribus
3210 2512 3463 2570 ferrariis
3495 2516 3598 2570 ob-

2012 2604 2158 2659 viam
2186 2604 2418 2665 habens.
2448 2605 2663 2660 laborat
2687 2614 2874 2660 autem
2903 2607 2960 2660 in
2994 2622 3060 2661 ea
3094 2615 3157 2661 ut
3192 2608 3330 2672 vult,
3360 2618 3418 2663 et
3445 2608 3604 2662 adhi-

2013 2696 2133 2752 bito
2156 2697 2305 2768 igne,
2329 2697 2386 2752 in
2402 2697 2631 2753 fortnam
2650 2713 2814 2768 quam
2844 2700 3104 2755 voluntas
3120 2700 3228 2755 fert
3252 2700 3455 2771 redigit
3477 2701 3605 2771 (nec

2014 2790 2163 2845 enim
2195 2789 2332 2843 citra
2357 2789 2537 2859 ignem
2556 2790 2871 2855 fabricabit,
2895 2791 3024 2847 lic‘et
3044 2802 3163 2846 arte
3189 2792 3606 2847 malleatoribus

2016 2883 2292 2939 universis
2307 2882 2647 2952 antecellat),
2688 2883 2761 2937 ita
2783 2882 3025 2937 divinam
3049 2883 3391 2954 Scripturam
3427 2900 3486 2940 se
3507 2900 3578 2954 pe

1994 2975 2172 3029 nitus
2225 2972 2430 3029 habere
2479 2973 2755 3029 existima.
2820 2974 3068 3045 Apostoli
3110 2976 3439 3046 praedicant,
3471 2990 3605 3046 pro-

320 3074 576 3121 coactum
602 3065 912 3131 ferrum,ad
941 3064 1123 3120 varios
1136 3081 1269 3121 usus
1291 3074 1474 3135 potest
1489 3066 1917 3132 accommodari,
1946 3095 1989 3151 ο
2022 3068 2202 3138 pheta:
2230 3068 2619 3136 praenuntiant,
2662 3064 2911 3137 Scriptor
2940 3083 3134 3122 eorum
3183 3067 3349 3123 dictis
3386 3076 3444 3123 et
3468 3067 3605 3123 locis

321 3161 472 3217 Emit
502 3162 651 3217 enim
677 3160 1060 3233 hujuscemodi
1083 3176 1291 3217 massas
1310 3161 1466 3217 faber
1501 3160 1786 3224 ferrarius,
1812 3170 1907 3214 aut

321 3253 586 3319 serarius,
619 3261 675 3307 et
701 3254 1015 3323 quicunque
1060 3254 1415 3309 mechanicas
1445 3254 1703 3317 voluerit,
1731 3267 1907 3321 eoque

320 3347 392 3399 ad
411 3359 573 3400 suum
605 3359 745 3415 opus
772 3354 827 3399 et
852 3345 1130 3416 negotium
1174 3346 1370 3400 utitur.
1426 3344 1718 3400 Fabricant
1758 3344 1906 3398 enim

321 3437 522 3501 asciae,
558 3437 746 3503 falces,
781 3440 1019 3507 scalpra,
1047 3438 1417 3508 rhomphmas,
1450 3438 1736 3508 pugiones,
1795 3436 1907 3505 gla-

325 3534 468 3591 dios.
497 3533 823 3599 ntacbaras,
868 3546 1146 3586 armorum
1176 3546 1338 3586 omne
1370 3545 1563 3602 genus,
1595 3529 1797 3599 quibus
1840 3528 1907 3583 ad

325 3626 455 3679 vitae
484 3639 642 3679 usum
670 3632 725 3678 et
766 3624 1212 3679 commoditatem
1268 3636 1462 3677 omnes
1502 3636 1748 3691 egemus.
1799 3619 1905 3677 Sed

327 3717 476 3773 alius
506 3722 567 3769 ut
596 3715 858 3784 probatus
886 3714 1094 3770 ferrum
1131 3714 1343 3769 emollit
1377 3729 1443 3769 ac
1484 3713 1693 3780 domat,
1728 3729 1793 3769 ac
1824 3713 1909 3769 ia-

328 3806 543 3861 brieam
582 3819 733 3859 suam
763 3802 1058 3860 artificiose
1073 3813 1314 3871 exercet,
1346 3812 1405 3859 et
1429 3803 1699 3874 quidquid
1724 3805 1910 3874 operis

323 3896 591 3961 efficitur,
616 3895 672 3950 id
711 3910 903 3951 omnes
936 3895 1314 3966 spectantibus
1344 3896 1765 3951 admirationem
1789 3911 1911 3951 mo-

326 3998 441 4051 vet,
472 3998 534 4043 ut
568 3988 813 4058 elegans,
863 3987 998 4041 utile
1052 3996 1109 4042 et
1169 3987 1443 4042 laudabile
1496 3986 1774 4041 videlicet.
1805 3987 1908 4053 Qui

326 4058 697 4136 autem'artis
742 4089 828 4133 est
877 4079 1053 4141 rudis,
1088 4088 1183 4133 aut
1220 4094 1341 4134 eant
1373 4082 1513 4133 male
1546 4079 1756 4143 didicit,
1800 4095 1909 4133 non

329 4172 510 4227 solum
566 4170 869 4226 secundum
923 4182 1097 4226 artem
1152 4171 1445 4238 fabricare,
1502 4179 1557 4227 et
1616 4186 1784 4240 opera
1842 4171 1911 4226 de

330 4265 624 4331 industria,
657 4275 715 4320 et
737 4273 799 4319 ut
822 4266 963 4319 ratio
987 4264 1228 4336 postulat
1248 4264 1521 4319 conficere
1550 4264 1743 4333 nequit
1770 4280 1783 4316 :
1815 4262 1909 4317 sed

326 4358 542 4413 ferrum
562 4372 783 4427 quoque
808 4356 1007 4412 frustra
1037 4357 1331 4411 consumit.
1363 4356 1481 4412 Jam
1504 4355 1571 4409 de
1598 4355 1907 4425 Scriptura,

2019 3175 2200 3230 utens,
2237 3164 2284 3219 si
2338 3181 2448 3219 non
2489 3165 2656 3219 etiarn
2722 3166 2815 3219 Dei
2855 3167 3089 3236 gratiam
3143 3182 3205 3221 se
3249 3167 3637 3236 adjuvantem.

2015 3257 2234 3320 habeat,
2278 3256 2414 3310 nihil
2446 3266 2595 3311 recte
2626 3257 2953 3326 intelligere,
2992 3272 3094 3311 nec
3148 3266 3297 3312 recte
3331 3258 3604 3314 disserere

2016 3348 2239 3418 poterit.
2275 3347 2454 3402 Fabro
2477 3348 2741 3402 auxilium
2785 3348 2946 3417 ignis,
2983 3348 3240 3417 scriptori
3289 3350 3461 3419 gratia
3522 3350 3605 3402 di-

2016 3440 2143 3493 vina
2179 3449 2420 3509 praestat.
2478 3439 2627 3494 Citra
2670 3440 2786 3493 haec
2829 3439 3033 3493 auxilia
3092 3455 3214 3509 quae
3260 3441 3315 3494 in
3352 3441 3606 3495 manibus

2018 3540 2169 3592 sunt,
2199 3546 2365 3601 opera
2399 3531 2670 3587 coniicere
2701 3540 2902 3586 neuter
2941 3541 3143 3602 potest.
3187 3531 3243 3586 Si
3275 3531 3421 3586 enim
3464 3533 3605 3587 alter

2018 3622 2251 3676 alterum
2287 3620 2485 3676 horum
2533 3636 2644 3675 non
2679 3620 3065 3690 assmnpserit,
3105 3621 3227 3690 ejus
3277 3634 3418 3687 opus
3460 3619 3607 3690 inju-

2016 3713 2282 3779 cundum,
2312 3712 2524 3777 mutile,
2576 3712 2837 3767 vitiosum
2887 3711 3105 3776 evadet,
3152 3712 3502 3781 incautisque
3549 3719 3610 3766 et

2017 3804 2361 3875 simplicibus
2414 3804 2712 3873 plurimum
2753 3802 3271 3858 incomtnodabitur.
3336 3800 3606 3868 Quocirca

2018 3897 2231 3958 monui.
2265 3906 2319 3950 et
2351 3912 2570 3950 rursum
2601 3912 2745 3951 nunc
2779 3912 3000 3961 moneo,
3031 3911 3117 3950 me
3147 3897 3202 3951 in
3231 3896 3376 3949 hunc
3399 3896 3603 3949 librum

2018 3989 2155 4042 nihil
2185 4006 2215 4043 a
2252 3988 2534 4059 Scriptura
2569 3989 2809 4042 alienum
2860 3988 3182 4052 inseruisse,
3240 3986 3337 4040 sed
3389 3987 3496 4039 alia
3539 4003 3607 4039 ex

2020 4082 2224 4145 Veteri,
2253 4082 2357 4135 alia
2392 4096 2458 4135 ex
2489 4081 2643 4135 Novo
2692 4079 3071 4142 Testamento,
3107 4079 3212 4132 alia
3247 4093 3312 4130 ex
3371 4088 3606 4145 utroque

2019 4173 2289 4237 hausisse,
2325 4175 2431 4227 alia
2462 4189 2493 4227 e
2525 4172 2803 4241 magistris
2835 4179 2892 4224 et
2937 4170 3260 4224 doctoribus
3308 4169 3485 4222 sacris
3511 4184 3609 4221 cx-

2018 4265 2323 4334 cerpsisse,
2358 4280 2704 4333 quascunque
2728 4264 2989 4316 nimirum
3022 4262 3089 4317 ad
3131 4264 3435 4317 institutam
3465 4260 3604 4316 scri-

2019 4358 2265 4427 ptionem
2298 4356 2585 4428 profutura
2616 4356 2830 4409 censui.
2862 4356 3024 4410 Plura
3060 4367 3243 4412 autem
3277 4367 3334 4412 et
3376 4357 3606 4410 meliora

327 4457 388 4504 et
415 4457 535 4503 arte
562 4447 864 4518 Scriptura:
896 4447 1099 4504 similia
1133 4448 1331 4519 cogita.
1395 4446 1634 4516 Spiritus
1689 4457 1916 4501 sanctus
1949 4451 1990 4505 D
2019 4464 2050 4503 e
2084 4446 2350 4517 Gregorio
2375 4446 2643 4517 Nysseno.
2674 4446 2776 4513 Qui
2805 4463 2936 4518 ergo
2978 4448 3128 4503 hunc
3145 4449 3604 4503 commentarium

331 4540 635 4611 prophetas
666 4541 940 4611 purgavit,
1007 4540 1269 4603 erudivit,
1304 4541 1476 4610 gratia
1514 4549 1568 4595 et
1601 4540 1915 4611 cognitione

330 4631 605 4701 implevit.
636 4630 814 4685 Etiam
850 4631 1163 4685 illitteratos
1212 4630 1537 4699 sapientiam
1580 4630 1786 4685 docuit.
1838 4630 1917 4683 lta

333 4739 436 4794 per
460 4724 690 4796 gratiam
723 4723 992 4779 doeefacti
1022 4733 1080 4778 et
1105 4724 1345 4795 purgati,
1367 4733 1425 4778 et
1471 4723 1666 4794 spiritu
1727 4739 1917 4779 corro-

2015 4541 2362 4609 perlecturus
2399 4548 2501 4603 est,
2530 4540 2574 4594 si
2599 4540 2729 4610 quid
2766 4542 2911 4595 ineo
2961 4557 3162 4597 novum
3221 4541 3514 4603 invenerit,
3551 4540 3606 4593 id

2015 4630 2205 4702 gratia:
2228 4630 2321 4685 Dei
2366 4632 2627 4687 ascribat.
2664 4633 2718 4687 Si
2763 4633 2912 4688 enim
2942 4644 3027 4688 est
3072 4632 3379 4686 industrius
3410 4632 3475 4685 ad
3525 4630 3605 4683 di-

2017 4721 2304 4785 scendum,
2337 4721 2543 4792 aliquid
2577 4724 2728 4790 novi,
2765 4733 2821 4778 et
2856 4725 3001 4780 unde
3029 4725 3154 4789 hoc,
3178 4735 3235 4778 et
3263 4739 3293 4779 e
3318 4738 3425 4793 qua
3470 4723 3608 4777 seri-

333 4815 542 4881 boratl,
566 4830 853 4871 sermones
892 4814 1114 4871 divinos
1141 4815 1458 4882 ediderunt,
1492 4824 1549 4869 et
1595 4814 1768 4871 libros
1808 4829 1924 4870 om—
2020 4823 2181 4884 ptura
2216 4823 2519 4884 sumptum,
2554 4829 2871 4885 cognoscet.
2907 4816 3062 4883 Quod
3097 4817 3142 4871 si
3192 4816 3318 4885 quis
3372 4815 3525 4869 ruitis
3553 4824 3611 4868 et

336 4920 461 4972 nes,
492 4921 724 4962 numero
752 4906 1037 4977 sexaginta
1061 4915 1493 4977 composuerunt
1518 4921 1533 4960 :
1560 4920 1655 4961 sex
1696 4914 1749 4961 et
1776 4920 1914 4975 qua-

338 4997 590 5069 draginta
639 4998 985 5054 Testamenti
1036 4998 1289 5062 Veteris,
1346 5007 1555 5067 septem
1610 5006 1667 5051 et
1719 4995 1917 5066 viginti

336 5086 673 5143 Testamenti
697 5087 837 5143 Novi
861 5097 918 5143 et
953 5088 1333 5144 Recentioris:
1369 5102 1575 5158 eosque
1606 5102 1704 5158 per
1726 5085 1919 5142 orbem

336 5184 613 5233 terrarum
642 5178 760 5233 late
786 5176 1238 5247 disseminaruut,
1265 5194 1430 5250 quem
1463 5179 1631 5236 etiam
1683 5176 1917 5250 gratiam

415 5294 457 5326 ⁸⁸
481 5294 686 5363 Ephes.
709 5310 788 5364 vr,
817 5293 903 5351 l9.

1863 5394 2148 5458 Scholia.

405 5511 436 5592 ‘_
464 5511 693 5592 Dsellns.
727 5512 1183 5592 Splendensenint
1235 5517 1596 5592 pulchritudo_
1623 5519 1919 5592 verborum,

333 5593 391 5657 ut
420 5582 845 5637 tuba-insonans
891 5587 1104 5642 auribus
1152 5582 1342 5657 easque
1394 5590 1711 5654 concutiens,
1768 5598 1818 5641 et
1855 5582 1920 5643 iis

333 5653 611 5712 oberrans,
640 5669 744 5706 non
771 5657 955 5775 (fluens
1014 5666 1189 5711 autem
1225 5653 1278 5711 in
1326 5658 1587 5723 animam,
1631 5653 1793 5727 neque
1830 5676 1920 5712 cor

334 5721 618 5775 deﬁniens.
648 5723 764 5775 (tua
792 5726 833 5775 is
870 5726 1125 5775 mentibus
1166 5727 1258 5775 Dei
1304 5728 1603 5775 nutantibus
1645 5731 1698 5775 in
1740 5730 1912 5775 attici-

334 5721 618 5775 detiitiens.
648 5721 833 5787 Qualis
870 5726 1125 5780 mentibus
1166 5727 1258 5781 Dei
1304 5721 1603 5781 amantibus
1645 5721 1912 5783 in'attici-

2024 4904 2175 4960 iners
2214 4905 2401 4969 fuerit,
2429 4923 2498 4961 ne
2523 4924 2766 4978 unquam
2805 4909 3165 4978 impossibilia
3201 4918 3414 4963 tentare
3450 4908 3607 4961 velit.

2023 4997 2103 5051 Ex
2125 4997 2320 5054 alienis
2335 4998 2465 5053 item
2486 5015 2517 5054 a
2542 4999 2647 5054 ﬁde
2666 5000 3002 5065 Christiana,
3021 5011 3077 5055 et
3099 4999 3380 5057 veteribus
3402 5000 3511 5055 illis
3525 5014 3611 5053 sa-

2025 5089 2305 5159 pientibus
2335 5088 2543 5145 Galerio
2598 5101 2653 5146 et
2706 5092 3039 5161 Hippocrate
3073 5093 3298 5164 physica
3347 5091 3612 5147 nonnulla
3674 5126 3679 5131 -

2027 5190 2337 5251 Opportune
2365 5184 2599 5238 mutuati
2623 5199 2837 5250 sumus,
2876 5185 2969 5239 ubi
3002 5186 3347 5255 potissimum
3378 5185 3447 5241 de
3499 5198 3615 5239 ma-

2029 5539 2143 5577 smo
2168 5522 2373 5576 utilitas
2393 5523 2419 5576 ?
2445 5522 2647 5578 Divina
2669 5524 2876 5594 quidem
2901 5523 3180 5594 sapientia:
3203 5525 3358 5579 dictio
3374 5526 3613 5592 humilis,

2027 5594 2289 5667 sententia
2312 5594 2547 5667 subb'mis
2579 5612 2642 5647 ac
2671 5593 2911 5667 caelestis.
2946 5593 3302 5649 Externorum
3336 5596 3462 5650 nitet
3496 5597 3613 5667 qui-

2029 5666 2146 5718 dem
2177 5664 2420 5728 elocutio,
2461 5666 2724 5720 sententia
2760 5668 2874 5736 ipsa
2897 5667 3043 5721 humi
3079 5668 3230 5737 repit.
