4088 6214
423 286 533 357 871

416 492 524 548 mis
551 486 877 559 corporibus
901 483 1220 547 disserunt,
1252 488 1309 534 et
1342 477 1622 549 quomodo
1656 493 1724 531 ex
1749 476 1838 531 his
1871 491 2010 543 qua-

418 595 548 640 tuor
585 582 877 636 humorum
909 589 1134 646 genera,
1173 571 1423 643 sanguis,
1471 570 1748 641 phlegma,
1798 579 1916 622 atra
1953 575 2012 621 et

419 675 558 728 flava
592 671 721 725 bilis
751 674 1108 738 generentur,
1139 675 1206 716 ex
1243 661 1449 732 quibus
1500 659 1739 713 humana
1777 671 2087 765 corporac

417 769 796 833 coagmentata
832 765 982 822 sunt,
1020 766 1077 810 et
1102 755 1171 810 de
1197 762 1438 825 quatuor
1467 749 1724 806 aetatibus
1756 745 2014 802 totidem-

417 873 526 932 que
571 857 700 912 anni
757 852 1120 923 temporibus,
1169 865 1293 921 qua:
1344 857 1476 903 sunt
1520 861 1640 913 ver,
1691 853 2010 905 autumnus,

417 961 600 1016 testas,
627 949 829 1003 hiems.
874 947 948 1001 De
981 955 1140 999 utero
1187 956 1408 1012 quoque
1438 950 1495 996 et
1544 937 1797 994 crasibus
1837 934 2015 990 infan-

424 1043 558 1097 tium
594 1043 649 1095 in
681 1055 748 1096 eo
777 1038 890 1093 ﬁeri
921 1037 1098 1092 solitis
1129 1035 1364 1106 egimus.
1405 1034 1639 1103 Insuper
1683 1029 1831 1084 unde
1865 1043 2014 1099 sym-

422 1141 688 1204 ptomata,
740 1143 797 1186 et
857 1130 1171 1200 pathemata
1223 1126 1314 1180 illa
1353 1124 1620 1196 probrosa
1657 1121 2012 1185 exsisterent,

421 1237 642 1280 causam
677 1222 961 1293 physicam
987 1227 1244 1275 accurate
1263 1217 1663 1288 indagavimus,
1689 1230 1753 1269 ac
1780 1213 1848 1269 de
1877 1223 2016 1268 tem-

421 1317 809 1388 perationibus
839 1314 1191 1386 qualitatum,
1219 1324 1524 1380 earumque
1549 1307 1877 1372 rationibus,
1897 1321 2017 1360 mo-

425 1425 548 1464 rum
582 1426 645 1464 ac
675 1419 984 1478 temporum
1022 1404 1526 1471 vicissitudinibus,
1549 1412 1605 1459 et
1639 1401 1820 1474 qualis
1851 1414 2015 1455 causa

424 1501 857 1572 unumquodque
918 1499 1294 1565 antecederet,
1335 1497 1452 1552 haec
1509 1499 1716 1559 omnia,
1768 1495 2015 1564 inquam,

427 1596 568 1650 libro
602 1602 802 1664 quarto
844 1591 1220 1662 exposuimus.
1266 1588 1421 1656 Quod
1456 1588 1501 1644 si
1546 1587 1602 1642 in
1633 1586 1959 1658 quibusdam
1984 1599 2016 1638 a

427 1684 632 1741 decoro
659 1677 931 1746 aberravi.
963 1683 1017 1738 id
1050 1681 1342 1752 imperitia:
1381 1689 1437 1736 et
1483 1680 1715 1735 inscitiae
1749 1693 1885 1734 mea
1915 1677 2016 1731 tri-

1662 267 2009 336 PHILIPPI
2050 263 2442 331 SOLlTARli

417 398 580 464 ιει-ίε,
601 404 660 452 ει
686 393 758 449 de
797 388 1108 455 elementis,
1142 385 1489 457 simplicibus
1518 394 1762 457 quatuor
1796 394 1854 440 et
1889 378 2004 454 pri-
2037 395 2079 447 Α
2111 392 2263 435 tuum
2318 373 2588 464 plorabis,
2641 383 2696 430 et
2747 375 3074 446 suppliciter
3104 387 3202 429 eos
3235 373 3442 440 orabis,
3477 375 3536 430 in
3587 377 3717 432 hac

2109 470 2278 526 verba
2315 487 2328 523 :
2360 467 2494 522 Date
2527 463 2662 520 mihi
2698 467 2940 535 spatium
2979 465 3048 520 ad
3097 463 3503 534 paenitendum,
3551 475 3610 520 et
3637 467 3715 522 ad

3595 259 3712 329 872

2111 558 2492 616 lamentandas
2519 567 2684 629 atque
2722 555 3029 612 abluendas
3059 566 3414 626 peccatorum
3449 570 3710 610 meorum

2111 653 2376 706 maculas.
2415 649 2713 705 Concedite
2764 647 2922 711 mihi,
2981 648 3238 715 obsecro,
3283 647 3368 702 vel
3428 647 3714 702 tantillum

2116 751 2354 812 tempus,
2405 751 2465 796 ut
2515 756 2618 812 ego
2669 740 2836 795 vitam
2886 740 2942 794 in
2984 739 3206 796 Christo
3245 740 3433 794 vivere
3479 755 3715 810 queam,

2111 842 2169 888 et
2201 835 2453 888 miserias
2486 841 2704 887 nostras
2733 831 3088 886 miserantem
3141 829 3313 902 magis
3344 829 3707 885 miserantem

2113 923 2373 981 efficiam.
2406 924 2474 980 Et
2500 935 2630 980 tunc
2661 939 2747 979 me
2781 923 2852 978 ab
2884 923 2970 977 his
2992 922 3216 977 caducis
3254 921 3494 987 auferte,
3535 932 3716 992 atque

2115 1018 2394 1073 abducite.
2432 1018 2511 1072 llli
2544 1017 2683 1072 dure
2712 1013 2958 1087 quidem,
2989 1016 3136 1088 juste
3177 1022 3361 1070 tamen
3405 1014 3718 1084 respondeo

2115 1110 2257 1166 bunt
2285 1127 2300 1164 :
2337 1109 2579 1181 Tempus
2608 1107 2734 1165 vitae
2762 1118 2869 1164 tua:
2896 1117 3347 1164 consummatum
3377 1116 3496 1173 est;
3548 1121 3715 1178 egre-

2116 1201 2272 1269 dere,
2303 1201 2479 1258 .ludex
2503 1201 2769 1267 decrevit,
2809 1199 2934 1255 linis
2958 1198 3121 1253 finem
3148 1198 3334 1253 habet.
3361 1198 3600 1254 Necesse
3623 1207 3717 1253 est

2118 1303 2172 1349 te
2225 1293 2507 1349 transire:
2551 1308 2620 1349 ne
2674 1291 2975 1357 cuncteris,
3037 1307 3106 1346 ne
3157 1291 3416 1363 pigreris.
3465 1289 3713 1347 ditatem

2119 1395 2267 1442 tuam
2308 1387 2363 1440 in
2398 1385 2548 1441 omni
2581 1383 2913 1440 remissione
2964 1380 3331 1452 socordiaque
3369 1383 3714 1450 contrivisti,

2119 1477 2296 1534 Vitam
2333 1475 2654 1548 prodegisti,
2679 1464 2856 1529 annos
2883 1482 3007 1528 tuos
3055 1472 3258 1528 frustra
3317 1473 3708 1542 absumpsisti.

2116 1569 2322 1625 Nones
2360 1567 2648 1624 recordata
2690 1565 2816 1621 ﬁnis
2845 1566 2944 1629 tui,
2991 1580 3102 1620 non
3166 1563 3318 1618 hora:
3363 1563 3593 1618 ultimae.
3646 1563 3719 1618 Et

2118 1677 2288 1727 nunc,
2325 1671 2380 1715 ut
2417 1660 2518 1724 ais,
2550 1669 2602 1715 te
2626 1660 2846 1724 horum,
2877 1667 2935 1714 et
2966 1659 3056 1712 vix
3087 1657 3276 1721 etiam,
3305 1656 3556 1726 paenitet.
3597 1657 3716 1710 An—

425 1780 650 1834 buatur.
689 1778 756 1833 Et
793 1793 985 1832 onmes
1034 1785 1219 1831 oratos
1265 1775 1411 1840 volo,
1450 1781 1510 1828 ut
1535 1773 1670 1828 mihi
1709 1773 2015 1844 ignoscant,

2125 1772 2229 1812 non
2261 1755 2508 1826 quotidie
2539 1765 2721 1824 patres
2764 1753 3066 1808 clamantes
3107 1749 3395 1814 audiebas,
3448 1749 3632 1819 qualia
3659 1758 3719 1803 et

425 1879 483 1924 et
520 1878 743 1939 peccata
769 1868 823 1921 in
854 1866 956 1920 hac
992 1864 1291 1935 scriptione
1331 1863 1624 1919 commissa
1654 1861 1967 1916 condoneut
1998 1877 2012 1914 :

427 1958 777 2015 attendentes
805 1958 871 2012 ad
903 1971 1131 2026 scepum
1168 1955 1300 2008 mihi
1337 1953 1683 2025 propositum
1717 1951 2015 2023 praecipue,

427 2067 537 2106 non
569 2050 634 2105 ad
659 2065 722 2106 ea
748 2065 870 2120 quae
897 2050 980 2103 vel
1014 2049 1187 2102 risum
1220 2056 1561 2109 mercantur,
1591 2043 1638 2101 si
1679 2043 1844 2099 modo
1897 2043 2016 2098 ani-

427 2158 641 2198 marum
675 2156 899 2196 suarum
927 2139 1166 2195 fructum
1197 2140 1609 2208 concupiscant.

1032 2253 1264 2310 CAPUT
1295 2253 1414 2308 XX.

433 2369 641 2426 Flebilis
671 2369 979 2424 lamentatio
1013 2376 1059 2420 et
1085 2367 1416 2438 querimonia
1475 2367 1727 2422 adversus
1759 2369 2017 2421 animum.

504 2440 679 2494 Multa
709 2443 772 2493 de
800 2441 982 2493 mutuli
1032 2437 1378 2495 vanitatibus.
1430 2438 1501 2491 De
1538 2449 1772 2492 extremo
1818 2437 2020 2506 judicio

505 2521 553 2564 ct
594 2509 780 2564 ultima
822 2511 940 2562 vitw
964 2511 1116 2562 liora.
1157 2509 1228 2562 De
1249 2509 1442 2563 cwlesti
1475 2509 1725 2578 paradiso
1761 2517 1808 2560 et
1837 2509 2021 2575 inferis

511 2581 960 2636 consideratione:
991 2580 1224 2649 tropica'.

502 2691 644 2758 Quid
674 2691 748 2745 ita
778 2687 980 2745 sedes?
1016 2688 1146 2760 quid
1176 2689 1323 2743 onmi
1348 2703 1480 2744 cura
1512 2689 1714 2744 vacas?
1751 2687 1884 2758 quid
1939 2698 2021 2742 te-

433 2789 545 2836 met
570 2783 643 2834 ita
679 2782 925 2851 negligis,
960 2782 1140 2835 anima
1165 2780 1324 2835 mea?
1349 2780 1628 2851 quomodo
1677 2795 1871 2835 eorum
1903 2795 2024 2849 quae

436 2873 764 2942 insipienter
821 2873 1005 2942 egisti,
1054 2873 1444 2942 Cogitationem
1480 2888 1695 2927 omnem
1733 2871 2025 2943 abjecisti?

435 2957 714 3027 quomodo
744 2959 994 3012 amabilis
1020 2959 1360 3029 poenitentiae
1395 2961 1664 3016 rationem
1693 2961 1898 3016 nullam
1926 2961 2023 3014 ha—

439 3049 642 3104 buisti?
692 3049 978 3117 Quomodo
1033 3067 1142 3106 non
1195 3067 1454 3123 properas
1510 3064 1774 3124 quantum
1832 3062 2021 3125 potes,

441 3141 685 3213 quandiu
720 3142 773 3197 in
808 3141 911 3198 hac
929 3145 1039 3200 vita
1074 3159 1282 3208 manes,
1319 3145 1384 3199 ad
1409 3145 1596 3200 Patres
1630 3147 1946 3216 s‘piritualcs
1965 3157 2020 3202 et

442 3233 656 3289 divinos
690 3235 1016 3305 magistros;
1044 3249 1246 3304 eosque
1268 3250 1412 3302 oras,
1443 3235 1723 3301 obsecras,
1776 3239 2018 3294 obtesta-

439 3325 517 3381 ris
555 3326 796 3389 assidue,
830 3333 886 3380 et
922 3340 1046 3380 cum
1080 3325 1377 3395 gemitibus
1416 3335 1580 3397 atque
1609 3328 1866 3399 lacrvmis
1895 3345 2023 3400 per-

438 3417 736 3478 cunctaris,
766 3430 876 3484 quo
929 3427 1087 3484 pacto
1119 3415 1447 3470 delictorum
1476 3409 1858 3472 remissionem
1896 3435 2024 3488 pos-

440 3505 520 3558 sis
559 3506 834 3569 invenire,
887 3513 941 3558 ct
971 3520 1078 3574 qua
1135 3507 1347 3560 ratione
1387 3515 1466 3559 tot
1513 3515 1800 3577 tantasque
1834 3508 2025 3563 Sordes

436 3593 629 3647 cluas?
654 3592 942 3659 Quomodo
971 3595 1120 3648 hora:
1161 3595 1366 3648 ultima:
1400 3593 1498 3647 tibi
1541 3594 1596 3648 in
1643 3605 1881 3650 mentem
1918 3613 2024 3650 non

440 3684 613 3748 venit,
661 3693 720 3737 et
766 3686 1228 3752 quemadmodum
1268 3684 1448 3740 Judici
1505 3685 2024 3756 onmium_rcspon-

439 3775 606 3830 deas?
625 3775 910 3842 Quomodo
943 3777 1113 3830 oblita
1141 3793 1201 3831 es
1228 3777 1472 3832 studiose
1498 3779 1814 3833 meminisse
1838 3781 2023 3834 novis-

441 3869 708 3921 simorutn
747 3878 990 3932 tuorum,
1032 3879 1085 3924 et
1120 3885 1229 3943 quo
1260 3878 1418 3939 pacto
1451 3869 1670 3924 tandem
1707 3887 1772 3926 ex
1808 3873 1910 3928 hoc
1942 3883 2018 3928 ta-

441 3960 741 4017 bernaculo
774 3963 1088 4018 abeundum
1125 3963 1235 4016 sit?
1277 3961 1467 4027 Multa,
1495 3971 1550 4017 et
1593 3964 1824 4018 nimium
1856 3967 2025 4021 multa

442 4054 633 4118 babes,
669 4070 792 4124 quae
833 4054 886 4107 in
926 4065 977 4108 te
1008 4054 1289 4122 observes,
1334 4062 1391 4109 ct
1425 4055 1704 4125 inspicias.
1752 4056 2025 4126 Polluisti,

439 4147 928 4211 contaminasti,et
956 4147 1205 4202 inutilem
1237 4149 1405 4202 vitam
1441 4157 1587 4203 tuam
1623 4150 1936 4207 reddidisti.
1971 4154 2025 4208 Si

446 4239 612 4306 igitur
644 4236 922 4293 Creatoris
951 4239 1108 4310 jussu
1148 4242 1404 4294 venerint
1425 4241 1626 4311 angeli,
1654 4251 1713 4296 ut
1735 4250 1786 4297 te
1825 4243 1893 4298 ab
1918 4244 2028 4298 his-

439 4344 502 4382 ec
531 4330 797 4398 perituris
831 4330 1064 4384 educant
1098 4341 1154 4385 et
1189 4347 1416 4400 corpore
1440 4334 1743 4398 exsolvant,
1778 4334 1918 4389 heu!
1951 4352 2028 4390 va:

443 4420 544 4516 tibi
587 4419 798 4516 infelix,
825 4421 867 4473 si
903 4432 1015 4473 tum
1051 4421 1173 4475 talis
1209 4424 1506 4490 reperiare,
1551 4424 1728 4492 qualis
1751 4441 1897 4480 nunc
1945 4441 2022 4490 es,
2062 4461 2102 4516 υ

441 4510 580 4564 adeo
614 4509 755 4564 nihil.
785 4511 1046 4575 sollicita,
1081 4511 1219 4564 adeo
1248 4512 1396 4566 vitiis
1426 4511 1631 4573 dedita,
1663 4513 1801 4568 adeo
1833 4517 2024 4583 piacu-

441 4603 510 4664 lis
537 4602 734 4656 obruta
765 4604 778 4656 l
813 4602 1006 4657 Gravis
1037 4603 1405 4673 est.ahruptio
1432 4605 1647 4670 animae,
1697 4606 1877 4675 gravis
1906 4615 2035 4660 tunc

443 4694 715 4749 sentietur
741 4696 1010 4750 tumultus
1040 4714 1053 4748 :
1085 4697 1260 4750 multo
1295 4697 1512 4766 gravius
1537 4696 1643 4750 erit
1671 4696 1863 4750 audire
1890 4711 2037 4750 acer-

444 4785 549 4840 bos
589 4784 714 4840 illos
745 4788 1008 4856 gemitus,
1051 4786 1276 4854 quando
1307 4787 1567 4840 lectulum
1603 4795 1754 4838 tuum
1802 4786 2038 4839 cireum-

441 4884 653 4932 stantes
680 4891 872 4930 omnes
915 4878 991 4930 tui
1045 4879 1264 4944 fratres,
1303 4879 1542 4948 cognati,
1580 4887 1783 4948 patres,
1827 4876 2032 4932 contri-

441 4968 623 5036 bules,
643 4969 876 5034 ﬂebunt,
912 4972 1218 5041 ejulahunt,
1245 4971 1530 5041 lugebunt,
1557 4971 2024 5038 lamentabuutur,

442 5071 737 5117 cernentes
795 5063 922 5116 hinc.
981 5064 1132 5116 nulla
1178 5078 1272 5132 spe
1348 5061 1558 5117 reditus
1633 5061 2027 5118 discedendum

444 5171 586 5211 esse.
635 5158 703 5212 Et
759 5159 940 5212 omnia
995 5159 1110 5212 ha-e
1151 5159 1363 5213 videbis
1397 5159 1641 5228 quidem,
1673 5168 1727 5212 et
1779 5163 2028 5228 ploratus

443 5249 656 5316 audies,
691 5253 868 5307 oculis
899 5255 1166 5323 corporis,
1200 5262 1254 5308 et
1281 5253 1462 5308 cordis
1493 5253 1744 5308 fortasse.
1791 5254 1908 5308 Non
1945 5262 2024 5306 ta-

444 5355 570 5394 men
598 5342 781 5412 lingua
807 5343 1044 5398 arefacta
1081 5345 1256 5416 loqui,
1296 5359 1394 5399 nec
1430 5343 1807 5409 famidarium,
1845 5355 1901 5398 et
1939 5360 2029 5398 ne-

443 5433 806 5487 cessariorum
830 5435 1038 5492 luetum
1066 5435 1338 5491 consolari
1369 5436 1614 5504 poteris:
1653 5432 1748 5490 scd
1775 5433 2027 5489 obtutum

448 5524 503 5576 in
535 5524 667 5578 solis
707 5526 914 5596 angelis
953 5528 1191 5584 defixum
1225 5527 1477 5594 habebis,
1523 5535 1578 5582 et
1608 5525 1751 5596 apud
1785 5527 2030 5583 animum

524 5721 573 5752 "
607 5720 750 5775 Psal.
783 5735 936 5791 exrv,
972 5727 1026 5778 4.

2122 1856 2324 1918 quanta
2351 1856 2474 1917 post
2508 1854 2740 1900 mortem
2772 1841 3100 1899 evenirent?
3124 1841 3248 1897 Non
3283 1841 3529 1904 videbas,
3567 1856 3717 1910 quo-

2122 1937 2256 1995 tidie
2283 1937 2412 1992 hinc
2431 1937 2784 2007 emigrantes,
2817 1934 3056 2001 adultos,
3109 1933 3508 1997 adolescentes,
3551 1939 3718 1985 atate

2121 2031 2402 2096 florentes,
2445 2044 2640 2084 omnes
2692 2027 2972 2098 denique?
3021 2027 3091 2082 Et
3135 2024 3418 2096 quomodo
3466 2033 3711 2078 mentem

2121 2141 2232 2179 non
2257 2122 2519 2177 mutasti?
2541 2120 2816 2191 quomodo
2847 2119 3134 2174 recordata
3153 2117 3387 2172 nones?
3416 2116 3716 2181 Vadamus,

2122 2219 2326 2274 cursim
2353 2218 2635 2280 abeamus,
2681 2213 2831 2269 nulla
2889 2215 3052 2269 datur
3093 2211 3534 2284 procrastinatio.
3589 2209 3718 2264 Cito

2123 2326 2379 2380 sequere,
2405 2323 2568 2379 perge
2595 2306 2664 2360 ad
2691 2306 3032 2361 Creatorem.

2199 2402 2337 2454 Tum
2371 2401 2554 2454 carnis
2585 2399 2770 2470 hujus,
2797 2407 2852 2452 et
2875 2398 3252 2452 membrorum
3307 2406 3363 2451 et
3416 2411 3712 2458 venarum,

2125 2491 2484 2560 onmiumque
2503 2503 2828 2558 compagum
2846 2487 3080 2542 nexibus
3103 2488 3374 2542 violenter
3389 2487 3716 2553 exsolvcris,

2125 2594 2189 2632 ac
2212 2593 2427 2633 summo
2451 2592 2576 2630 eum
2616 2577 2844 2630 horrore
2882 2575 3191 2630 abduccris.
3224 2575 3358 2642 Quis
3418 2583 3550 2630 tunc
3604 2577 3714 2630 erit

2126 2686 2323 2725 sensus
2354 2669 2523 2724 tuus?
2553 2685 2676 2738 qua:
2707 2668 3013 2739 cogitatio?
3045 2667 3165 2722 Non
3193 2676 3324 2721 tunc
3360 2667 3571 2731 uxoris,
3601 2682 3714 2721 non

2128 2765 2364 2818 filiorum
2386 2761 2492 2817 ulla
2514 2761 2724 2818 subibit
2743 2761 3027 2826 memoria,
3049 2776 3172 2816 cum
3189 2759 3476 2830 perierint,
3502 2768 3562 2813 ut
3577 2759 3715 2814 dicit

2129 2854 2502 2926 Scriptura",
2540 2865 2596 2911 et
2630 2855 2995 2926 cog'tationes
3031 2864 3177 2908 totae.
3213 2851 3489 2908 iudicium
3528 2853 3712 2908 solum

2133 2946 2494 3013 horrendum,
2518 2945 2793 3016 judicium
2822 2943 3191 3009 tremendum,
3215 2941 3363 3012 quod
3387 2951 3582 2998 contra
3601 2955 3655 2998 te
3681 2957 3712 2996 a

2130 3039 2324 3094 Judice
2345 3036 2669 3110 proferetur.
2691 3035 2921 3092 Ubinam
2943 3044 3071 3088 tunc
3090 3033 3486 3104 possessiones,
3506 3032 3598 3088 ubi
3619 3048 3715 3103 pe-

2127 3134 2305 3188 conia:
2333 3143 2389 3187 et
2409 3130 2633 3196 divitia},
2693 3129 2785 3185 ubi
2816 3144 3010 3199 genus,
3036 3129 3129 3182 ubi
3155 3129 3377 3194 fratres,
3406 3127 3498 3181 ubi
3526 3126 3623 3182 filii
3659 3138 3715 3182 et

2125 3227 2344 3300 patres?
2360 3226 2532 3282 Nemo
2555 3235 2684 3280 tunc
2704 3232 2989 3294 patronus,
3018 3205 3247 3294 prorsus
3265 3236 3427 3277 nemo
3450 3221 3714 3276 liberator

2125 3322 2432 3394 apparebit.
2461 3321 2582 3377 Non
2609 3320 2722 3376 illic
2741 3335 2994 3374 escarum
3014 3317 3413 3388 potionumque
3437 3314 3709 3370 varietas:

2126 3429 2236 3469 non
2265 3413 2540 3483 exquisita
2573 3411 2949 3474 condimenta,
2983 3425 3090 3463 non
3121 3409 3260 3471 coci,
3287 3421 3713 3476 mensarumque

2127 3503 2308 3569 luxus,
2323 3520 2432 3556 non
2452 3501 2781 3572 voluptates,
2801 3516 2908 3554 non
2930 3499 3040 3553 vita
3059 3497 3306 3552 tnollisct
3323 3496 3522 3563 soluta,
3539 3496 3714 3551 otiosa

2125 3593 2472 3658 etdelicata;
2504 3609 2614 3648 non
2645 3591 3046 3647 elaboratiores
3079 3599 3297 3655 cantus,
3320 3597 3375 3644 et
3396 3589 3598 3643 choros
3621 3587 3717 3642 du-

2126 3685 2368 3739 cendum
2396 3687 2640 3756 plausus,
2672 3701 2768 3755 per
2793 3699 2918 3753 qua:
2954 3683 3140 3737 omnia
3177 3681 3367 3736 mundi
3414 3681 3582 3751 hujus
3619 3696 3713 3736 va-

2128 3775 2328 3830 nitates
2354 3792 2701 3831 exercemus.
2761 3773 2956 3830 Omnia
2991 3791 3139 3828 mera
3188 3783 3318 3828 sunt
3359 3772 3628 3835 ludibria,
3659 3787 3713 3828 et

2127 3880 2188 3925 ιιι
2219 3870 2493 3925 somnium
2526 3877 2886 3932 evanescunt,
2945 3877 3111 3937 atque
3161 3867 3334 3921 instar
3385 3865 3634 3935 pulveris
3684 3880 3714 3918 a

2132 3961 2351 4014 turbine
2417 3971 2640 4030 repente
2697 3959 3058 4028 dissipantur.
3095 3957 3237 4024 Quid
3287 3967 3400 4011 tum
3449 3956 3716 4026 profuerit

2131 4057 2229 4110 tibi
2262 4055 2492 4123 Corpus?
2523 4052 2653 4122 quid
2689 4067 2846 4106 amor
2880 4062 2936 4106 et
2959 4067 3090 4106 cura
3139 4050 3360 4106 carnis?
3396 4051 3572 4116 Quam
3611 4052 3712 4105 etsi

2131 4147 2311 4202 studio
2339 4145 2602 4214 singulari
2649 4144 2988 4209 confoveris,
3031 4142 3394 4198 nihilominus
3438 4143 3492 4195 in
3526 4144 3712 4212 sepul-

2131 4255 2226 4296 cro
2258 4247 2543 4310 putrcsect
2568 4246 2623 4292 et
2677 4245 3089 4308 corrumpetur,
3117 4247 3176 4291 ct
3216 4236 3271 4290 in
3299 4237 3581 4306 pulverem
3629 4234 3712 4288 ni-

2131 4334 2207 4387 hil
2233 4332 2564 4386 sentientem
2605 4330 2916 4399 redigetur,
2951 4337 3001 4383 te
3026 4343 3159 4383 vero
3190 4327 3349 4382 dolor
3397 4343 3509 4382 non
3562 4327 3715 4382 dese-

2133 4433 2236 4479 ret.
2268 4425 2421 4494 lmpu
2447 4424 2544 4478 :ice
2574 4423 2854 4493 aspexisti,
2879 4421 3084 4478 coloris
3112 4422 3384 4476 suavitate
3413 4430 3607 4489 captus
3633 4435 3710 4475 cs.

2135 4515 2344 4585 Lingua
2379 4524 2434 4570 et
2491 4532 2554 4569 os
2591 4526 2742 4569 tuum
2777 4513 3128 4568 contumeliis
3159 4521 3457 4576 vacarunt;
3493 4512 3711 4565 aurium

2135 4607 2388 4662 fenesme
2446 4608 2681 4677 impuris
2729 4606 3110 4660 auditionibUs
3160 4613 3480 4675 patuerunt.
3529 4603 3717 4657 Manus

2139 4708 2242 4754 tuae
2272 4699 2339 4754 ad
2396 4699 2503 4753 vim
2555 4710 2608 4752 et
2666 4700 2938 4768 rapinam,
2997 4698 3062 4752 ad
3115 4697 3537 4767 proximumque
3601 4696 3715 4748 sine

2136 4806 2300 4847 causa
2349 4792 2674 4862 pulsandum
2729 4801 2963 4846 CXlL‘lllil:
3021 4792 3262 4844 luerunt.
3308 4788 3482 4842 Pedes
3509 4787 3589 4840 tui
3649 4787 3712 4840 ad

2139 4898 2308 4952 Opera
2336 4882 2564 4945 nefaria,
2597 4883 2661 4934 ad
2702 4882 2992 4935 inhonesta
3017 4878 3352 4948 spectacula,
3405 4878 3473 4931 ad
3509 4892 3716 4946 pugnas

2139 4987 2194 5030 et
2217 4976 2491 5047 nequitias
2521 4984 2947 5030 concurrerunt.
2979 4973 3138 5028 Nunc
3166 4983 3220 5026 te
3241 4972 3465 5040 quidem
3512 4970 3714 5040 premit

2138 5067 2503 5137 lacrymarum
2541 5066 2700 5135 plena
2769 5065 3089 5128 necessitas,
3131 5073 3187 5118 ct
3225 5076 3428 5131 corpus
3477 5061 3715 5131 putrefa-

2138 5169 2288 5214 ctum
2323 5159 2606 5213 vermibus
2641 5167 2833 5212 scatet.

2198 5251 2332 5317 Quis
2358 5253 2442 5306 vel
2482 5267 2666 5306 sermo
2701 5251 2994 5320 exprimet,
3038 5250 3123 5304 vel
3154 5248 3468 5304 intellectus
3500 5245 3712 5301 tandem

2127 5347 2327 5416 capiet,
2379 5362 2541 5417 quam
2572 5347 2935 5400 calamitatem
2967 5345 3280 5400 necessario
3321 5342 3611 5398 subiturus
3635 5355 3711 5403 es,

2129 5440 2351 5510 quando
2405 5437 2634 5492 instabit
2695 5451 2725 5492 a
2782 5451 3018 5508 corpore
3072 5434 3390 5506 separatio?
3435 5433 3714 5488 Daauioues

2133 5528 2274 5583 male
2305 5526 2485 5581 feriati
2513 5540 2640 5581 cum
2665 5526 2904 5582 tumultu
2930 5524 3244 5590 advenient,
3274 5521 3642 5592 chirographa
3665 5527 3712 5571 et
