4088 6214
359 296 467 358 873

1795 293 2150 356 DlOP'l‘RA.

3499 302 3607 367 874

350 415 699 477 peccatorum
733 418 958 460 acervo:
989 411 1363 474 apportantesv.
1390 404 1580 474 Angeli
1609 404 1923 458 humaniter
1948 407 1998 466 Λ
2025 418 2190 473 quam
2240 403 2551 458 mansiones
2606 403 2727 458 illas
2774 419 2968 460 omnes
3017 409 3473 478 pertransiveris,
3519 433 3612 472 ex.

351 516 416 555 ea
469 515 568 570 per
604 487 864 552 trutinam
919 495 1338 562 examinabunt,
1387 497 1593 566 quibus
1650 497 1926 550 dtemones

347 591 603 662 graviora
633 598 720 643 tua
745 589 976 642 crimina
1007 588 1292 657 adjicient.
1326 587 1381 642 Si
1408 588 1628 657 jurasti,
1651 589 1696 641 si
1719 588 1922 641 furtum

352 683 554 748 fecisti,
608 683 655 736 si
691 681 1020 736 calumniam
1073 679 1346 743 struxisti,
1401 680 1446 733 si
1481 679 1846 734 scortationes
1871 687 1927 732 et

351 775 619 830 adulteria
641 773 990 843 perpetrasti,
1023 772 1066 825 si
1099 787 1324 826 aversus
1345 771 1656 841 impudicus
1680 769 1851 830 fuisti,
1880 768 1926 822 si

350 876 404 922 te
425 883 590 937 supra
618 867 817 920 fratres
839 865 1103 927 extulisti,
1135 865 1179 918 si
1208 875 1399 918 contra
1422 865 1630 918 amicos
1661 863 1925 916 mentitus

347 974 429 1014 es.
455 959 652 1014 Totum
673 957 911 1026 denique
929 966 984 1010 et
1001 954 1324 1024 simpliciter
1341 965 1686 1024 peccatorum
1705 964 1924 1008 tuorqu

346 1051 657 1119 catalogum
677 1064 768 1102 seu
798 1049 977 1102 sciens
1017 1063 1112 1102 seu
1146 1047 1416 1111 nesciens,
1446 1061 1541 1100 seu
1568 1045 1810 1100 sentiens
1831 1060 1925 1098 seu

354 1158 467 1195 non
495 1143 739 1195 sentiens
764 1139 854 1192 illa
882 1139 1246 1193 commiseris.
1273 1138 1329 1192 ln
1352 1139 1596 1193 humeris
1611 1137 1925 1208 gestabuut,

352 1243 412 1286 et
444 1229 813 1299 apportabunt
837 1228 1021 1281 omnia
1063 1227 1329 1290 malefice,
1360 1226 1830 1294 festinabuntque,
1867 1235 1927 1278 ut

346 1324 638 1378 hominum
671 1320 838 1375 exitio
867 1320 1134 1382 laetantes,
1172 1328 1230 1372 ct
1263 1333 1394 1371 num
1425 1326 1774 1387 peccatorum
1799 1316 1922 1369 lanx

347 1414 609 1468 deorsum
643 1420 851 1481 vergat,
884 1411 1282 1465 observabant.
1316 1409 1450 1462 Boni
1483 1423 1614 1462 vero
1642 1407 1819 1476 angeli
1870 1407 1926 1460 in

346 1505 573 1559 alteram
610 1503 821 1556 lancem
849 1500 1061 1555 decenti
1100 1499 1282 1567 specie
1323 1499 1495 1552 bonas
1539 1497 1784 1552 actiones
1826 1497 1927 1550 itu-

343 1605 571 1664 ponent.
605 1594 811 1662 Nempc
835 1592 880 1646 si
912 1591 1229 1645 misericors
1255 1589 1403 1644 fuisti
1431 1607 1445 1656 ;
1471 1590 1515 1644 si
1543 1588 1804 1642 fratribus
1832 1605 1926 1658 pe-

344 1687 564 1757 percisti
589 1701 604 1749 ;
626 1685 672 1740 si
707 1685 832 1738 cibo
854 1699 948 1738 esu
961 1683 1192 1737 rientem
1218 1682 1498 1747 refecisti;
1526 1682 1570 1735 si
1595 1681 1800 1736 sitienti
1829 1697 1924 1750 po-

2032 494 2305 557 sultabis,
2356 496 2690 565 voluptatem
2747 498 3023 568 justorum
3081 501 3341 570 intuens,
3389 517 3446 562 et
3516 523 3612 566 eo-

2031 603 2151 640 rum
2205 587 2618 642 contnbernalis
2665 591 2926 659 appellari
2987 593 3352 661 desiderabis,
3423 617 3614 669 preca-

2029 679 2286 743 herisquc
2321 679 2490 734 duces
2521 682 2763 750 angelos,
2796 684 2982 739 omnia
3033 685 3129 740 tibi
3177 702 3612 749 commonstran-

2010 781 2133 843 gtes.
2164 780 2220 824 et
2252 787 2344 840 per
2378 771 2495 824 loca
2520 771 2723 834 lucida,
2749 781 2804 824 et
2830 773 3144 839 viridantia,
3168 787 3226 832 et
3249 778 3610 840 felicitatibus

2028 862 2294 914 scatcnlia
2327 860 2826 928 circumducentes,
2854 874 2909 918 ct
2957 865 3153 922 timore
3184 869 3387 926 latitia:
3446 876 3609 930 misto

2030 951 2218 1005 dices:
2258 950 2434 1005 Sinite
2465 967 2572 1017 me,
2616 953 2850 1020 domini,
2880 971 3004 1011 cum
3035 959 3120 1014 his
3141 976 3383 1026 manere,
3420 967 3608 1032 sinite,

2029 1057 2236 1110 quaeso,
2271 1050 2328 1097 et
2371 1046 2596 1112 gratiam
2621 1061 2720 1115 pro
2753 1049 2924 1117 gratia
2959 1050 3194 1106 debebo.
3226 1053 3324 1108 Ast
3356 1055 3606 1127 illijuxta

2032 1135 2347 1186 mandatum
2388 1132 2574 1199 Verbi,
2601 1147 2658 1190 et
2681 1135 3005 1204 Salvatoris,
3042 1141 3085 1194 si
3115 1141 3334 1208 idonea,
3367 1157 3422 1201 et
3445 1163 3603 1217 pura,

2030 1233 2086 1278 et
2110 1223 2273 1294 digna
2297 1225 2486 1290 fueris,
2521 1237 2834 1284 consortem
2859 1241 2916 1285 et
2955 1234 3401 1290 contubernalem
3444 1249 3496 1293 te
3521 1241 3612 1310 ju-

2032 1329 2243 1404 STorum
2307 1317 2529 1383 facient,
2561 1329 2614 1374 cl.
2663 1322 2809 1390 quod
2857 1324 2954 1378 tibi
2987 1326 3313 1385 confirmare
3360 1346 3606 1400 possum,

2030 1422 2157 1462 cum
2213 1409 2322 1464 illis
2387 1411 2552 1480 deges
2592 1422 2648 1467 et
2673 1413 2964 1470 laetaberis.
3001 1417 3068 1472 Et
3120 1419 3236 1476 haec
3283 1423 3503 1492 quidem
3563 1426 3610 1481 si

2031 1501 2261 1556 meliora
2291 1503 2534 1572 pondere
2561 1504 2817 1560 vicerint.
2864 1505 2920 1562 Si
2955 1517 3138 1564 autem
3189 1514 3432 1581 gravitas
3471 1516 3612 1571 deli-

2033 1603 2251 1650 ctorum
2295 1595 2508 1651 lancem
2564 1597 2825 1654 deorsum
2888 1604 3133 1667 traxerit,
3167 1614 3280 1660 tum
3330 1608 3610 1678 principes

2031 1686 2410 1753 tenebrarum,
2469 1698 2526 1743 et
2575 1691 2737 1747 bonis
2797 1692 3108 1751 invidentes
3143 1697 3495 1767 impudenter
3554 1711 3610 1756 te

345 1790 461 1834 tum
483 1779 787 1850 praebuisti;
811 1777 854 1831 si
887 1775 1094 1829 nudum
1119 1774 1321 1844 quibus
1343 1774 1569 1843 potuisti
1599 1773 1928 1844 tegumentis
1963 1757 2000 1810 Β
2030 1777 2329 1848 abripiem,
2361 1789 2417 1834 et
2461 1783 2726 1837 audacter
2759 1784 2826 1838 ad
2887 1786 3095 1842 ίηίθι-οε
3151 1757 3496 1846 εδξιτθὴεηι.
3531 1792 3610 1847 Ac

341 1872 609 1943 operuisti
636 1887 652 1936 ;
688 1869 734 1924 si
765 1868 971 1924 carceri
1000 1867 1287 1921 mandatos
1317 1873 1374 1918 et
1399 1875 1634 1934 regrotos
1667 1865 1922 1930 invisisti;

340 1969 390 2023 si
425 1963 747 2036 peregrinos
776 1971 831 2016 et
864 1961 1106 2030 hospitio
1139 1967 1392 2013 carentes
1427 1957 1482 2010 in
1513 1956 1659 2010 aedes
1691 1966 1812 2010 tuas
1843 1957 1924 2009 in.

341 2058 583 2121 duxisti;
619 2055 664 2110 si
701 2053 1036 2124 pauperibus
1085 2059 1142 2106 et
1187 2049 1480 2120 egentibus
1527 2064 1684 2118 opem
1737 2047 1925 2101 attuli-

340 2149 445 2214 sti;
481 2149 526 2202 si
571 2146 722 2201 aliud
772 2141 1134 2197 humanitatis
1163 2140 1406 2194 officium
1457 2139 1770 2192 humaniter
1803 2138 1923 2192 cui-

341 2241 486 2309 piam
509 2235 831 2307 praestitis“.
861 2232 986 2288 llaec
1013 2241 1066 2287 te
1091 2231 1145 2285 in
1175 2231 1310 2285 hora
1331 2239 1575 2284 extrema
1600 2227 1921 2283 tuebuntur.

337 2328 570 2396 Quando
599 2327 767 2394 igitur
801 2325 1046 2378 actiones
1077 2333 1199 2378 tuas
1227 2323 1282 2376 in
1314 2320 1558 2375 medium
1592 2318 1924 2389 protulerint

344 2419 603 2490 profanas
635 2416 859 2486 quidem
888 2415 1187 2480 dauuones,
1206 2411 1385 2483 angeli
1411 2422 1594 2466 autem
1619 2413 1811 2478 bonas,
1841 2412 1925 2465 lu-

340 2511 453 2566 cidi
507 2510 740 2574 lucidas,
785 2507 1066 2562 tenebrosi
1104 2505 1478 2567 tenebrarum,
1518 2513 1576 2558 et
1627 2503 1696 2558 iis
1737 2504 1926 2558 lances

339 2602 713 2664 oneraverint,
775 2609 1031 2653 utrorum
1082 2612 1210 2667 pars
1246 2594 1766 2666 pmponderaverit,
1802 2594 1925 2647 illos

339 2695 593 2764 voluptas
615 2700 672 2747 et
695 2691 954 2762 gaudium
988 2690 1246 2749 incesset,
1273 2695 1531 2756 tanquam
1555 2686 1796 2740 victores
1815 2684 1924 2738 sci-

339 2787 492 2850 licet,
540 2793 597 2839 et
625 2783 759 2838 victi
791 2780 1270 2837 contristabuntur
1323 2777 1830 2840 vehementissime,
1863 2786 1922 2831 ut

340 2889 613 2934 testantur
637 2874 941 2946 Gregorius
978 2874 1262 2928 Romanus
1300 2872 1355 2925 in
1378 2871 1639 2941 Dialogis,
1668 2886 1924 2942 magnus~

335 2986 447 3041 que
499 2980 556 3025 et
587 2967 922 3024 omnimodis
957 2981 1207 3038 magnus,
1242 2973 1298 3021 et
1353 2964 1576 3020 divinus
1627 2965 1917 3026 Antonius,

2027 1869 2267 1938 primum
2296 1869 2520 1939 quidem
2560 1883 2960 1929 tormentorum
2992 1877 3138 1938 loca,
3170 1880 3430 1936 tenebras
3451 1890 3612 1936 exte-

2027 1958 2222 2025 riores,
2251 1969 2308 2016 et
2336 1962 2552 2032 pejores
2602 1963 2859 2019 omnibus
2891 1967 3152 2031 tenebris,
3207 1984 3447 2024 vermem
3475 1971 3614 2026 irre-

2027 2052 2300 2120 quietum,
2357 2053 2604 2108 dolorem
2661 2072 2944 2125 nunquam
3001 2058 3327 2125 ﬁniendum,
3377 2063 3607 2116 ﬂuvium

2028 2141 2270 2211 igneum,
2293 2143 2620 2211 supplicium
2643 2144 2926 2213 gehennae,
2949 2149 3241 2216 strepitum
3285 2151 3610 2205 stridorem-

2026 2248 2134 2304 que
2184 2233 2435 2288 dentium
2485 2235 2799 2291 ostendent.
2861 2235 3057 2293 Omnia
3113 2240 3272 2310 plena
3346 2243 3606 2308 ululatus,

2027 2323 2187 2392 plena
2213 2325 2514 2379 cruciatus.

2097 2415 2228 2483 Qua:
2251 2417 2454 2481 oratio,
2481 2432 2603 2487 quae
2625 2418 2845 2473 dicendi
2876 2419 3106 2475 facultas
3146 2421 3426 2478 declarare
3455 2434 3612 2494 pote-

2026 2508 2119 2570 rit,
2151 2525 2272 2578 qua:
2323 2510 2389 2562 ad
2437 2509 2702 2578 supplicia
2737 2520 3090 2578 peccatorum
3136 2513 3432 2581 pertinent,
3459 2531 3610 2584 qua:-

2026 2615 2131 2668 que
2156 2599 2222 2652 ad
2274 2614 2465 2668 paruas
2493 2609 2549 2654 et
2598 2600 2927 2655 alllictioncs
2957 2616 3148 2655 eorum
3210 2612 3396 2672 parata
3433 2607 3610 2661 sunt?

2025 2691 2104 2745 lbi
2125 2691 2372 2760 ploratus
2399 2691 2792 2760 sempiternus,
2820 2692 2892 2746 ibi
2918 2693 3109 2762 ingens
3140 2695 3479 2753 lamentatio.
3504 2698 3610 2752 La-

2026 2782 2427 2836 mentabuntur
2475 2782 2772 2846 incassum,
2801 2783 3253 2839 vociferabuntur
3314 2786 3604 2844 inutiliter.

2024 2875 2221 2928 Pereat
2269 2872 2410 2936 dies,
2447 2873 2762 2926 eiamabunt
2800 2873 2870 2936 ³⁸,
2925 2888 3030 2942 qua
3065 2874 3118 2927 in
3175 2875 3342 2930 vitam
3401 2876 3608 2934 frustra

2025 2965 2252 3036 ingressi
2284 2979 2498 3019 sumus.
2524 2963 2871 3019 Poenitudine
2899 2964 3136 3034 capieris
3194 2975 3250 3020 tu
3283 2982 3525 3037 quoque,
3551 2978 3610 3025 et

339 3063 721 3132 magistrorum
757 3059 1254 3116 reverendissimus
1303 3068 1358 3114 et
1379 3067 1694 3113 sanctorum
1725 3057 1914 3112 decus.
1946 3089 1988 3146 ϐ
2020 3056 2219 3112 acerbe
2243 3054 2529 3122 clamabis,
2559 3055 2675 3109 lleu
2701 3055 2806 3110 heu
2836 3056 2848 3109 !
2882 3057 3078 3111 misera
3103 3065 3158 3110 et
3189 3056 3377 3112 infelix
3422 3059 3607 3114 anima

410 3156 469 3212 Si
504 3157 672 3227 igitur
700 3155 971 3224 benignus
1003 3165 1058 3207 et
1117 3152 1432 3206 misericors
1491 3153 1636 3206 Deus
1676 3160 1826 3216 tunc,
1887 3167 1920 3203 ο

336 3248 543 3311 anima,
580 3246 944 3301 humilitatem
999 3253 1145 3299 tuam
1191 3243 1414 3305 viderit,
1469 3243 1761 3297 vincentur
1810 3241 1922 3295 dte-

339 3355 551 3404 mones,
584 3339 935 3401 erubescent,
970 3335 1289 3396 abscedent,
1345 3333 1636 3404 angelique
1682 3333 1923 3386 victores

338 3427 707 3484 libentissime
739 3435 792 3479 te
825 3424 1120 3492 accipient,
1151 3431 1207 3475 et
1244 3420 1567 3490 gaudentes,
1600 3434 1700 3487 pro
1771 3431 1921 3469 more

341 3523 397 3576 in
428 3522 584 3576 sedes
625 3517 892 3573 :ethereas
942 3513 1200 3567 inferent.
1240 3509 1488 3564 invenies
1532 3518 1590 3561 et
1645 3505 1924 3574 principes

342 3613 766 3682 publicanorum
818 3606 876 3659 in
922 3603 1130 3666 medio,
1193 3608 1490 3662 tentantes,
1549 3597 1919 3660 retrahentes,

341 3703 540 3758 acerbe
581 3701 879 3770 exigentes,
919 3695 1357 3760 manifestorum,
1383 3691 1837 3760 occultorumque
1867 3699 1924 3744 et

320 3793 588 3847 omnium
621 3791 844 3845 ultores.
863 3787 926 3841 lli
955 3796 1084 3841 sunt
1105 3783 1326 3855 superbi
1365 3797 1567 3847 mores,
1599 3781 1806 3845 odium,
1837 3779 1921 3832 in-

339 3885 508 3939 vidia.
544 3883 830 3937 Rationem
858 3889 1150 3950 reposcent
1182 3876 1389 3941 miseri,
1450 3885 1508 3930 ct
1560 3875 1626 3929 ad
1680 3873 1922 3929 calculos

340 3975 617 4029 vocabunt
646 3973 852 4035 omnia,
883 3970 1047 4039 idque
1078 3968 1254 4022 donec
1282 3966 1348 4020 ad
1378 3974 1565 4036 portas
1585 3964 1707 4018 caeli
1728 3977 1923 4032 perve-

345 4067 514 4121 neris.
547 4066 840 4133 Postquam
869 4062 1089 4116 turbam
1106 4060 1302 4113 horum
1323 4055 1765 4110 adversariorum
1779 4053 1922 4107 ellu-

340 4158 508 4230 geris,
564 4165 622 4212 ct
665 4155 731 4210 ad
785 4155 1169 4223 incorruptum
1207 4148 1456 4203 Judicem
1515 4146 1919 4214 hominumque

343 4259 496 4304 tuum
528 4247 846 4312 accesseris,
879 4243 1193 4314 procidens,
1247 4239 1488 4308 legitime
1525 4238 1676 4291 illum
1718 4237 1918 4291 adora-

343 4340 449 4394 bis.
489 4341 617 4394 lnde
644 4337 832 4392 divino
881 4335 1174 4390 accedente
1208 4332 1487 4394 mandato,
1544 4337 1834 4399 postquam
1863 4336 1920 4381 et

2024 3163 2143 3202 mea
2164 3149 2177 3201 l

2095 3241 2196 3296 Ubi
2241 3241 2557 3296 felicitatem
2580 3249 2639 3295 et
2688 3241 3059 3296 cruciamenta
3086 3243 3478 3312 suppliciorum
3503 3287 3517 3310 ,
3547 3254 3607 3300 et

2023 3331 2206 3384 omnia
2227 3346 2346 3396 quae
2367 3339 2496 3382 sunt
2515 3329 2760 3392 luminis,
2786 3338 2844 3382 et
2861 3344 2982 3397 quae
3006 3331 3354 3384 tenebrarum
3376 3333 3601 3398 videris,

2024 3421 2243 3474 tandem
2272 3421 2326 3473 in
2361 3419 2481 3474 loco
2509 3435 2538 3473 a
2560 3419 2708 3489 justo
2751 3417 2943 3473 Judiee
2975 3419 3074 3473 tibi
3109 3420 3334 3474 definito
3365 3430 3416 3475 te
3467 3438 3606 3477 con-

2024 3513 2280 3578 Stituent,
2313 3512 2367 3565 iu
2390 3527 2499 3581 quo
2529 3511 2781 3565 ultimum
2816 3512 3063 3566 omnium
3089 3527 3342 3579 examen,
3373 3523 3428 3569 et
3455 3530 3608 3570 com-

2024 3617 2246 3658 munem
2271 3603 2516 3657 omnium
2553 3602 3036 3668 resurrectionem,
3067 3604 3344 3674 vitamque
3377 3614 3433 3659 et
3450 3607 3604 3675 judi-

2023 3693 2169 3747 cium
2193 3691 2562 3762 chpectabis.
2590 3692 2745 3746 Tunc
2780 3692 2908 3747 tuba
2953 3693 3254 3749 clarissime
3305 3705 3490 3760 canet,
3542 3707 3606 3754 ut

2022 3785 2350 3840 exaudiatur
2377 3785 2446 3839 ah
2495 3785 2772 3848 omnibus,
2831 3786 2959 3840 tuba
2991 3785 3290 3853 insonabit,
3322 3795 3378 3843 et
3410 3803 3605 3845 omnes

2022 3874 2190 3931 veluti
2220 3876 2472 3931 concussi
2505 3876 2666 3930 simul
2717 3885 3024 3946 resurgent.
3059 3876 3313 3932 Reddent
3345 3886 3491 3934 terra
3546 3891 3604 3935 et

2021 3981 2172 4019 mare
2200 3965 2468 4036 quidquid
2489 3965 2694 4020 habent
2716 3966 2782 4029 ",
2807 3974 3076 4034 quotquot
3091 3968 3200 4035 jam
3222 3966 3348 4021 inde
3372 3968 3440 4021 ab
3465 3969 3602 4023 orbe

2022 4057 2248 4111 condito
2278 4057 2529 4110 homines
2555 4065 2912 4123 acceperunt,
2969 4071 3066 4108 seu
3099 4056 3186 4108 leo
3215 4054 3341 4109 illos
3374 4055 3603 4110 devora-

2024 4149 2120 4211 vit,
2148 4163 2244 4202 seu
2279 4148 2541 4217 pardalis,
2570 4161 2666 4200 seu
2699 4155 2877 4208 cetus,
2913 4160 3009 4199 seu
3044 4144 3233 4212 draco,
3267 4161 3364 4200 seu
3411 4148 3596 4217 lupus,

2021 4256 2117 4295 scu
2154 4241 2326 4302 canis,
2353 4255 2450 4292 seu
2491 4238 2639 4292 aliud
2674 4239 2945 4290 marinum
3003 4247 3335 4294 terrestreve
3361 4239 3593 4296 animal.

2020 4331 2211 4397 Quivis
2239 4330 2402 4384 homo
2443 4330 2755 4393 reviviscet,
2789 4329 2998 4383 domini
3034 4340 3089 4385 et
3117 4331 3326 4398 famuli,
3358 4333 3597 4398 nobiles,

341 4429 698 4498 voluptatem,
731 4435 788 4481 et
838 4424 1119 4480 cruciatus
1146 4421 1488 4492 cognoveris,
1524 4429 1804 4489 acceptam
1862 4427 1913 4471 te
1948 4430 1991 4485 ι)
2022 4418 2295 4481 honorati,
2320 4433 2512 4472 omnes
2537 4418 2778 4488 dynastae
2805 4429 2863 4471 et
2895 4421 3192 4489 principes.
3239 4423 3513 4492 teparcha-
3542 4434 3600 4479 et

341 4521 636 4582 adducent,
673 4527 726 4573 et
763 4517 977 4571 videbis
1008 4530 1129 4584 qua:
1159 4513 1390 4575 videbis,
1456 4513 1638 4566 locum
1673 4510 1917 4581 splendi-

341 4613 651 4677 dissimum,
683 4610 907 4665 ordines
939 4617 1280 4671 sanctorum,
1324 4605 1624 4666 Abraham,
1659 4603 1810 4658 Isaac
1862 4612 1919 4657 et

339 4704 530 4766 Jacob,
559 4703 817 4758 sedentes
851 4701 906 4754 in
953 4699 1124 4770 gloria
1155 4711 1368 4762 ou'mes,
1421 4697 1629 4760 Patres,
1677 4703 1732 4749 et
1789 4703 1918 4746 ante

341 4795 512 4865 legem
548 4802 606 4847 et
630 4803 755 4862 post
777 4792 974 4861 legem,
1005 4802 1061 4843 et
1094 4797 1364 4858 quotquot
1397 4786 1680 4856 propheta:
1729 4784 1918 4839 Salva-

342 4896 514 4942 torem
543 4885 1003 4956 pramuntiarunt,
1023 4881 1454 4935 incarnationem
1482 4877 1739 4933 videlicet
1773 4879 1912 4946 ejus,

343 4986 573 5031 mortem
605 4983 661 5030 et
703 4973 1014 5036 cruciatus,
1056 4980 1110 5025 et
1145 4985 1486 5039 quascunque
1521 4968 1804 5038 plasmatis
1831 4967 1914 5022 sni

340 5069 583 5124 salvandi
611 5082 773 5122 causa
804 5065 1085 5120 sustinuit.
1105 5063 1266 5117 Verbi
1312 5071 1670 5132 spectatores,
1699 5061 1916 5130 agmina

340 5159 587 5222 Patrum,
613 5158 684 5213 ob
708 5157 1010 5212 certamina
1041 5162 1448 5218 coronatorum,
1498 5151 1914 5216 venerabilium,

335 5253 608 5321 juswrum
663 5261 719 5304 et
749 5257 1087 5304 sanctorum.
1139 5245 1278 5300 Ante
1335 5259 1527 5299 omnes
1579 5243 1911 5299 Genitricetn

343 5343 504 5398 Verbi
527 5342 898 5412 Θεανθρώπου,
938 5327 1347 5411 εειιιαὴιιιῆιιιιᾱ
1371 5335 1648 5392 incﬂabile
1677 5346 1734 5392 et
1757 5339 1911 5392 inex-

341 5433 592 5502 plicabile
623 5440 886 5502 quantum
917 5431 1007 5494 sit,
1048 5445 1150 5485 nec
1183 5429 1314 5493 dici,
1360 5444 1464 5484 nec
1515 5429 1794 5484 intellectu
1827 5427 1910 5482 vel

341 5526 582 5580 humano
639 5527 725 5580 vel
775 5525 1021 5594 angelico
1056 5522 1446 5596 comprehendi
1492 5530 1695 5592 potesu
1748 5519 1912 5577 Post~

409 5704 454 5735 ¹⁰
483 5704 606 5758 Job.
639 5718 722 5764 ιιι,
750 5709 804 5758 5.
885 5706 927 5733 "
959 5710 1129 5771 Apoc.
1167 5717 1254 5763 xx,
1290 5701 1373 5758 l3.
1449 5704 1494 5733 "
1522 5702 1627 5756 lsa.
1661 5713 1783 5767 nxv,
1827 5697 1909 5751 l7.

532 5796 806 5869 PATROL.
852 5797 970 5860 Gn.
1019 5796 1224 5857 CXXV
1240 5795 1312 5854 ll.

2020 4509 2354 4580 phylarchee,
2391 4510 2646 4564 monachi
2684 4517 2739 4564 ct
2781 4510 2939 4580 justi,
2973 4525 3232 4566 conveme
3257 4523 3312 4567 et
3342 4525 3597 4583 peccato-

2019 4616 2126 4654 I'CS.

2086 4691 2219 4756 Quis
2244 4691 2426 4744 verbis
2479 4700 2869 4762 consequatur,
2906 4708 3026 4764 qua:
3051 4703 3181 4748 tunc
3225 4695 3594 4749 critomnium

2018 4797 2205 4836 rerum
2236 4783 2522 4837 turbatio?
2553 4783 2682 4848 Qua:
2737 4787 2936 4851 oratio,
2992 4804 3112 4857 qua:
3166 4788 3448 4858 cogitatio,
3474 4804 3596 4858 qua:

2017 4875 2224 4945 lingua,
2256 4891 2378 4944 qua:
2409 4877 2598 4929 mens?
2626 4892 2735 4930 non
2763 4877 2954 4934 fundet
2985 4880 3166 4934 lumen
3186 4881 3288 4943 sol,
3319 4895 3426 4933 non
3447 4881 3599 4938 luce-

2019 4969 2100 5024 bit
2124 4971 2272 5034 luna,
2304 4972 2474 5026 stell:e
2500 4971 2566 5025 de
2593 4972 2732 5026 coelo
2761 4973 2978 5028 cadcut.
3010 4973 3177 5029 Terra
3218 4984 3274 5029 et
3301 4962 3501 5030 uelum
3537 4977 3595 5032 in

2019 5063 2216 5117 melius
2240 5065 2622 5117 mutabuntur.
2662 5064 3044 5134 Maguiloquus
3083 5067 3248 5121 lsaias
3280 5071 3347 5132 ",
3380 5067 3596 5122 instau-

2019 5152 2287 5206 rationem
2312 5161 2576 5208 crcatura:
2607 5153 2911 5222 praevidens
2945 5155 3330 5224 iuposterum,
3391 5173 3594 5212 novum

2020 5244 2242 5308 ccelum,
2273 5253 2330 5299 et.
2360 5253 2558 5298 terram
2595 5259 2814 5308 novam,
2852 5260 3070 5299 omnem
3113 5247 3390 5314 decorem,
3415 5251 3596 5319 qualis

2019 5335 2265 5389 ninnium
2305 5336 2514 5405 primus
2546 5345 2685 5400 erat,
2743 5338 3056 5391 restitutum
3115 5338 3182 5392 iri
3237 5340 3590 5408 vaticinatur,

2019 5427 2249 5498 abjectis
2282 5428 2633 5497 purgatisque
2653 5427 2911 5495 sordibus
2937 5438 2992 5483 et
3016 5430 3243 5484 maculis
3265 5431 3538 5487 universis
3573 5449 3587 5486 :

2019 5529 2075 5573 ct
2105 5519 2289 5575 munia
2319 5535 2440 5590 quae
2481 5519 2622 5575 intra
2676 5521 2857 5590 polum
2889 5532 2944 5577 et
2969 5511 3128 5579 terra:
3159 5533 3410 5579 centrum
3441 5535 3594 5594 sunt,

3207 5787 3282 5845 28
