4088 6214
539 291 611 354 ἷ5
1409 284 1484 315 ⁸⁴

1729 271 2078 333 PHILIPPI
2119 266 2514 330 SOLITARII
3647 261 3751 324 876

507 414 648 463 nutu
683 408 742 458 et
767 398 1048 456 voluntate
1082 390 1294 447 Domini
1327 389 1626 444 novitatem
1655 386 1907 442 induent.
1955 385 2084 440 Sce-
2113 390 2155 445 Α
2188 390 2246 436 et
2281 380 2561 443 viriditas,
2597 375 2790 431 Edem.
2831 372 2950 428 Non
3018 382 3200 426 tamen
3257 371 3412 427 locus
3458 370 3652 438 Edem,
3699 375 3752 426 in

509 511 694 569 ptrum
723 495 956 564 regium,
989 500 1186 555 nempe
1217 497 1374 548 crux,
1431 489 1620 550 postea
1689 488 1748 535 ut
1779 479 1834 533 in
1884 493 2082 547 pompa

509 584 893 656 triumphabit,
951 585 1226 634 ostentata
1261 575 1317 628 in
1382 571 1630 636 sublimi,
1675 580 1738 625 ut
1794 570 2082 624 Matthaeus

505 677 698 736 scribit
730 676 798 739 ”,
849 667 1318 727 intellectualihus
1377 663 1668 720 ordinibus
1722 662 2078 732 Angelorum,

505 764 998 835 Archangelorum,
1035 757 1474 826 Principatuum,
1505 754 1867 816 Potestatnm,
1894 750 2083 806 Virtu-

509 873 646 924 tum,
680 852 1150 912 Domiuationum,
1181 847 1556 910 Thronorum,
1614 841 2080 906 Cherubinorum,

506 949 936 1019 Seraphinorum
971 940 1267 1010 conspicue
1297 934 1767 1008 praecedentibus:
1785 942 1842 988 et
1857 932 2083 988 venien-

500 1055 616 1098 tem
652 1042 706 1096 in
739 1038 911 1110 gloria
936 1034 1218 1091 Christum
1263 1027 1730 1100 praecurrentibus
1779 1025 1834 1079 in
1878 1025 2083 1089 locum,

505 1136 563 1188 in
597 1147 706 1201 quo
733 1128 802 1186 ad
825 1125 1098 1198 judicium
1124 1119 1494 1178 exercendum
1547 1116 1850 1173 consedere
1880 1123 2088 1170 statue-

510 1221 598 1274 rit.
626 1216 824 1273 Positis
853 1215 1039 1282 itaque
1087 1209 1323 1275 thronis,
1352 1217 1412 1263 et
1458 1206 1664 1277 paratis
1707 1205 1880 1270 libris,
1913 1204 2089 1259 Judex

507 1321 564 1363 et
604 1307 870 1362 Dominus
906 1303 1093 1375 glorias
1122 1300 1336 1356 sedebit
1369 1300 1515 1370 juste
1547 1297 1896 1366 judicaturus
1924 1294 2090 1350 simul

507 1402 666 1454 vivos
685 1406 741 1453 et
767 1402 1035 1451 mortuos.
1073 1394 1248 1462 Reges
1288 1389 1652 1454 adducentur,
1686 1387 1930 1458 dynasta:
1959 1401 2091 1441 eon-

507 1491 904 1564 grcgabuntur.
936 1487 1214 1555 Paupcres
1239 1491 1294 1538 et
1318 1481 1518 1536 divites
1541 1495 1664 1534 cum
1697 1489 1935 1534 tremore
1951 1486 2093 1533 asta-

511 1586 669 1647 bunt,
720 1579 1009 1651 agentibus
1057 1573 1508 1645 rapientibusque
1558 1570 1788 1642 angelis.
1839 1578 1896 1622 ut
1928 1567 2094 1622 ratio-

509 1690 636 1730 nem
658 1674 929 1727 factorum
959 1669 1217 1732 reddant,
1245 1675 1302 1721 et
1331 1663 1601 1735 operibus
1642 1662 1880 1732 pretium
1903 1659 2094 1716 condi-

510 1782 676 1838 gnum
705 1763 998 1832 accipiant.
1029 1759 1178 1814 Libri
1209 1757 1555 1826 aperientur,
1605 1752 2090 1808 etexhibcbuntur

509 1858 694 1914 omnia
714 1857 781 1909 ".
807 1855 886 1908 lbi
913 1864 1027 1906 tum
1053 1847 1474 1906 consistentium
1500 1845 1788 1900 hominum
1813 1843 2091 1913 separatio

510 1950 827 2011 inducetur,
853 1960 978 2000 cum
1006 1958 1158 2006 oves,
1193 1953 1253 1995 ut
1286 1938 1604 2001 fructiferae,
1633 1952 1662 1991 a
1689 1936 1916 2000 dextris,
1941 1935 2092 1996 hcedi

506 2048 714 2104 autem,
751 2047 806 2092 et
832 2049 1026 2090 omnes
1076 2030 1385 2100 infrugiferi
1413 2038 1470 2083 et
1492 2027 1719 2082 inutiles
1752 2027 1897 2080 servi
1927 2035 2092 2095 atque

507 2137 796 2192 creaturae,
824 2134 884 2179 ut
910 2139 1033 2194 ego,
1063 2122 1130 2176 ad
1171 2120 1450 2176 sinistram
1483 2117 1924 2173 collocabuntur.
1943 2116 2091 2171 Nudi

509 2236 676 2291 porro
707 2231 762 2273 et
797 2216 1074 2272 manifesti
1113 2214 1292 2284 palam
1323 2219 1664 2274 statuentur,
1699 2209 2089 2272 lamentantes,

509 2315 606 2368 sed
637 2310 898 2372 inaniter,
935 2309 1254 2368 clamantes,
1290 2302 1385 2356 sed
1439 2300 1662 2354 frustra.
1695 2298 1937 2353 Audient
1958 2313 2091 2352 oves

509 2417 701 2459 vocem
737 2399 1082 2455 benedictam
1116 2413 1128 2450 :
1162 2414 1180 2447 ι
1233 2393 1450 2456 Venite,
1483 2391 1670 2453 amici,
1720 2390 1954 2458 accipite
2000 2404 2092 2444 re-

509 2509 700 2564 gnum,
729 2491 875 2562 quod
909 2489 1068 2545 vobis
1099 2493 1348 2555 paratum
1371 2491 1457 2536 est
1482 2491 1610 2536 ante
1639 2479 2091 2534 constitutionem

513 2583 705 2639 mundi
734 2585 801 2634 ’⁵.
844 2599 864 2632 ι
894 2579 1245 2634 Esurientem
1271 2575 1417 2629 enim
1444 2589 1506 2628 ac
1542 2573 1820 2626 sitientem
1848 2587 1956 2634 me,
1985 2587 2090 2625 nu-

511 2676 665 2740 dum,
698 2688 927 2745 aegrum,
974 2669 1256 2726 sedentem
1295 2667 1348 2720 in
1409 2678 1653 2728 carcere,
1706 2662 1995 2726 advenam,
2037 2671 2095 2717 et

510 2766 784 2834 hospitem
817 2761 1078 2831 hospitio,
1109 2759 1233 2814 cibo
1267 2766 1323 2812 et
1353 2764 1669 2826 legumento
1698 2754 1906 2824 dignati
1937 2753 2092 2808 estis.

512 2856 582 2910 Et
603 2855 718 2910 hate
739 2852 965 2923 quidem
1021 2865 1172 2906 oves.
1209 2849 1308 2903 Ast
1355 2847 1557 2908 hmdis,
1608 2861 1772 2914 quam
1827 2861 1990 2912 saeva,
2037 2854 2095 2901 et

512 2946 678 3008 dura,
709 2953 767 2998 et
799 2940 1142 2998 intoleranda
1171 2938 1505 2993 omnimodis
1545 2937 1804 2993 dicentur
1830 2939 1843 2990 l
1883 2956 1901 2987 ι
1931 2936 2093 2992 Abite

511 3049 546 3090 a
575 3049 663 3088 me
693 3031 910 3102 procul,
965 3029 1150 3099 longe,
1194 3025 1496 3090 maledicti,
1527 3026 1584 3079 in
1616 3027 1796 3096 ignem
1851 3027 2094 3082 exterio-
2119 3066 2163 3128 Ο

515 3140 656 3190 rem,
684 3123 776 3192 qui
802 3127 1140 3190 praeparatus
1155 3128 1241 3173 est
1266 3118 1484 3173 diabolo
1511 3127 1566 3172 et
1591 3118 1800 3188 angelis
1821 3119 1940 3188 ejus
1960 3120 2027 3183 “,
2066 3139 2084 3170 ι

507 3225 570 3271 et
595 3213 856 3269 omnibus
889 3209 986 3281 qui
1054 3209 1373 3265 servierunt
1419 3209 1679 3282 Operibus
1713 3209 2086 3277 infructuosis,

507 3313 568 3360 et
597 3311 722 3375 post
751 3301 1064 3358 voluntates
1097 3314 1225 3355 suas
1278 3299 1728 3364 ambulaverunt,
1755 3300 1849 3369 qui
1885 3300 2024 3354 male
2058 3315 2090 3353 a

511 3396 624 3450 Deo
656 3392 836 3449 aversi
867 3399 1016 3454 sunt,
1041 3399 1097 3446 et
1143 3403 1431 3445 sermones
1485 3403 1660 3452 meos,
1715 3397 1775 3441 ut
1835 3387 2089 3442 mandata

493 3500 632 3558 mea
659 3491 1110 3552 aspernarentur,
1134 3491 1191 3536 et
1218 3480 1400 3535 omnia
1433 3478 1689 3548 baptismi
1734 3477 1950 3532 fmdera
1975 3478 2090 3533 dis-

510 3579 822 3642 solverent;
887 3575 1069 3631 omnia
1129 3574 1584 3643 promittentibus
1611 3582 1667 3629 et
1715 3573 1852 3628 mihi
1910 3583 2090 3628 tamen

511 3667 932 3722 mentientibus.
984 3666 1152 3720 Satan
1182 3676 1367 3720 autem
1399 3666 1692 3732 maleVolo,
1723 3675 1780 3721 et
1810 3681 1932 3736 quae
1961 3677 2092 3721 sunt

511 3757 728 3814 Satanae
753 3756 1181 3811 adhaerentibus.
1201 3757 1280 3812 Ite
1308 3756 1474 3827 igitur
1491 3757 1557 3812 ad
1579 3765 1790 3826 patrem
1817 3766 2084 3812 vestrum.

506 3847 670 3916 Quod
703 3846 748 3901 si
771 3845 983 3916 possint
1009 3844 1213 3909 emori,
1241 3860 1572 3914 rursumque
1629 3859 1940 3916 resurgere,
1975 3855 2084 3900 tam

503 3937 770 3992 horribili
797 3935 967 3990 verbo
1005 3934 1352 4005 exspirarent
1409 3933 1624 4002 bmncs,
1687 3944 1796 3990 tam
1831 3935 2087 3992 acerbum

501 4029 798 4085 arbitrium
829 4043 940 4082 non
965 4026 1324 4082 sustinentes.

583 4123 779 4175 Anima
813 4135 932 4174 mea
963 4128 1104 4184 atra,
1140 4117 1470 4184 miserrima,
1502 4118 1694 4182 stulta,
1722 4133 1804 4174 vae
1838 4118 1938 4173 tibi
1962 4133 2084 4188 pro-

498 4224 636 4283 ,pter
661 4211 1094 4275 damnationem,
1127 4224 1207 4265 vae
1245 4217 1470 4280 propter
1497 4208 1786 4280 iudcium.
1845 4208 2086 4264 Conver-

498 4315 598 4358 -tes
626 4310 677 4357 te
694 4300 968 4362 crebrius,
991 4299 1099 4354 huc
1119 4299 1251 4354 illuc
1274 4299 1574 4370 respiciens
1603 4317 1618 4366 ;
1642 4299 1740 4354 sed
1772 4315 2086 4370 propugna-

517 4404 692 4448 torem
721 4401 776 4446 et
804 4389 1151 4446 defensorem
1180 4391 1392 4444 nullum
1417 4401 1644 4460 pr0pter
1669 4405 1861 4461 opera,
1882 4392 2086 4459 cogita-
2121 4427 2164 4482 υ

505 4487 696 4541 tiones
726 4492 781 4538 et
806 4482 1195 4538 conscientiam
1227 4482 1495 4547 invenies,
1516 4497 1638 4551 quae
1667 4491 1797 4536 tunc
1829 4482 2086 4547 aderunt,

495 4585 572 4632 'et
609 4574 986 4631 testimonium
1019 4581 1210 4629 contra
1241 4582 1292 4627 te
1323 4574 1524 4638 ferent,
1548 4581 1604 4627 et
1629 4581 1777 4626 recta
1803 4571 1857 4626 in
1907 4575 2090 4642 ignem

498 4666 862 4724 etllammam
887 4675 940 4722 te
979 4663 1276 4729 deducent,
1302 4663 1396 4718 ubi
1432 4663 1712 4717 cruciatus
1752 4662 2097 4717 inenarrabi-

514 4752 610 4825 lis,
641 4757 864 4813 alllictio
889 4757 1178 4820 immensa,
1209 4768 1372 4824 pinna
1424 4751 1789 4818 intoleranda,
1818 4752 2098 4822 negotium

514 4848 666 4904 ouini
721 4847 987 4918 patientia
1051 4845 1251 4915 majus.
1309 4842 1552 4912 Tempus
1605 4841 2102 4896 animadversionis

514 4938 678 4992 ﬁnem
704 4937 916 4991 nullum
939 4935 1128 4990 habet.
1172 4932 1494 4987 Avellentur
1521 4931 1590 4986 ab
1620 4932 1814 4987 amicis
1843 4939 1900 4987 et
1928 4931 2088 4986 fami-

511 5031 767 5094 liaribus,
791 5044 821 5084 a
857 5028 1006 5095 filiis,
1035 5034 1091 5080 et
1113 5024 1401 5086 uxoribus,
1443 5041 1472 5078 a
1505 5024 1752 5095 cognatis
1775 5024 2090 5079 amantissi-

515 5121 642 5174 mis.
679 5119 936 5190 Epismpi
970 5126 1332 5173 secernentur
1380 5133 1412 5171 a
1447 5117 1811 5187 coepiscopis.
1846 5117 2088 5173 Sacrifici

499 5224 569 5266 νει
606 5210 910 5282 presbyteri
943 5225 974 5264 a
1015 5208 1301 5280 dignitatis
1331 5223 1444 5263 sua:
1476 5207 1660 5262 sociis.
1720 5207 1788 5262 Et
1819 5206 1936 5262 [nec
1963 5208 2090 5278 qui-

511 5301 637 5355 dem
664 5300 1029 5355 intolerabilia
1059 5301 1112 5353 in
1139 5300 1360 5354 sznistra
1391 5307 1544 5368 parte
1573 5295 1721 5350 fient.

583 5393 686 5461 Qui
718 5408 902 5448 autem
938 5410 1062 5449 cum
1085 5393 1280 5447 ovibus
1305 5410 1335 5446 a
1365 5391 1575 5446 dextris
1621 5389 1868 5452 stabunt,
1903 5388 2096 5442 laetan—

517 5491 599 5539 tes
626 5487 690 5540 ad
723 5493 930 5542 sortem
963 5500 1117 5540 suam
1151 5484 1404 5539 abibunt.
1459 5481 1635 5537 Locus
1662 5479 1752 5534 hic
1775 5488 1858 5535 est
1885 5479 2093 5550 gaudii,

585 5603 632 5634 ”
659 5601 848 5656 Matth.
879 5619 1024 5669 xxiv,
1053 5602 1122 5656 29
1154 5617 1306 5670 seqq.
1413 5601 1458 5631 ”
1489 5599 1660 5668 Apoc.
1687 5615 1775 5667 xx,
1813 5597 1901 5652 12.

515 5673 561 5704 ⁸⁸
596 5671 752 5728 Joan.
791 5688 903 5740 xw,
933 5677 986 5729 6.
1063 5676 1106 5705 ἰ’
1143 5673 1302 5728 Rom.
1339 5687 1434 5735 xu,
1470 5671 1556 5724 15.

2008 5599 2053 5630 ’⁵
2086 5596 2279 5654 Matth.
2322 5615 2444 5666 xxv,
2479 5599 2568 5656 54.

2187 488 2300 542 quo
2328 471 2498 526 Adam
2522 478 2609 524 est
2635 468 2927 522 formatus.
2964 463 3070 519 Sed
3100 463 3388 534 paradisus
3421 463 3757 532 ipsissimus,

2189 564 2242 617 iu
2269 579 2432 632 quem
2473 571 2662 630 raptus
2684 570 2767 614 est
2797 557 3019 620 Paulus,
3045 565 3100 611 et
3124 557 3178 610 in
3203 557 3350 610 hunc
3375 555 3761 611 multitudines

2183 649 2458 719 justorum
2515 645 2876 716 recipientur,
2905 644 3102 707 Adam,
3130 642 3290 706 Abel,
3338 643 3494 706 Sctli,
3546 643 3764 712 Enoch,

2196 741 2290 810 qui
2318 742 2472 811 prius
2492 740 2725 794 Domino
2755 753 2820 793 ex
2836 736 3099 807 operibus
3115 736 3462 806 placuerunt.
3487 735 3768 791 Abraham

2193 833 2505 902 llOSllllallS,
2539 831 2663 897 Lot,
2695 830 2916 900 reliqui,
2939 830 3170 900 Moyses,
3198 829 3404 893 Aaron,
3434 837 3610 883 enatus
3637 844 3770 896 pre-

2189 926 2502 995 phetarum,
2532 935 2589 979 et
2627 926 2801 994 magis
2852 925 2952 1006 qui
3019 923 3121 978 sub
3181 922 3358 993 gratia
3423 920 3670 983 fuerunt,
3711 933 3768 976 et

2188 1027 2529 1088 spectatores
2582 1018 2732 1072 verbi
2797 1017 3058 1086 apostoli,
3119 1026 3354 1071 catervae
3411 1023 3466 1068 et
3520 1015 3774 1084 legiones

2191 1109 2419 1164 Patrum
2453 1125 2517 1164 ac
2561 1119 2887 1180 martyrum,
2929 1109 3024 1163 Dei
3087 1103 3336 1162 Genitrix
3370 1105 3560 1169 Maria,
3598 1105 3695 1174 qui
3739 1119 3774 1158 a

2189 1199 2364 1269 gratia
2402 1199 2730 1269 appellatur,
2763 1200 3002 1254 Joannes
3026 1197 3358 1252 Praecursor.
3393 1196 3597 1250 Omnes
3633 1197 3772 1248 viri-

2191 1293 2311 1357 tim,
2346 1303 2402 1348 et
2427 1293 2734 1348 secundum
2763 1291 2959 1358 faciem
3016 1289 3160 1343 inter
3209 1304 3268 1343 se
3304 1296 3554 1350 noscent,
3613 1285 3778 1340 habi-

2194 1388 2498 1452 tahuntquc
2515 1399 2640 1438 cum
2665 1382 2960 1438 Conditore
2984 1381 3251 1436 omnium.
3273 1380 3554 1448 Quotquot
3581 1387 3776 1432 autem

2193 1476 2398 1529 fuerint
2453 1475 2624 1544 partis
2670 1472 2983 1534 haedorum,
3019 1479 3218 1540 praeter
3264 1484 3545 1524 carcerem
3601 1469 3764 1522 illum

2195 1575 2495 1621 tartareum
2528 1581 2694 1635 quem
2731 1564 3108 1628 sustinebunt,
3141 1563 3308 1618 etiam
3338 1578 3447 1616 non
3479 1561 3774 1623 videbunt,

2136 1664 2143 1666 ”
2194 1675 2298 1714 nec
2342 1667 2642 1729 agnoscent
2671 1667 2946 1712 mutuum.
2980 1655 3083 1711 Ubi
3141 1655 3288 1710 enim
3335 1653 3575 1708 tenebra:
3616 1663 3776 1712 sunt.

2196 1753 2309 1806 illic
2341 1753 2488 1806 oculi
2539 1750 2719 1806 ofﬁcio
2773 1764 2875 1805 suo
2937 1739 3047 1802 non
3099 1747 3428 1818 funguntur.
3480 1744 3780 1812 Quomodo

2196 1845 2364 1915 igitur
2388 1845 2534 1899 inter
2565 1859 2624 1898 se
2667 1843 2857 1898 videre
2904 1851 2961 1897 et
2997 1855 3298 1912 agnoscere
3342 1840 3580 1910 queant?
3608 1837 3783 1894 Con:-

2197 1951 2365 1991 mune
2399 1945 2582 1990 autem
2631 1935 2838 1988 malum
2890 1933 3020 1997 erit,
3061 1947 3283 1986 carcere
3338 1931 3658 1986 conclusum
3693 1939 3784 1984 tc-

2194 2019 2339 2088 ne'ri,
2365 2024 2653 2080 lamentari
2684 2031 2913 2095 propter
2946 2024 3250 2086 cruciatus,
3284 2022 3472 2092 lugere
3513 2032 3570 2076 et
3620 2023 3785 2093 iugc-

2195 2115 2451 2170 miscere.
2479 2115 2599 2170 Non
2626 2116 2772 2170 enim
2787 2115 2961 2168 datur
2976 2129 3208 2184 superas
3235 2114 3474 2169 evadere
3494 2115 3560 2167 ad
3584 2130 3780 2178 auras,

2193 2224 2296 2264 nec
2338 2208 2509 2262 ullum
2545 2214 2824 2264 tantorum
2849 2206 3124 2260 malorum
3154 2205 3418 2276 ellugium
3458 2216 3628 2276 patet.

2269 2299 2569 2367 Resipisce.
2624 2313 2853 2368 resurge
2892 2316 2905 2351 :
2941 2298 3039 2367 qui
3090 2301 3166 2352 ita
3225 2308 3493 2368 perpetuo
3522 2299 3781 2352 dormis?

2195 2391 2428 2459 Evigila,
2465 2389 2857 2460 cogitationem
2893 2389 3095 2444 seriam
3153 2389 3394 2459 suscipe,
3438 2405 3553 2444 rem
3577 2406 3782 2461 aggre-

2195 2483 2346 2547 dere,
2380 2482 2649 2551 ignaviam
2675 2481 2874 2552 abjice,
2903 2480 3285 2551 expergiscere
3307 2489 3362 2535 et
3383 2481 3606 2549 festina,
3635 2498 3787 2549 soni-

2199 2590 2330 2628 nnm
2362 2581 2586 2637 excute,
2636 2573 2914 2644 pigritiam
2977 2573 3216 2642 depone,
3269 2589 3393 2643 quae
3448 2573 3651 2639 fecisti,
3705 2577 3782 2628 ah

2199 2669 2357 2722 initio
2414 2683 2592 2738 usque
2646 2667 2716 2722 ad
2747 2668 2911 2725 finem
2939 2667 3228 2733 conﬁtere,
3275 2679 3470 2738 pectus
3520 2678 3777 2739 percute,

2198 2762 2372 2829 plora,
2395 2776 2462 2816 ex
2487 2764 2596 2816 imo
2617 2768 2840 2832 pectore
2861 2761 3160 2822 clamorem
3181 2761 3340 2827 tolle,
3371 2763 3784 2833 eleemosyoain

2196 2851 2534 2920 pauperibus
2561 2851 2868 2913 distribue,
2906 2851 3161 2922 disperti,
3194 2852 3279 2908 ale
3329 2852 3474 2908 illos.
3507 2853 3782 2910 Nuntium

2198 2942 2354 2998 mitte
2385 2943 2648 3012 peccatis,
2680 2957 2911 3013 operare
2939 2943 3106 3009 bona,
3149 2943 3358 2998 exitum
3403 2944 3530 3000 vita:
3558 2960 3786 3017 semper

2197 3044 2478 3102 exspecta.
2517 3033 2663 3088 Mors
2703 3034 3025 3103 supervenit
3056 3034 3201 3090 sicut
3223 3033 3532 3103 leo,rapax,
3589 3036 3785 3105 inSpe-

2198 3133 2334 3188 rata,
2381 3126 2704 3196 improvisa,
2757 3140 2868 3180 non
2902 3134 3243 3195 exspectata,
3282 3125 3476 3191 utfur,
3501 3136 3560 3180 et
3585 3129 3788 3182 timen-

2200 3217 2330 3270 dum
2360 3233 2428 3272 ne
2456 3227 2509 3272 te
2561 3217 3024 3288 comprehensum
3055 3217 3242 3271 subito
3288 3218 3522 3273 auferat.
3555 3219 3786 3274 Dimitte

2198 3307 2544 3362 debitoribus
2584 3309 2694 3362 tuis
2720 3307 2991 3362 debitum.
3027 3307 3286 3362 Proximo
3314 3309 3553 3378 ignosce,
3609 3318 3668 3362 ut
3691 3310 3787 3364 lex

2197 3398 2482 3454 cliaritatis
2517 3399 2767 3468 requirit.
2800 3397 3096 3454 Prosterne
3130 3407 3182 3453 te
3224 3399 3494 3470 Dciparaa,
3528 3401 3783 3471 supplice

2195 3499 2456 3558 quantum
2478 3499 2678 3558 potest.
2702 3489 2770 3545 Ut
2787 3489 2980 3554 Mater,
2999 3489 3298 3558 plurimum
3324 3500 3526 3560 poteSt,
3558 3493 3603 3546 si
3628 3493 3780 3547 velit.

2195 3579 2301 3634 Ora
2348 3591 2405 3635 et
2426 3589 2718 3650 martyres,
2747 3595 2844 3634 ora
2904 3589 3147 3645 sanctos,
3186 3591 3249 3634 ut
3296 3581 3443 3652 apud
3490 3583 3781 3636 Dominum

2196 3683 2415 3722 causam
2448 3678 2596 3724 tuam
2626 3677 2808 3739 agant.
2831 3668 2887 3724 Si
2913 3669 3032 3725 haec
3061 3679 3113 3726 te
3143 3679 3339 3741 agente
3367 3687 3516 3727 mors
3541 3675 3780 3736 venerit,

2196 3761 2306 3814 noli
2342 3760 2557 3816 timere.
2593 3760 2757 3825 Mors,
2791 3762 2837 3816 si
2858 3777 3016 3817 mens
3029 3769 3166 3832 pura
3201 3763 3387 3831 fuerit,
3412 3765 3630 3834 requies
3649 3767 3779 3830 erit,

2195 3861 2252 3907 et
2283 3852 2529 3906 scrvanti
2568 3867 2856 3908 sermones
2897 3854 3041 3923 ejus,
3103 3867 3231 3908 vere
3277 3868 3388 3910 non
3439 3870 3610 3919 mors,
3667 3870 3779 3908 non

2194 3955 2357 4010 poena
2383 3941 2672 4011 contingit,
2705 3941 3007 3996 utJudazos
3037 3941 3226 3997 docuit
3251 3942 3373 4012 ipse
3425 3944 3773 4006 Dominus";

2195 4031 2291 4088 sed
2313 4041 2399 4086 est
2427 4031 2618 4102 potius
2642 4031 2867 4100 quidam
2895 4033 3164 4088 transitus
3192 4033 3260 4087 ad
3285 4035 3450 4089 vitam
3469 4035 3772 4098 cmlesteni,

2195 4123 2352 4192 cujus
2403 4121 2529 4177 finis
2570 4123 2756 4177 nullus
2803 4123 2934 4188 erit,
2987 4132 3043 4178 et
3090 4124 3264 4192 gloria
3303 4141 3414 4180 non
3469 4125 3775 4180 intercidet.

2195 4210 2317 4266 Vita
2344 4220 2429 4266 est
2470 4211 2748 4278 Christus,
2774 4222 2831 4267 et
2854 4214 3086 4282 ipsemet
3117 4214 3240 4269 vita:
3282 4215 3662 4285 suppeditator
3705 4217 3774 4276 ³⁸.

2193 4303 2298 4361 Εη.
2321 4303 2504 4356 omnia
2532 4303 2626 4356 tibi
2645 4305 2924 4374 proposui,
2943 4306 3126 4360 omnia
3149 4305 3440 4370 cdisserui,
3462 4317 3518 4360 et
3553 4308 3780 4376 insuper

2195 4392 2520 4463 conscripsi,
2555 4395 2700 4449 sicut
2734 4395 2911 4464 potui,
2956 4406 3012 4451 et
3067 4396 3343 4451 bonorum
3394 4398 3777 4466 malorumque

2194 4491 2245 4536 te
2273 4480 2554 4544 admonui.
2581 4491 2640 4536 ut
2693 4492 2745 4537 te
2788 4484 2935 4553 quod
2964 4485 3032 4539 ad
3061 4486 3295 4540 salutem
3348 4487 3569 4550 attinet,
3621 4488 3780 4542 nullo

2193 4584 2460 4643 praetextu
2492 4590 2758 4631 excusare
2784 4577 2984 4646 possis.

2267 4665 2374 4719 Vos
2401 4676 2581 4719 autem
2608 4681 2799 4721 omnes
2825 4669 2878 4721 in
2901 4667 3125 4723 Christo
3153 4667 3347 4724 Patres
3377 4677 3433 4724 et
3465 4668 3652 4736 amici,
3677 4670 3775 4740 qui

2197 4753 2303 4808 hoc
2329 4755 2656 4821 opusculum
2677 4757 2874 4811 lecturi
2905 4758 3064 4824 estis,
3089 4757 3216 4813 ﬂete
3234 4769 3290 4814 et
3307 4759 3518 4829 plorate
3534 4775 3776 4825 mecum,

2199 4845 2503 4900 secundum
2533 4847 2850 4902 mandatum
2879 4848 3158 4904 Creatoris
3185 4866 3199 4914 ;
3229 4851 3469 4906 charitas
3492 4852 3640 4908 enim
3668 4869 3780 4907 ma-

2198 4936 2396 4993 nifesta
2417 4948 2522 5000 est,
2551 4938 2683 4993 ﬂere
2713 4954 2839 4993 cum
2869 4939 3150 5006 flentibus,
3179 4951 3235 4996 et
3263 4943 3523 5011 gaudere,
3548 4952 3610 4997 ut
3629 4945 3773 4998 seri-

2201 5037 2353 5096 ptum
2377 5037 2464 5084 est
2492 5030 2559 5092 ’9,
2592 5045 2715 5084 cum
2749 5031 3137 5100 gaudentibus.
3169 5033 3345 5087 Etiam
3371 5049 3521 5106 rogo,
3557 5050 3774 5094 meeum

2200 5117 2346 5184 flete,
2375 5129 2432 5174 et
2453 5135 2556 5189 pro
2595 5136 2682 5174 me
2712 5137 2776 5176 ac
2804 5123 3043 5193 peccatis
3066 5125 3203 5178 meis
3249 5123 3535 5180 Conditori
3585 5141 3779 5196 preces

2205 5212 2436 5270 fundite.
2465 5213 2593 5269 inde
2637 5215 2783 5270 enim
2832 5216 3049 5270 veniam
3096 5217 3232 5270 mihi
3295 5227 3351 5274 et
3396 5219 3776 5274 remissionem

2203 5301 2570 5356 conciliabitis
2599 5303 2668 5356 ab
2720 5319 2788 5359 eo
2831 5305 2926 5374 qui
2956 5304 3124 5375 lapsis
3154 5307 3396 5375 perfecte
3425 5309 3679 5379 ignoscit.
3709 5309 3778 5365 Et

2205 5407 2428 5445 manum
2459 5394 2592 5446 mihi
2615 5403 2670 5448 et
2700 5395 2968 5450 auxilium
2998 5395 3260 5466 praebete.
3297 5385 3518 5454 Plasten
3554 5411 3778 5453 exacer-

2205 5480 2691 5547 bavi,Creatorem
2740 5485 2973 5552 irritavi,
3037 5487 3246 5553 verbis,
3300 5489 3574 5558 cogitatis,
3601 5487 3773 5540 actio-

2672 5602 2718 5634 ³⁸
2750 5602 2888 5658 lbid.
2925 5603 3014 5658 41.
3115 5606 3159 5636 ²⁷
3191 5605 3348 5659 Joan.
3376 5622 3492 5672 vni,
3523 5606 3582 5660 ΞΗ
3621 5619 3775 5676 θείων
