4088 6214
452 274 572 341 £79

1459 437 1866 448 m—

1684 275 2030 338 PHILIPPI
2069 275 2457 337 SOLITARLI

1118 543 1962 768 PHILIPPI
2076 608 3051 769 SOLITARII

1336 1074 1524 1187 DE
1604 1073 2059 1191 REBUS
2144 1073 2882 1241 ARMENI/E.

2034 1332 2108 1353 ψ

594 1458 673 1513 De
704 1456 1068 1513 Jacobitarum
1096 1456 1289 1511 lateres?
1321 1468 1370 1511 et
1400 1456 1902 1515 'Cltatzitzariorum.

537 1639 580 1694 ι.
619 1636 721 1692 llic
753 1635 1012 1699 Jacobus,
1039 1649 1070 1689 a
1102 1649 1213 1704 quo
1252 1634 1341 1689 isti
1390 1635 1815 1705 appellationem
1857 1637 2040 1693 sortiti

466 1738 619 1796 sunt,
674 1729 845 1800 Syrus
895 1726 1117 1798 quidam
1185 1727 1513 1794 monachus,
1566 1727 1829 1797 ignobilis
1879 1730 2041 1784 valde

468 1832 635 1892 atque
688 1820 963 1875 obscurus
1012 1818 1138 1883 fuit,
1183 1818 1508 1889 cognomine
1559 1818 1911 1885 Tzantzalus,
1960 1821 2033 1877 ob

468 1926 763 1975 summam,
797 1918 953 1980 puto,
980 1909 1101 1977 ejus
1122 1908 1415 1963 vilitatem.
1434 1908 1537 1964 Hie
1556 1923 1689 1979 ergo
1713 1910 2040 1982 Eutychetis

462 2002 757 2073 amplexus
784 1999 1115 2067 doctrinam,
1144 2000 1290 2071 apud
1331 1999 1498 2070 Syros
1524 2015 1646 2057 eam
1696 2001 2039 2073 praedicavit.

457 2094 596 2150 Fuit
626 2096 759 2147 .ver'o
777 2092 1056 2163 Eutycch
1076 2092 1422 2162 temporibus
1448 2092 1747 2149 Theodosii
1767 2092 2038 2161 Junioris,

455 2182 774 2240 .monachus
803 2183 1075 2237 exsistens
1128 2196 1194 2236 ac
1243 2182 1675 2238 archimandrita
1726 2182 2042 2239 Constanti-

453 2274 680 2346 rnopoli.
698 2275 776 2329 Ac
800 2272 1022 2344 quidem
1067 2273 1375 2328 orthodoxa
1400 2288 1465 2328 ac
1480 2273 1748 2329 catholica
1770 2274 2037 2340 Ecclesia,

473 2363 766 2419 Dominum
819 2371 1071 2418 nostrum
1122 2362 1313 2417 Iesum
1365 2362 1672 2429 Christum,
1745 2377 2040 2433 personam

475 2471 637 2512 unam
665 2471 732 2511 ex
764 2455 985 2510 duabus
1018 2454 1253 2521 naturis,
1286 2454 1473 2511 divina
1506 2463 1564 2512 et
1593 2456 1857 2523 humana,
1888 2472 2043 2511 com-

447 2549 708 2619 positam
735 2548 1002 2613 sentiens,
1037 2548 1227 2603 ambas
1244 2546 1565 2615 ‘inconfuse,
1601 2547 2038 2614 immutabiliter,

2061 1462 2108 1521 Α
2139 1459 2215 1532 (τι)
2249 1459 2384 1531 Περὶ
2417 1460 2704 1531 αἶρέσεως
2751 1461 2869 1532 τῶν
2914 1460 3274 1519 ‘quwtté'w
3318 1462 3417 1519 καὶ
3449 1482 3471 1513 τ
3498 1468 3511 1473 “

2772 1530 3120 1602 τζὶτζαριων.

2210 1644 2292 1698 Δ’.
2337 1642 2396 1696 '0
2437 1642 2692 1709 Ἰάκωϐος
2722 1638 2899 1711 οὗτος,
2936 1645 3033 1716 ἀφ’
3065 1637 3129 1702 οὗ
3183 1645 3280 1702 καὶ
3313 1641 3459 1704 οὗτοι
3483 1646 3726 1701 καλοῦν-

2138 1750 2254 1800 ται,
2309 1734 2544 1806 μοναχός
2598 1753 2683 1799 τις
2732 1737 2926 1806 γέγονε
2971 1736 3165 1808 Σύρος,
3195 1738 3383 1806 ἄδοξος
3437 1739 3582 1794 πάνυ
3623 1739 3728 1793 καὶ

2141 1822 2377 1894 ἀφανὴς,
2413 1822 2757 1888 Τξάντζαλος
2802 1825 3297 1897 ἐπονομαζόμενος,
3334 1827 3421 1881 διὰ
3450 1828 3550 1899 τὴν
3577 1830 3728 1896 ἄγαν

2140 1913 2330 1979 αὐτοῦ,
2374 1912 2453 1978 ὡς
2481 1909 2658 1985 οἶμαι,
2708 1915 3011 1973 εὐτέλειαν.
3047 1912 3216 1982 Οὗτος
3248 1917 3364 1984 οὖν,
3394 1917 3457 1972 τὸ
3488 1916 3585 1971 τοῦ
3618 1918 3726 1971 Εὐ-

2140 2007 2336 2078 τυχοῦς
2363 2007 2764 2080 ἀναδεξάμενος
2813 2010 3012 2081 δόγμα,
3065 2013 3197 2083 περὶ
3244 2013 3323 2083 (‘2)
3359 2015 3473 2077 τοῖς
3504 2013 3727 2083 Συρίοις

2140 2098 2301 2153 τοῦτο
2325 2100 2645 2171 ἐκήρυττεν.
2690 2101 2753 2153 '0
2783 2100 2841 2154 δὲ
2870 2100 3114 2172 Εὐτυχὴς
3145 2103 3240 2157 ἐπὶ
3276 2103 3384 2157 τῶν
3416 2103 3625 2174 χρόνων
3650 2100 3725 2174 ἦν

2141 2190 2244 2260 τῆς
2298 2190 2577 2262 βασιλείας
2607 2190 2891 2244 Θεοδοσίου
2924 2191 3017 2244 τοῦ
3064 2193 3303 2263 Μικροῦ,
3360 2194 3594 2264 μοναχὸς
3625 2196 3728 2248 καὶ

2141 2281 2573 2353 ἀρχιμανδρίτης
2603 2281 2868 2355 ὑπάρχων
2908 2283 2968 2337 ἐν
2992 2283 3584 2341 Κωνσταντινουτιόλει.
3607 2285 3726 2340 Καὶ

2141 2376 2176 2446 ἡ
2221 2373 2321 2444 μὲν
2366 2373 2647 2445 ὁρθόδοξος
2684 2376 2781 2428 καὶ
2829 2374 3096 2448 καθολικὴ
3149 2376 3451 2449 Ἐκκλησία
3508 2374 3726 2443 δοξάζει

2142 2465 2234 2520 τὸν
2260 2464 2466 2536 Κύριον
2491 2465 2649 2537 ἡμῶν
2694 2465 2904 2536 Ἰησοῦν
2938 2467 3198 2539 Χριστὸν,
3237 2468 3369 2537 μὲαν
3419 2468 3726 2522 ὑπόστασιν

2144 2554 2285 2612 εἶναι
2312 2557 2586 2624 σύνθετον,
2627 2558 2693 2612 ὲκ
2716 2557 2811 2612 δύο
2843 2558 3083 2629 φύσεων,
3116 2558 3368 2630 θεότητός
3399 2575 3461 2612 τε
3510 2560 3607 2613 καὶ
3628 2559 3730 2611 ἀν-

353 2749 357 2752 ·
449 2732 657 2800 -ipsum
686 2729 1041 2797 conﬁtemur,
1095 2730 1335 2797 hoe‘est,
1370 2730 1548 2785 Deum
1608 2731 1817 2801 pariter
1840 2746 1904 2785 ac
1935 2730 2041 2784 ho-

474 2641 627 2696 nulla
672 2640 1000 2695 alteratione
1059 2654 1287 2694 servare
1322 2637 1524 2693 credit.
1556 2637 1845 2709 Duplicem
1893 2638 2041 2694 enim

2147 2647 2499 2720 Θρωπότητος
2518 2662 2534 2680 ·
2566 2647 2662 2703 καὶ
2694 2647 2898 2713 ταύτας
2946 2648 3046 2713 τὰς
3070 2648 3165 2703 δύο
3193 2648 3388 2719 φύσεις
3430 2648 3725 2719 φυλάττειν

2145 2738 2508 2810 ἀσυγχύτους,
2544 2739 2869 2809 ἀτρέπτους,
2899 2739 3319 2806 ἀναλλοιώτους.
3351 2738 3584 2794 Διπλοῦν
3611 2739 3726 2811 γὰρ

465 2823 703 2913 minem,
748 2823 959 2893 duplici
1009 2833 1206 2878 natura
1256 2838 1322 2880 an
1371 2824 1654 2878 voluntate
1702 2823 2043 2895 prmditum:

2146 2830 2336 2884 τοῦτον
2367 2830 2760 2904 ὁμολογοῦμεν,
2804 2834 2975 2905 ῆγουν
3006 2832 3142 2888 Θεόν
3169 2850 3231 2887 τε
3270 2833 3366 2888 καὶ
3406 2831 3721 2906 ἄνθρωπον,

456 2917 839 2988 ‘duplicesque
858 2916 1156 2972 habentem
1187 2916 1558 2986 operationes,
1591 2916 1806 2972 divinas
1832 2916 2046 2973 scilicet

2146 2925 2206 2979 ὲν
2243 2923 2339 2978 δύο
2362 2925 2557 2994 φύσεσι
2588 2924 2683 2979 καὶ
2709 2924 2964 2996 θελήσεσι
2982 2942 2997 2960 ο
3027 2925 3122 2981 δύο
3150 2943 3212 2980 τε
3238 2926 3520 2998 ἐνεργείας
3555 2925 3726 2981 αὑτὸν

458 3018 533 3064 εει
560 3007 892 3081 humanas;-
921 3021 1031 3062 non
1089 3006 1239 3061 nuda
1288 3006 1551 3076 opinione
1592 3022 1658 3063 ac
1698 3007 2041 3077 apparentia,
2146 3014 2314 3087 ἔχειν,
2342 3013 2533 3081 θεῖκὰς
2565 3016 2701 3088 ὁμοῦ
2726 3016 2822 3071 καὶ
2844 3017 3227 3089 ἀνθρωπικάςο
3256 3017 3318 3072 οὐ
3343 3018 3486 3073 κατὰ
3520 3034 3730 3087 φαντα-

455 3097 575 3154 »εεά
611 3097 864 3153 veritate.
896 3098 965 3153 At
993 3111 1126 3152 vero
1157 3097 1451 3168 Eutyches.
1479 3107 1607 3155 ante
1636 3098 1861 3170 quidem
1886 3100 2048 3155 unio-

2150 3109 2274 3163 σίαν
2295 3109 2390 3162 καὶ
2420 3106 2665 3179 δόκησιν,
2696 3107 2834 3162 ἀλλὰ
2862 3108 3008 3164 κατὰ
3033 3108 3312 3181 ἀλήθειαν.
3354 3108 3415 3163 '0
3459 3109 3517 3162 δὲ
3553 3109 3727 3163 Εὐτυ-

456 3199 626 3253 mem.
673 3186 729 3243 id
770 3196 854 3243 est
883 3187 1088 3244 Christi
1123 3188 1602 3252 incarnationem,
1656 3189 1795 3245 duas
1831 3198 1888 3245 et
1920 3189 2037 3260 ipse

2146 3196 2249 3269 χὴς
2283 3190 2462 3260 οὗτος.
2494 3195 2600 3268 πρὸ
2632 3197 2733 3268 μὲν
2776 3196 3045 3263 ἑνώσεως,
3087 3199 3209 3269 ἦτοι
3237 3199 3337 3269 τῆς
3366 3197 3727 3268 ἐνανθρωπή-

459 3286 729 3343 maturas.
763 3292 885 3348 quae
924 3279 1129 3334 unione
1158 3277 1453 3345 coiverint,
1491 3278 1746 3347 dicebat;
1784 3279 2048 3334 nimirum

2151 3308 2293 3357 σεως
2319 3291 2414 3346 τοῦ
2445 3290 2708 3364 Χριστοῦ,
2763 3289 2858 3346 δύο
2884 3291 3078 3361 φύσεις
3109 3286 3252 3346 εἶναι
3279 3289 3378 3355 τὰς
3406 3290 3724 3354 ἑνωθείσας,

477 3366 739 3423 deitatem
772 3382 837 3423 ac
878 3367 1324 3423 humanitatem:
1357 3377 1483 3439 post
1534 3378 1719 3426 autem
1758 3370 2045 3437 unionem,

478 3466 706 3513 naturas
738 3456 930 3513 ambas
970 3456 1028 3511 in
1066 3474 1234 3513 unam
1269 3459 1598 3515 committas
1632 3469 1756 3516 esse
1789 3460 2044 3528 docebat,

476 3563 542 3604 ac
585 3548 632 3603 si
665 3548 793 3618 quis
845 3547 1034 3602 vinum
1068 3563 1196 3603 cum
1236 3564 1379 3618 aqua
1431 3550 1754 3619 miscuerit;
1801 3560 1864 3608 ut
1915 3551 2048 3609 inde

450 3641 665 3697 .mistio
697 3640 945 3710 quaedam
980 3656 1043 3696 ac
1071 3642 1328 3697 confusio
1372 3644 1807 3716 ‘immutatioque
1861 3646 2050 3700 ambae

467 3752 603 3791 ‘rum
623 3744 948 3790 naturarum
977 3736 1172 3792 effecta
1202 3737 1294 3792 sit.
1321 3736 1534 3807 Quippe
1550 3738 1909 3807 perspicuum
1934 3743 2046 3803 .est,

478 3825 751 3898 siquidem
775 3826 913 3884 duas
945 3835 1195 3894 naturas,
1215 3827 1371 3898 juxta
1395 3842 1516 3883 eam
1545 3827 1700 3898 impii
1728 3826 2050 3899 Eutychetis

2151 3384 2247 3438 atati.
2269 3383 2428 3448 αὐτὸς
2450 3383 2625 3452 ἔλεγε,
2647 3382 2880 3454 θεότητά
2896 3399 2956 3436 τε
2987 3380 3081 3436 aiat
3118 3381 3518 3455 ἀνθρωπότητα
3534 3397 3550 3413 ·
3583 3383 3725 3452 μετὰ

2150 3475 2208 3543 δὲ
2244 3474 2344 3548 τὴν
2391 3474 2608 3540 ἕνωσιν,
2661 3475 2762 3539 τὰς
2791 3473 2886 3529 δύο
2937 3472 3135 3543 φύσεις
3173 3473 3445 3545 κραθῆναι
3487 3474 3569 3536 είς
3592 3472 3725 3544 μίαν

2148 3567 2364 3630 ἀσεϐῶς
2412 3566 2803 3636 ἐδογμάτισεν⁸
2854 3563 2933 3629 ὡς
2985 3565 3051 3619 ἂν
3117 3564 3169 3619 εί
3201 3581 3287 3626 τις
3341 3564 3551 3635 μίξειιν
3579 3558 3726 3617 οἶνον

2153 3656 2327 3722 ὕδατι,
2356 3656 2432 3719 ὡς
2455 3657 2520 3709 ἐκ
2567 3656 2757 3711 τούτου
2789 3656 3046 3725 γενέσθαι
3075 3654 3292 3727 φυρμὸν
3339 3655 3434 3709 καὶ
3465 3654 3726 3726 σύγχυσιν

2151 3750 2250 3803 καὶ
2276 3747 2563 3802 ἀλλοίωσιν
2591 3747 2700 3801 τῶν
2749 3746 2845 3802 δύο
2880 3747 3117 3819 φύσεων.
3149 3747 3425 3819 Πρόδηλον
3466 3747 3599 3817 γὰρ,
3643 3747 3726 3800 ὅτι

2153 3839 2203 3893 εί
2229 3840 2283 3894 αί
2311 3839 2405 3894 δύο
2439 3838 2633 3909 φύσεις
2661 3838 2805 3894 κατὰ
2832 3839 2925 3893 τὸν
2951 3838 3113 3895 ἄθεον
3137 3837 3328 3893 τοῦτον
3359 3838 3575 3907 Εὐτυχῆ
3601 3850 3725 3891 συν·-

477 3917 830 3982 sententiam,
876 3918 931 3973 in
972 3933 1140 3973 unam
1189 3926 1636 3989 contemperatas
1673 3917 1845 3973 fuisse
1875 3917 2045 3972 dede-

2153 3928 2467 4002 εκράθησαν
2497 3931 2578 3994 είς
2602 3929 2752 4001 μίαν,
2778 3929 3060 3984 ἀπώλεσεν
3091 3930 3331 4001 ἑκάτερα
3360 3930 3430 3985 τὰ
3457 3929 3725 3999 ἰδιώματα

467 4012 675 4078 rimus,
707 4010 941 4081 periisse
973 4018 1291 4080 utramque,
1339 4024 1403 4064 ac
1431 4023 1623 4065 earum
1655 4008 2042 4080 proprietates,

2153 4021 2361 4092 αὐτῆς·
2408 4019 2598 4092 ὥσπερ
2624 4021 2717 4075 καὶ
2756 4022 2785 4075 δ
2826 4017 2974 4085 οἶνος
3021 4019 3354 4091 μιγνύμενος
3391 4018 3568 4073 ὕδατι,
3615 4019 3726 4071 Καὶ

470 4103 933 4172 quemadmodum
965 4102 1108 4174 perit
1127 4102 1337 4167 vinum,
1358 4117 1483 4159 cum
1503 4101 1842 4158 admiscetur
1864 4116 2039 4172 aquae.

2151 4091 2339 4167 λοιπὸν
2365 4114 2484 4168 κατ’
2515 4091 2709 4177 αύτούς
2734 4115 2763 4167 ὁ
2794 4114 3027 4184 Χριστὸς
3046 4091 3132 4184 ’(5)
3158 4114 3381 4183 ἐνήργει
3399 4110 3473 4172 ὡς
3502 4109 3636 4172 θεὸς
3656 4108 3724 4160 τὰ

470 4196 683 4250 Eorum
716 4196 936 4251 demum
970 4196 1269 4259 sententia,
1306 4195 1560 4251 Christus
1593 4209 1773 4266 neque
1804 4204 1864 4250 ut
1903 4194 2047 4251 Deus

2149 4205 2293 4269 θεῖα,
2327 4207 2423 4259 καὶ
2466 4204 2542 4270 ὡς
2569 4204 2855 4277 ἄνθρωπος
2886 4204 2956 4258 τὰ
2985 4202 3342 4276 ἀνθρώπινα·
3376 4201 3498 4256 οὐδὲ
3528 4197 3597 4272 ἦν
3626 4200 3723 4253 καὶ

455 4285 665 4340 .divina
697 4286 1048 4355 operabatur,
1072 4294 1238 4356 atque
1269 4293 1329 4340 ut
1364 4288 1530 4341 homo
1557 4286 1825 4351 humana;
1868 4299 2050 4355 neque

2146 4295 2277 4359 Θεὸς
2299 4296 2539 4365 ἀπαθὴς,
2562 4296 2657 4351 καὶ
2672 4295 2958 4366 ἄνθρωπος
2976 4294 3237 4366 παθητὸς,
3256 4294 3395 4348 ἀλλὰ
3418 4292 3724 4359 συνέπασκε

454 4383 600 4429 κίκι-ιη
632 4375 779 4429 Deus
823 4376 1207 4445 impassibilis,
1242 4389 1308 4430 ac
1355 4375 1636 4446 passibilis
1686 4375 1854 4429 homo
1873 4391 1904 4450 ,ε
1951 4373 2049 4429 sed

2146 4389 2211 4458 τῇ
2242 4387 2406 4458 σαρκὶ
2431 4387 2464 4457 ἠ
2491 4385 2703 4459 θεότης,
2722 4378 2865 4452 ὲξοῦ
2894 4386 2989 4441 καὶ
3003 4385 3377 4458 Θεοπασχίτας
3399 4384 3525 4447 τοὺς
3549 4380 3725 4436 ταῦτα

447 4465 657 4520 ,ιιείῑοε
686 4465 894 4536 pariter
923 4482 1049 4521 cum
1078 4482 1245 4523 carne
1289 4469 1622 4537 patiebatur,
1660 4483 1692 4522 a
1735 4483 1845 4537 qua
1875 4466 2043 4523 etiam

2146 4477 2575 4550 δογματίζοντας
2600 4478 2651 4533 οί
2676 4479 2918 4550 Πατέρες
2944 4477 3223 4533 καλοῦσιν.

452 4558 698 4621 haeresi,
748 4559 843 4629 qui
882 4558 957 4614 ita
981 4558 1206 4624 docent,
1230 4557 1652 4629 Theopaschitae
1696 4558 2047 4630 appellantur

448 4696 455 4700 .
475 4648 809 4704 a‘Patri‘bus.

541 4740 606 4796 ιι.
634 4741 750 4797 Iloc
773 4756 942 4811 porro
958 4742 1297 4814 Eutychetis
1338 4740 1642 4812 profanum
1681 4739 1878 4810 dogma
1913 4754 2049 4795 con—

454 4832 712 4888 :ﬂrmavit
736 4833 1034 4889 Dioscorus
1063 4832 1379 4904 patriarcha
1423 4831 1850 4894 Alexandrinus,
1880 4845 2044 4901 quem

456 4920 751 4975 Marciano
784 4920 1116 4991 imperatore
1150 4922 1392 4994 synodus
1421 4921 1891 4977 Chalcedonensis
1914 4936 2042 4975 sex-

453 5021 761 5067 .ecntornm
819 5021 1134 5068 sanctorum
1183 5015 1405 5069 Patrum
1466 5013 1742 5084 deposuit.
1800 5013 2045 5083 ldi‘psum

460 5120 695 5175 quoque
724 5105 935 5175 impius
984 5105 1223 5164 Severus
1278 5107 1488 5173 docuit,
1539 5123 1605 5162 ex
1661 5106 1862 5177 quibus
1912 5105 2047 5172 orti,

473 5213 612 5267 quos
661 5198 855 5254 dicunt
906 5200 1316 5268 Monothelilas,
1391 5201 1568 5276 Cyrus
1615 5199 2041 5264 Alexandrinus,

473 5288 702 5362 Sergius
761 5290 1427 5364 Constantinopolitanus,
1484 5310 1549 5350 ac
1598 5294 1819 5364 reliqui,
1885 5307 2040 5348 suam

474 5380 884 5436 constituerunt
915 5381 1190 5448 haeresim,
1242 5399 1383 5454 quos
1413 5394 1565 5441 sexta
1598 5382 1841 5457 synodus
1886 5381 2000 5438 Con
2020 5410 2040 5425 -

466 5473 962 5544 stantinopolitana
989 5475 1233 5530 devovit.

544 5590 618 5661 (l)
644 5591 723 5645 Ex
756 5592 902 5663 regio
935 5592 1057 5648 cod.
1087 5593 1239 5650 189.0.

539 5662 623 5734 i2)
659 5662 844 5731 Forte,
886 5665 1057 5736 παρά.

2216 4745 2298 4799 B'.
2325 4744 2496 4799 Τοῦτο
2521 4744 2580 4800 δὲ
2619 4744 2682 4798 τὸ
2727 4743 2928 4818 μιαρὸν
2961 4743 3139 4815 δόγμα
3171 4742 3267 4796 τοῦ
3298 4738 3573 4812 Εὐτυχοῦς
3598 4735 3728 4792 ἐκύ-

2152 4850 2294 4904 ρωσε
2342 4836 2632 4907 Διόσκορος
2682 4836 2713 4888 ὁ
2760 4834 3110 4905 πατριάρχης
3176 4829 3607 4902 Ἀλεξανδρείας,
3666 4827 3727 4878 δν

2148 4924 2402 4979 καθεῖλεν
2438 4926 2529 4978 ἐπὶ
2577 4924 2900 4996 Μαρκιανοῦ
2954 4924 3224 4996 βασιλέως
3271 4925 3305 4994 ἡ
3330 4924 3389 4975 ὲν
3416 4918 3728 4989 Χαλκηδόνι

2152 5018 2367 5081 σύνοδος
2399 5018 2508 5070 τῶν
2540 5015 2616 5086 χλ⁹
2654 5015 2829 5084 ἁγίων
2883 5017 3163 5086 Πατέρων.
3197 5015 3272 5068 Τὸ
3325 5012 3459 5066 αὐτὸ
3489 5010 3668 5064 δὲκαὶ
3700 5013 3728 5062 ὁ

2151 5109 2416 5180 δυσσεϐὴς
2469 5108 2795 5179 ἐδογμάτισε
2847 5108 3103 5178 Σευῆρος,
3134 5108 3230 5175 ἀφ’
3259 5101 3335 5161 ὧν
3371 5105 3464 5160 καὶ
3489 5104 3539 5157 οἱ
3571 5102 3729 5170 λεγό-

2154 5216 2308 5272 μενοι
2345 5199 2735 5270 Μονοθελῆται,
2791 5200 2973 5271 Κῦρος
3014 5198 3443 5270 Ἀλεξανδρείας,
3502 5193 3729 5266 Σέργιός

2150 5307 2210 5346 τε
2241 5292 2895 5357 Κωνσταντινουπόλεως,
2945 5293 3038 5347 καὶ
3065 5293 3115 5347 οί
3145 5292 3345 5356 λοιποὶ,
3392 5289 3495 5361 τὴν
3542 5287 3727 5342 αὐτῶν

2152 5382 2364 5453 αἵρεσιν
2400 5386 2822 5456 συνεστήσαντο,
2862 5384 3016 5456 οὒςή
3064 5386 3123 5440 ὲν
3153 5376 3729 5440 Κωνσταντινουπόλει

2152 5474 2285 5546 ἕκτη
2318 5474 2533 5538 σύνοδος
2563 5477 2941 5547 ἀνεθεμάτισε.

2225 5595 2300 5666 ('5)
2335 5593 2496 5651 Deest
2527 5595 2668 5651 οὐδέ.
