4102 6200
422 331 527 391 881

1476 343 1711 405 LIBER
1749 345 1845 405 DE
1892 345 2143 407 REBHS
2174 344 2569 405 ARMENIE.

3553 348 3662 409 882
3714 368 3721 375 .

492 442 568 496 Γ.
603 442 709 496 Τοῦ
743 444 923 498 τοίνυν
945 445 1278 516 δηλωθέντος
1320 452 1578 507 Ἰακώϐου
1617 444 1804 510 τοσοῦ
1831 457 2005 511 Εὐτυ-

2170 456 2262 511 l'll'.
2300 452 2532 511 Praefato
2564 455 2748 524 itaque
2784 452 2990 510 Iacobo
3018 452 3338 523 Eutychetis
3361 453 3673 512 doctrinam

426 534 555 603 χοῦς
583 534 761 603 δόγμα
808 540 1391 613 πεπαρρησιασμένως
1442 545 1829 614 κηρύττοντος,
1880 548 2000 619 σχί-

427 643 542 694 σμα
586 627 809 696 γέγονεν
844 629 1072 702 ὕστερον
1108 635 1168 687 ἐν
1209 637 1320 697 τοῖς
1348 634 1564 706 Σύροις,
1599 638 1695 691 καὶ
1723 640 1771 692 οἱ
1806 640 1906 709 μὲν
1930 644 1999 713 τῇ

424 718 699 788 ὀρθοδόξῳ
720 721 929 787 πίστει,
952 726 1019 795 τῇ
1054 726 1258 797 συνόδῳ
1280 743 1360 792 τε,
1391 729 1488 781 καὶ
1514 728 1591 799 τῷ
1617 730 1827 799 βασιλεί
1842 734 2002 805 Μαρ-

424 808 597 878 κιανῷ
625 810 1114 882 ἀκολουθήσαντες,
1153 815 1464 888 ἐκλήθησαν
1496 821 1782 891 Μελχίται,
1835 824 2003 896 ἤγουν

426 897 720 966 βασιλικοί.
757 905 947 972 Μελχὶ
979 905 1090 977 γὰρ
1131 908 1254 960 καθ’
1287 908 1574 979 Ἐδραίους
1601 915 1697 967 καὶ
1722 914 1929 986 Σύρους
1976 918 2005 971 ὁ

426 990 684 1057 psoriasis»;
705 992 944 1061 λέγεται.
973 996 1036 1049 Ol
1078 997 1156 1061 σὲ,
1215 999 1596 1072 Ἀποσχισταὶ,
1623 1006 1673 1057 οἱ
1704 1006 1799 1059 καὶ
1826 1008 2003 1061 Μονο-

426 1082 656 1152 θελῆται
685 1084 995 1155 κληθέντες.
1021 1089 1083 1141 0E
1105 1089 1184 1157 τῷ
1209 1093 1426 1164 μοναχῴ
1469 1095 1712 1167 Ἰακώϐῳ
1743 1098 1821 1168 τῷ
1847 1099 2007 1171 Σύρῳ

430 1174 766 1243 πεισθέντες,
795 1177 1201 1251 ὠνομάσθησαν
1234 1182 1564 1253 ’1ακω6ῐται,
1600 1190 1696 1243 καὶ
1722 1190 1788 1243 ἐκ
1812 1191 2007 1245 τούτου

435 1263 596 1334 μέχρι
626 1264 719 1318 τοῦ
744 1264 860 1331 νῦν,
891 1266 1067 1333 οὕτως
1100 1271 1198 1324 ἀπ’
1220 1273 1435 1328 ἐκείνου
1468 1276 1786 1335 καλοῦνται.
1824 1280 1892 1332 Ol
1911 1279 2008 1333 καὶ

434 1354 780 1419 πιστεύοντες
842 1358 943 1426 μὲν
991 1362 1074 1423 είς
1112 1362 1332 1432 Πατέρα
1386 1371 1479 1420 καὶ
1531 1367 1660 1422 Υίὸν
1710 1372 1808 1424 καὶ
1852 1370 2009 1438 ἅγιον

437 1445 661 1514 Πνεῦμα
685 1447 933 1502 δοκοῦσιν
963 1448 1105 1506 εἶναι
1154 1454 1447 1524 δρθόδοξοι,
1480 1461 1575 1513 καὶ
1606 1460 1693 1531 δὴ,
1727 1455 1820 1516 διά
1848 1460 2009 1516 τοῦτο

434 1536 679 1591 πλανῶσι
719 1540 845 1604 τοὺς
875 1543 1342 1615 ἐντυγχάνοντας*
1383 1550 1519 1605 καθὸ
1561 1552 1618 1607 δὲ
1654 1553 1747 1607 ἐπὶ
1786 1554 1888 1625 τῆς
1917 1533 2008 1609 ὲν-

437 1628 641 1700 σάρκου
666 1632 1004 1703 οἰκονομίας,
1030 1637 1136 1709 πρὸ
1187 1640 1287 1710 μὲν
1331 1642 1432 1714 τῆς
1463 1643 1731 1711 ἐνώσεως,
1762 1648 1884 1719 ἦτοι
1908 1647 2009 1718 τῆς

432 1720 924 1792 ἑνανθρωπήσεως,
966 1728 1320 1800 προείρηται,
1344 1734 1428 1787 ὅτι
1471 1735 1568 1789 δύο
1594 1736 1785 1806 φύσεις
1814 1740 2009 1809 ὁμολο-

434 1810 652 1878 γοῦσινο
693 1818 831 1882 μετά
880 1816 938 1869 δὲ
970 1818 1069 1890 τὴν
1094 1819 1313 1888 ἕνωσιν,
1362 1824 1422 1878 οὐ
1471 1825 1565 1880 δύο
1618 1827 1830 1897 φύσεις,
1874 1829 2010 1882 ἀλλὰ

435 1900 568 1970 μίαν
606 1902 703 1956 καὶ
749 1906 1005 1962 ἐντεῦθεν
1058 1910 1325 1984 σύγχυσιν
1374 1919 1469 1971 καὶ
1503 1919 1717 1990 φυρμδν
1766 1921 1875 1975 τῶν
1916 1920 2011 1976 δύο

436 1993 653 2059 φύσεων
681 1996 1013 2066 είσάγουσιν.
1081 2002 1601 2077 Ἀναθεματίζονται
1645 2010 1720 2075 ὡς
1758 2013 2012 2084 Μονοφυ-

438 2087 584 2139 σῖται
643 2089 738 2142 καὶ
781 2090 1180 2165 Θεοπασχῖται·
1237 2098 1408 2165 μόνας
1458 2099 1515 2154 δὲ
1580 2100 1684 2166 τὰς
1735 2103 2012 2175 προτέρας

436 2180 582 2249 τρεῖς
616 2180 867 2246 συνόδους
898 2183 1164 2257 δέχονται,
1197 2189 1365 2259 ἤγουν
1386 2190 1484 2263 τὴν
1507 2193 1565 2245 ὲν
1585 2193 1811 2267 Νικαίᾳ,
1836 2196 1933 2266 τὴν
1954 2198 2014 2250 ὲν

440 2271 1032 2344 Κωνσταντινουπόλει,
1064 2280 1161 2334 καὶ
1190 2280 1289 2352 τὴν
1339 2283 1399 2337 ἐν
1449 2285 1660 2357 Ἐφέσῳ
1680 2303 1694 2318 ·
1728 2286 1828 2358 τὴν
1866 2288 1924 2342 δὲ
1955 2289 2016 2343 ἐν

440 2360 766 2434 Χαλκηδόνι,
796 2367 891 2420 καὶ
919 2369 1020 2433 τὰς
1049 2373 1170 2441 μετ’
1197 2373 1392 2445 αὐτὴν,
1417 2374 1704 2431 ἀθετοῦσιν
1749 2379 1846 2431 καὶ
1884 2380 2014 2444 τοὺς

436 2452 646 2508 τούτων
693 2457 945 2530 Πατέρας
975 2461 1056 2532 τῷ
1088 2462 1396 2535 ἀναθέματι
1430 2465 1848 2538 καθυπάγουσιν
1872 2488 1886 2501 ο
1918 2471 2016 2525 καὶ

438 2543 501 2595 τὸ
525 2544 591 2613 δὴ
619 2546 1020 2620 χαλεπώτερον,
1071 2554 1166 2607 καὶ
1192 2555 1367 2619 πάθος
1400 2557 1778 2627 προσάπτουσι
1799 2563 1864 2631 τῇ
1894 2561 2014 2615 θεό-

438 2651 583 2703 τητι,
614 2637 809 2693 παθεῖν
836 2642 931 2696 καὶ
961 2642 1133 2714 αὐτὴν
1185 2645 1325 2715 μετὰ
1356 2646 1456 2717 τῆς
1485 2649 1689 2720 σαρκὸς
1720 2652 1778 2704 ἐν
1809 2653 1889 2724 τῷ
1918 2653 2012 2707 τοῦ

443 2726 648 2792 πάθους
679 2732 857 2803 καιρῷ
874 2733 1318 2805 δογματίζοντες.
1375 2740 1488 2795 Καὶ
1508 2741 1650 2814 αὕτη
1683 2742 1784 2814 μὲν
1810 2745 1845 2816 ἠ
1870 2745 2015 2818 ἀρχὴ

440 2820 542 2891 τῆς
569 2822 835 2894 αίρέσεως
856 2825 966 2882 τῶν
992 2828 1171 2885 ἀθέων
1212 2832 1569 2891 Ἱακωϐιτῶν.

512 3000 586 3055 Δ’.
631 3000 899 3075 Ὕστερον
950 3006 1008 3061 δὲ
1036 3008 1290 3082 ἐφεῦρον,
1330 3010 1429 3066 καὶ
1454 3010 1516 3067 τὸ
1544 3012 1625 3066 ἑνὶ
1657 3012 1907 3085 δακτύλῳ
1937 3013 2015 3085 (4)

445 3089 507 3143 τὸ
537 3093 847 3164 πρόσωπον,
871 3096 947 3162 ὡς
976 3097 1075 3170 τὴν
1104 3100 1237 3171 μίαν
1284 3102 1343 3154 ὲν
1376 3101 1599 3174 Χριστῷ
1632 3102 1794 3173 φύσιν
1841 3120 2013 3174 πρεσ-

443 3182 697 3250 ϐεύοντες
717 3205 731 3219 ’
759 3189 855 3242 καὶ
905 3188 986 3255 τὸ,
1034 3190 1135 3245 οὐκ
1161 3192 1269 3247 ἀπὸ
1298 3193 1490 3260 δεξιῶν
1520 3195 1613 3248 ἐπὶ
1654 3194 1725 3250 τὰ
1754 3195 2018 3265 ἀριστερὰ

443 3276 545 3347 τὴν
584 3280 743 3347 χεῖρα
769 3283 961 3341 κινεῖν,
988 3282 1064 3346 ὡς
1105 3284 1287 3353 ἡμεῖς,
1346 3283 1486 3339 ἀλλά
1535 3286 1675 3357 πρὸς
1725 3286 2017 3351 ἀνάπαλιν,

441 3367 557 3421 ἀπὺ
590 3368 698 3424 τῶν
733 3370 1037 3442 ἀριστερῶν
1065 3372 1159 3426 ἐπὶ
1202 3374 1272 3428 τά
1318 3374 1506 3442 δεξιάο
1545 3376 1641 3429 καὶ
1678 3376 1783 3446 τὴν
1808 3376 2020 3430 ἑαυτῶν

451 3460 766 3533 προσφορὰν
792 3462 957 3533 ἐλαίῳ
986 3464 1414 3535 ἀναμιγνύουσιν
1440 3480 1454 3495 ·
1487 3465 1583 3519 καὶ
1601 3465 1703 3536 τὴν
1725 3465 1859 3538 παρ’
1887 3468 2021 3538 ἡμῖν

449 3547 614 3615 ἁγίαν
642 3552 925 3607 κοινωνίαν
952 3553 1027 3619 ὡς
1054 3554 1211 3609 οὐδὲν
1244 3554 1525 3624 ἡγοῦνται,
1572 3557 1709 3610 εἴτε
1735 3557 2020 3630 μεταλαμ-

451 3640 705 3705 ϐάνοντες
730 3643 952 3718 ταύτης,
997 3648 1053 3700 εί
1071 3665 1130 3701 τε
1163 3648 1257 3702 καὶ
1309 3649 1407 3720 μή.
1452 3648 1593 3704 Ἀλλ’
1623 3650 1746 3706 οὐδὲ
1782 3651 1927 3722 ὕδωρ
1962 3652 2022 3706 ὲν

448 3733 518 3803 τῇ
554 3732 745 3788 ἑνώσει
791 3740 889 3809 τῆς
916 3738 1097 3794 αὐτῶν
1147 3740 1493 3813 λειτουργίας
1543 3741 1896 3812 ἐμϐάλλουσι.
1947 3741 2022 3797 Τὸ

450 3822 588 3876 αὐτὸ
638 3823 697 3878 δὲ
746 3828 839 3881 καὶ⁵
894 3830 1024 3900 περὶ
1059 3831 1168 3883 τῶν
1202 3831 1376 3900 ἁγίων
1407 3832 1632 3886 είκόνων
1673 3833 1924 3904 ἔχουσιν·
1962 3836 2022 3889 ἰν

447 3913 572 3984 ίσῳ,
600 3918 695 3973 καὶ
718 3920 782 3972 τὸ
810 3923 1136 3991 προσκυνεῖν
1165 3924 1354 3991 αὐτὰς,
1382 3925 1474 3980 καὶ
1502 3926 1564 3980 τὸ
1595 3925 1672 4000 μὴ
1696 3930 2023 3995 προσκυνεῖν

452 4005 784 4076 ποιούμενοι.
828 4010 889 4064 El
918 4011 976 4064 δέ
1010 4028 1139 4065 ποτε
1171 4015 1265 4067 καὶ
1289 4015 1667 4086 προσκυνῆσαι
1698 4016 1878 4088 συμϐῇ
1896 4017 2022 4070 τού-

450 4112 586 4160 τοις,
615 4097 786 4168 αὐτὴν
837 4099 937 4169 μὲν
965 4100 1065 4153 οὐκ
1099 4101 1459 4169 ἀσπάζονται,
1516 4104 1664 4176 μόνῳ
1691 4104 1748 4159 δὲ
1775 4104 2024 4177 δακτύλῳ

455 4186 881 4255 προσψαύοντες,
929 4190 1022 4244 τὸν
1046 4190 1309 4246 δάκτυλον
1341 4193 1458 4247 ἀντ’
1498 4193 1715 4264 ἐκείνης
1740 4193 2021 4259 ἀσπάζον-

448 4293 559 4331 ται.
598 4278 761 4332 Ἀλλὰ
788 4281 882 4333 καὶ
912 4279 1011 4333 τὸν
1040 4281 1221 4352 τίμιον
1251 4283 1507 4354 σταυρὸν,
1553 4286 1621 4355 τῇ
1656 4283 1869 4356 μεγάλῃ
1916 4301 2022 4339 πα-

454 4372 693 4442 ρασκευῇ
723 4371 1179 4443 κατορύττοντες,
1216 4374 1379 4445 μέχρι
1414 4379 1512 4447 τῇς
1545 4376 1707 4445 ἁγίας
1740 4376 2023 4449 Κυριακῆς

451 4463 838 4533 κεκρυμμένον
864 4463 1080 4535 ἔχουσιν
1102 4481 1117 4495 ·
1161 4462 1279 4520 εἶτα
1307 4466 1426 4536 ἅμα
1474 4466 1619 4537 φωτὶ
1644 4466 2022 4541 διατρέχουσιν

450 4552 551 4616 τάς
579 4570 641 4607 τε
678 4554 860 4625 ῥύμας
882 4556 979 4609 καὶ
1016 4556 1144 4621 τοὺς
1192 4556 1488 4628 ρεγιῶνας,
1516 4556 1902 4627 ἐπιζητοῦντες
1947 4559 2032 4611 ὅτι

451 4643 687 4699 ἐνταῦθά
712 4646 860 4699 ἐστιν
890 4648 918 4701 ὁ
943 4647 1197 4717 Χριστὸς,
1229 4648 1544 4719 ἢὲνταῦθα·
1581 4648 1679 4702 καὶ
1716 4649 1837 4702 τότε
1867 4666 2033 4716 φανε-

456 4731 643 4800 ροῦσιν
674 4734 1135 4805 αὑτόν.Λέγουσιν
1171 4738 1226 4791 δὲ
1252 4736 1344 4791 καὶ
1362 4737 1605 4801 ²ἐκθέσεις
1622 4738 1769 4808 ἔχειν
1791 4738 2032 4810 λειτουρ·

453 4823 590 4890 γιῶν
621 4824 936 4898 διαφόρους,
990 4828 1142 4899 παρὰ
1193 4830 1292 4891 τὰς
1344 4825 1812 4899 ἐκκλησιαστικάς
1849 4847 2031 4899 παρα-

452 4913 648 4977 δόσεις.
672 4917 1089 4988 Κρεοφαγοῦσιν
1110 4918 1168 4972 δὲ
1186 4922 1282 4972 καὶ
1300 4917 1399 4990 τὴν
1433 4918 1703 4989 ἑϐδομάδα
1736 4919 1837 4987 τῆς
1854 4920 2029 4991 Τυρο-

455 5007 653 5076 φάγου.
680 5009 997 5080 Παρέλαδον
1018 5011 1077 5064 δὲ
1106 5012 1203 5065 καὶ
1233 5010 1343 5064 ἀπὸ
1380 5010 1590 5082 Πέτρου
1618 5010 1713 5064 τοῦ
1744 5009 2028 5079 Κναφέως,

456 5101 808 5182 προστιθέναι
827 5105 886 5157 ὲν
908 5104 1177 5175 τρισαγίῳ
1203 5104 1359 5175 ὕμνῳ
1387 5104 1572 5172 λέγειν
1598 5102 1662 5156 τό
1685 5117 1700 5132 ⁸
1751 5103 1806 5156 Ὀ
1844 5119 2031 5158 atav-

455 5195 666 5262 ρωθείς
691 5194 766 5249 δι’
791 5195 974 5266 ἡμᾶς,
1002 5196 1266 5264 ἐλέησον
1314 5196 1493 5267 ἡμᾶς.
1544 5197 1656 5251 Καὶ
1704 5198 1875 5253 ταῦτα
1930 5198 2029 5269 μὲν

456 5288 589 5356 περὶ
612 5287 723 5340 τῶν
764 5288 1112 5344 Ἰακωὸιτῶν.

529 5377 605 5431 E'.
640 5380 705 5432 Ui
727 5379 785 5433 δὲ
815 5380 1201 5452 Χατζιτζάριοι
1225 5381 1623 5453 ὠνομάσθησαν
1667 5382 1776 5436 ἀπὸ
1804 5383 1903 5453 τῆς
1930 5381 2026 5437 τοῦ

460 5470 699 5541 σταυροῦ
754 5471 1086 5542 ὀνομασίας·
1142 5474 1234 5527 τδν
1290 5473 1348 5527 δὲ
1398 5477 1631 5544 σταυρὸν
1658 5474 2028 5546 προσκυνοῦσι

464 5560 557 5614 καὶ
592 5561 861 5616 σέϐονται.
911 5561 1085 5623 Χατᾷ
1120 5564 1177 5617 δὲ
1207 5564 1337 5634 παρ’
1372 5566 1578 5633 αὐτοῖς,
1607 5567 1635 5619 ὁ
1693 5564 2029 5636 σταυρωθεὶς

540 5735 617 5806 (lo)
651 5736 811 5794 Deest
835 5740 1101 5812 σφραγίζε
1111 5759 1175 5797 ιν.

2102 548 2278 604 libere
2306 548 2659 618 praedicante,
2690 545 2893 601 factum
2922 551 3008 601 est
3033 552 3234 614 postea:
3255 544 3496 600 sehisma
3525 549 3673 617 apud

2103 640 2288 711 Syros.
2324 639 2503 708 Atque
2533 637 2623 692 alii
2649 637 2894 706 quidem,
2918 641 3232 712 qui'nempe
3283 650 3489 697 rectam
3510 639 3673 697 (idem

2103 732 2508 805 synodumque,
2553 745 2619 785 ac
2665 730 3001 788 Marcianum
3050 734 3442 804 imperatorem
3500 730 3676 788 secuti

2105 829 2313 885 essent,
2356 819 2613 889 appellati
2646 828 2776 874 sunt
2805 821 3094 885 Melehitzc,
3141 822 3197 877 id
3243 833 3350 886 est,
3378 821 3535 893 Regii
3577 837 3675 877 seu

2104 912 2499 983 lmperialistae.
2531 910 2720 966 Melchi
2748 912 2895 967 enim
2921 912 3277 969 Hebraeorum
3313 929 3377 967 ac
3414 913 3680 983 Syrorum

2107 1004 2313 1075 lingua,
2347 1004 2552 1059 dicitur
2596 1020 2710 1060 rex.
2743 1004 2850 1059 Alii
2892 1012 3075 1060 autem
3121 1005 3314 1068 Seissi,
3367 1015 3471 1061 aut'
3511 1006 3679 1061 etiam

2107 1095 2480 1151 Monothelitae
2530 1096 2789 1166 appellati
2839 1107 2987 1162 sunt,
3024 1097 3120 1167 qui
3174 1097 3435 1151 nimirum
3473 1096 3682 1152 Iacobo

2109 1184 2248 1257 Syro
2275 1186 2545 1241 moiracho
2595 1186 2756 1241 fidem
2794 1188 3123 1257 praebentes,
3171 1188 3545 1243 Jacobitarum
3582 1202 3681 1240 no-

2108 1291 2232 1331 men
2263 1274 2663 1342 ohtinuerunt';
2696 1276 2887 1346 sicque
2943 1278 3216 1334 hactenus
3248 1279 3318 1334 al)
3364 1293 3435 1335 eo
3492 1280 3682 1349 appel-

2108 1365 2318 1419 lantur.
2352 1364 2433 1420 Ae
2463 1365 2711 1435 quidem,
2741 1365 2888 1436 quod
2931 1366 2985 1422 in
3014 1368 3232 1424 Patrem
3282 1378 3342 1425 et
3392 1369 3589 1425 Filium
3626 1376 3685 1424 et

2110 1455 2377 1525 Spiritum
2426 1466 2679 1511 sanetum
2736 1456 2986 1522 credant,
3040 1458 3335 1514 orthodoxi
3399 1460 3681 1525 videntur,

2109 1561 2286 1616 eaque
2313 1547 2531 1602 ratione
2562 1562 2660 1602 eos
2691 1547 2999 1618 decipiunt,
3031 1550 3124 1620 qui
3157 1565 3285 1605 eum
3336 1550 3418 1605 eis
3451 1564 3686 1620 ροηδε-οε

2111 1637 2362 1691 diuntur.
2400 1637 2604 1692 Verum
2640 1640 2788 1709 quod
2825 1651 3037 1710 spectat
3082 1642 3149 1697 ad
3180 1641 3387 1699 Christi
3418 1642 3473 1697 in
3515 1657 3685 1698 carne

2112 1726 2581 1796 dispensationem
2610 1767 2625 1793 ,
2677 1737 2804 1785 ante
2840 1730 3064 1799 quidem
3127 1733 3412 1799 unionem,
3469 1733 3524 1789 id
3573 1741 3680 1797 est,

2042 1793 2084 1850 Β
2112 1793 2431 1886 priusquam
2470 1817 2562 1873 ille
2609 1818 2774 1875 homo
2806 1793 2983 1883 fieret,
3008 1820 3118 1886 iam
3150 1820 3362 1878 dictum
3395 1793 3483 1878 est
3526 1793 3687 1877 fateri

2112 1922 2208 1961 eos
2243 1906 2384 1963 duas
2414 1917 2644 1966 naturas
2680 1925 2696 1964 :
2748 1920 2874 1981 post
2916 1926 3048 1967 vero
3080 1927 3225 1977 eam,
3261 1929 3371 1969 non
3402 1913 3542 1969 duas
3589 1927 3690 1967 na-

2116 2010 2294 2062 turas,
2320 2000 2413 2055 sed
2449 2015 2615 2056 unam
2666 2013 2993 2073 agnoscunt,
3028 2004 3269 2075 indeque
3304 2004 3687 2060 confusionem

2115 2107 2181 2147 ac
2219 2092 2672 2148 comtnixtionem
2731 2094 3001 2150 invehunt
3050 2096 3287 2151 duarum
3339 2107 3685 2152 naturarum.

2115 2185 2462 2241 Devoventur
2483 2194 2864 2242 utassertores
2884 2186 3050 2242 unius
3077 2195 3310 2251 naturae,
3339 2195 3396 2242 et
3425 2195 3485 2241 ut
3508 2187 3689 2242 Theo-

2116 2276 2401 2347 paschitzn.
2453 2275 2692 2352 Tantum
2763 2292 2896 2332 vero
2950 2277 3254 2333 admittunt
3307 2286 3420 2333 tres
3472 2277 3691 2347 priores

2115 2368 2375 2439 synodos,
2429 2382 2650 2438 nempe,
2683 2368 2981 2436 Nicenam,
3019 2368 3686 2440 Constantinopolitanam

2115 2458 2548 2529 etEphesinam.
2578 2458 3084 2517 Chalcedonensem
3134 2470 3342 2529 autem,
3395 2478 3459 2518 ac
3504 2478 3567 2518 ea
3594 2477 3693 2532 po-

2117 2551 2381 2608 steriores
2435 2550 2621 2607 irritas
2677 2550 3006 2620 decernunt,
3056 2568 3123 2610 ac
3171 2568 3364 2610 earum
3413 2553 3689 2609 devovent

2117 2641 2349 2698 Patres:
2394 2643 2652 2713 quodque
2698 2644 2922 2715 gravius
2979 2653 3086 2711 est,
3144 2645 3314 2703 etiam
3375 2644 3690 2716 passionem

2118 2734 2317 2789 Deitati
2346 2733 2632 2805 atlingunt,
2664 2735 2975 2806 doeentque
3004 2739 3178 2806 ipsam
3199 2752 3422 2807 quoque
3472 2751 3691 2806 passam

2116 2840 2228 2880 una
2250 2840 2377 2880 eum
2415 2840 2583 2881 carne
2624 2833 2872 2897 tempore
2896 2828 3194 2899 passionis.
3226 2827 3407 2898 Atque
3436 2828 3526 2883 his
3580 2826 3689 2882 ini-

2119 2914 2232 2980 tiis,
2263 2915 2558 2986 impiorum
2579 2915 2955 2974 Jacobitarum
2980 2920 3150 2990 erepit
3180 2919 3432 2975 haeresis.

2191 3009 2279 3064 IV.
2303 3009 2496 3065 Postea
2523 3024 2658 3065 vero
2681 3008 2786 3065 hoc
2832 3026 3055 3081 quoque
3100 3011 3458 3074 invenerunt,
3495 3018 3557 3065 ut
3581 3024 3691 3064 uno

2045 3128 2090 3188 ο
2121 3100 2295 3171 digito
2316 3101 2707 3172 consignarent
2733 3101 2956 3169 faciem,
2985 3104 3147 3158 velut
3177 3118 3343 3159 unam
3377 3103 3430 3157 in
3465 3101 3690 3158 Christo

2122 3199 2372 3245 naturam
2394 3191 2752 3261 profitentes;
2785 3202 2956 3261 utque
2988 3207 3210 3246 manum
3263 3208 3374 3247 non
3404 3209 3440 3247 a
3485 3191 3694 3247 dextris

2120 3280 2190 3335 ad
2219 3280 2498 3335 sinistram
2527 3280 2818 3349 ducerent,
2870 3280 2951 3334 uti
3003 3296 3104 3336 nos
3140 3298 3152 3334 :
3191 3282 3289 3336 sed
3342 3298 3372 3336 e
3401 3290 3618 3343 contra,
3660 3298 3692 3335 a

2120 3369 2361 3424 sinistris
2404 3369 2472 3425 ad
2513 3369 2818 3426 dextram:
2872 3384 3027 3425 suam
3083 3384 3307 3439 quoque
3352 3369 3727 3426 oblationem.
3805 3370 3813 3377 '

2124 3461 2358 3516 miscent
2387 3461 2543 3529 oleo;
2568 3476 2633 3517 ac
2682 3476 2919 3529 sacram,
2949 3475 3073 3530 quae
3094 3460 3242 3532 apud
3267 3476 3371 3518 nos
3402 3468 3509 3526 est,
3535 3477 3689 3517 eom-

2121 3551 2462 3618 munionem,
2495 3566 2598 3622 pro
2631 3552 2806 3607 nihilo
2853 3552 3079 3618 habent,
3109 3554 3225 3608 sive
3252 3553 3689 3619 communicent,

2120 3643 2239 3701 sive
2280 3658 2411 3698 non.
2462 3642 2534 3700 At
2579 3660 2760 3715 neque
2785 3659 2986 3715 aquam
3019 3645 3076 3700 in
3120 3661 3235 3702 suae
3272 3647 3454 3701 misse
3488 3646 3695 3702 unione

2122 3735 2369 3790 mittunt.
2403 3734 2610 3790 Eodem
2666 3736 2829 3792 modo
2867 3751 2926 3792 se
2963 3736 3170 3792 habent
3217 3737 3283 3792 ad
3315 3752 3504 3792 sacras
3553 3737 3696 3792 ima-

2123 3824 2311 3895 gines;
2365 3841 2465 3895 pro
2502 3825 2698 3881 eodem
2744 3827 3017 3883 habentes
3049 3836 3109 3880 ut
3160 3828 3415 3893 adorent,
3448 3826 3534 3881 vel
3584 3842 3696 3882 non

2123 3914 2376 3970 adorent.
2412 3915 2570 3982 Quod
2597 3916 2643 3972 si
2676 3917 2899 3987 quando
2917 3918 3083 3972 etiam
3114 3916 3396 3987 contingat
3417 3916 3650 3971 adorare
3672 3954 3690 3979 ,

2125 4005 2297 4075 ipsam
2340 4006 2564 4076 quidem
2598 4007 2891 4077 imaginem
2933 4020 3044 4060 non
3075 4006 3417 4068 osculantur,
3449 4002 3544 4058 sed
3576 4002 3699 4058 solo

2124 4096 2299 4168 digito
2333 4098 2688 4168 attingentes,
2737 4098 2860 4167 ejus
2906 4097 3028 4152 loco
3066 4097 3390 4152 osculantur
3428 4095 3691 4165 digitum.

2127 4186 2237 4242 Sed
2271 4196 2327 4242 et
2359 4188 2656 4257 pretiosam
2702 4202 2924 4243 crucem
2956 4203 3152 4258 magna
3192 4189 3495 4244 Parasceve
3528 4186 3698 4243 sutl‘o-

2126 4277 2363 4343 dientes,
2393 4292 2568 4349 usque
2601 4277 2669 4332 ad
2701 4293 2919 4333 sacrum
2945 4278 3092 4333 diem
3140 4280 3487 4335 Dominicum
3516 4278 3697 4334 occul-

2131 4375 2238 4420 tam
2275 4375 2502 4422 tenent:
2547 4374 2774 4437 tumque
2809 4368 2987 4438 prima
3018 4368 3139 4422 luce
3177 4383 3274 4436 per
3301 4369 3456 4424 vicos
3499 4377 3555 4422 et
3582 4368 3697 4436 pla-

2054 4450 2099 4507 D
2129 4467 2246 4514 teas
2282 4457 2686 4521 discurrentes,
2748 4458 2892 4513 sitne
2949 4458 3041 4514 hic
3093 4457 3374 4522 Christus,
3445 4474 3514 4512 an
3563 4457 3698 4523 illic,

2130 4552 2456 4622 inquirunt;
2488 4550 2681 4619 sicque
2711 4549 2934 4605 demum
2958 4548 3244 4618 detegunt.
3299 4549 3499 4604 Dicunt
3530 4548 3697 4601 etiam

2128 4656 2188 4697 se
2251 4639 2456 4695 habere
2516 4640 2765 4695 diversas
2802 4639 3096 4694 missarum
3155 4638 3454 4702 editiones,
3509 4646 3699 4693 contra

2140 4732 2467 4788 traditiones
2493 4732 2920 4787 ecclesiasticas.
2948 4731 3259 4787 Vescuntur
3290 4731 3556 4785 carnibus
3585 4729 3698 4800 ipsa

2134 4840 2359 4895 quoque
2381 4823 2727 4880 hehdomada
2745 4822 3126 4893 Carnisprivii.
3180 4822 3439 4879 Omnium
3480 4822 3705 4877 cumulo

2130 4924 2464 4985 acceperunt
2513 4931 2544 4970 a
2582 4916 2745 4970 Petro
2801 4913 3031 4968 Fullone
3075 4920 3136 4968 ut
3184 4912 3389 4985 hymno
3453 4912 3706 4981 'llrisagio

2130 5005 2419 5070 adderent,
2442 5005 2545 5070 Qui
2564 5005 2857 5070 cruciﬁxus
2869 5020 2922 5058 es
2945 5019 3042 5075 pro
3070 5004 3240 5070 nobis,
3265 5004 3511 5058 miserere
3532 5003 3693 5060 nobis.

2131 5095 2409 5152 Hactenus
2441 5096 2508 5151 de
2527 5096 2816 5152 Jacobitis.

2210 5381 2273 5438 ν.
2304 5379 2656 5438 Chatzitzarii
2691 5389 2881 5436 autem
2898 5378 3156 5449 appellati
3191 5386 3341 5443 sunt,
3366 5389 3701 5447 cognomen-

2140 5484 2196 5528 to
2234 5490 2263 5528 a
2289 5489 2477 5530 cruce.
2533 5473 2573 5528 li
2632 5487 2799 5543 porro
2829 5472 3062 5527 adorant
3093 5486 3159 5526 ac
3212 5470 3403 5527 colunt
3455 5483 3702 5525 crucem.

2136 5566 2272 5621 Nam
2301 5565 2448 5636 apud
2480 5582 2599 5629 eos,
2651 5564 2948 5622 cruciﬁxus
2990 5564 3177 5620 δίκαιαί
3207 5562 3539 5635 appellatur.
3576 5558 3699 5616 Sin-
