4102 6200
501 297 605 399 881

1726 331 1827 390 PH
1840 326 2065 390 lLlPPI
2110 328 2501 393 SOLl'l‘ARli

3649 319 3756 389 888

505 451 599 511 ris.
625 447 899 505 celebrata
926 453 1010 500 cst
1054 442 1215 500 tertia
1269 441 1511 517 synodus
1559 441 1925 498 ducentorum
1972 442 2071 496 Pa-

2186 442 2338 509 λέως,
2366 444 2584 511 ἐγένετο
2623 446 2657 515 ὴ
2700 445 2857 517 τρίτη
2889 444 3103 510 σύνοδος
3133 443 3242 498 τῶν
3278 442 3324 497 σ¹
3370 441 3650 514 Πατέρων,
3678 441 3755 494 οἴ-

505 554 675 604 trnm,
702 539 794 609 qui
823 534 1140 592 Nestorium
1168 533 1627 589 condemnarunt.
1656 533 1786 587 Post
1823 547 1942 588 eam
1977 547 2077 586 au-

504 647 612 691 tem
646 631 984 701 compositus
1032 628 1137 684 fuit
1168 628 1406 700 hymnus
1433 626 1664 683 Sanctus
1697 627 1858 692 Deus,
1882 638 1972 682 etc
1999 663 2017 690 ,
2046 640 2078 680 a

504 730 666 783 beato
701 724 922 785 Proclo,
957 720 1583 789 Constantinopolitana:
1615 719 1766 774 urbis
1795 718 2077 789 episcopo,

501 820 567 874 ad
601 817 816 873 Domini
850 817 945 870 Dei
975 814 1411 870 misericordiam
1442 812 1866 883 impetrandam,
1890 827 1988 881 pro
2014 827 2078 865 ea

501 925 624 979 qua:
647 912 1072 977 supervenerat,
1107 915 1267 960 terra:
1297 914 1484 959 motus
1525 904 1836 958 calamitate
1886 903 2077 972 depel-

501 1001 684 1057 lenda.
719 1001 910 1070 Exque
941 1014 1008 1053 eo
1042 1008 1290 1067 tempore
1315 996 1560 1065 suscepit
1594 996 1839 1050 Ecclesia
1870 994 2077 1051 Catho-

500 1092 604 1147 lica
632 1093 894 1163 hymnum
922 1089 1019 1143 Ter
1040 1087 1291 1150 Sanctus,
1337 1087 1392 1140 in
1421 1086 1643 1141 modum
1668 1085 2081 1155 gloriﬁcationis

503 1183 677 1245 illius,
720 1195 880 1251 quam
917 1180 1030 1233 Dco
1081 1178 1407 1234 submittere
1460 1176 1744 1246 Seraphim
1785 1177 2082 1233 didicimus

500 1288 567 1328 ex
599 1272 755 1326 Isaia.

573 1364 660 1418 iV.
696 1363 951 1431 Ejusdem
984 1362 1277 1418 Theodosii
1314 1372 1584 1428 tempore,
1632 1360 1827 1415 beatus
1873 1361 2079 1415 Flavia-

503 1469 630 1519 nus,
670 1455 724 1509 in
755 1456 909 1509 urbis
937 1455 1101 1524 regia:
1131 1452 1335 1522 palatio
1367 1452 1727 1523 Eutychetem
1775 1450 2081 1521 deponens,

506 1547 708 1601 incum
738 1545 1030 1600 anathema
1062 1543 1219 1597 dixit.
1238 1541 1389 1597 Adiit
1414 1542 1598 1610 itaque
1624 1540 1714 1594 ille
1736 1539 2080 1604 Dioscorum,

506 1654 705 1709 rogans
756 1646 816 1691 ut
864 1646 1014 1707 petat
1043 1636 1112 1691 ab
1142 1637 1475 1705 imperatore
1507 1632 1670 1687 aliam
1696 1631 1965 1703 synodum
1995 1646 2086 1686 ce—

509 1730 714 1785 lebrari
749 1729 973 1798 Ephesi,
1000 1743 1108 1798 qua
1160 1727 1566 1782 condemnatur
1611 1736 1836 1781 sanctus
1869 1726 2081 1781 Flavia-

509 1831 633 1882 nus,
663 1816 943 1887 Eutychos
978 1823 1162 1871 autem
1185 1815 1397 1885 judicio
1423 1815 1760 1870 absolvatur.
1789 1816 2083 1872 Dioscorus

511 1919 693 1963 autem
727 1917 893 1977 atque
942 1907 1219 1979 Eutyches
1270 1907 1496 1962 immani
1544 1908 1674 1963 odio
1721 1917 2083 1978 occupantur,

509 1998 657 2053 haud
691 2013 850 2054 secus
877 2008 1042 2068 atque
1073 2013 1273 2053 corvus
1304 1998 1356 2052 in
1389 2013 1615 2054 nemore
1640 2038 1655 2066 ,
1685 2014 1749 2055 ac
1794 1999 1942 2055 sicut
1987 2015 2086 2071 ny-

507 2091 749 2148 cticorax
779 2091 833 2145 in
857 2090 1096 2161 petrinis
1133 2105 1197 2145 ac
1227 2089 1540 2146 ruderibus.

577 2267 644 2324 γ.
667 2267 792 2324 Haec
822 2282 989 2338 porro
1025 2278 1087 2325 ut
1116 2268 1312 2327 beatus
1345 2269 1457 2327 Leo
1498 2270 1781 2326 Romanus
1833 2286 1993 2342 papa,
2021 2286 2087 2328 ac

508 2360 765 2417 Ecclesia:
785 2361 1165 2418 confusionem
1183 2363 1462 2433 cognovit,
1481 2364 1688 2418 acriter
1706 2364 2084 2434 reprehendit,

508 2462 701 2521 petens
742 2453 1112 2510 aTbeodosio
1156 2455 1427 2511 celebrari
1479 2455 1750 2527 synodum
1796 2456 2085 2514 universa-

506 2542 638 2599 lem.
687 2543 912 2600 interim
955 2560 1087 2601 vero
1128 2546 1429 2616 imperator
1472 2546 1618 2601 diem
1663 2546 1824 2611 obiit,
1858 2562 1967 2617 qua
2016 2563 2085 2602 ex

507 2651 674 2693 causa
728 2637 1021 2692 consilium
1079 2637 1456 2707 interquievit.
1509 2638 1822 2695 Marcianus
1872 2648 2086 2706 autem,

507 2727 725 2798 imperii
756 2743 1060 2793 successor,
1086 2728 1383 2784 concilium
1421 2729 1556 2784 illud
1597 2729 1651 2785 in
1690 2730 1853 2785 ﬁnem
1883 2731 2089 2801 perdu-

508 2819 609 2873 xit.
652 2818 925 2874 Caeterum
976 2829 1100 2890 post
1149 2835 1326 2875 annos
1372 2836 1467 2876 sex
1518 2821 1588 2876 ab
1633 2820 1787 2876 obitu
1821 2822 1879 2879 S.
1912 2823 2082 2890 Isaac,

509 2908 651 2965 facta
688 2919 774 2965 est
802 2892 1047 2982 synodus
1080 2912 1136 2967 in
1170 2910 1444 2982 Sapeban.

576 3000 666 3055 Vl.
692 2999 860 3056 Beato
896 3001 1080 3071 itaque
1106 3015 1172 3056 ac
1219 3008 1410 3055 sancto
1447 2998 1601 3055 Isaac
1633 2999 1744 3054 vita
1775 2998 2004 3067 functo,
2039 3000 2087 3056 is

2108 1776 2158 1836 B

2178 552 2325 600 τινες
2355 536 2762 606 ἀνεθεμάτισαν
2787 537 2881 591 τὸν
2901 537 3227 609 Νεστόριον·
3252 536 3345 589 καὶ
3384 534 3524 604 μετὰ
3549 531 3755 602 ταύτην

2183 629 2434 702 ἡρμόσθη
2474 629 2557 693 τὸ,
2594 631 2804 701 ’Ἄγιος
2836 634 2870 685 ὁ
2922 631 3088 695 Θεὸς,
3141 629 3291 700 παρὰ
3328 627 3423 682 τοῦ
3483 626 3753 698 μακαρίου

2184 720 2430 790 Πρόκλου
2480 721 2575 776 τοῦ
2604 723 2908 778 ἐπισκόπου
2942 719 3584 784 Κωνσταντινουπόλεως,
3613 719 3754 789 ὑπὲρ

2180 810 2276 863 τοῦ
2311 811 2493 880 εὑρεῖν
2540 812 2686 873 ἔλεος
2720 815 2872 882 παρὰ
2918 812 3126 879 Κυρίου
3160 809 3255 862 τοῦ
3308 807 3465 871 Θεοῦ,
3515 807 3603 859 διὰ
3654 805 3754 876 τὴν

2183 902 2518 956 ἐπελθοῦσαν
2579 905 2866 975 συμφοράν
2917 903 3012 956 τοῦ
3064 901 3311 971 σεισμοῦ.
3349 900 3460 953 Καὶ
3499 898 3605 951 ἀπὸ
3633 896 3756 949 τότε

2186 994 2496 1065 παρέλαϐεν
2513 998 2546 1066 ὴ
2565 996 2824 1066 καθολικὴ
2848 995 3144 1064 Ἐκκλησία
3163 994 3253 1047 τὸν
3277 991 3311 1045 ὖ
3319 1009 3449 1062 μνον
3476 990 3571 1043 τὸν
3592 988 3760 1057 Τρισ-

2183 1084 2374 1154 άγιον,
2407 1088 2550 1141 κατὰ
2580 1088 2679 1156 τὴν
2734 1088 3041 1156 δοξολογίαν
3088 1087 3198 1139 τῶν
3237 1084 3509 1156 Σεραφὶμ,
3540 1081 3608 1151 ἦν
3661 1078 3757 1133 καὶ

2183 1177 2338 1248 παρὰ
2358 1178 2452 1233 τοῦ
2475 1181 2760 1251 προφήτου
2812 1179 3033 1232 Ἡσαΐου
3065 1178 3488 1249 μεμαθήκαμεν.

2253 1362 2327 1415 A'.
2370 1360 2458 1413 Ἐν
2484 1359 2541 1413 δὲ
2566 1362 2680 1424 τοῖς
2704 1359 2921 1432 χρόνοις
2943 1357 3038 1413 τοῦ
3067 1356 3229 1412 αὐτοῦ
3256 1352 3566 1415 Θεοδοσίου,
3595 1351 3624 1405 6
3657 1367 3760 1420 μα-

2183 1451 2375 1522 κάριος
2405 1449 2704 1514 Φλαδιανδς
2733 1452 2792 1502 ἑν
2837 1449 2916 1520 τῷ
2946 1447 3192 1518 παλατίῳ
3214 1449 3313 1517 τῆς
3342 1441 3615 1516 βασιλίδος
3655 1439 3759 1492 πό-

2183 1543 2342 1605 λεως,
2391 1541 2485 1596 τόν
2532 1542 2781 1612 μυσαρὸν
2831 1541 3098 1611 Εὐτυχέα,
3153 1536 3477 1605 καθαίρεσιν
3526 1531 3761 1601 ποιήσας

2183 1633 2307 1687 κατ’
2337 1633 2527 1695 αὐτοῦ,
2568 1633 2962 1703 άνεθεμάτισεν
3005 1632 3187 1685 αὐτόν.
3222 1624 3543 1700 Προσελθὼν
3579 1623 3761 1677 τοίνυν

2184 1726 2214 1777 6
2241 1725 2404 1788 αὐτὸς
2424 1722 2503 1794 τῷ
2528 1724 2828 1795 Διοσκόρῳ,
2863 1723 3004 1776 ὥστε
3032 1721 3254 1790 αἰτῆσαι
3281 1718 3372 1772 τὸν
3394 1714 3639 1789 βασιλέα,
3671 1712 3762 1766 In

2187 1816 2389 1887 ποιήσῃ
2418 1813 2587 1884 ἄλλην
2612 1815 2832 1869 σύνοδον
2861 1816 2920 1869 ἐν
2961 1813 3191 1882 Ἐφέσῳ,
3220 1809 3317 1865 καὶ
3340 1805 3646 1876 κατακρίνῃ
3667 1803 3763 1856 τὸν

2187 1906 2351 1959 δσιονς
2383 1904 2705 1971 Φλαὸιανδν,
2763 1904 2856 1959 τδν
2903 1904 2961 1958 δὲ
2989 1903 3237 1974 Εύτυχέα
3263 1898 3555 1968 δικαιώσῃ.
3597 1896 3656 1950 '0
3702 1893 3764 1947 δὲ

2186 1996 2479 2065 Διόσκορος
2507 1994 2605 2047 καὶ
2633 1994 2879 2065 Εὗτυχὴς
2910 1994 3055 2064 μήνη
3106 1992 3181 2062 ('7)
3231 1986 3656 2059 κατελήφθησαν
3683 1984 3766 2038 δί-

2187 2104 2292 2157 κην
2315 2086 2550 2159 κόρακος
2578 2087 2637 2140 ὲν
2660 2085 2877 2157 δρυμῷ,
2917 2085 3107 2155 ὥσπερ
3134 2080 3468 2154 νυκτικόραξ
3502 2081 3562 2134 ὲν
3601 2078 3761 2133 οικο-

2187 2181 2352 2248 πέδῳ.

2258 2270 2336 2326 Ε’.
2370 2271 2539 2335 Γνοὺς
2568 2271 2626 2324 δὲ
2657 2272 2687 2326 6
2726 2270 2997 2342 μακάριος
3022 2268 3272 2329 Λέοντιος
3302 2264 3496 2330 ταῦτα,
3521 2263 3552 2316 6
3577 2262 3769 2326 πάπας

2198 2364 2438 2435 Ῥώμης,
2473 2365 2571 2418 καὶ
2606 2364 2709 2434 τὴν
2740 2362 3006 2434 σύγχυσιν
3033 2361 3134 2431 τῆς
3173 2357 3524 2427 Ἐκκλησίας,
3559 2357 3767 2427 σφόδρα

2187 2454 2606 2526 κατεμέμψατο,
2636 2453 2786 2525 παρὰ
2812 2452 2905 2508 τοῦ
2936 2451 3218 2507 Θεοδοσίου
3241 2451 3473 2520 αίτήσας
3495 2449 3593 2503 τοῦ
3616 2448 3771 2519 βασι-

2186 2547 2323 2610 λέως
2359 2546 2659 2618 καθολικὴν
2687 2545 2904 2599 σύνοδον
2925 2543 3202 2613 γενέσθαι,
3240 2544 3302 2597 ὲν
3324 2536 3369 2611 ᾧ
3403 2541 3582 2613 χρόνῳ
3606 2543 3634 2594 6
3664 2539 3769 2611 βα-

2191 2638 2372 2703 σιλεὺς
2395 2638 2740 2709 ἐτελεύτησε,
2780 2636 2878 2690 καὶ
2907 2638 2941 2706 ἠ
2973 2635 3138 2707 βουλὴ
3182 2630 3610 2705 παρεσιωπήθη.
3640 2632 3770 2684 Δια-

2186 2730 2480 2801 δεξάμενος
2501 2731 2559 2783 δὲ
2587 2730 2686 2801 τὴν
2712 2727 2990 2799 βασιλείαν
3019 2729 3047 2781 6
3075 2725 3420 2797 Μαρκιανὸς,
3442 2724 3541 2794 τὴν
3571 2720 3772 2792 βουλὴν

2190 2825 2269 2887 εἰς
2301 2821 2476 2892 πέρας
2504 2822 2681 2892 ἡγαγε
2705 2839 2720 2854 ο
2753 2821 2851 2875 καὶ
2874 2822 3014 2891 μετὰ
3044 2819 3139 2887 ἔτη
3166 2819 3227 2884 ἒξ
3258 2819 3355 2889 τῆς
3387 2816 3647 2886 τελευτῆς
3668 2813 3772 2869 τοῦ

2189 2918 2346 2985 ἁγίου
2385 2914 2570 2968 Ἰσαάκ
2598 2915 2814 2982 ἐγένετο
2850 2913 3068 2976 σύνοδος
3097 2913 3177 2975 είς
3201 2910 3484 2982 Σαπηόάν.

2256 3003 2346 3073 (Γ.
2371 3005 2480 3058 Τοῦ
2511 3005 2607 3060 οῦν
2646 3004 2919 3075 μακαρίου
2981 3004 3077 3057 καὶ
3129 3002 3293 3071 ἁγίου
3343 3001 3529 3055 Ἰσαὰκ
3577 2998 3771 3052 τελευ·

508 3106 713 3148 annum
759 3106 927 3161 agens
962 3107 1030 3148 cx
1082 3090 1335 3162 migravit
1387 3091 1454 3146 ad
1509 3090 1844 3158 Dominum;
1862 3093 2084 3164 jubente

2190 3099 2477 3169 τήσαντος,
2531 3097 2591 3160 δς
2643 3095 2741 3150 τοῦ
2776 3096 2968 3165 χρόνον
3007 3095 3109 3165 τῆς
3159 3092 3309 3163 ζωῆς
3366 3090 3534 3145 αὐτοῦ
3583 3089 3663 3159 τῷ
3700 3094 3770 3160 ρι’

510 3183 628 3252 illo,
651 3184 857 3253 Joseph
881 3185 1003 3255 ejus
1021 3182 1376 3255 episcopatus
1402 3183 1590 3239 sedem
1612 3184 1859 3254 suscepit
1887 3202 1902 3239 :
1927 3185 2085 3254 cujus

509 3293 657 3333 anno
700 3293 773 3332 xu
826 3276 1189 3347 compellente
1235 3277 1513 3332 Ezcnnert
1573 3276 1630 3330 in
1684 3276 1943 3333 Armenia
2016 3277 2084 3332 ad

394 3357 400 3363 ’
509 3367 693 3439 ignem
724 3367 1064 3423 adorandum
1095 3383 1243 3423 anno
1284 3384 1467 3423 χχχι-ιι
1502 3367 1803 3424 Theodosii
1830 3367 2083 3433 Cmsaris,

509 3459 788 3516 imminuti
813 3468 944 3515 sunt
963 3460 1208 3531 episcopi
1234 3459 1509 3515 Armeniae
1535 3478 1548 3513 :
1573 3460 1833 3530 auctique
1862 3459 2084 3527 ﬁducia,

509 3564 541 3602 a
568 3549 838 3605 catholica
875 3564 936 3604 se
970 3550 1216 3605 Ecclesia
1260 3550 1668 3614 abstraxerunt,
1699 3550 1928 3621 iubente
1953 3551 2084 3605 Per-

510 3654 698 3693 sarum
728 3654 875 3708 rege.
899 3640 946 3693 ls
970 3654 1138 3708 porro
1164 3639 1373 3709 primus
1400 3641 1523 3710 ejus
1547 3641 1873 3696 temerarius
1892 3657 2081 3707 ausus,

511 3744 544 3783 a
589 3729 835 3784 Sormaci
894 3739 1166 3798 potestate
1218 3730 1418 3785 malum
1473 3730 1795 3786 inchoavit:
1845 3733 2084 3789 maxime

512 3832 644 3874 vero
672 3820 794 3890 ejus
820 3819 1099 3890 episcopis
1131 3819 1396 3875 hactenus
1440 3820 1846 3878 irremediabile
1879 3835 2083 3881 manet.

2183 3192 2295 3243 ἔτει
2326 3192 2560 3263 μετέστη
2617 3189 2755 3259 πρὸς
2804 3188 3045 3259 Κύριον⁹
3082 3186 3390 3257 διαδέχεται
3439 3183 3532 3237 τδν
3575 3182 3770 3253 θρόνον

2182 3285 2282 3351 τῆς
2316 3283 2627 3349 ἐπισκοπῆς
2659 3282 2725 3352 τῇ
2783 3279 2975 3334 τούτου
3031 3279 3327 3350 προστάξει
3371 3278 3399 3330 ό
3438 3274 3672 3346 Ἰωσήςν
3703 3266 3770 3328 οὗ

2184 3372 2262 3442 τῷ
2298 3371 2363 3443 ιβ’
2393 3372 2505 3425 ἔτει
2533 3371 2774 3446 ἑξῃτήθη
2796 3372 2829 3443 ἡ
2854 3363 3259 3442 πυρσολατρεία
3291 3365 3442 3437 παρὰ
3474 3365 3569 3419 τοῦ
3584 3364 3772 3435 Ἐξην·

2185 3466 2335 3536 νὲρτ,
2366 3466 2447 3528 είς
2476 3464 2577 3534 τὴν
2617 3462 2911 3535 Ἀρμενίαν
2930 3462 3009 3532 τῷ
3040 3462 3118 3526 λζ’
3147 3459 3258 3513 ἔτει
3281 3458 3377 3512 τοῦ
3406 3456 3606 3528 μικροῦ
3631 3455 3770 3508 Θεο-

2192 3555 2371 3609 δοσίου
2427 3554 2521 3607 τοῦ
2584 3556 2885 3626 Καίσαρος,
2936 3553 3330 3624 ἠλαττώθησαν
3369 3552 3420 3603 οί
3475 3549 3772 3602 ἐπίσκοποι

2193 3647 2295 3716 τῆς
2334 3646 2626 3717 Ἀρμενίας
2648 3664 2665 3683 ο
2697 3646 3123 3718 ἐπαρρησιάσθη
3159 3646 3217 3699 δὲ
3247 3645 3343 3698 καὶ
3385 3643 3653 3714 διεσπάρη
3691 3640 3770 3712 (8)

2193 3739 2293 3807 τῆς
2322 3738 2619 3810 καθολικῆς
2677 3739 3024 3809 Ἐκκλησίας,
3075 3740 3143 3809 τῇ
3188 3734 3482 3806 προστάξει
3513 3732 3611 3788 τοῦ
3659 3732 3771 3786 τῶν

2196 3828 2422 3898 Περσῶν
2441 3827 2726 3897 βασιλέως.
2774 3829 2839 3883 Ἦ
2861 3828 2919 3882 δὲ
2944 3829 3087 3899 ἁρχὴ
3131 3829 3229 3900 τῆς
3259 3815 3547 3888 αὐθαδείας
3575 3822 3769 3893 αὐτοῦ,

512 3913 622 3968 ἀπὸ
673 3915 775 3985 τῆς
806 3912 902 3967 τοῦ
929 3912 1154 3985 Σορμάκ
1185 3913 1434 3978 ἐξουσίας
1464 3914 1627 3968 ἔλασε
1656 3914 1755 3984 τὴν
1788 3917 1963 3988 ἀρχὴν
1992 3918 2085 3974 τοῦ
2125 3920 2299 3974 κακοῦ
2319 3936 2335 3953 ο
2374 3921 2611 3992 μάλιστα
2656 3922 2749 3975 καὶ
2776 3923 2888 3986 τοῖς
2958 3922 3035 3993 (9)
3067 3920 3390 3983 ἐπισκόποις
3450 3921 3562 3981 τοῖς
3602 3915 3767 3971 αὐτοῦ

513 4010 734 4075 ἀνίατος
763 4011 1035 4080 διέμεινεν
1062 4008 1167 4072 ἕως
1193 4010 1293 4081 τῆς
1329 4011 1592 4082 σήμερον.

588 4108 702 4163 VII.
733 4107 817 4163 Ab
845 4105 1085 4161 adventu
1120 4105 1334 4162 Domini
1373 4108 1546 4163 nostri
1582 4109 1710 4164 Jesu
1749 4109 1975 4179 Christi,
2020 4110 2089 4166 ad

517 4214 694 4270 usque
724 4215 797 4252 vn
828 4214 1034 4254 annum
1066 4197 1434 4266 Conatantiui,
1457 4202 1617 4271 cujus
1650 4210 1897 4273 tempore
1942 4204 2091 4259 cele-

515 4292 674 4346 brata
697 4289 918 4345 Nicena
949 4290 1211 4359 synodus,
1229 4291 1357 4346 anni
1384 4307 1547 4348 cccxv
1572 4310 1587 4359 ;
1614 4304 1779 4371 atque
1817 4310 1848 4349 a
1869 4295 2089 4351 Nicaena

515 4381 754 4454 synodo,
787 4381 854 4435 ad
888 4396 1063 4452 usque
1104 4383 1374 4453 synodum
1399 4382 2088 4453 Constantinopolitanam,

2265 4107 2339 4163 Z'.
2388 4106 2518 4160 Ἀπὸ
2554 4106 2656 4176 τῆς
2689 4103 2995 4172 παρουσίας
3023 4101 3116 4156 τοῦ
3157 4100 3363 4171 Κυρίου
3390 4095 3549 4167 ἡμῶν
3591 4093 3768 4164 Ἰησοῦ

2190 4198 2427 4271 Χριστοῦ
2478 4198 2584 4260 ἕως
2611 4196 2767 4260 ἔτους
2804 4193 2848 4259 ζ’
2887 4193 3300 4249 Κωνσταντίνου
3337 4188 3432 4243 τοῦ
3458 4189 3552 4242 ἐπὶ
3579 4187 3681 4256 τῆς
3710 4188 3768 4239 ἐν

2189 4292 2398 4360 Νικαίᾳ
2429 4288 2674 4352 συνόδου,
2724 4287 2819 4360 ἐτη
2846 4285 2966 4353 τιε’,
3000 4287 3095 4340 καὶ
3125 4286 3234 4340 ἀπὸ
3278 4283 3379 4353 τῆς
3415 4279 3639 4335 συνόδου
3666 4276 3770 4348 τῆς

2191 4388 2249 4438 ἐν
2273 4383 2478 4453 Νικαίᾳ
2522 4381 2630 4442 ἓως
2659 4382 2758 4450 τῆς
2787 4381 2846 4433 ὲν
2889 4373 3461 4432 Κωνσταντινουπόλει
3519 4370 3766 4433 συνόδου,

516 4489 663 4527 anno
706 4473 900 4544 quinto
947 4473 1241 4529 Theodosii
1292 4474 1490 4543 Magni,
1535 4475 1665 4529 anni
1698 4490 1885 4530 Lxxttt.
1909 4479 2084 4545 Atque

2193 4474 2272 4544 τῷ
2301 4471 2341 4526 ε’
2378 4472 2488 4526 ἔτει
2518 4471 2613 4526 τοῦ
2647 4470 2902 4539 Μεγάλου
2930 4467 3234 4533 Θεοδοσίου,
3286 4464 3661 4533 ἑϐδομήκοντα
3692 4467 3766 4531 γ’.

516 4566 587 4620 ab
614 4566 716 4621 hac
745 4565 953 4636 synodo
995 4564 1061 4619 ad
1092 4579 1264 4633 usque
1289 4563 1557 4635 synodum
1587 4565 1943 4635 Ephesinam,
1966 4581 2084 4635 qua:

2195 4566 2305 4622 Kal.
2355 4565 2466 4618 ἀπὸ
2503 4564 2710 4635 ταύτης
2763 4562 2861 4632 τῆς
2894 4560 3135 4623 συνόδου,
3186 4558 3291 4621 ἕως
3315 4557 3419 4627 τῆς
3462 4558 3522 4608 ἐν
3559 4554 3770 4624 Ἐφέσῳ

514 4658 623 4711 fuit
651 4656 927 4712 celebrata
978 4656 1032 4709 in
1090 4655 1288 4710 diebus
1333 4655 1629 4710 Theodosii
1660 4658 1909 4722 minoris,
1938 4656 2092 4712 deci-

518 4763 611 4802 mo
640 4747 837 4818 quinto
871 4747 1094 4817 imperii
1136 4762 1303 4811 anno,
1329 4747 1694 4819 quadraginta
1740 4748 2094 4804 intercedunt

517 4840 671 4894 anni.
699 4837 889 4893 Abea
921 4847 1104 4893 autem
1154 4838 1361 4909 synodo
1418 4837 1486 4892 ad
1534 4854 1707 4909 usque
1757 4841 2091 4911 Ephesinam

518 4930 789 4996 Dioscuri,
815 4930 870 4986 in
896 4930 1094 4986 diebus
1122 4931 1369 5000 ejusdem
1400 4931 1770 5000 imperatoris,
1794 4932 1925 4986 anui
1958 4948 2088 4987 xxu.

516 5023 602 5076 Ab
632 5022 726 5078 illa
754 5030 939 5077 autem
973 5035 1147 5092 usque
1179 5021 1247 5076 ad
1276 5030 1521 5077 sanctam
1551 5022 1822 5094 synodum
1853 5022 2089 5079 Chalce-

518 5117 849 5179 donensem,
874 5130 1000 5184 quae
1024 5113 1130 5169 fuit
1157 5113 1436 5169 celebrata
1468 5128 1616 5167 anno
1642 5114 1887 5168 secundo
1910 5114 2085 5183 impe-

522 5210 588 5264 tii
618 5207 878 5264 Marciani
910 5206 1164 5276 Augusti,
1190 5206 1317 5260 anni
1347 5222 1401 5260 ν.
1421 5206 1507 5261 Ab
1532 5220 1597 5260 ea
1624 5204 1860 5274 denique
1880 5205 2092 5277 synodo

521 5300 588 5355 ad
646 5298 938 5371 imperium
990 5297 1263 5352 Anastasii
1312 5296 1563 5364 Caesaris,
1608 5297 1737 5351 anni
1789 5313 1856 5351 ιιι.
1905 5313 1971 5354 ac
2024 5298 2093 5354 iis

521 5392 728 5461 plures.

596 5481 730 5537 VIII.
766 5482 823 5537 ιιι
879 5481 1145 5553 temporis
1199 5481 1439 5537 turbatio
1481 5497 1675 5553 magna
1729 5481 1995 5538 Dioscoro
2041 5491 2098 5537 et

594 5624 667 5691 (7)
702 5622 829 5694 [θῦε.
855 5622 1061 5694 μήνιδι.

593 5696 670 5765 (8)
706 5691 866 5748 Forte
892 5691 1001 5765 leg.
1028 5691 1551 5768 ἐπαρῤησιάσθησαν
1572 5691 1666 5745 καὶ
1689 5692 2087 5763 διεσπάρησαν.

2187 4655 2353 4725 ἁγίας
2386 4657 2630 4720 συνόδου,
2661 4654 2761 4722 τῆς
2793 4653 3097 4723 γενομένης
3127 4653 3187 4705 ὲν
3211 4652 3334 4712 ταῖς
3367 4648 3604 4719 ἡμέραις
3638 4644 3769 4699 Θεο-

2188 4748 2368 4802 δοσίου
2397 4748 2493 4801 τοῦ
2522 4746 2744 4818 μικροῦ,
2772 4747 2831 4798 ἐν
2857 4744 2936 4815 τῷ
2968 4749 3028 4798 ιε’
3059 4743 3191 4803 ἔτει,
3223 4740 3637 4811 τεσσαράκοντα
3665 4736 3767 4805 ’ἐτη

2188 4838 2348 4894 εἰσίν.
2389 4840 2510 4893 Ἀπ’
2537 4838 2757 4909 ἐκείνης
2785 4837 2842 4890 δὲ
2874 4838 2976 4908 τῆς
3005 4836 3225 4890 συνόδου
3277 4834 3384 4895 ἓως
3416 4833 3518 4902 τῆς
3549 4829 3768 4884 συνόδου

2187 4929 2289 5000 τῆς
2328 4931 2388 4985 ἐν
2431 4929 2639 4999 Ἐφέσῳ
2667 4927 2763 4981 τοῦ
2801 4927 3116 4997 Διοσκόρου,
3150 4926 3209 4978 ἑν
3251 4926 3372 4986 ταῖς
3399 4922 3635 4993 ἡμέραις
3666 4914 3766 4971 τοῦ
3864 4949 3871 4956 ι

2188 5021 2354 5078 αὐτοῦ
2403 5022 2691 5094 βασιλέως,
2723 5021 2821 5091 ἔτη
2849 5019 2932 5090 κβ⁰
2954 5034 2970 5052 ’
3022 5019 3132 5072 ἀπὸ
3182 5018 3238 5069 δὲ
3269 5016 3486 5085 ἐκείνης
3518 5014 3625 5076 ἓως
3667 5010 3771 5079 τῆς

2192 5116 2357 5186 ἁγίας
2403 5115 2621 5171 συνόδου
2660 5115 2761 5184 τῆς
2807 5116 2865 5166 ὲν
2899 5108 3229 5178 Χαλκηδόνι,
3268 5108 3392 5178 ἥτις
3446 5105 3666 5172 ἐγένετο
3708 5101 3770 5153 δν

2186 5208 2425 5280 δευτέρῳ
2451 5208 2560 5261 ἔτει
2587 5207 2687 5277 τῆς
2720 5204 2997 5276 βασιλείας
3018 5200 3338 5272 Μαρκιανοῦ
3362 5197 3457 5252 τοῦ
3478 5195 3770 5267 βασιλέως.

2190 5300 2286 5371 ἐτη
2315 5299 2377 5356 ε’.
2438 5299 2571 5352 Ἀπδ
2602 5299 2659 5351 δὲ
2693 5298 2912 5351 συνόδου
2957 5295 3164 5364 ταύτης
3201 5292 3306 5354 ἕως
3338 5290 3437 5360 τῆς
3487 5285 3773 5358 βασιλείας

2204 5389 2557 5444 Ἀναστασίου
2585 5388 2883 5457 Καίσαρος,
2919 5390 2972 5455 μ’
2996 5384 3091 5453 ἐτη
3117 5380 3213 5435 καὶ
3238 5379 3522 5433 ἐπέκεινα.

2268 5482 2352 5536 H'.
2382 5480 2519 5536 Τότε
2550 5478 2720 5550 πολλὴ
2753 5477 2968 5550 ταραχὴ
3003 5474 3224 5544 ἐγένετο
3256 5471 3334 5542 τῷ
3357 5467 3636 5539 Διοσκόρῳ
3670 5459 3771 5517 καὶ

2270 5625 2346 5696 (9)
2377 5624 2507 5694 ινδ.
2540 5623 2595 5677 δὲ
2622 5624 2754 5686 τοῖς.
