4102 6200
365 383 475 451 889

1418 380 1654 441 LIBER
1697 374 1794 440 DE
1835 379 2086 441 ΗΕΒυὸ
2124 378 2521 444 ΑΒΜΕΝΙᾸΞ.

3517 373 3627 442 890

366 494 447 567 τῷ
471 492 703 562 Εὖτυχεῖ
732 491 847 554 τοῖς
899 490 1307 560 Μονοφυσίταις
1326 508 1344 525 ο
1374 492 1651 548 ὲθλίόοντο
1684 494 1739 547 δὲ
1774 493 1938 564 Σεόη-

2053 495 2338 565 Eutyehcti
2367 496 2534 551 unius
2582 502 2793 550 natura:
2823 468 3211 553 asscrtoribus,
3240 485 3475 544 conflata
3518 494 3622 541 εειο

371 587 554 657 ριανδς
576 587 604 638 6
633 586 692 637 ἐν
727 583 1030 654 Ἀντιοχείᾳ
1070 584 1168 638 καὶ
1209 583 1612 657 Ἀλεξανδρείᾳ,
1636 586 1730 639 καὶ
1754 586 1789 657 ἠ
1814 586 1949 654 ἁγία

369 679 550 744 πόλις,
602 677 739 731 διότι
794 675 874 746 τῷ
931 676 1082 748 αύτῷ
1133 678 1297 732 πάθει
1328 678 1472 741 τινὲς
1510 681 1568 731 έν
1594 677 1671 747 τῷ
1697 674 1947 748 παλατίῳ

366 771 745 841 κατεχόμενοι,
785 767 1066 836 ἐξέκλιναν
1095 770 1188 822 τὸν
1215 768 1441 839 βασιλέα
1461 809 1476 833 ,
1508 769 1609 842 τὴν
1637 770 1694 823 δὲ
1726 771 1832 840 γῆν
1853 786 1946 823 τα-

368 863 544 935 ραχῆς
586 860 931 931 ἐνέπλησαν·
985 860 1087 932 τὴν
1121 861 1587 931 Μεσοποταμίαν,
1633 863 1729 916 καὶ
1781 861 1948 925 ἄλλας

365 949 583 1022 χώρας
612 951 696 1003 ὅτι
727 948 1071 1012 ἑξεϐιάζοντο
1105 948 1323 1012 παντως
1366 950 1795 1021 ἀναθεματίζειν
1841 953 1944 1024 τὴν

363 1043 529 1109 ἁγίαν
567 1042 663 1094 καὶ
702 1041 1093 1109 οἰκουμενικὴν
1138 1039 1358 1093 σύνοδον
1384 1041 1484 1112 τὴν
1512 1043 1571 1095 ὲν
1611 1043 1942 1114 Χαλκηδόνι,

364 1137 459 1189 καὶ
484 1133 769 1204 ὁμολογεῖν
795 1132 923 1201 μίαν
953 1130 1118 1200 φύσιν
1147 1132 1407 1202 Χριστοῦ,
1446 1133 1544 1203 τῆς
1568 1134 1821 1203 θεότητος
1851 1134 1948 1187 καὶ

368 1228 465 1281 ἀνθ
477 1226 793 1297 ρωπότητος
820 1222 963 1276 κατὰ
987 1223 1254 1290 Εύτυχέα·
1284 1226 1381 1277 καὶ
1402 1226 1469 1293 τῇ
1499 1223 1753 1293 ἀθανάτῳ
1784 1223 1946 1293 φύσει

368 1319 535 1372 αὐτὸν
583 1316 908 1370 πεπονθέναι
927 1329 942 1343 ’
972 1313 1116 1367 οὕτω
1153 1316 1245 1367 καὶ
1266 1316 1365 1378 είς,
1396 1314 1603 1384 ’Ἄγιος
1628 1316 1656 1367 6
1675 1314 1838 1379 Θεὸς,
1865 1315 1945 1379 είς

368 1413 462 1462 τδν
491 1407 661 1477 ὕμνον
693 1405 796 1475 τῆς
850 1405 1014 1473 ἁγίας
1060 1405 1312 1475 Τριάδος,
1351 1404 1434 1469 τὸ,
1491 1407 1524 1459 ὁ
1574 1403 1945 1472 σταυρωθείς

367 1501 732 1571 προσφωνεῖν,
763 1499 901 1567 ὅπερ
932 1496 1041 1567 πρδ
1074 1496 1319 1567 βραχέως
1347 1495 1457 1549 τῶν
1478 1497 1688 1567 χρόνων
1719 1496 1946 1549 ἐκείνων

366 1594 572 1662 Πέτρος
601 1591 629 1643 6
666 1587 972 1657 Ἀντιοχεὺς
1005 1589 1034 1641 6
1065 1588 1318 1657 Κναφεὺς
1346 1587 1605 1658 προσθεὶς
1624 1627 1640 1651 ,
1674 1587 1944 1657 ἀνεθεμα-

361 1684 523 1751 τίσθη
550 1681 704 1751 παρᾶ
734 1680 846 1734 τῶν
872 1679 1042 1748 ἁγίων
1063 1679 1324 1751 Πατέρων
1345 1679 1453 1732 τῶν
1476 1680 1597 1734 τότε
1624 1679 1897 1749 τυχόντων
1921 1693 1938 1709 θ

361 1776 478 1828 ὅσοι
507 1774 564 1827 δὲ
604 1776 664 1827 ὲν
700 1773 836 1843 ὀρθῇ
882 1772 1063 1825 πίστει
1107 1772 1423 1841 ἀνέμειναν,
1477 1772 1552 1841 μὴ
1607 1770 1940 1835 ἀκούσαντες

359 1866 470 1919 τῶν
500 1865 767 1934 βασιλέως
820 1864 1285 1934 προσταγμάτων,
1334 1863 1544 1926 πάντας
1587 1862 1938 1934 ἐξορισθῆναι
1968 1845 2015 1902 Β

361 1955 740 2010 κατεδίκασεν.
811 1956 901 2008 ἐν
943 1956 1140 2018 αὑταῖς
1171 1956 1295 2019 ταῖς
1334 1954 1571 2026 ἡμέραις
1615 1955 1879 2025 Τιμόθεος
1909 1957 1939 2010 6

360 2053 679 2115 ἐπίσκοπος,
705 2051 935 2114 πολλοὺς
963 2051 1159 2119 λόγους
1181 2049 1577 2123 ἐνομοθέτησεν
1602 2051 1695 2119 ἀφ’
1718 2049 1937 2114 ἑαυτοῦ,

360 2143 506 2197 κατὰ
525 2142 634 2196 τῶν
664 2143 931 2211 λεγόντων
962 2142 1056 2197 δύο
1088 2141 1278 2211 φύσεις
1306 2141 1436 2212 περὶ
1465 2141 1557 2194 τὸν
1582 2141 1681 2194 ἕνα
1702 2140 1938 2210 Χριστὸν

360 2233 790 2304 ὁμολογούντων,
825 2236 920 2288 καὶ
954 2233 1292 2303 ὀνειδισμοὺς
1319 2232 1464 2286 κατὰ
1492 2232 1591 2303 τῆς
1618 2232 1677 2285 έν
1712 2232 1936 2302 Χαλκη-

359 2322 471 2377 δόνι
499 2323 738 2377 συνόδου.

431 2410 512 2467 8'.
544 2413 698 2465 Μετὰ
730 2410 906 2464 ταῦτα
943 2411 1235 2495 Ἰουλιανὸς
1262 2411 1291 2464 6
1319 2410 1622 2477 ἐπίσκοπος
1649 2413 1749 2484 τῆς
1790 2412 1937 2466 Ἑλι-

359 2502 660 2573 καρνασοῦ,
687 2504 781 2556 καὶ
825 2503 1081 2566 Ἰάκωϐος
1119 2502 1405 2567 Πιτνανοῦ,
1445 2504 1809 2574 διαιρεθέντες
1839 2503 1937 2557 ἀπ’

360 2594 633 2666 ἀλλήλων,
681 2596 739 2648 ὲν
772 2595 1008 2665 ἡμέραις
1051 2595 1343 2648 ’ῖουστίνου
1370 2596 1466 2650 τοῦ
1515 2596 1801 2667 βασιλέως,
1842 2598 1937 2650 καὶ

358 2686 457 2739 τοῦ
488 2687 715 2758 Περσῶν
752 2687 1003 2741 Κασατᾶ.
1036 2683 1203 2751 Οὗτος
1232 2690 1261 2740 6
1313 2688 1598 2752 Ἰουλιανὸς
1653 2687 1797 2756 εἷπε,
1841 2687 1938 2742 τδν

361 2778 592 2847 Σωτῆρα
620 2778 899 2849 ἄφθαρτον
920 2777 1015 2832 ἀπ’
1044 2778 1278 2849 ούρανοῦ
1300 2779 1580 2848 εἰληφέναι
1614 2778 1793 2849 σῶμα,
1812 2778 1936 2834 ὅθεν

362 2869 675 2939 ἐκλήθησαν
715 2869 1083 2924 Ἰουλιανῖται·
1117 2872 1213 2923 καὶ
1253 2871 1318 2925 ix
1347 2868 1442 2923 τοῦ
1495 2869 1780 2935 Ἰακώϐου,
1826 2871 1935 2924 ἰα-

362 2960 593 3016 κωσῖται
620 2975 636 2990 ⁶
666 2961 760 3014 καὶ
781 2961 845 3014 ἔκ
868 2960 960 3015 τοῦ
984 2961 1251 3030 Σεσήρου,
1279 2960 1621 3033 Σεσηριανοί.
1651 2961 1759 3015 Καὶ
1783 2962 1934 3014 ἐπει-

359 3053 424 3123 δὴ
447 3053 550 3107 οὐκ
578 3050 720 3126 ἦσαν
742 3054 914 3126 τριῶν
948 3055 1269 3108 ἐπισκόπων
1288 3055 1340 3107 oi
1374 3054 1735 3120 ἰουλιανῖται,
1766 3055 1826 3106 ἐν
1858 3052 1936 3124 τῷ

2050 590 2223 644 Porro
2251 588 2633 659 aﬂligebantur
2663 582 2950 640 Severiani
2985 580 3389 637 Antiochenses
3413 593 3479 632 ac
3502 576 3628 631 Ale-

2051 681 2325 744 xandrini,
2356 689 2656 748 sanctaque
2686 676 2900 738 civitas,
2927 687 2995 728 eo
3021 671 3168 741 quod
3208 668 3373 725 aulici
3401 667 3628 737 quidam

2049 772 2242 827 eodem
2273 771 2588 826 laborantes
2623 768 2836 829 morbo.
2874 767 2929 819 in
2957 763 3290 819 sententiam
3327 774 3482 815 suam
3519 760 3627 812 im-

2049 872 2362 933 peratorem
2395 862 2756 930 pellexerant.
2786 860 2958 913 Porro
2987 856 3356 925 impleverunt
3386 852 3625 906 tumultu

2054 965 2256 1009 terram
2287 951 2604 1006 universam
2634 965 2648 1011 ;
2680 962 2881 1016 nempe
2906 944 3381 1014 Mesopotamiam,
3409 956 3474 995 ae
3500 954 3631 1009 pro-

2047 1044 2262 1098 vincias
2315 1042 2473 1104 alias,
2502 1039 2648 1111 quod
2701 1039 2928 1093 omnino
2976 1044 3236 1105 cogerent
3279 1032 3629 1087 anathemate

2048 1136 2315 1191 damnare
2342 1142 2588 1189 sanctam
2619 1147 2683 1186 ac
2725 1129 3124 1186 meumenicam
3155 1124 3425 1196 synodum
3463 1121 3630 1176 Chal-

2047 1232 2436 1294 cedonensem,
2482 1240 2756 1295 unamque
2787 1220 3039 1279 conﬁteri
3095 1218 3303 1275 Christi
3349 1223 3626 1278 naturam,
3736 1239 3739 1241 >

2047 1321 2272 1377 deitatis
2321 1334 2387 1375 ac
2437 1316 2818 1381 humanitatis,
2857 1316 3012 1386 juxta
3060 1309 3383 1382 Eutychetis
3422 1306 3631 1362 doctri-

2046 1430 2223 1479 nam;
2277 1429 2342 1469 ac
2389 1427 2608 1483 passum
2665 1424 2787 1465 esse
2850 1405 3150 1462 immortali
3199 1409 3629 1469 naturazatque

2046 1510 2206 1574 adeo,
2247 1508 2303 1562 in
2361 1515 2564 1561 sanctae
2615 1502 2906 1557 Trinitatis
2964 1499 3183 1555 cantico
3236 1496 3354 1557 illo,
3401 1492 3628 1548 Sanctus

2045 1601 2210 1665 Deus,
2235 1600 2561 1661 acclamare,
2587 1597 2676 1667 qui
2701 1594 2981 1663 cruciﬁxus
3017 1607 3104 1646 es:
3136 1589 3283 1660 quod
3307 1587 3473 1657 paulo
3499 1591 3628 1641 ante

2044 1709 2110 1751 ea
2166 1701 2413 1762 tempora
2462 1689 2673 1746 addens
2724 1688 2927 1742 Petrus
2985 1683 3365 1739 Antiochenus
3416 1690 3629 1745 cogno-

2047 1792 2238 1839 mento
2269 1783 2504 1849 Fullo,a
2538 1779 2744 1836 sanctis
2792 1777 3051 1833 Patribus
3095 1776 3215 1845 ejus
3270 1772 3447 1825 aetatis
3497 1784 3629 1838 pro-

2046 1879 2287 1949 scriptus
2332 1883 2436 1930 est.
2463 1873 2748 1943 Quotquot
2794 1877 2977 1924 autem
3030 1871 3522 1937 perseveraverunt
3570 1860 3628 1915 in

2048 1979 2198 2025 recta
2262 1966 2394 2032 ﬁde,
2420 1964 2623 2036 spretis
2674 1958 3059 2031 imperialibus
3113 1954 3407 2019 mandatis,
3431 1951 3629 2006 exsilio

2048 2060 2573 2134 deportarisanxit.
2618 2058 2724 2113 Per
2773 2054 2830 2109 id
2878 2062 3115 2123 tempus,
3137 2048 3465 2104 Timotheus
3506 2043 3629 2114 epi-

2047 2170 2249 2226 scopus
2290 2161 2557 2209 tractatus
2584 2150 2788 2205 multos
2818 2162 2849 2202 a
2883 2146 3069 2216 seipso
3109 2142 3383 2198 adversus
3402 2152 3498 2194 eos
3526 2136 3625 2207 qui

2046 2248 2186 2303 duas
2213 2247 2269 2302 in
2299 2261 2409 2300 uno
2432 2243 2651 2299 Christo
2677 2248 2902 2295 naturas
2929 2234 3356 2297 conﬁterentur,
3375 2244 3440 2285 ac
3485 2242 3623 2284 con-

2045 2338 2183 2393 vicia
2207 2337 2472 2392 adversus
2494 2332 2763 2405 synodum
2786 2326 3292 2386 Chalcedonensem
3316 2320 3514 2378 edixit.

2115 2431 2209 2486 IX.
2243 2430 2374 2485 Post
2401 2427 2520 2482 haec
2545 2424 2797 2481 Julianus
2840 2421 3137 2491 episcopus
3164 2412 3522 2476 Eliearnassi,
3551 2425 3618 2466 ac

2043 2524 2283 2581 Iacobus
2309 2516 2679 2580 Pituanensis,
2712 2514 2783 2570 ab
2830 2512 3063 2567 invicem
3092 2506 3254 2563 divisi
3299 2513 3449 2563 sunt.
3478 2512 3623 2558 tem-

2044 2633 2176 2689 pore
2192 2613 2391 2672 Justini
2412 2607 2784 2680 imperatoris,
2806 2621 2871 2661 ac
2892 2602 3113 2658 Cabatat
3135 2599 3281 2669 regis
3302 2597 3623 2652 Persarum.

2043 2708 2293 2764 Julianus
2318 2704 2434 2770 hic,
2462 2701 2797 2758 Salvatorem
2832 2693 3146 2750 immortale
3191 2706 3223 2745 e
3249 2689 3393 2745 caelo
3421 2700 3623 2759 corpus

2043 2795 2408 2866 assumpsisse
2451 2791 2691 2854 dicebat,
2718 2805 2748 2844 a
2778 2803 2889 2859 quo
2922 2785 3103 2843 vocati
3163 2792 3295 2838 sunt
3320 2778 3623 2837 Julianim.

2043 2891 2123 2945 uti
2154 2904 2184 2943 a
2214 2865 2421 2942 .lacobo
2448 2882 2736 2947 Jacobitaa,
2762 2895 2827 2935 ac
2874 2873 3159 2935 Severiani
3187 2889 3216 2928 a
3258 2871 3483 2927 Severo.
3510 2865 3626 2921 Ca:-

2044 2990 2222 3037 terum
2271 2977 2417 3049 quod
2472 2975 2751 3032 Julianitze
2798 2985 2909 3025 non
2961 2969 3150 3039 plures
3201 2971 3387 3019 essent
3444 2959 3624 3014 tribus

2043 3072 2343 3143 episc0pis,
2364 3075 2584 3122 mortuo
2608 3065 2828 3123 Juliano
2849 3062 3234 3132 cogitaverunt
3259 3055 3370 3111 duo
3396 3051 3621 3121 reliqui,

358 3145 728 3215 ἀποθνήσκειν
751 3145 845 3198 τὸν
878 3145 1184 3207 ⁹ιουλιανδν,
1219 3144 1590 3213 διελογίσαντο
1616 3146 1665 3198 oi
1696 3144 1790 3198 δύο
1821 3145 1937 3198 ἓτε-

2045 3181 2155 3221 non
2203 3177 2363 3233 posse
2390 3162 2545 3231 juxta
2586 3158 2833 3229 regulam
2878 3167 3194 3209 sanctorum
3237 3151 3481 3206 Patrum,
3515 3144 3621 3199 nisi

361 3254 445 3308 ροι
472 3237 659 3302 αὐτοῦ,
682 3238 765 3292 ὅτι
797 3240 940 3292 κατά
969 3238 1062 3291 τὸν
1088 3238 1292 3293 κανόνα
1318 3237 1428 3291 τῶν
1455 3238 1629 3307 ἁγίων
1654 3237 1936 3309 Πατέρων,

358 3331 623 3384 ἀδύνατόν
655 3333 807 3384 ἑστιν
851 3331 982 3386 ἄνευ
1024 3329 1193 3402 τριῶν
1239 3331 1557 3385 ἐπισκόπων
1603 3331 1940 3401 χειροτονεῖν

357 3422 678 3489 ἐπίσκοπον,
735 3424 869 3493 πρὶν
910 3423 1198 3493 ἢτεθῆναι
1238 3423 1404 3476 αὑτὸν
1445 3423 1504 3473 έν
1527 3422 1710 3489 τάφῳ,
1739 3417 1940 3487 ἐπέθη-

354 3533 421 3569 κε
447 3517 558 3587 (10)
584 3516 684 3585 τὴν
705 3517 862 3585 χεῖρα
899 3514 1085 3579 αὐτοῦ,
1120 3514 1214 3567 καὶ
1239 3513 1340 3576 τὰς
1383 3513 1572 3583 χεῖρας
1612 3509 1793 3564 αὐτῶν
1819 3526 1940 3579 χει-

359 3607 749 3675 ροτονήσαντες
793 3605 1113 3666 έπίσκοπον,
1173 3603 1300 3655 ὅθεν
1350 3601 1936 3669 νεκροχειροτόνητοι

355 3695 791 3764 ὠνομάσθησαν·
828 3695 924 3748 καὶ
966 3695 1126 3764 μέχρι
1157 3691 1252 3746 τοῦ
1303 3690 1401 3747 νῦν
1449 3693 1508 3745 ἐν
1549 3694 1683 3762 τιμῇ
1719 3689 1937 3762 ἔχουσιν

355 3789 575 3850 ἑαυτοῖς
604 3786 703 3859 τὴν
729 3787 909 3854 δεξιὰν
956 3786 1324 3840 ’Ῑουλιαντται.

426 3880 483 3933 ι’.
517 3877 685 3932 Πάλιν
743 3876 1137 3947 ἠλαττώθησαν
1196 3877 1248 3929 οῖ
1278 3876 1380 3945 τῆς
1428 3876 1696 3947 αἱρέσεως
1731 3877 1937 3948 ταύτης

351 3970 643 4026 ἐπίσκοποι
665 3988 681 4005 ο
703 3972 803 4024 καὶ
840 3969 1033 4037 ἐπειδὴ
1059 3968 1216 4023 οὔπω
1253 3970 1520 4040 ἠδύναντο
1551 3969 1936 4039 χειροτονηθῆ-

348 4081 441 4119 ναι
474 4063 561 4117 δια
586 4062 685 4133 τὴν
718 4062 934 4131 αἵρεσιν
973 4059 1177 4127 αὐτῶν,
1209 4059 1646 4129 διαλογισάμενοι
1675 4060 1937 4130 προσετέ-

350 4158 526 4225 θησαν
554 4156 653 4225 τὴν
702 4154 817 4207 τῶν
861 4154 1165 4224 Ἀρμενίων
1210 4153 1550 4207 ἐπισκόπων.
1604 4151 1704 4206 Διὰ
1772 4151 1934 4206 τοῦτο

346 4244 671 4315 προσφιλεῖς
702 4244 954 4313 ἐγένοντο
982 4242 1092 4297 τῶν
1140 4243 1199 4296 ἐν
1246 4241 1414 4313 Σαπῷ
1473 4241 1790 4296 ἐπισκόπων
1818 4243 1931 4312 (Η)

345 4335 569 4407 Ταρῶν,
600 4337 750 4398 ὅστις
775 4333 854 4405 τῷ
889 4331 952 4387 ιθ⁹
974 4333 1086 4386 ἔτει
1117 4330 1211 4386 τοῦ
1261 4331 1491 4386 Καὸατᾶ
1531 4332 1803 4405 ἐκράτησε
1834 4332 1934 4402 τῆς

346 4426 675 4495 ἐπισκοπῆς,
737 4425 830 4478 καὶ
880 4422 1181 4477 διετέλεσεν
1238 4421 1334 4491 ἔτη
1387 4422 1581 4487 πολλὰ,
1641 4423 1780 4493 μετὰ
1834 4421 1931 4475 τοῦ

2044 3257 2225 3313 tribus
2283 3253 2580 3323 episcopis,
2651 3248 2897 3304 ordinari
2971 3246 3315 3314 episcopum,
3372 3239 3624 3305 adeoque

2040 3347 2358 3417 priusquam
2408 3342 2662 3411 sepulcro
2694 3339 3060 3407 deponerent,
3101 3348 3297 3388 manus
3354 3332 3433 3385 illi
3492 3344 3620 3384 cum

2040 3437 2332 3491 demortuo
2358 3432 2744 3500 imposuerunt
2765 3425 3088 3481 ordinantes
3111 3422 3452 3492 episcopum,
3474 3418 3622 3474 unde

2042 3527 2095 3582 Ν
2100 3523 2552 3587 ecrochirotoueti,
2575 3521 2629 3575 id
2656 3530 2739 3574 est
2768 3517 3028 3572 demortui
3056 3531 3216 3570 morm
3242 3512 3495 3575 ordinati,
3523 3526 3620 3580 ap-

2039 3620 2226 3693 pellati
2272 3627 2436 3673 sunt:
2464 3617 2845 3682 hactennsque
2877 3607 3156 3665 Julianila:
3180 3620 3302 3662 eam
3339 3602 3448 3658 sibi
3486 3601 3607 3656 dex-

2039 3723 2213 3771 teram
2247 3708 2449 3765 honori
2475 3708 2708 3762 ducunt.

2107 3891 2178 3946 Χ.
2217 3891 2418 3946 lterum
2451 3900 2582 3941 vero
2637 3881 2964 3937 imminutus
2997 3885 3083 3932 est
3137 3888 3401 3930 numerus
3454 3871 3620 3941 hujus

2035 3982 2263 4040 haeresis
2287 3980 2667 4052 episcoporum
2698 3993 2711 4030 :
2729 3974 2988 4044 quodque
3001 3984 3109 4024 non
3129 3973 3353 4037 possent
3375 3961 3618 4018 ordinari

2034 4083 2259 4145 propter
2288 4086 2443 4126 suam
2494 4068 2767 4129 haeresim,
2803 4062 3151 4118 admiserunt
3202 4055 3616 4113 ordinationem

2034 4142 2415 4233 episcoporum
2477 4157 2769 4213 Armenize.
2819 4149 3190 4219 Quamobrem
3257 4146 3418 4201 amici
3489 4142 3616 4200 lacti

2035 4261 2186 4318 sunt,
2224 4252 2468 4320 Nersapo
2502 4246 2738 4301 Taronis
2765 4246 3049 4313 episcopo,
3084 4240 3177 4309 qui
3205 4235 3617 4293 undevicesimo

2034 4359 2179 4400 anno
2207 4341 2431 4399 Cabalse
2456 4338 2835 4407 episcopatum
2869 4332 3059 4403 gessit,
3092 4341 3377 4398 annosque
3429 4326 3615 4396 plures

2032 4435 2356 4502 episcopum
2400 4427 2533 4498 egit,
2571 4440 2678 4480 una
2706 4438 2832 4479 cum
2868 4420 3024 4476 socio
3052 4419 3175 4488 ejus
3221 4419 3426 4489 Aptyso
3480 4415 3615 4480 Syro

344 4517 567 4587 ἑταίρου
603 4514 768 4569 αὑτοῦ
811 4513 1064 4569 ’Δπτυσῶ
1104 4512 1200 4566 τοῦ
1228 4512 1423 4583 Σύρου,
1449 4514 1556 4566 ἀπὸ
1588 4511 1683 4566 τοῦ
1710 4514 1932 4586 Σαρεπᾶ

2040 4541 2101 4579 ex
2131 4522 2358 4591 Sarepa.
2385 4515 2721 4572 monasterio
2751 4513 3057 4570 vicinorum
3100 4509 3383 4566 Sasorum.
3427 4505 3613 4559 dicen-

343 4611 449 4679 τῆς
481 4612 646 4679 μονῆς
676 4607 786 4661 τῶν
811 4607 1058 4677 πλησίων
1097 4606 1309 4668 Σασιῖιν,
1340 4606 1617 4674 λέγοντες,
1653 4607 1736 4660 ὅτι
1791 4607 1930 4660 πάν-

344 4717 439 4762 τες
466 4699 855 4770 ἐπλανήθησαν
896 4698 1074 4753 ὀπίσω
1127 4698 1222 4751 τοῦ
1280 4697 1604 4770 Νεστορίου,
1665 4698 1761 4751 καὶ
1820 4697 1931 4753 τῶν

343 4791 551 4871 ὁμοίων
582 4791 732 4861 αὐτῷ
755 4794 814 4844 ὲν
856 4790 1181 4860 Χαλκηδόνι,
1236 4791 1330 4844 καὶ
1368 4790 1505 4844 διότι
1569 4790 1672 4843 οὐκ
1732 4791 1930 4860 ἔχομεν

341 4880 514 4933 πόθεν
534 4880 982 4949 χειροτονεῖσθαι,
1017 4882 1504 4949 προσωρμήσαμεν
1562 4883 1630 4950 τῇ
1685 4880 1931 4952 ὑμετέρᾳ

339 4971 561 5023 εὐσεϐεῖ
585 4971 910 5042 χειροτονίᾳ,
932 4970 1158 5039 ποιῆσαι
1188 4972 1321 5040 ἡμῖν
1349 4972 1706 5035 ἐπισκόπους.
1731 4971 1930 5035 Καθὼς

340 5059 551 5116 ἄνωθεν
601 5062 866 5128 εἴπομεν,
925 5055 1089 5129 εὗρον
1138 5061 1339 5126 αὐτοὺς
1390 5061 1765 5127 ἀποϐαλόντας
1825 5063 1926 5135 τὴν

344 5150 650 5220 παράδοσιν
672 5149 765 5204 τοῦ
795 5151 956 5218 ἁγίου
988 5152 1313 5222 Γρηγορίου,
1349 5153 1445 5205 καὶ
1475 5153 1540 5206 ὲκ
1583 5152 1679 5207 τοῦ
1733 5154 1923 5226 θρόνου

344 5240 685 5311 Καισαρείας
716 5240 1092 5307 ἀπωσθέντας,
1127 5240 1391 5306 λαὸόντας
1443 5245 1777 5316 πρόσταγμα
1816 5262 1924 5300 πα-

346 5333 418 5402 ρὰ
459 5331 556 5384 τοῦ
590 5332 858 5401 βασιλέως
899 5334 1144 5404 Περσῶν,
1183 5337 1358 5389 ποιεῖν
1407 5336 1634 5400 ἑαυτοὺς
1680 5336 1926 5401 ἐκείνους

337 5422 442 5491 τὴν
467 5439 527 5491 χε
537 5422 826 5491 ιροτονίαν.
857 5422 1084 5491 Ἔλεγον
1102 5423 1183 5487 δὲ,
1206 5425 1289 5478 ὃτι
1324 5424 1459 5479 Ἀπὸ
1474 5424 1570 5479 τοῦ
1599 5426 1758 5493 ἁγίου
1779 5426 1922 5496 Γρη-

340 5512 531 5581 γορίου
596 5512 866 5583 ἐλάϐομεν
920 5511 1016 5565 τοῦ
1071 5517 1423 5585 χειροτονεῖν,
1471 5517 1568 5571 καὶ
1606 5515 1702 5570 τοῦ
1752 5515 1919 5573 αὑτοῦ

335 5605 509 5673 ἐσμεν
543 5603 602 5655 έν
629 5602 850 5675 Χριστῷ
881 5603 1143 5675 μαθηταὶ,
1170 5603 1478 5677 ψεύδοντες.

415 5778 527 5844 (ιο)
563 5778 724 5833 Forte
755 5740 1054 5849 ἐπέθησαν.

2029 4627 2135 4679 tcs,
2173 4626 2386 4668 errasse
2425 4622 2620 4664 omnes
2675 4620 2822 4676 pone
2878 4604 3196 4660 Nestorium
3241 4596 3613 4657 Chalcedone,

2030 4708 2259 4778 ejusque
2284 4701 2532 4774 gregales
2559 4720 2571 4754 :
2602 4713 2667 4753 ac
2694 4696 2825 4766 quia
2856 4710 2966 4749 non
2997 4691 3268 4746 haberent
3309 4700 3421 4757 quo
3458 4683 3611 4738 ordi-

2029 4776 2318 4860 narentur,
2359 4791 2426 4845 ad
2451 4803 2643 4845 eorum
2680 4788 2979 4843 accessisse
3011 4784 3156 4853 piam
3177 4776 3611 4840 ordinationem,

2028 4896 2085 4942 ut
2107 4886 2187 4940 eis
2213 4883 2501 4955 episcopos
2531 4878 2835 4934 ordinaret.
2860 4876 3053 4937 Porro,
3087 4880 3148 4926 ut
3169 4869 3410 4925 diximus
3441 4865 3497 4919 in
3525 4880 3588 4919 su

2025 4953 2360 5047 perioribus,
2394 4971 2726 5025 invenerunt
2773 4964 3025 5020 amisisse
3054 4960 3405 5017 traditionem
3431 4953 3610 5012 sancti

2028 5067 2298 5137 Gregorii,
2331 5073 2496 5134 atque
2530 5076 2561 5115 a
2615 5060 2818 5115 throno
2869 5056 3135 5113 Caesareae
3190 5051 3464 5122 repulsos,
3520 5060 3607 5102 ae-

2029 5168 2187 5229 cepto
2221 5155 2479 5211 mandato
2509 5168 2541 5206 a
2572 5153 2862 5207 Persarum
2899 5163 3048 5217 rege,
3081 5154 3144 5199 ut
3177 5144 3281 5214 ipsi
3317 5142 3424 5197 sibi
3451 5138 3607 5195 ordi-

2028 5252 2308 5307 nationem
2361 5248 2625 5301 l‘acerent.
2694 5239 2963 5295 Dicebant
3018 5247 3201 5293 autent
3252 5232 3530 5304 accepisse
3572 5247 3605 5285 a

2029 5350 2220 5397 sancto
2241 5337 2510 5410 Gregorio
2536 5335 2628 5406 jus
2654 5329 3046 5395 ordinationis,
3096 5342 3326 5398 esseque
3377 5326 3498 5397 ejus
3545 5321 3604 5379 in

2026 5430 2247 5488 Christo
2273 5426 2594 5498 discipulos,
2622 5435 2939 5495 quanquam
2970 5419 3026 5475 id
3052 5419 3214 5476 falso.

2101 5779 2214 5851 (ll)
2250 5780 2382 5851 ch.
2410 5782 2484 5852 τῷ
2504 5780 2786 5853 Νερσαπῷ
2822 5781 3133 5850 ἐπισκόπῳ.
