4102 6200
491 336 593 403 891

1717 322 2059 388 PHILIPPI
2099 319 2490 383 SOLITARII

3645 317 3755 384 892

562 450 656 505 XI.
686 449 814 505 Hac
836 455 895 502 ut
921 447 1166 514 Nersapo
1188 443 1450 514 episcopo
1469 441 1862 505 innotuissent,
1899 437 2070 510 signi-
2101 485 2107 496 .

2249 439 2352 492 IA'.
2407 437 2479 491 Ἀ
2521 452 2644 490 τινα
2698 434 2976 505 γνωρίσας
3020 433 3298 505 Νερσαπῶ
3329 434 3650 503 ἐπίσκοπος,
3682 439 3761 509 τῷ

493 541 676 598 ticavit
707 540 957 595 Narsesze
986 537 1293 600 Catholica,
1329 535 1424 605 qui
1457 545 1578 590 eral.
1616 534 1684 590 de
1707 533 1963 595 Astarax,
1994 541 2078 586 at-

494 649 602 704 que
629 630 834 686 Azatis.
868 629 909 683 li
958 643 1212 698 magnam
1255 627 1504 682 indixere
1547 627 1818 698 synodum
1849 625 1904 680 in
1941 626 2080 680 urbe

494 726 669 780 Tiben
696 737 842 778 anno
872 737 995 776 χχιιι
1022 720 1232 790 praefati
1273 719 1545 776 Catholici
1587 717 1858 780 Narsesae,
1906 733 1972 771 ac
2007 732 2084 770 xu

492 816 696 872 Justini
729 813 1109 883 imperatoris,
1151 827 1255 868 nec
1303 827 1411 866 non
1458 827 1584 864 xxrv
1633 809 1894 865 Cltosrois
1941 808 2085 878 regis

497 909 811 970 Persarum,
847 921 958 976 quo
984 920 1128 959 anno
1154 904 1452 974 Nestiposti
1485 905 1752 974 martyrio
1787 911 2084 958 coronatus

495 1007 610 1062 est,
634 1013 701 1052 ac
730 998 899 1052 initio
919 996 1566 1059 numeriA-rmeniorum,
1597 994 1819 1064 quando
1840 1003 2084 1048 sanctam

497 1091 768 1162 synodum
814 1089 1319 1144 Chalcedonensem
1347 1088 1700 1142 anathemate
1758 1085 2089 1139 damnarunt

499 1192 564 1236 ut
590 1181 998 1244 Nestorianam,
1021 1182 1174 1250 juxta
1207 1193 1517 1234 sermonem
1549 1177 1772 1246 Aptiso.
1808 1176 2090 1246 Exposue-

502 1283 635 1328 runt
657 1273 806 1327 enim
838 1282 970 1326 tunc
1004 1270 1292 1340 temporis,
1317 1286 1454 1340 quas
1485 1270 1576 1324 ille
1603 1269 1907 1336 scripturas
1938 1268 2084 1320 intu-

503 1365 680 1428 lisset,
714 1379 946 1433 quarum
980 1379 1145 1432 supra
1180 1363 1390 1416 mentio
1428 1363 1569 1416 facta
1596 1370 1700 1423 est,
1741 1359 2092 1414 elucubratas

505 1475 536 1511 a
555 1457 846 1510 Timotheo
875 1471 942 1510 ac
974 1455 1154 1509 Felice
1182 1453 1338 1525 Syris
1355 1453 1620 1508 adversus
1637 1452 1906 1524 synodum
1927 1449 2092 1506 Chal-

512 1548 907 1609 cedon’ensem,
939 1561 1006 1600 ac
1028 1562 1148 1612 eos,
1175 1546 1273 1614 qui
1311 1545 1448 1600 duas
1478 1554 1703 1598 naturas
1759 1545 1814 1598 in
1873 1543 2093 1596 Christo

509 1641 622 1694 Deo
655 1647 847 1694 nostro
899 1639 1274 1693 confitentur:
1317 1639 1763 1708 contrariamque
1821 1636 2090 1708 synodum

2182 528 2442 600 Ναρσέσῃ
2464 527 2542 598 τῷ
2564 526 2864 597 καθολικῷ,
2891 527 2971 599 τῷ
3017 526 3132 580 ὄντι
3190 526 3300 582 ἀπὸ
3351 528 3612 598 Ἀσαρὰξ,
3669 531 3764 584 καὶ

2182 623 2297 684 τοῖς
2338 620 2586 684 Ἀζάτοις
2609 618 2901 690 ἐδήλωσεν.
2929 619 3160 689 ’Ὡρισαν
3187 617 3243 670 δὲ
3271 618 3517 689 μεγάλην
3547 621 3764 674 σύνοδον

2185 713 2244 765 ὲν
2275 711 2429 764 πόλει
2484 711 2677 779 Τισὴν,
2731 711 2810 782 τῷ
2859 710 2937 764 κδ’
2990 709 3104 763 ἔτει
3133 708 3229 762 τοῦ
3273 710 3439 765 αὐτοῦ
3469 711 3763 764 καθολικοῦ

2184 803 2472 873 Ναρσέση,
2500 803 2594 855 καὶ
2620 801 2700 873 τῷ
2735 799 2802 872 ιβ’
2835 801 2947 855 ἔτει
2988 801 3279 856 Ἰουστίνου
3314 802 3615 874 Καίσαρος,
3670 803 3768 856 καὶ

2185 895 2266 964 τῷ
2295 893 2372 946 κδ’
2402 893 2497 947 τοῦ
2526 893 2748 964 Κοσρόη
2777 891 2888 945 τῶν
2917 891 3146 961 Περσῶν
3194 891 3483 962 βασιλέως,
3538 893 3634 945 καὶ
3688 894 3768 961 τῷ

2189 983 2422 1054 ἐνιαυτῷ
2451 975 2497 1051 ᾧ
2530 983 2882 1054 ἐμαρτύρησε
2902 983 3256 1048 Νεστιποστὶ,
3292 982 3388 1037 καὶ⁵
3417 985 3476 1035 ἐν
3498 983 3642 1055 ἀρχῇ
3671 982 3768 1036 τοῦ

2189 1075 2431 1146 ἀριθμοῦ
2465 1076 2575 1130 τῶν
2618 1075 2923 1146 ’Δρμενίων
2943 1092 2960 1108 ο
2988 1075 3078 1128 ὅτε
3110 1076 3204 1131 καὶ
3227 1076 3328 1146 τὴν
3364 1075 3528 1144 ἁγίαν
3553 1077 3771 1132 σύνοδον

2190 1168 2289 1240 τὴν
2345 1170 2405 1222 ὲν
2445 1168 2752 1238 Χαλκηδόνι
2803 1165 3208 1238 ἀνεθεμάτισαν
3249 1168 3326 1230 ὡς
3374 1166 3767 1239 Νεστοριανὴν,

2192 1260 2336 1314 κατά
2363 1261 2454 1314 τὸν
2483 1261 2638 1330 λόγον
2679 1260 2941 1326 Ἀπτισῶ,
2964 1260 3212 1330 ὃτιαύτῷ
3230 1259 3308 1331 τῷ
3319 1261 3498 1332 χρόνῳ
3516 1261 3614 1325 τὰς
3631 1278 3771 1331 γρα-

2194 1354 2302 1425 φάς
2331 1353 2702 1424 ἑρμήνευσαν,
2737 1351 3170 1423 τὰς-ἐνεχθείσας
3208 1352 3316 1404 ἀπὸ
3364 1351 3460 1405 τοῦ
3507 1353 3771 1421 ’Δπτισῶ,

2192 1447 2292 1507 τὰς
2321 1445 2924 1516 προμνημονευθείσας,
2964 1445 3063 1508 τάς
3091 1446 3398 1516 γραφείσας
3421 1445 3574 1515 παρά
3602 1445 3773 1515 Τιμο-

2196 1536 2318 1590 θέου
2345 1536 2440 1589 καὶ
2457 1534 2676 1589 Φιλικοῦ
2700 1536 2808 1590 τῶν
2830 1537 3038 1605 Σύρων,
3057 1537 3200 1591 κατὰ
3227 1539 3323 1605 τῆς
3349 1538 3568 1591 συνόδου
3595 1540 3694 1610 τῆς
3717 1541 3775 1591 ἐν

2195 1627 2521 1697 Χαλκηδόνι,
2541 1629 2637 1682 καὶ
2658 1628 2802 1682 κατά
2820 1628 2930 1680 τῶν
2945 1627 3068 1697 ὁμο)
3078 1625 3350 1694 ογούντων
3365 1627 3460 1681 δύο
3476 1627 3666 1696 φύσεις
3683 1629 3776 1681 ἐπὶ

507 1733 684 1787 secuti
719 1741 866 1797 sunt,
904 1732 1152 1786 dicentes
1183 1748 1346 1785 unam
1391 1742 1644 1786 naturam
1685 1732 1784 1786 Dei
1815 1731 1984 1787 Verbi
2029 1747 2093 1785 ae

2211 1718 2435 1789 Χριστοῦ
2463 1719 2558 1772 τοῦ
2588 1719 2724 1773 Θεοῦ
2757 1719 2940 1789 ἡμῶν,
2990 1719 3086 1772 καὶ
3123 1718 3372 1772 ἐναντίαν
3407 1719 3622 1772 σύνοδον
3669 1719 3778 1772 ἐδο-

2219 1809 2475 1831 -.-Δ---μη
2535 1808 2786 1831 \1---.__-_
2843 1808 2970 1831 με-..
2998 1806 3158 1831 .-.ε-,η
3184 1804 3277 1831 --Π
3305 1805 3438 1831 ουκ
3492 1804 3656 1831 1.1“-..
3687 1804 3775 1831 ..-ἱ

507 1823 713 1889 carnis,
741 1839 806 1878 ac
825 1823 996 1878 fuisse
1019 1823 1317 1877 immortali
1343 1833 1539 1877 natura
1567 1823 1892 1878 cruciﬁxum
1927 1833 2092 1892 atque

2211 1809 2496 1878 γμάτισαν,
2535 1808 2807 1876 λέγοντες,
2841 1808 2971 1877 μίαν
2997 1806 3158 1875 φύσιν
3183 1804 3278 1858 τοῦ
3305 1805 3440 1858 Θεοῦ
3482 1804 3659 1873 Λόγου
3687 1804 3780 1859 καὶ

516 1923 802 1968 mortuum
830 1931 844 1968 :
881 1914 1028 1968 unde
1057 1915 1222 1968 etiam
1274 1915 1428 1980 illud,
1458 1917 1547 1985 qui
1578 1915 1868 1983 cruxiﬁzus
1893 1932 1969 1976 es,
2000 1914 2098 1970 ad-

511 2004 774 2059 diderunt
797 2005 1044 2066 cantico,
1058 2003 1282 2059 Sanctus
1307 2005 1468 2067 Deus.
1484 2008 1637 2078 juxta
1665 2007 1886 2075 Petrum
1909 2005 2098 2060 Fullo-

513 2110 662 2160 nem,
691 2095 788 2164 qui
823 2096 878 2150 in
913 2094 1107 2150 eodem
1131 2106 1298 2165 atque
1333 2096 1606 2150 Sabellius
1627 2113 1816 2151 errore
1846 2107 2098 2151 versatus

522 2197 630 2242 est.
665 2188 1040 2242 Decreverunt
1063 2196 1246 2242 autem
1282 2187 1386 2242 sub
1412 2188 1781 2252 anathemate,
1814 2196 1928 2242 uta
1953 2203 2105 2242 com-

519 2279 782 2334 munione
848 2279 1154 2336 Jerusalem
1213 2280 1509 2345 resilirent,
1557 2294 1622 2336 ac
1665 2280 1948 2351 juniorem
1990 2281 2104 2334 llo-

521 2386 834 2436 manorum,
871 2386 1176 2441 eorumque
1209 2372 1304 2440 qui
1336 2381 1460 2438 post
1508 2373 1942 2428 incarnationem
1993 2374 2105 2429 Do-

520 2460 656 2514 mini
692 2461 864 2514 nostri
927 2460 1066 2515 duas
1099 2469 1320 2516 naturas
1367 2473 1695 2516 assererem.
1741 2464 1916 2517 Porro
1960 2463 2111 2518 ordi-

522 2563 720 2610 nantes
748 2555 941 2624 Aptiso
973 2555 1314 2624 episcopum,
1355 2571 1418 2611 ac
1452 2557 1589 2611 alios
1622 2556 1782 2620 duos,
1828 2557 1883 2611 in
1932 2558 2110 2613 Meso-

527 2653 824 2722 potamiam
853 2651 1024 2722 Syria:
1057 2665 1154 2706 eos
1203 2649 1591 2712 amendarunt,
1643 2659 1704 2706 ut
1753 2660 2000 2705 mutuam
2054 2651 2108 2705 in

408 2762 417 2768 ·
526 2755 851 2814 perpetuum
904 2741 1328 2798 consensionem
1377 2741 1605 2807 inirent,
1665 2757 1830 2796 manu
1888 2743 2111 2813 propria

527 2834 836 2888 scribentes
859 2849 925 2888 ac
952 2833 1155 2903 sigillis
1189 2833 1526 2887 munientes.

589 2927 720 2980 ιλιι.
757 2926 886 2980 Post
917 2926 1142 2994 longum
1189 2925 1394 2979 abhinc
1417 2935 1653 2992 tempus,
1679 2924 1871 2980 Bartas
1890 2927 2112 2996 quidam

529 3018 804 3088 princeps,
831 3017 1016 3072 occiso
1037 3015 1268 3070 Sur-iene
1293 3015 1456 3070 Persa
1495 3025 1745 3086 tyranno,
1767 3034 1832 3073 ac
1855 3018 2116 3081 deﬁciens

2198 1901 2299 1970 τῆς
2328 1899 2532 1969 σαρκός
2559 1916 2574 1929 ’
2604 1899 2700 1952 καὶ
2736 1899 2802 1970 τῇ
2855 1896 3109 1968 ἀθανάτῳ
3156 1895 3318 1964 φύσει
3367 1895 3529 1949 αὐτὸν
3590 1897 3780 1949 ἐσταυ-

2204 1991 2413 2062 ρῶσθαι
2437 1991 2533 2044 καὶ
2563 1989 2818 2044 τεθνάναι
2847 2007 2862 2021 ·
2898 1987 3021 2042 ὅθεν
3055 1989 3151 2042 καὶ
3193 1989 3278 2055 τὸ,
3313 1990 3346 2042 ὁ
3391 1989 3781 2056 σταυρωθείς,

2203 2084 2552 2155 προσέθηκαν
2579 2085 2658 2146 εἰς
2679 2083 2761 2148 τὸ,
2783 2081 2985 2151 Ἀγιος
3009 2085 3042 2135 ὁ
3058 2082 3222 2148 Θεὸς,
3247 2081 3390 2134 κατά
3413 2081 3617 2151 Πέτρον
3640 2083 3785 2135 Κνα-

2205 2176 2334 2245 φέα,
2359 2176 2450 2229 τὸν
2482 2175 2727 2229 παθόντα
2756 2175 2822 2227 τὰ
2849 2174 3164 2228 Σαὸελλίου.
3220 2175 3454 2243 Ὠρισαν
3499 2173 3640 2244 μετά
3689 2173 3784 2226 τοῦ

2206 2265 2658 2338 ἁναθεματισμοῦ
2690 2266 2996 2336 ἀποστῆναι
3028 2267 3129 2335 τῆς
3178 2265 3467 2328 κοινωνίας
3508 2263 3786 2334 Ἱερουσαυ

2205 2359 2338 2430 λὴμ,
2361 2359 2458 2413 καὶ
2479 2360 2544 2412 ὲκ
2573 2357 2684 2412 τῶν
2717 2358 2855 2411 νέων
2897 2356 3206 2427 Ῥωμαίων,
3233 2356 3326 2410 καὶ
3349 2356 3414 2410 ἐκ
3439 2356 3549 2409 τῶν
3597 2355 3789 2425 ὁμολο-

2208 2452 2450 2522 γούντων
2474 2451 2615 2522 μετὰ
2635 2450 2734 2522 τὴν
2773 2447 3189 2518 ἑνανθρώπησιν
3239 2447 3335 2500 τοῦ
3383 2448 3590 2518 Κυρίου
3633 2447 3788 2517 ἡμῶν

2208 2544 2302 2598 δύο
2353 2541 2583 2611 φύσεις·
2639 2539 3053 2613 ἐχειροτόνησαν
3109 2539 3166 2592 δὲ
3213 2538 3306 2591 τὸν
3367 2537 3610 2591 Ἀπτισῶ
3669 2537 3790 2590 ἐπί-

2213 2614 2435 2698 σκοπον,
2460 2635 2555 2688 καὶ
2577 2633 2796 2704 ἑτέρους
2827 2631 2894 2701 β’.
2923 2629 3341 2692 ἀποστείλαντες
3358 2629 3556 2692 αὐτοὺς
3579 2631 3660 2691 εἰς
3681 2630 3792 2681 Με-

2214 2724 2552 2794 σοποταμίαν
2584 2722 2811 2793 Συρίας,
2835 2721 2985 2791 ἔχειν
3010 2717 3332 2788 συμφωνίαν
3366 2716 3510 2789 μετά
3543 2717 3792 2788 ἀλλήλων

2214 2818 2294 2878 είς
2310 2815 2505 2880 αίῶνα,
2527 2812 2827 2882 ίδιοχείρως
2848 2811 3156 2882 γράψαντες
3169 2811 3264 2863 καὶ
3290 2807 3714 2880 ὴσφαλίσαντες.

2287 2909 2386 2961 ΙΒ’.
2433 2906 2592 2960 Μετὰ
2635 2905 2693 2958 δὲ
2738 2907 2932 2974 χρόνον
2991 2903 3181 2968 πολὺν,
3237 2902 3454 2973 Βαρτᾶς
3475 2918 3560 2966 τις
3587 2901 3792 2972 ἄρχων,

2218 2999 2549 3062 ἀποκτείνας
2582 2998 2674 3051 τὸν
2708 2997 3002 3068 Σουριένην
3027 2996 3118 3049 τὸν
3146 2994 3362 3064 Πέρσην
3389 2992 3482 3048 τὸν
3511 2994 3794 3064 τύραννον,

529 3086 602 3162 ab
630 3086 923 3168 Armeniis,
970 3104 1277 3174 intrepidus
1328 3103 1862 3174 Constantinopolim
1925 3108 2104 3176 petiit,

2220 3091 2606 3160 ἀποστατήσας
2660 3091 2724 3142 ὲκ
2777 3090 2886 3142 τῶν
2929 3087 3255 3160 Ἀρμενίων,
3313 3086 3486 3149 ἀδεῶς
3512 3087 3646 3157 πρὸς
3696 3086 3798 3156 τὴν

533 3215 682 3253 anno
733 3195 1156 3268 quadragesimo
1207 3195 1520 3263 Chrosrois,
1561 3211 1626 3251 ac
1658 3212 1762 3249 xxx
1794 3196 2110 3264 Justiniani,

531 3293 705 3360 quiet
733 3290 989 3346 Sanctam
1021 3289 1280 3359 Sopbiam
1316 3288 1608 3344 aediﬁcavit
1642 3305 1655 3340 :
1689 3288 1759 3342 ab
1788 3289 1906 3359 ejus
1933 3298 2113 3344 tamen

529 3384 919 3439 communione
949 3398 1008 3438 se
1052 3397 1334 3451 separaus,
1367 3397 1475 3435 una
1501 3396 1627 3435 cum
1669 3378 1986 3436 comitibus.
2019 3378 2114 3433 Di-

532 3477 693 3533 cebat
741 3478 886 3531 enim
949 3492 1062 3530 non
1114 3476 1314 3530 habere
1370 3474 1689 3528 mandatum
1758 3489 1788 3528 a
1833 3473 2112 3543 magistris

535 3571 671 3629 suis,
703 3577 763 3621 ut
782 3567 1218 3621 communicaret
1239 3581 1367 3619 cum
1404 3565 1505 3619 eis.
1536 3566 1707 3620 Jussit
1729 3565 1914 3635 itaque
1945 3566 2117 3634 impe-

536 3667 706 3720 rator,
753 3665 814 3709 ut
862 3657 1005 3710 idem
1062 3656 1251 3709 Bartas
1311 3657 1678 3710 Armcnorum
1712 3655 2003 3726 episcopos
2051 3670 2118 3709 ac

540 3746 830 3813 magistros
859 3754 1216 3800 convocaret.

613 3920 756 3976 Xlll.
789 3921 952 3976 Facta
979 3930 1162 3975 autem
1195 3929 1279 3975 est
1303 3937 1499 3992 magna
1538 3923 1782 3994 synodus
1805 3922 2119 3981 Constanti-

541 4012 746 4082 nopoli,
775 4021 966 4068 contra
995 4013 1288 4067 nonnullos
1328 4012 1640 4079 hzereticos,
1680 4030 1844 4084 quam
1869 4023 1926 4070 et
1950 4016 2115 4086 quin-

545 4117 652 4159 tam
680 4106 948 4176 synodum
982 4120 1272 4171 vocamus;
1302 4121 1539 4175 eumque
1563 4107 1645 4161 eis
1683 4111 2115 4178 consensissent,

541 4213 729 4251 sacras
747 4197 960 4252 Sane-tre
989 4197 1206 4266 Sophim
1236 4207 1424 4267 portas
1455 4215 1522 4252 ex
1564 4214 1754 4254 eorum
1781 4201 2002 4255 nomine
2021 4217 2120 4272 ap-

543 4288 838 4353 ].ella-runt,
878 4288 1253 4359 hactenusque
1282 4301 1510 4344 vocatur
1539 4290 1701 4345 Porta
1733 4296 2113 4349 Armenorum.

543 4379 700 4432 'l‘unc
732 4379 991 4432 dixerunt
1013 4380 1303 4434 anathema
1323 4381 1564 4450 Origeni,
1583 4382 1835 4450 Evagrio,
1865 4384 2116 4454 Didyme,

2221 3183 2796 3239 Κωνσταντινούπολιν
2820 3180 2957 3253 (l2),
2991 3181 3069 3252 τῷ
3097 3180 3522 3254 τεσσαρακοστῷ
3563 3180 3675 3234 ἔτει
3701 3180 3795 3234 τοῦ

2219 3274 2682 3346 Χοσρόη,καὶμτῷ
2701 3274 2746 3327 λ’
2773 3273 2887 3327 ἔτει
2932 3273 3028 3327 τοῦ
3099 3273 3506 3341 ’1ουστινιανοῦ,
3556 3272 3652 3326 τοῦ
3705 3273 3800 3328 καὶ

2219 3367 2320 3438 τὴν
2360 3365 2553 3436 Ἀγίαν
2575 3365 2778 3434 Σοφίαν
2803 3364 3139 3434 δειμαμένου
3171 3381 3185 3396 ο
3210 3365 3275 3418 ὲκ
3304 3364 3406 3434 τῆς
3433 3364 3718 3427 κοινωνίας
3743 3365 3799 3418 δὲ

2221 3459 2386 3514 αὐτοῦ
2411 3458 2719 3530 ὲκχωρίσας
2746 3457 2844 3512 σὺν
2889 3461 3007 3521 τοῖς
3042 3458 3160 3528 μετ’
3201 3456 3391 3513 αὑτοῦ.
3455 3458 3649 3527 Ἔλεγε
3692 3458 3805 3528 γὰρ

2221 3551 2334 3615 ὅτι,
2363 3551 2477 3603 Οὐκ
2508 3549 2616 3620 ἔχω
2639 3548 2861 3621 ἐντολὴν
2884 3551 2950 3603 ὲκ
2978 3549 3089 3602 τῶν
3112 3548 3451 3604 διδασκάλων
3496 3551 3653 3619 ἡμῶν
3683 3549 3800 3620 μεθ’

2224 3642 2378 3710 ὑμῶν
2407 3645 2708 3698 κοινωνεῖν.
2757 3641 2851 3694 Διὸ
2891 3641 3238 3711 προσετάχθη
3295 3642 3325 3695 ό
3375 3642 3536 3706 αὐτὸς
3590 3643 3802 3711 Βαρτᾶς

2223 3732 2378 3802 παρὰ
2407 3732 2500 3785 τοῦ
2535 3733 2810 3804 Καίσαρος
2853 3733 3298 3802 συγκαλέσασθαι
3330 3733 3666 3796 ἐπισκόπους
3711 3732 3803 3786 καὶ

2223 3822 2571 3886 διδασκάλους
2611 3824 2738 3887 τοὺς
2775 3823 2886 3876 τῶν
2928 3823 3256 3896 Ἀρμενίων.

2294 3915 2394 3970 ll".
2448 3916 2695 3984 Ἐγένετο
2718 3915 2777 3967 δὲ
2805 3913 3024 3979 σύνοδος
3058 3916 3269 3987 μεγάλη
3311 3917 3370 3970 ὲν
3401 3920 3473 3988 τῇ
3507 3917 3804 3969 Κωνσταν-

2223 4005 2555 4072 τινουπόλει,
2587 4005 2730 4058 κατά
2777 4021 2940 4058 τινων
3001 4005 3316 4074 αἱρετικῶν,
3375 4007 3442 4077 ὴν
3496 4011 3536 4058 ε’
3594 4005 3806 4058 σύνοδον

2226 4094 2534 4165 καλοῦμεν·
2568 4095 2663 4148 καὶ
2690 4094 3151 4164 ὀμοφωνήσαντες
3199 4095 3408 4159 αὐτοῖς,
3453 4094 3532 4164 τῷ
3581 4093 3806 4163 ὀνόματι

2223 4187 2405 4242 αὐτῶν
2437 4185 2702 4240 ἐκάλεσαν
2733 4187 2893 4254 ἁγίας
2925 4186 3104 4249 πύλας
3147 4185 3246 4255 τῆς
3291 4185 3450 4253 ἁγίας
3475 4184 3697 4252 Σοφίας,
3747 4184 3808 4251 ἦ-

2223 4297 2309 4344 τις
2345 4280 2510 4350 μέχρι
2549 4281 2789 4350 σήμερον
2823 4278 3069 4331 καλεῖται
3102 4277 3222 4330 τῶν
3267 4277 3592 4344 Ἀρμενίων
3611 4277 3804 4341 Πύλῃ.

2225 4371 2361 4423 Τότε
2393 4369 2796 4438 ἀνεθεμάτισαν
2845 4368 2937 4420 τὸν
3007 4368 3315 4438 Ὀριγένην,
3369 4367 3461 4418 τὸν
3512 4365 3806 4434 Εύάγριον,

545 4467 1517 4534 Nestori-anis.Jacobitis,'.lulianitis.
1541 4472 1828 4535 Gaianitis,
1859 4489 1924 4529 ac
1946 4475 2107 4530 omni-

2230 4463 2320 4515 τὸν
2372 4462 2628 4531 Δίδυμον,
2682 4461 2810 4523 τοὺς
2859 4459 3280 4528 Νεστοριανοὺς,
3323 4458 3418 4510 καὶ
3465 4455 3812 4517 Ἱακωὸἰτας,

545 4578 618 4616 no
641 4561 708 4618 iis
739 4563 999 4617 orantibus
1034 4563 1130 4631 qui
1190 4563 1374 4618 infecti
1409 4572 1597 4618 essent
1638 4580 1764 4618 cum
1794 4564 2118 4620 Nestoriana

549 4656 764 4720 haeresi,
819 4664 932 4710 tttm
989 4655 1331 4724 Eutychetis.
1373 4655 1628 4710 Reversis
1675 4655 1783 4710 illis
1825 4657 1879 4709 in
1924 4657 2120 4711 Arme-

547 4749 718 4813 niam,
757 4764 882 4817 pars
919 4747 1142 4818 quidem
1179 4757 1431 4816 prompto
1461 4762 1527 4802 ac
1557 4747 1724 4802 alacri
1749 4747 1934 4801 animo
1966 4747 2127 4802 unio-

549 4855 676 4895 nem
728 4850 1112 4910 susceperunt,
1162 4856 1290 4909 pars
1353 4849 1534 4894 autem
1576 4839 1832 4895 matchati
1877 4849 2005 4895 sunt
2061 4854 2125 4893 ac

549 4931 905 4985 desciverunt
937 4931 992 4984 in
1025 4930 1222 4985 diebus
1269 4931 1527 4986 Boanesre
1555 4930 1846 4993 Catholici,
1901 4930 1969 4983 de
2001 4930 2126 4998 qui-

549 5024 659 5078 bus
690 5023 835 5078 haud
870 5022 1036 5078 modo
1063 5023 1358 5079 dicendum
1386 5039 1485 5092 per
1509 5023 1744 5093 singula.
1773 5021 2130 5091 Scripserunt

548 5127 682 5183 ergo
719 5113 933 5169 litteras
967 5113 1038 5168 ad
1083 5117 1230 5183 Apas
1264 5114 1611 5170 Catholicam
1636 5112 1878 5166 Albaniae
1907 5112 2129 5181 provin-

549 5203 672 5266 ciae,
706 5202 760 5255 in
789 5203 905 5257 btet:
929 5203 1096 5257 verba
1130 5222 1143 5256 :
1189 5203 1314 5258 Veni
1342 5205 1610 5258 nobiscum
1646 5201 1752 5269 ﬁde
1778 5201 2132 5266 consentiens,

549 5295 606 5348 in
644 5309 702 5347 eo
733 5293 870 5363 quod
901 5293 1114 5346 unicam
1141 5292 1334 5347 Christi
1370 5294 1464 5347 Dei
1499 5301 1750 5346 naturam
1805 5289 2130 5359 conﬁtearis,

553 5393 716 5455 atque
757 5388 813 5438 in
861 5383 1069 5438 cantico
1117 5383 1350 5440 Sanctus
1403 5386 1566 5446 Deus,
1608 5382 1774 5446 dicas,
1809 5382 1904 5451 qui
1945 5382 2129 5437 cruci-

555 5476 698 5529 ﬁxus
725 5491 786 5530 es
818 5491 918 5545 pro
945 5475 1125 5530 nobis.
1169 5479 1234 5529 At
1272 5478 1362 5531 ille
1399 5476 1598 5538 renuit,
1643 5474 1833 5530 dicens
1871 5485 1885 5527 :
1938 5473 2128 5527 Petrus

552 5585 618 5621 ac
651 5569 932 5636 Gregorius
960 5571 1057 5624 mei
1077 5571 1386 5631 decesserat,
1420 5571 1473 5621 in
1505 5584 1621 5621 eum
1648 5566 1860 5621 modum
1889 5564 2128 5620 dicebant

633 5685 745 5745 (19.)
779 5686 939 5739 Deest
976 5684 1131 5745 ἦλθε.

637 5756 749 5827 (15)
779 5756 941 5811 Forte
967 5753 1261 5823 Εὐτυχοῦς,
1299 5753 1384 5809 vel
1409 5762 1720 5824 utrumque.

2227 4561 2356 4620 τοὺς
2423 4558 2797 4619 Ίουλιανίτας,
2854 4555 2950 4621 καὶ
2999 4557 3125 4618 τοὺς
3198 4553 3508 4613 Γαῖανίτας,
3542 4553 3638 4606 καὶ
3685 4553 3812 4614 τοὺς

2228 4648 2377 4713 ἅπαξ
2399 4648 2585 4712 ἀπλῶς
2618 4649 2841 4718 ἔχοντας
2866 4647 2964 4716 τὴν
3015 4645 3108 4698 τοῦ
3142 4645 3438 4714 Νεστορίου
3490 4642 3600 4713 (l3)
3665 4643 3816 4712 αἴρε-

2231 4759 2338 4796 σιν.
2387 4741 2880 4810 ’Υποστρεψάντων
2927 4738 2982 4790 δὲ
3011 4737 3192 4790 αὐτῶν
3251 4738 3331 4798 είς
3393 4734 3707 4804 Ἀρμενίαν,
3761 4733 3812 4786 οί

2232 4832 2330 4903 μὲν
2355 4830 2651 4902 προθύμως
2685 4827 3014 4892 ὑπεδέξαντο
3043 4827 3141 4896 τὴν
3165 4825 3359 4878 ἕνωσιν
3397 4840 3410 4853 ’
3442 4825 3493 4877 οἱ
3540 4823 3600 4876 δὲ
3649 4825 3816 4893 ἔπορε

2227 4924 2489 4977 νεύσαντο
2521 4924 2580 4976 ὲν
2609 4923 2730 4985 ταῖς
2753 4921 2991 4990 ἡμέραις
3022 4920 3262 4988 Βοανὲση
3295 4916 3406 4986 (Η)
3454 4917 3548 4969 τοῦ
3597 4914 3810 4970 καθολιο

2233 5017 2354 5078 κοῦ,
2411 5017 2543 5085 περὶ
2578 5007 2654 5066 ὧν
2697 5014 2797 5066 οὐκ
2843 5013 2959 5065 ἔστι
3011 5010 3107 5062 νῦν
3167 5009 3348 5076 λέγειν
3415 5007 3557 5062 κατά
3625 5007 3815 5077 μέρος.

2235 5109 2523 5180 Ἔγραψαν
2563 5109 2743 5167 τοίνυν
2765 5103 3054 5174 ἐπιστολὴν
3077 5103 3214 5174 πρὸς
3241 5103 3330 5156 τὸν
3368 5102 3542 5164 ’Δπᾶς
3570 5100 3665 5153 τδν
3714 5113 3819 5152 κα.-

2232 5199 2444 5253 θολικδν
2486 5195 2771 5258 ’Δλὸανίας
2801 5193 3007 5264 χώρας,
3042 5191 3404 5262 περιέχουσαν
3438 5187 3643 5250 οὕτως’
3679 5188 3819 5240 Ἐλ-

2235 5290 2302 5346 os
2334 5290 2462 5360 μεθ’
2481 5287 2650 5357 ἡμῶν
2696 5285 2937 5351 ἐνωθεὶς
2990 5281 3064 5350 τῇ
3113 5283 3332 5343 πίστει,
3375 5280 3446 5334 ἐν
3486 5277 3566 5344 τῷ
3611 5276 3820 5344 λέγειν

2229 5383 2378 5452 μίαν
2399 5381 2590 5450 φύσιν
2619 5377 2883 5446 Χριστοῦ
2921 5375 3028 5429 τοῦ
3067 5375 3238 5436 Θεοῦ,
3275 5371 3375 5426 καί
3402 5373 3490 5436 εὶς
3531 5369 3821 5435 τὸ,⁶’Λγιος

2229 5474 2258 5528 ό
2288 5473 2440 5536 Θεὸς,
2489 5473 2518 5524 ὁ
2552 5467 2887 5539 σταυρωθεὶς
2938 5465 3004 5520 δι’
3033 5466 3202 5535 ἡμᾶς.
3252 5461 3308 5516 ’0
3345 5462 3403 5516 δὲ
3453 5463 3515 5514 ού
3578 5475 3820 5526 συγκατ-

2227 5563 2381 5617 έθετο
2427 5563 2603 5628 λέγων
2628 5561 2733 5627 ὅτι,
2765 5561 2828 5613 Ὀ
2847 5559 3068 5627 Πέτρος
3097 5557 3194 5611 καί
3216 5558 3249 5611 ό
3277 5555 3603 5626 Γρηγόριος
3627 5554 3682 5607 οὶ
3703 5551 3824 5622 πρὸ

2316 5685 2364 5752 (Ι
2386 5685 2428 5754 ί)
2463 5682 2546 5738 Al.
2579 5681 2849 5752 Εὐανέση.
