4088 6214
511 368 620 437 895
1746 368 2084 431 PHILIPPI
2128 320 2520 429 somAnu
3647 367 3761 431 395

515 483 887 556 presbyteros,
925 479 1497 551 monasteriorumque
1544 480 1850 552 praefectos,
1892 489 1954 537 ut
1988 490 2086 536 aut

2204 475 2625 549 πρεσϐυτέρους.
2663 472 2757 529 καὶ
2783 474 3143 545 ἡγουμένους,
3207 474 3604 547 ἀναθεματίσαι
3665 479 3767 551 τὴν

515 578 724 649 synodo
744 573 1172 630 Chalcedonensi
1194 573 1482 628 anathema
1506 573 1775 639 dicerent,
1793 573 2083 628 autsolum

2204 586 2245 621 av
2270 566 2575 636 Χαλκηδόνι
2610 563 2898 635 σύνοδον,ἢ
2929 564 3245 635 ἐκχωρῆσαι
3263 565 3371 618 ἀπὸ
3395 566 3496 630 τῆς
3554 564 3764 637 χώρας.

521 676 816 722 mutarent.
842 666 883 719 li
909 680 1041 719 vero
1081 667 1339 722 dixerunt
1385 665 1697 731 anathema,
1744 673 1800 720 et
1854 665 2088 720 cessavit

2204 659 2252 715 )l
2281 659 2338 712 δέ
2363 656 2780 725 ἀνεθεμάτισαν,
2815 654 2910 708 καὶ
2930 654 3169 711 ἔπαυσεν
3198 658 3232 725 ἡ
3254 655 3554 725 ἀντιλογία.

517 761 810 815 verborum
842 775 1043 830 pugna.

587 847 727 902 XVI.
758 848 946 902 Tertio
978 855 1101 916 post
1128 864 1272 904 anno
1292 858 1378 905 est
1404 849 1613 905 illatum
1656 849 1862 904 bellum
1911 848 2088 903 Phra-

517 942 690 996 sianis
720 939 857 1011 (18).
886 956 950 995 ac
979 942 1158 996 Persa:
1186 942 1464 997 Romanos
1488 951 1906 1010 percusserunt,
1927 942 2084 997 urbs‘

518 1048 625 1101 que
650 1030 824 1085 Citrie
855 1047 921 1086 ac
964 1032 1416 1102 Theodosiopolis
1442 1044 1763 1103 expugnatae
1794 1042 1925 1089 sunt
1947 1048 2093 1090 anno

519 1125 773 1179 vPhocze
827 1124 1196 1193 imperatoris,
1267 1141 1333 1180 ac
1379 1142 1447 1180 xx
1503 1126 1785 1192 Chosrois,
1841 1142 1944 1183 nec
1980 1141 2091 1182 non

519 1215 692 1268 multa
732 1213 837 1266 alia
873 1212 1114 1282 Oppida;
1154 1214 1208 1267 in
1250 1215 1451 1285 quibus
1475 1216 1636 1270 etiam
1671 1215 1935 1272 Joannem
1986 1216 2093 1273 Ca-

523 1305 790 1359 tholicum
818 1307 1175 1361 exsistentem
1208 1307 1431 1376 quidem
1465 1307 1521 1362 in
1576 1308 1856 1376 Armenia,
1904 1325 2093 1366 verum

521 1411 586 1450 ea
611 1405 740 1450 tunc
770 1406 945 1466 parte,
978 1413 1100 1467 quae
1133 1398 1504 1452 Romanorum
1546 1399 1776 1454 ditionis
1800 1409 1940 1465 erat,
1967 1415 2097 1456 coe-

519 1486 600 1556 git
632 1486 906 1540 Abraham
930 1486 1272 1551 Catholicus,
1308 1487 1435 1560 (nec
1474 1488 1608 1559 non)
1637 1489 1927 1559 episcopos
1976 1505 2099 1560 par-

524 1575 661 1628 tium
693 1575 940 1638 Joannis,
971 1586 1031 1630 ut
1070 1577 1153 1630 vel
1183 1577 1395 1648 synodo
1418 1576 1845 1635 Chalcedonensi
1875 1581 2102 1635 anathe-

525 1680 612 1718 ma
640 1664 910 1726 dicerent,
944 1665 1031 1720 vel
1074 1681 1140 1720 ex
1167 1667 1420 1736 partibus
1459 1668 1732 1724 Armeniae
1753 1669 2049 1740 migrarent
2082 1686 2096 1722 :

2262 841 2378 907 ICI'.
2407 840 2561 894 Μετὰ
2586 839 2644 893 δὲ
2666 839 2893 910 χρόνους
2918 840 3068 910 τρεῖς
3106 839 3327 907 ἐγένετο
3370 839 3606 910 πόλεμος
3655 841 3773 904 τοῖς

2189 936 2531 1006 Φρασιανοίς,
2558 931 2654 985 καὶ
2676 930 2955 997 ἐπάταξαν
2981 930 3030 984 oi
3065 930 3272 1000 Πέρσαι
3288 930 3412 993 τοὺς
3442 930 3770 1000 Ῥωμαίους,

2193 1028 2291 1081 καὶ
2321 1023 2712 1097 ἐπολιορκίσθη
2740 1023 2895 1085 πόλις
2925 1022 3145 1092 Κιτρίε,Δ
3180 1022 3280 1076 καὶ
3318 1023 3352 1092 ἡ
3385 1021 3776 1077 Θεοδοσιούπο-

2192 1119 2294 1182 λις,
2326 1117 2405 1188 τῷ
2424 1115 2466 1170 ε’
2499 1116 2609 1170 ἔτει
2638 1114 2732 1168 τοῦ
2774 1114 3056 1185 Καίσαρος
3093 1113 3279 1177 Φωκᾶ,
3317 1113 3413 1167 καὶ
3449 1112 3527 1184 τῷ
3576 1113 3627 1166 κ’
3677 1113 3776 1166 τοῦ

2194 1210 2432 1281 Χοσρόη,
2457 1207 2553 1261 καὶ
2579 1206 2735 1263 ἄλλαι
2765 1205 2959 1264 πολλαὶ
2981 1205 3325 1275 κωμοπόλεις
3361 1220 3377 1236 ·
3415 1204 3476 1256 ἐν
3524 1197 3636 1268 αἷς,
3680 1203 3783 1256 καὶ

2194 1302 2287 1353 τὸν
2342 1299 2597 1366 Ἰωάννην
2628 1296 2719 1349 τὸν
2751 1294 3075 1359 Καθολικδν,
3100 1294 3193 1348 τὸν
3228 1294 3360 1349 ὅντα
3404 1295 3504 1366 μὲν
3546 1295 3630 1358 είς
3676 1293 3780 1364 τὴν

2209 1394 2523 1465 ’Δρμενίαν,
2561 1394 2668 1449 ὑπὸ
2703 1392 2813 1446 τῶν
2854 1391 3149 1463 Ῥωμαίων
3178 1392 3237 1446 δὲ
3263 1392 3410 1458 τότε,
3461 1391 3781 1462 ⁴ἠνάγκασεν

2210 1487 2463 1557 Ἀϐραὰμ
2488 1489 2516 1540 ὁ
2549 1485 2877 1551 Καθολικὺς,
2931 1483 3076 1557 [καὶ]
3119 1485 3249 1548 τοὺς
3277 1483 3611 1546 ἐπισκόπους
3667 1483 3782 1535 τῶν

2201 1578 2385 1650 μερῶν
2427 1576 2693 1643 Ἰωάννου,
2719 1577 2751 1647 ἢ
2775 1576 3182 1647 ἀναθεματίσαι
3213 1576 3316 1646 τὴν
3369 1577 3427 1629 ἐν
3472 1575 3782 1647 Χαλκηδόνι

2200 1672 2442 1738 σύνοδον,
2471 1672 2506 1740 ἢ
2528 1672 2841 1744 ἐκχωρῆσαι
2878 1672 2943 1724 ἐκ
2965 1669 3074 1724 τῶν
3106 1670 3290 1741 μερῶν
3336 1669 3650 1741 Ἀρμενίας.
3712 1663 3783 1741 ᾯ

524 1757 615 1810 cui
672 1756 900 1810 minime
959 1757 1351 1827 obsequentes,
1404 1758 1682 1826 abierunt,
1736 1761 1830 1815 alii
1876 1759 2097 1831 quidem

528 1848 580 1870 ε--
614 1846 739 1870 αι’..ε-
793 1849 878 1870 ,123
906 1848 954 1870 2..
986 1847 1301 1870 I)-----_:___
1371 1849 1456 1870 ---ε
1489 1851 1637 1870 -.!-__-
1670 1850 1716 1870 2..
1756 1850 1920 1870 -I!-_-
1952 1866 2068 1870 _-_s-

2204 1763 2279 1833 μὴ
2325 1763 2638 1826 πεισθέντες
2673 1761 3104 1828 άπεληλύθασιν,
3137 1764 3185 1815 oi
3216 1762 3315 1831 μέν
3340 1762 3421 1825 είς
3453 1761 3552 1832 τὴν
3595 1761 3782 1827 Τάεις,

527 1848 583 1902 in
614 1846 762 1916 'I'ais,
789 1849 879 1902 alii
905 1848 959 1902 in
986 1847 1328 1915 Romaniam,
1364 1849 1456 1919 qui
1478 1851 1642 1905 etiam
1668 1850 1723 1904 in
1751 1850 1927 1905 aliena
1951 1866 2101 1905 mor-

529 1942 608 1996 tui
639 1951 788 1997 sunt.
827 1942 908 1997 Ad
957 1943 1072 1999 haec
1129 1942 1373 1999 Comitas
1424 1943 1761 2009 Catholicus,
1830 1945 1934 2000 sub
1991 1961 2102 2016 quo

529 2048 736 2102 magna:
767 2049 1034 2104 pressura:
1058 2049 1124 2090 ac
1154 2033 1493 2089 calamitates
1535 2034 1699 2090 illata:
1727 2045 1856 2090 sunt
1899 2036 2104 2092 Roma-

527 2126 635 2180 nis:
655 2141 753 2195 per
772 2141 968 2181 manus
991 2126 1303 2182 Persarum.
1333 2125 1576 2181 Comitas
1598 2127 1708 2193 hic,
1732 2142 1895 2198 supra
1912 2142 2104 2184 omnes

526 2217 868 2278 decessores,
914 2215 1314 2271 contentiosius
1351 2216 1700 2272 sollicitando
1756 2218 2105 2274 anathemate

529 2308 722 2378 synodi
756 2307 1225 2364 Chalcedonensis
1254 2307 1448 2363 habuit
1477 2325 1491 2361 :
1522 2308 1854 2379 scripsitque
1902 2309 2106 2365 multos

528 2407 796 2455 tractatus
818 2400 1044 2471 preprio
1071 2401 1293 2456 nomine
1322 2401 1499 2457 sancti
1534 2401 1701 2465 Isaac,
1731 2417 1761 2456 e
1791 2402 1992 2471 quibus
2012 2402 2104 2457 uni

529 2494 673 2549 libro
707 2509 908 2550 nomen
936 2503 1023 2551 est
1072 2496 1402 2550 Amartanac
1436 2496 1659 2566 propria
1717 2495 2104 2551 Armeniorum

528 2585 737 2656 lingua.
763 2587 934 2642 Porro
960 2587 1179 2643 volebat
1208 2596 1268 2642 ut
1292 2587 1531 2643 Joannes
1553 2586 1778 2657 quidam
1806 2588 1928 2660 ejus
1957 2587 2109 2644 thro—

529 2675 587 2729 ni
615 2690 899 2733 successor
917 2687 1086 2733 esset.
1118 2677 1276 2735 Haud
1299 2687 1480 2735 tamen
1516 2678 1609 2733 ille
1640 2677 1691 2732 id
1728 2687 1814 2734 est
1845 2694 2109 2736 consecu-

533 2775 643 2831 tus,
672 2769 768 2824 sed
789 2770 1244 2841 Christophorus.
1267 2771 1405 2827 Cum
1423 2779 1605 2827 autem
1623 2771 2054 2843 Christophorus
2076 2788 2108 2827 a

529 2859 664 2916 sede
692 2861 1012 2927 excidisset,
1045 2863 1321 2935 gaudebat
1360 2863 1601 2921 Joannes
1626 2879 1642 2919 :
1668 2879 1770 2920 nec
1808 2864 1888 2920 sic
1927 2874 2108 2919 tamen

531 2953 645 3006 voti
678 2967 904 3022 compos
958 2955 1192 3011 etl‘ectus
1227 2965 1334 3012 est.
1365 2956 1500 3011 Nam
1544 2955 1746 3015 Esdras
1805 2955 1985 3012 factus
2025 2963 2111 3011 est

528 3042 851 3099 Catholicus
891 3060 906 3095 :
954 3044 1193 3101 Joannes
1223 3061 1355 3102 vero
1386 3046 1537 3119 gravi
1571 3047 1699 3102 eum
1742 3046 1904 3102 oculo
1961 3045 2111 3117 aspi-

531 3135 738 3191 ciebat.

602 3226 768 3284 XVII.
814 3226 1053 3286 Sedente
1110 3229 1231 3296 illo,
1286 3228 1573 3287 Ileraclius
1633 3230 1932 3303 imperator
1979 3245 2109 3286 χχιιι

528 3319 651 3391 ejus
690 3319 905 3391 imperii
955 3338 1122 3389 anno,
1153 3339 1220 3380 ac
1246 3333 1447 3396 quarto
1500 3340 1532 3379 a
1589 3333 1768 3380 morte
1826 3324 2106 3392 Cbosrois,

531 3425 784 3482 magnam
837 3413 1108 3485 synodum
1166 3415 1549 3472 universorum
1604 3415 1988 3487 episcoporum
2045 3430 2111 3473 ac

530 3501 821 3557 doctorum
858 3505 1081 3574 majoris
1133 3504 1426 3572 Armeniae,
1488 3508 1771 3564 accersitis
1825 3506 2109 3564 Catholico

530 3593 703 3648 Esdra
733 3609 798 3648 ac
825 3596 1084 3649 omnibus
1116 3596 1322 3666 Azatis,
1363 3598 1784 3669 TheodosiOpoli
1822 3599 1940 3654 ﬁeri
1968 3615 2110 3669 prae-

528 3684 697 3749 cepit,
750 3698 815 3737 ac
867 3684 1114 3753 perquiri
1166 3695 1224 3741 et
1274 3687 1570 3756 dispicere,
1631 3689 1702 3742 de
1770 3688 1985 3744 duabus
2053 3688 2107 3742 in

530 3771 757 3825 Christo
795 3773 908 3827 Deo
940 3783 1128 3829 nostro
1154 3779 1388 3839 naturis,
1417 3792 1481 3833 ac
1505 3777 1574 3831 de
1611 3778 1820 3847 synodo
1879 3777 2109 3834 Chalce-

532 3862 785 3919 donensi.
852 3865 1266 3936 Perquisierunt
1309 3883 1460 3939 ergo,
1509 3884 1608 3939 per
1667 3885 1933 3934 mensem,
1966 3885 2109 3940 eque

531 3953 834 4026 Scripturis
858 3958 1066 4014 inducti
1093 3959 1160 4015 ad
1212 3960 1375 4016 Iidem
1409 3963 1679 4028 Armenii,
1710 3963 1912 4033 scripta
1943 3978 2106 4017 manu

531 4049 751 4119 propria
785 4050 1070 4116 schedula,
1102 4051 1238 4107 nihil
1268 4068 1328 4108 se
1351 4054 1589 4125 amplius
1617 4070 1683 4110 ea
1710 4055 1765 4109 in
1800 4071 1861 4111 re
1888 4063 2108 4112 contra-

529 4141 783 4197 dicturos
809 4144 1086 4213 jurarunt.

606 4234 790 4289 XVIII.
839 4235 1063 4291 Βενυτεὶ
1116 4253 1245 4309 ergo
1289 4248 1422 4293 sunt
1465 4238 1521 4293 in
1582 4239 1756 4296 Tihen
1806 4256 1822 4294 :
1880 4249 2108 4310 tumque

530 4325 773 4380 Joannes
828 4326 1045 4384 sodales
1098 4332 1400 4388 monachos
1447 4334 1787 4403 provocavit,
1852 4349 1954 4391 nec
1994 4350 2106 4390 non

2201 1855 2253 1908 οί
2277 1855 2335 1909 δέ
2364 1857 2445 1918 εἰς
2492 1853 2821 1925 Ῥωμανίαν,
2855 1855 2907 1908 οἳ
2936 1853 3031 1908 καὶ
3054 1852 3416 1925 ἐτελεύτησαν
3455 1854 3549 1907 ἐπὶ
3588 1853 3780 1922 ξένης.

2203 1945 2338 2004 Εἶτα
2362 1949 2610 2019 Κομιτὰς
2638 1949 2667 2000 6
2693 1947 3000 2011 καθολικδς,
3019 1947 3159 2017 ὑπὲρ
3182 1937 3245 1999 οὗ
3297 1945 3530 2016 μεγάλαι
3558 1947 3787 2017 συνοχαὶ

2202 2040 2299 2094 καὶ
2336 2040 2545 2110 θλίψεις
2566 2040 2855 2108 γεγόνασιν
2886 2040 2945 2093 ἐν
2988 2037 3267 2109 Ῥωμανία
3298 2038 3389 2092 διά
3417 2039 3598 2109 χειρὸς
3640 2040 3787 2107 Περ-

2202 2130 2335 2183 σῶν.
2363 2122 2534 2192 Οὗτος
2565 2128 2595 2180 6
2616 2126 2867 2198 Κομιτὰς
2893 2125 3095 2196 μᾶλλον
3125 2125 3268 2194 ὑπὲρ
3296 2123 3507 2188 πάντας
3539 2123 3784 2195 διήγειρε

2202 2221 2304 2291 τὴν
2343 2219 2701 2289 φιλονικείαν,
2735 2219 2817 2281 είς
2838 2218 2902 2272 τὸ
2956 2216 3358 2288 άναθεματίσαι
3412 2216 3515 2289 τὴν
3561 2215 3785 2269 σύνοδον

2203 2310 2549 2381 Χαλκηδόνος
2577 2326 2592 2341 ο
2623 2309 2683 2373 ὃς
2712 2308 2808 2363 καὶ
2858 2308 3050 2377 λόγους
3107 2308 3339 2373 πολλοὺς
3389 2308 3659 2379 πεποίηκε
3704 2306 3786 2377 τῷ

2208 2402 2324 2473 ίδίῳ
2351 2401 2574 2471 ὀνόματι
2611 2400 2706 2453 τοῦ
2738 2400 2894 2469 άγίου
2937 2401 3148 2465 Ἰσαάκ,
3170 2401 3251 2454 ἑνὶ
3277 2399 3467 2471 βιϐλίῳ
3497 2399 3560 2452 τδ
3607 2398 3787 2469 δνομά

2207 2497 2355 2549 ἐστιν
2396 2493 2783 2563 Ἀμαρτανὰκ,
2823 2492 2965 2546 κατὰ
2989 2491 3092 2563 τὴν
3136 2491 3435 2563 Ἀρμενίων
3476 2490 3782 2547 διάλεκτον.

2213 2588 2311 2651 Ὃς
2333 2586 2429 2640 καί
2459 2603 2584 2641 τινα
2637 2584 2892 2654 Ἰωάννην
2919 2584 3173 2639 ἐϐούλετο
3225 2583 3471 2655 διάδοχον
3529 2582 3787 2652 γενέσθαι

2206 2677 2301 2732 τοῦ
2340 2679 2531 2750 θρόνου
2572 2676 2741 2732 αὐτοῦ
2773 2691 2790 2707 ο
2845 2676 2876 2730 δ
2902 2677 2965 2730 οὐ
3020 2675 3222 2747 συνέϐη
3291 2676 3463 2745 αὐτῷ,
3522 2675 3662 2729 ἀλλὰ
3706 2677 3786 2747 τῷ

2207 2769 2588 2840 Χριστοφόρῳ.
2632 2768 2742 2821 Καὶ
2768 2767 2827 2819 ἐν
2852 2766 2929 2837 τῷ
2961 2765 3407 2835 καταϐεϐλῆσθαι
3432 2764 3526 2819 τὸν
3555 2766 3789 2836 Χριστο-

2208 2862 2375 2931 φόρον
2405 2860 2513 2914 άπδ
2551 2858 2648 2913 τοῦ
2685 2857 2903 2929 θρόνου,
2966 2857 3186 2929 ἔχαιρεν
3228 2860 3258 2913 6
3318 2858 3572 2928 Ἰωάννης
3593 2873 3609 2890 ο
3667 2855 3787 2911 ἀλλ’

2209 2952 2330 3007 ούδέ
2354 2954 2474 3007 τότε
2499 2952 2786 3022 ἐπέτυχεν.
2824 2952 3077 3021 Ἐγένετο
3100 2951 3209 3024 γὰρ
3230 2955 3259 3007 6
3291 2952 3520 3024 Ἑσδράς
3549 2954 3577 3005 6
3605 2952 3787 3006 Καθο⁸

2210 3046 2382 3110 λικός.
2421 3045 2482 3100 '0
2511 3045 2569 3098 δέ
2606 3044 2865 3117 Ἰωάννης
2893 3044 3142 3117 βλοσυρῷ
3167 3043 3248 3115 τῷ
3294 3043 3562 3116 ὀφθαλμῷ
3622 3043 3788 3100 αὐτὸν

2132 3144 2178 3207 (ζ
2211 3134 2540 3189 ὑπέϐλεπεν.

2280 3225 2381 3283 IZ'.
2424 3221 2576 3297 Ἐνῷ
2604 3226 2783 3298 καιρῷ
2815 3229 2846 3281 ό
2878 3225 3155 3298 Ἠράκλης
3181 3229 3387 3299 καῖσαρ
3412 3224 3491 3298 τῷ
3538 3234 3623 3296 κγ’
3674 3224 3789 3280 [est

2207 3322 2309 3392 τῆς
2341 3321 2621 3393 βασιλείας
2650 3319 2839 3387 αὐτοῦ,
2868 3321 2966 3376 καὶ
3011 3322 3072 3375 ἐν
3106 3320 3356 3391 τετάρτῳ
3392 3318 3504 3375 ιτει
3545 3318 3647 3389 τῆς
3698 3335 3791 3372 τε-

2210 3413 2406 3486 λευτῆς
2440 3413 2536 3469 τοῦ
2569 3413 2808 3486 Χοσρόη,
2851 3413 3107 3469 ἐκέλευσε
3138 3412 3358 3467 σύνοδον
3388 3411 3643 3481 γενέσθαι
3691 3425 3789 3481 μευ

2209 3507 2382 3575 γάλην
2413 3507 2632 3562 πάντων
2661 3503 2975 3559 ἐπισκόπων
3003 3504 3099 3558 καὶ
3127 3501 3466 3558 διδασκάλων
3484 3502 3586 3571 τῆς
3618 3500 3789 3571 μεγά-

2208 3598 2308 3667 λης
2352 3598 2667 3668 Ἀρμενίας,
2715 3597 2812 3650 σῖιν
2842 3594 2920 3667 τῷ
2947 3594 3238 3666 Καθολικῷ
3281 3595 3476 3665 Ἐσδρᾷ
3506 3594 3601 3647 καὶ
3651 3593 3788 3646 πᾶσι

2207 3692 2321 3753 τοῖς
2343 3690 2589 3755 Ἀζάτοις
2616 3690 2676 3743 ἐν
2701 3687 3166 3750 Θεοδοσιουπόλει,
3185 3688 3414 3758 ἔρευναν
3442 3685 3669 3755 ποιῆσαι
3690 3684 3787 3737 καὶ

2211 3780 2340 3834 ἰδεῖν
2370 3780 2505 3854 περὶ
2537 3781 2646 3835 τῶν
2667 3779 2762 3835 δύο
2791 3778 3007 3850 φύσεων
3055 3778 3167 3832 τῶν
3188 3780 3247 3831 ἐν
3271 3777 3493 3848 Χριστῷ
3538 3775 3619 3846 τῷ
3664 3773 3787 3845 Θεῷ

2206 3872 2240 3941 ἡ
2249 3870 2388 3940 μῶν,
2424 3872 2517 3925 καὶ
2541 3871 2672 3942 περὶ
2690 3871 2789 3940 τῆς
2822 3869 3044 3924 συνόδου
3065 3871 3165 3938 τῆς
3188 3866 3552 3937 Χαλκηδόνος.
3593 3863 3790 3938 Ἦρεύ-

2207 3980 2376 4035 νησαν
2397 3962 2487 4019 οὖν
2521 3963 2610 4018 διὰ
2632 3963 2803 4033 μηνὸς
2830 3962 3076 4034 ἡμερῶν,
3096 3962 3190 4017 καὶ
3215 3960 3549 4030 ἐπείσθησαν
3569 3960 3619 4013 oi
3650 3958 3790 4030 ’Δρο

2210 4056 2382 4128 μένιοι
2427 4056 2535 4110 ἀπὸ
2563 4054 2674 4110 τῶν
2700 4055 2953 4126 Γραφιῖη,
2977 4059 3072 4108 καὶ
3093 4052 3312 4124 ὤμοσαν
3334 4054 3621 4124 ἐγγράφως
3662 4052 3791 4105 ἰδιο-

2207 4146 2424 4216 χείρως,
2448 4144 2544 4198 τοῦ
2575 4143 2772 4216 μηκέτι
2805 4144 3107 4212 ἀντιλέγειν
3136 4144 3266 4213 περὶ
3292 4143 3480 4196 αὑτοῦ.

2278 4238 2385 4291 ΙΗ’.
2426 4234 2902 4306 Ὑποστρέψσντες
2930 4235 3011 4299 είς
3040 4234 3101 4287 τὸ
3147 4234 3191 4286 Τ
3198 4234 3340 4305 ιϐὴν,
3394 4234 3491 4286 καὶ
3536 4234 3567 4286 6
3621 4230 3787 4296 αὐτὸς

2220 4329 2474 4397 Ἰωάννης
2501 4325 2862 4398 παρώτρυνεν
2895 4327 3022 4390 τοὺς
3054 4324 3441 4396 συμμοναχοὺς
3468 4321 3656 4386 αὑτοῦ,
3688 4323 3788 4376 καὶ

532 4416 874 4483 Stephanum
911 4421 1230 4492 episcopum
1261 4423 1668 4490 Catartamana,
1698 4442 1763 4481 ac
1802 4424 2103 4482 Mathusala

2209 4420 2301 4473 τὸν
2362 4418 2635 4489 Στέφανον
2677 4419 2976 4473 ἐπίσκοπον
3032 4415 3473 4487 Καταρταμανᾶ,
3539 4415 3635 4465 καὶ
3688 4414 3788 4466 τὸν

527 4519 713 4562 ortum
747 4508 896 4573 Sina,
930 4513 1308 4583 quosdamque
1368 4515 1526 4582 alios,
1589 4517 1735 4571 haud
1765 4517 1992 4572 omnino
2047 4516 2103 4570 in

2205 4478 2538 4562 Μαθουσάλα
2567 4508 2677 4561 ἀπὸ
2704 4508 2799 4561 τοῦ
2825 4508 3015 4577 Σινῆς,
3045 4508 3139 4560 καὶ
3187 4478 3384 4568 άλλους
3432 4478 3604 4568 τινὰς,
3654 4502 3788 4566 τοὺς

528 4602 797 4670 synodum
850 4605 1297 4671 consentientes,
1355 4616 1415 4661 ut
1466 4622 1536 4662 ne
1594 4608 1780 4663 Esdrae
1818 4608 2104 4664 Catholico

529 4695 1020 4763 communicarent,
1060 4706 1156 4751 aut
1184 4711 1311 4752 cum
1363 4696 1451 4760 iis,
1529 4699 1625 4767 qui
1681 4699 1874 4754 eadem
1939 4705 2104 4769 atque

532 4785 622 4840 ille
665 4795 941 4855 saperent.
978 4787 1200 4843 Interim
1229 4802 1385 4854 vero,
1417 4787 1548 4843 dum
1580 4799 1847 4858 provocat
1888 4804 2101 4857 omnes,

530 4894 594 4932 ac
637 4878 836 4932 nititur
866 4895 896 4933 a
926 4880 1196 4936 sententia
1220 4895 1500 4944 revocare,
1550 4881 1833 4938 nonnullis
1868 4883 1980 4954 jam
2007 4898 2105 4939 eo-

532 4986 680 5034 rum,
702 4971 798 5042 qui
830 4973 1189 5029 interfuerant
1215 4976 1447 5045 synodo,
1477 4977 1744 5049 deceptis.
1775 4980 1926 5035 venit
1982 4980 2105 5035 Ste-

529 5062 747 5132 phanus
777 5063 1221 5125 Cartamanensis
1276 5070 1570 5141 episcOpus
1600 5070 1668 5126 ad
1717 5071 1945 5126 Esdram
1999 5071 2107 5128 Ca-

531 5151 822 5208 tholicum.
858 5154 1103 5213 Audiens
1132 5167 1316 5214 autem
1348 5160 1609 5230 praefatus
1661 5160 1924 5227 Joannes,
1958 5160 2106 5232 quod

533 5256 644 5295 non
668 5242 772 5312 ipsi
797 5249 1278 5315 communicasset,
1306 5252 1609 5321 petulantia
1634 5250 1890 5315 maxima,
1923 5250 2107 5305 inimi-

533 5334 696 5390 c'tias
723 5336 777 5389 in
810 5336 1149 5407 Stephanum
1177 5345 1365 5413 gessit,
1407 5345 1487 5400 uti
1517 5353 1574 5399 et
1600 5343 1655 5398 in
1682 5342 2007 5408 Mathusala,
2035 5356 2105 5397 eo

529 5422 677 5490 quod
703 5422 820 5494 ipse
860 5442 1083 5497 quoque
1131 5430 1202 5485 ad
1232 5432 1461 5491 Esdram
1493 5433 1834 5489 accessisset.
1874 5431 2101 5488 Dicebat

529 5524 685 5575 vero,
719 5512 896 5570 levius
921 5532 1034 5586 pne
1061 5518 1169 5573 illis
1189 5520 1506 5587 offendisse,
1531 5537 1595 5577 ac
1614 5522 1824 5592 lapsum
1853 5536 1973 5576 esse
2001 5520 2101 5575 Es-

529 5598 688 5655 dram
717 5619 730 5653 :
763 5605 902 5661 Nam
927 5607 1039 5674 ille,
1069 5610 1267 5681 inquit,
1302 5628 1366 5667 ea:
1407 5614 1738 5683 imperatoris
1767 5619 1907 5667 metu
1946 5628 1980 5667 α
2019 5627 2105 5666 ve-

746 5716 891 5797 .Lege
913 5720 1216 5797 Marianis,
1245 5725 1338 5797 qui
1369 5734 1496 5782 sunt
1526 5725 1582 5782 in
1603 5725 1885 5782 Colchide.

600 5786 713 5859 (I9)
743 5786 873 5863 Leé.
906 5793 1050 5849 τότε.

2208 4601 2283 4671 μὴ
2305 4600 2507 4654 ἅπασιν
2526 4600 2769 4665 εἴξαντας
2797 4600 2878 4662 είς
2908 4599 3008 4670 τὴν
3036 4598 3276 4661 σύνοδον,
3302 4597 3391 4652 ἵνα
3424 4597 3499 4667 μὴ
3523 4595 3788 4665 κοινωνηο

2206 4709 2373 4747 σωσιν
2413 4693 2608 4763 Ἐσδρᾷ
2648 4690 2963 4761 Καθολικῷ,
2989 4690 3126 4761 μηδὲ
3164 4692 3274 4754 τοῖς
3313 4689 3412 4743 σὺν
3441 4688 3593 4758 αύτῷ
3644 4688 3786 4758 δμο-

2205 4786 2565 4856 φρονησασιν.
2611 4785 2734 4837 Ὀτι
2753 4783 2865 4853 (I9)
2898 4783 3066 4837 αὐτοῦ
3094 4781 3533 4854 παροτρύνοντος
3562 4779 3786 4841 πάντας

2204 4879 2297 4932 καὶ
2313 4877 2715 4941 άναπείθοντος,
2742 4876 2835 4931 καί
2859 4892 3011 4939 τινας
3043 4875 3155 4929 τῶν
3185 4877 3243 4928 ἐν
3270 4877 3339 4945 τῇ
3371 4872 3573 4943 συνόδῳ
3604 4872 3786 4926 ἁπαν-

2201 4970 2486 5042 τησὰντων
2513 4969 2648 5040 (20),
2687 4968 2806 5038 μεθ’
2841 4967 3059 5039 ἡμέρας
3085 4966 3240 5028 τινάς
3267 4961 3476 5036 ἦλθενὸ
3504 4963 3786 5032 Στέφανος

2199 5064 2229 5116 6
2255 5060 2562 5134 Καρταμάν
2578 5060 2877 5124 ἐπίσκοπος
2910 5058 3050 5130 πρὸς
3088 5057 3320 5127 Ἐσδρὰν
3342 5057 3435 5110 τὸν
3467 5055 3782 5110 καθολικόν.

2214 5153 2478 5217 Ἀκούσας
2501 5153 2558 5207 δὲ
2593 5156 2622 5208 6
2644 5153 2936 5224 είρημένος
2979 5151 3260 5221 Ἰωάννης,
3298 5150 3380 5203 ὅτι
3424 5150 3525 5202 οὐκ
3553 5146 3784 5201 ἐκοινὼο

2201 5259 2365 5313 νησεν
2394 5243 2563 5313 αὐτῷ,
2593 5243 2731 5312 μετά
2773 5242 3040 5313 μεγίστης
3067 5238 3429 5311 θρασύτητος,
3473 5235 3675 5306 ἔχθραν
3703 5233 3787 5303 τῷ

2203 5334 2462 5402 Στεφάνῳ
2522 5331 2927 5403 κατηργάσατο,
3003 5327 3115 5384 οἷον
3163 5330 3259 5383 καὶ
3304 5327 3383 5398 τῷ
3424 5324 3779 5396 Μαθουσάλᾳ.

2207 5423 2403 5493 Ἔλεγε
2431 5425 2488 5478 δὲ
2508 5427 2536 5478 ό
2567 5425 2857 5494 εἰρημένος
2896 5424 3171 5494 Ἰωάννης,
3201 5422 3285 5475 δτι
3309 5418 3642 5490 κουφότερόν
3663 5418 3783 5469 ἐστι

2204 5517 2267 5571 τὸ
2322 5518 2572 5587 πταῖσμα
2616 5515 2713 5569 τοῦ
2756 5515 2956 5587 Ἑσόρᾶ
2997 5515 3186 5570 καὶτὸ
3244 5512 3489 5583 σφάλμα.
3535 5507 3675 5578 πρὸς
3708 5506 3783 5558 τὰ

2209 5608 2455 5680 ὑμέτερα
2511 5607 2828 5679 πταίσματα
2856 5624 2869 5638 ·
2910 5607 3103 5674 Αὐτὸς
3143 5604 3253 5677 γὰρ
3290 5604 3390 5659 διὰ
3426 5601 3616 5674 φόϐον
3668 5593 3782 5654 τοῦ

2277 5722 2390 5796 (‘20)
2425 5722 2553 5796 Leg.
2586 5724 2984 5796 ἀπατήσαντος.
