4102 6200
337 246 442 308 897

1407 252 1637 312 LIBER
1679 252 1776 312 DE
1814 252 2068 313 REBUS
2109 251 2502 313 ARMENL’E.

3462 258 3574 323 898

321 353 632 422 ,ϐασιλέως
662 355 976 420 ἐξέκλινεν
1006 357 1114 426 τῆς
1143 359 1450 427 ἀληθείας,
1478 361 1646 429 ὑμεῖς
1693 361 1761 414 δὲ
1808 363 1897 415 διὰ

2009 365 2170 416 ritate
2209 363 2420 430 deﬂexit
2457 379 2475 416 :
2517 379 2606 416 vos
2632 369 2808 416 autem
2840 363 2904 416 ab
2935 363 3085 417 inani
3113 363 3284 434 gloria
3317 382 3380 418 ac
3414 383 3595 421 munr-

325 447 688 512 κενοδοξίαν
708 447 804 500 καὶ
830 447 988 516 δῶρα
1013 449 1344 515 ἐξεπέσατε
1371 453 1621 506 ἀνίατον
1650 453 1904 507 πτῶσιν.

328 539 564 592 Ἔπειτα
603 539 938 608 παρεκάλεσε
971 540 1061 594 τὸν
1092 543 1253 595 αὐτὸν
1299 543 1555 613 Ἰωάννην
1583 547 1612 598 6
1661 545 1905 614 Ἔσδρας,

322 629 522 698 λέγων,
554 632 635 683 ὅτι
675 633 877 700 Τρ·’τον
905 631 1196 700 ἐκάλεσα,
1249 636 1342 688 καὶ
1393 635 1499 688 τὸν
1536 634 1909 690 Μαθουσάλα

325 722 424 773 καὶ
457 722 561 774 τὸν
581 722 910 790 Στέφανον,
938 724 1145 790 είπὼν,
1185 727 1265 778 ὅτι
1324 727 1430 778 Τοῦ
1467 728 1697 795 κόσμου
1743 728 1908 782 διδά-

321 815 537 865 σκαλοι
584 812 681 865 καὶ
717 814 1074 882 γραμματεῖς
1127 816 1292 884 ὑμεῖς
1329 818 1491 884 ἐστε,
1549 819 1754 874 ἔλθετε
1809 821 1907 874 ἵνα

320 907 795 976 άπολοπηθῶμεν
827 907 904 974 τῷ
942 909 1198 972 ,ϐασιλεῖ
1225 926 1238 940 ·
1287 911 1384 964 καὶ
1430 911 1547 966 νῦν
1600 913 1908 982 μέμφεσθε

322 996 511 1064 ἡμῶν,
540 997 621 1062 ώς
646 999 1325 1068 συνομορρονησάντων
1369 1001 1570 1068 αὐτοῖς
1598 1019 1612 1034 ο
1654 1004 1824 1070 ἡμεῖς
1871 1004 1908 1058 ιῖ

323 1086 676 1156 ἠκούσαμεν
705 1089 843 1158 παρ’
865 1088 1084 1153 αὐτῶν,
1111 1090 1312 1161 ἀληθῆ
1337 1088 1490 1146 εἶναι
1507 1093 1904 1161 ἐνομίσαμενο

323 1177 420 1230 καί
443 1178 920 1248 ὡμολογήσαμεν
947 1180 1057 1235 δύο
1088 1183 1305 1250 φύσεις
1340 1183 1446 1237 τοῦ
1481 1185 1709 1252 Κυρίου
1742 1185 1908 1254 ἡμῶν

332 1266 545 1339 ἰησοῦ
571 1271 826 1337 Χριστοῦ
863 1287 876 1301 ο
900 1271 1131 1327 τέλειον
1157 1274 1228 1327 ἐν
1246 1275 1497 1343 θεότητι,
1530 1278 1626 1330 καί
1677 1277 1910 1332 τέλειον

324 1361 393 1412 ἐν
419 1360 848 1428 ἀνθρωπότητι,
873 1362 944 1417 ἐν
967 1362 1074 1434 μιᾷ
1091 1365 1549 1431 ὐ.τοστὰσει,ὲνι
1581 1370 1904 1438 προσώπῳ·

324 1454 665 1521 ἀδιαίρετον
685 1457 1033 1524 οἰκονομίαν
1056 1475 1070 1488 ⁸
1107 1459 1203 1512 καὶ
1236 1459 1323 1514 ὅτι
1351 1461 1451 1514 καὶ
1481 1463 1586 1528 τὰς
1623 1465 1865 1533 Γραφὰς
1889 1506 1903 1530 ,

323 1543 398 1608 (ῖς
439 1543 799 1614 ἀνέγνωμεν,
834 1544 948 1599 τῶν
986 1549 1170 1619 ἁγίων
1204 1551 1496 1621 Πατέρων,
1525 1557 1584 1608 al
1610 1554 1905 1623 ἡμέτεραι,

321 1633 421 1684 καί
454 1633 571 1687 τῶν
609 1635 828 1702 αὐτῶν,
861 1638 924 1691 τὸ
953 1639 1096 1693 αὐτὸ
1123 1641 1548 1711 ἐμαρτύρησαν
1571 1661 1585 1675 ο
1618 1645 1714 1700 καὶ
1735 1647 1904 1714 ἡμεῖς

2013 455 2154 507 ribus
2184 454 2420 524 prolapsi
2449 457 2569 508 estis
2597 471 2724 510 casu
2767 455 3070 508 insanabili.
3104 457 3184 509 Ad
3231 456 3346 510 bene
3399 455 3598 511 Esdras

2010 544 2062 598 in
2110 545 2227 599 hac
2267 545 2434 599 verba
2459 544 2724 600 Joannem
2779 545 3088 600 obtestatur
3135 563 3148 598 :
3197 547 3368 600 Tertio
3391 549 3594 608 vocari,

2008 650 2126 687 cum
2188 633 2570 698 Mathusalam,
2622 641 2731 686 tum
2787 632 3138 703 Stephanum,
3193 634 3368 686 dicens
3416 650 3436 687 :
3497 633 3596 686 Vos

2009 726 2193 779 mundi
2223 726 2463 779 doctores
2507 728 2630 780 estis
2663 743 2726 779 ac
2774 727 2998 789 scriba';
3035 729 3205 778 venite
3249 735 3304 777 ut
3339 725 3596 794 faciamus

2005 817 2136 868 satis
2165 816 2471 886 imperatori
2503 831 2520 869 .'
2549 832 2688 870 nunc
2715 825 2890 870 autem
2919 816 3314 886 reprehenditis.
3341 825 3596 884 tanquam

2007 907 2071 960 iis
2093 909 2525 961 consenserimus.
2578 908 2684 962 Nos
2732 925 2849 978 qua!
2889 909 3182 962 audivimus
3217 907 3280 961 ab
3317 908 3414 970 eis,
3472 924 3596 962 vero

2008 1001 2308 1070 putavimus
2349 1017 2368 1054 :
2399 1018 2462 1055 ac
2503 1002 2639 1056 duas
2675 1004 2729 1056 in
2765 1002 2988 1056 Domino
3025 1002 3148 1056 Jesu
3185 1001 3394 1056 Christo
3433 1011 3564 1056 natu

2008 1109 2096 1146 ras
2125 1091 2348 1161 confessi
2386 1110 2595 1159 sumus;
2630 1095 2882 1147 nimirum
2910 1093 3190 1162 perfectam
3216 1095 3270 1146 in
3291 1094 3504 1158 deitate,
3546 1107 3594 1148 ct

2008 1182 2292 1252 perfectam
2325 1184 2377 1234 in
2419 1183 2775 1247 humanitate,
2825 1184 2879 1235 in
2909 1199 3014 1235 una
3041 1181 3334 1252 hypostasi,
3375 1199 3438 1235 ac
3474 1199 3585 1251 per-

2006 1289 2136 1326 sona
2168 1289 2297 1337 una,
2361 1271 2782 1326 incarnationem
2828 1272 3109 1326 indivisam
3142 1287 3160 1324 :
3195 1289 3428 1343 quasque
3465 1271 3595 1342 legi-

2010 1381 2125 1417 mus
2151 1365 2464 1434 scripturas,
2496 1379 2616 1417 cum
2644 1371 2877 1428 nostras,
2913 1370 3021 1415 tum
3054 1362 3294 1426 illorum,
3330 1364 3383 1417 id
3417 1365 3593 1433 ipsum

2008 1453 2434 1523 conﬁrmarunt;
2467 1471 2662 1526 nosque
2720 1471 2904 1510 eorum
2939 1457 3263 1509 sermonibus
3317 1456 3593 1510 habuimus

2005 1547 2185 1615 fidem,
2211 1547 2372 1616 juxta
2412 1547 2551 1618 quod
2575 1545 2863 1618 Scriptura:
2907 1562 3074 1600 sacrae
3108 1547 3367 1616 ferebant;
3401 1544 3590 1598 Enim-

2007 1654 2129 1692 vero
2156 1642 2375 1691 necdum
2424 1642 2555 1691 anni
2598 1640 2973 1710 pra'terierunt
3008 1657 3026 1695 :
3060 1654 3237 1692 omnes
3286 1645 3591 1690 sanctorum

316 1725 685 1796 ἐπείσθημεν
715 1729 839 1796 τοῖς
870 1733 1073 1800 λόγοις
1093 1734 1309 1798 αὐτῶν,
1343 1738 1490 1791 κατὰ
1523 1738 1630 1805 τὰς
1658 1740 1897 1808 Γραφὰς

2005 1729 2229 1783 Patrum
2266 1729 2554 1800 Scriptura:
2601 1730 2744 1800 apud
2780 1747 2873 1784 nos
2901 1739 3025 1784 sunt
3057 1745 3078 1782 :
3109 1737 3423 1788 scrutantes,
3460 1729 3592 1781 veri-

323 1816 427 1882 τὰς
455 1819 649 1886 ἁγίας.
687 1821 793 1874 Καὶ
833 1823 948 1876 νῦν
975 1825 1047 1878 οὐ
1082 1823 1339 1893 διῆλθον
1366 1830 1576 1897 χρόνοι
1603 1845 1616 1859 ⁸
1651 1833 1710 1884 al
1754 1835 1909 1900 Γρα-

319 1908 424 1976 φαί
459 1909 647 1964 πᾶσαι
676 1911 793 1967 τῶν
825 1915 1008 1983 ἁγίων
1045 1916 1318 1986 Πατέρων
1358 1919 1498 1988 παρ’
1546 1921 1691 1988 ἡμῖν
1739 1926 1854 1978 είσι
1890 1939 1904 1954 ο

319 1999 779 2070 ἐρευνήσαντες,
814 2006 1032 2074 μάθετε
1058 2008 1171 2074 τὴν
1194 2009 1505 2078 ἀλήθειαν.
1546 2013 1654 2066 Καὶ
1680 2015 1766 2066 ὅτε
1795 2016 1900 2068 ὐπς

326 2087 494 2153 έδειξε
523 2089 621 2160 τὴν
655 2095 960 2164 μαρτυρίαν
987 2096 1086 2167 τῆς
1118 2099 1354 2169 γραφῆς,
1373 2095 1526 2154 εἶπεν
1552 2101 1580 2154 6
1610 2101 1861 2174 Ἰωάννης
1885 2121 1901 2137 ο

325 2179 517 2232 Ταῦτα
542 2181 736 2237 πάντα
761 2188 816 2239 οί
844 2189 1228 2256 Νεστοριανοί
1277 2191 1660 2260 προσέθηκαν
1685 2194 1755 2248 ἐν
1777 2195 1907 2262 ταῖς

315 2271 572 2340 γραφαῖς
620 2273 738 2327 τῶν
783 2277 967 2346 ἁγίων
1001 2293 1015 2308 ·
1056 2281 1251 2347 καθὼς
1295 2283 1393 2336 καὶ
1425 2283 1497 2336 ἐν
1550 2284 1679 2350 ταῖς
1719 2287 1908 2353 θείαις

315 2361 370 2411 Γ
364 2362 588 2430 persedit;
641 2383 787 2422 ποτε
839 2373 1180 2438 προσετίθει
1209 2376 1242 2427 ό
1275 2374 1642 2443 Σατορνῖλος
1677 2379 1913 2444 πολλὰς

314 2451 592 2518 αἱρέσεις,
615 2455 693 2521 ὡς
719 2457 816 2510 καί
849 2461 936 2525 είς
957 2460 1024 2513 τὸ
1055 2463 1204 2516 κατὰ
1229 2463 1472 2520 Λουκᾶν
1501 2466 1871 2537 Εὐαγγέλιον
1893 2485 1906 2499 '

316 2539 450 2630 tibi
492 2543 698 2614 ἤρξατο
736 2547 765 2599 6
823 2549 1032 2621 Ἰησοῦς
1085 2553 1370 2609 λυπεῖσθαι
1416 2557 1514 2610 καὶ
1581 2559 1911 2630 ὰδειμονεῖν.

318 2629 499 2717 Ὠφοη
527 2633 582 2685 δὲ
620 2635 771 2706 αὐτῷ
805 2638 1036 2706 ἄγγελος
1074 2642 1182 2696 ἀπὸ
1214 2644 1449 2715 οὐρανοῦ
1482 2629 1750 2717 ἐνισχύων
1802 2648 1905 2702 αὖ-

493 2721 586 2775 καὶ
645 2725 727 2778 ὃτι
773 2729 1158 2804 ἐκτενέστερον
1212 2736 1572 2808 προσηύχετο,
1605 2716 1839 2808 ἐγένετο
1871 2739 1899 2792 6

312 2806 474 2878 ἱδρὼς
492 2810 656 2866 αὐτοῦ
697 2814 774 2880 ὡς
824 2816 1054 2890 θρόμϐοι
1103 2822 1313 2892 αἵματα
1347 2841 1360 2854 ο
1397 2806 1497 2879 καὶ
1562 2825 1636 2880 τὰ
1667 2806 1894 2896 ⁷ὅμοια.

2003 1829 2169 1874 tatem
2197 1821 2494 1892 perdiscite.
2527 1820 2629 1876 Ubi
2663 1829 2845 1874 autem
2890 1819 3160 1888 scriptum
3217 1816 3589 1871 testimonium

1999 1911 2354 1977 ostendisset,
2403 1911 2481 1964 ait
2533 1907 3036 1965 Joannes:0muia
3107 1910 3218 1961 htee
3267 1907 3588 1960 addiderunt

1997 2002 2302 2057 Nestoriani
2379 2003 2585 2072 scriptis
2642 2011 2946 2055 sanctorum
3010 1999 3268 2062 Patrum;
3303 2015 3408 2068 qua
3458 1996 3585 2050 olim

2001 2095 2206 2148 ratione
2263 2091 2584 2147 Saturninus
2639 2094 2860 2145 hareses
2915 2089 3110 2144 multas
3175 2089 3401 2141 addebat
3441 2087 3586 2141 Scri-

2002 2187 2170 2256 pturis
2197 2186 2387 2246 sacris,
2416 2193 2543 2252 puta
2577 2183 2729 2237 verba
2748 2183 2867 2247 illa,
2896 2182 3182 2253 Evangelia
3197 2181 3375 2234 Lucw‘
3409 2197 3422 2232 :
3457 2179 3584 2234 Cm-

2006 2280 2086 2349 pit
2121 2279 2281 2334 Jesus
2327 2294 2527 2348 pavere
2583 2288 2640 2332 et
2688 2278 2909 2333 taedere.
2951 2277 3216 2347 Apparuit
3276 2285 3458 2329 autem
3502 2275 3581 2328 illi

2004 2373 2233 2442 angelus
2263 2373 2331 2427 de
2355 2372 2496 2426 caalo
2520 2371 2840 2425 confortans
2868 2386 3018 2433 eum,
3043 2378 3100 2423 et
3136 2367 3406 2437 prolixius
3459 2381 3583 2419 ora-

2003 2463 2118 2518 bat.
2159 2462 2227 2516 Et
2257 2461 2435 2515 lactus
2463 2468 2547 2514 est
2581 2460 2750 2513 sudor
2803 2459 2922 2529 ejus
2957 2459 3100 2514 sicut
3143 2466 3308 2526 guttae
3358 2455 3582 2523 sangui-

2005 2555 2124 2618 nis;
2157 2562 2207 2607 et
2239 2551 2456 2606 similia.
2491 2550 2793 2605 Enimvero
2824 2552 2936 2603 visa
2961 2557 3090 2602 sunt
3137 2547 3364 2602 Joannis
3415 2545 3582 2598 verba

2006 2645 2122 2699 bazc
2158 2644 2436 2698 contraria
2473 2657 2658 2697 coram
2697 2642 2892 2706 Esdra,
2939 2655 3003 2694 ac
3048 2639 3260 2708 reliquo
3297 2636 3584 2706 episcopo-

2006 2754 2127 2792 rum
2160 2745 2468 2800 conventu;
2506 2745 2966 2804 recesseruntque
2993 2746 3186 2786 omnes
3222 2730 3290 2784 ab
3317 2745 3406 2794 eo,
3436 2730 3585 2797 ejus-

2007 2827 2222 2884 cemodi
2261 2841 2571 2882 sermonem
2594 2824 2851 2880 aversati.

323 2899 636 2976 Ἐφάνησαν
665 2907 722 2961 δὲ
747 2909 815 2962 τὰ
846 2913 1069 2982 ῥήματα
1105 2915 1282 2970 ταῦτα
1306 2916 1402 2970 τοῦ
1459 2919 1710 2974 Ἰωάννου
1763 2919 1998 2973 ἐνώπιον
2068 2919 2286 2990 Ἐσδρὶ,
2321 2917 2417 2971 καὶ
2481 2916 2594 2969 τῶν
2658 2915 2758 2967 σὺν
2805 2912 2956 2982 αὑτῷ
3021 2911 3358 2973 ἐπισκόπων,
3426 2909 3583 2962 ἐναν-

306 2991 400 3046 τία
433 3009 447 3024 ·
484 2998 576 3048 καὶ
601 2997 802 3063 πάντες
823 3001 1138 3074 ἀπέστησαν
1171 3006 1360 3072 αὐτοῦ,
1397 3009 1732 3078 στραφέντες
1781 3012 1891 3064 ἀπὸ
1928 3010 2022 3064 τοῦ
2048 3010 2208 3079 λόγου
2242 3009 2476 3063 ἐκείνου.

385 3083 484 3140 ΙΘ’.
504 3081 671 3152 Οὗτος
691 3088 747 3142 δὲ
765 3093 879 3155 τοῖς
909 3093 1094 3157 αὐτοῖς
1124 3095 1378 3165 ἐπέμεινε
1405 3098 1746 3166 φιλονεικῶν,
1766 3100 1897 3155 διότι

2080 3098 2226 3154 XIX.
2253 3099 2456 3154 Verum
2483 3096 2595 3158 ille.
2629 3093 2775 3165 quod
2824 3091 3130 3147 contrarias
3157 3089 3208 3144 ei
3253 3091 3400 3160 leges
3429 3104 3583 3144 lene-

307 3177 726 3249 ἀντικειμένους
897 3185 1094 3255 νόμους
1118 3188 1550 3260 ἐκληρονόμησε.
1605 3191 1711 3244 Καὶ
1743 3192 1802 3244 ὲν
1825 3194 1896 3261 τῇ

306 3266 532 3339 τελευτῇ
572 3269 665 3323 τοῦ
707 3273 904 3343 Ἐσδρᾶ
937 3276 1210 3346 ἐνόμιζεν,
1242 3278 1324 3332 ὅτι
1349 3281 1512 3342 αὐτὸς
1543 3279 1776 3350 λήψεται
1799 3281 1894 3332 τὸν

309 3352 522 3423 θρόνον,
549 3354 694 3429 [καὶ]
717 3361 783 3430 τῇ
819 3359 1043 3434 βοηθείᾳ
1070 3365 1194 3416 τῶν¹
1215 3367 1578 3436 μεγιστάνων.
1609 3370 1743 3420 Ὅτε
1773 3368 1831 3420 δὲ
1866 3371 1895 3423 6

306 3447 608 3540 ίπιῐορσέιιειχςΙ
623 3449 779 3522 ἔτυχε
802 3453 896 3506 τοῦ
931 3454 1146 3525 θρόνου,
1178 3459 1340 3522 αὐτὸς
1365 3461 1422 3512 δὲ
1459 3459 1544 3523 οὓ,
1570 3461 1663 3514 ἐπὶ
1706 3461 1893 3514 πλεῖον

306 3538 611 3612 ἐταράχθη.
649 3543 886 3598 Ἐϐλεπε
918 3547 1025 3618 γὰρ
1061 3545 1186 3621 [τῷ]
1216 3551 1682 3618 συγκοινωνοῦντα
1725 3555 1891 3608 αὐτὸν

305 3627 389 3699 τῷ
421 3629 632 3700 βασιλεῖ
649 3633 759 3687 τῶν
795 3635 1102 3712 Ῥωμαίων.
1135 3640 1248 3693 Καὶ
1283 3641 1488 3706 πάντας
1545 3641 1788 3714 ὤτρυνεν
1813 3646 1892 3709 εἰς

307 3720 639 3790 ἀντιλογίας,
697 3725 936 3781 ὅτικατὰ
991 3729 1080 3781 τὸν
1144 3730 1341 3801 Ἔσδρᾶ
1391 3733 1486 3785 καὶ
1529 3733 1691 3797 αὐτὸς
1727 3735 1892 3787 ἐπλα-

306 3809 473 3882 νήθη.
515 3815 613 3867 Ὃν
643 3817 931 3888 προδήλως
964 3819 1202 3886 καλέσας
1229 3824 1256 3874 ὁ
1287 3822 1592 3893 Νορσέσης,
1653 3823 1893 3879 κατενώ-

305 3921 434 3957 πιον
467 3905 678 3961 πολλῶν
709 3912 1024 3965 ἐπισκόπων
1054 3915 1151 3966 καὶ
1169 3915 1526 3980 διδασκάλων,
1589 3921 1679 3970 καὶ
1733 3919 1892 3983 Ἀζά-

303 4009 439 4061 των,
474 3995 675 4066 πολλὴν
709 3999 938 4069 ἔρευναν
967 4003 1199 4073 ποιήσας
1222 4007 1354 4075 περὶ
1406 4007 1505 4076 τῆς
1557 4007 1888 4076 ἀντιλογίας.

310 4085 651 4156 κατέκριναν
681 4090 842 4143 αὑτὸν
875 4092 1250 4164 ἐξορισθῆναι.
1273 4097 1384 4150 Καὶ
1420 4097 1691 4168 ἐξωρίσθη
1739 4101 1892 4172 παρὰ

303 4176 404 4229 τοῦ
436 4178 745 4235 Καθολικοῦ
778 4185 871 4238 καὶ
901 4183 993 4237 τοῦ
1025 4186 1281 4257 ἄρχοντος
1306 4189 1404 4258 τῆς
1443 4189 1762 4260 Ἀρμενίας·
1796 4193 1891 4245 καὶ

301 4269 635 4338 ποιήσαντες
665 4273 725 4326 τὸ
757 4276 1010 4344 μέτωπον
1031 4277 1198 4330 αὑτοῦ
1252 4277 1538 4342 ἀλώπεκος
1590 4281 1778 4334 εἰκόνα
1811 4281 1889 4351 τῷ

303 4367 804 4436 πεπυρακτωμένῳ
840 4369 1065 4440 σιδήρῳ,
1097 4371 1196 4423 σὺν
1228 4373 1340 4436 τοῖς
1383 4371 1586 4435 λοιποῖς
1649 4373 1888 4442 ἑταίροις

2001 3203 2106 3255 ret,
2138 3193 2192 3246 in
2241 3192 2434 3246 eadem
2465 3188 2818 3244 contentione
2873 3184 3134 3254 perstitit.
3174 3183 3346 3238 Morte
3395 3191 3580 3236 autem

1947 3273 1956 3281 ’
1995 3285 2210 3340 sublato
2236 3283 2430 3344 Esdra,
2460 3280 2675 3350 putavit
2717 3278 2832 3332 fore
2870 3277 3070 3346 utejus
3117 3275 3328 3337 sedem,
3359 3290 3577 3343 magna-

1998 3387 2109 3430 tum
2136 3391 2239 3446 ope
2261 3374 2560 3442 acciperet.
2598 3372 2667 3424 At
2713 3385 2836 3424 cum
2868 3369 3132 3422 Norseses
3167 3380 3286 3419 eam
3330 3364 3580 3433 adeptus

1993 3477 2160 3528 esset,
2199 3479 2310 3518 non
2349 3465 2488 3532 ipse,
2525 3461 2786 3530 majorem
2823 3459 2878 3512 in
2919 3455 3142 3510 modum
3181 3455 3434 3508 turbatus
3469 3464 3573 3507 est.

1993 3556 2227 3612 Videbat
2283 3553 2429 3608 enim
2489 3553 2741 3624 junctum
2811 3547 3200 3604 communione
3260 3545 3575 3615 imperatori

1994 3647 2367 3702 Ronmnorum
2420 3661 2433 3697 :
2479 3657 2784 3711 omnesque
2815 3639 3083 3695 incitabat
3121 3648 3181 3692 ut
3231 3636 3574 3692 contradice-

1993 3746 2140 3805 rent,
2177 3737 2328 3792 velut
2365 3735 2504 3805 ipse,
2533 3734 2611 3789 uti
2643 3741 2700 3788 et
2732 3731 2932 3788 Esdras
2973 3730 3238 3799 deceptus
3267 3735 3433 3783 esset.
3469 3727 3574 3782 Pa-

1991 3832 2098 3886 lam
2144 3839 2326 3884 autem
2358 3825 2686 3881 accersitum
2737 3824 3024 3884 Norseses,
3060 3836 3244 3876 coram
3281 3834 3577 3873 numeroso

1990 3921 2375 3990 episcoporum
2399 3925 2455 3970 et
2484 3917 2895 3986 magistrorum,
2947 3927 3011 3966 ac
3061 3911 3352 3966 Azatorum
3400 3918 3569 3971 cmtu,

1991 4010 2162 4064 multa
2194 4011 2315 4080 ejus
2361 4005 2820 4062 contradictionis
2848 4002 3206 4071 inquisitione
3237 3999 3444 4061 habita,
3473 4014 3572 4051 ex-

1991 4100 2117 4154 silio
2159 4113 2285 4152 eum
2316 4096 2776 4150 condemnarunt.
2817 4091 3049 4158 Fuitque
3073 4087 3394 4155 deportatus
3417 4102 3445 4138 a
3464 4085 3570 4140 Ca-

1993 4190 2198 4244 tholieo
2231 4203 2294 4242 ac
2338 4193 2570 4255 praetore
2618 4181 2913 4243 Armeniae,
2958 4181 3188 4250 ejusque
3239 4176 3403 4231 fronti
3438 4191 3572 4230 can-

1991 4283 2144 4342 denti
2169 4281 2318 4337 ferro
2345 4279 2730 4349 imprimentes
2750 4274 2929 4344 volpis
2960 4273 3274 4344 imaginem,
3306 4288 3411 4326 una
3444 4287 3569 4326 eum

1991 4371 2176 4435 sociis,
2206 4370 2260 4424 in
2302 4377 2546 4422 montem
2581 4363 2884 4422 Caucasum
2937 4364 3243 4433 ejecerunt.
3290 4361 3571 4416 Reversus

302 4453 494 4516 αὑτοῦ,
529 4455 781 4519 ἐξέϐαλον
813 4459 975 4512 αὐτὸν
1001 4463 1079 4522 εἰς
1108 4460 1336 4524 Καυκὰς
1367 4461 1512 4532 ὅρος.
1562 4441 1800 4516 Ἐκεῖθεν
1830 4464 1886 4516 δὲ

1997 4474 2200 4529 autem,
2232 4476 2358 4516 cum
2391 4459 2594 4513 montis
2630 4457 2823 4512 incola:
2849 4454 3122 4510 idolorum
3161 4454 3402 4508 cultores
3441 4468 3568 4508 eum

303 4541 659 4614 ὑποστρέψας
692 4547 766 4618 μὴ
804 4549 1121 4620 ὑποδεχθεὶς
1148 4551 1298 4621 παρὰ
1328 4553 1439 4604 τῶν
1461 4553 1639 4605 ἐκεῖσε
1674 4554 1891 4606 εἰδωλο-

301 4634 660 4704 >.ατρῶν,κα“ι
693 4641 829 4708 μετᾶ
875 4643 1104 4696 θάνατον
1147 4642 1241 4696 τοῦ
1286 4643 1442 4711 ἁγίου
1511 4645 1884 4708 ’Δναστασίου,

301 4725 478 4780 ἐλθὼν
507 4729 587 4792 εἰς
620 4731 712 4784 τὶν
747 4734 840 4785 ἀπ’
863 4734 1038 4805 ἀρχῆς
1079 4735 1246 4790 αὑτοῦ
1291 4736 1456 4789 τόπον
1529 4735 1883 4790 ἐτελεύτησεν

300 4821 362 4871 ὲν
395 4823 563 4893 γήρα.
661 4886 664 4889 _

376 4908 462 4964 κ’.
497 4914 558 4964 Οἱ
598 4913 654 4966 δὲ
687 4915 930 4984 μαθηταὶ
975 4918 1142 4972 αὐτοῦ
1199 4918 1618 4989 πληθυνθέντες,
1676 4919 1879 4982 πάντες

299 4999 586 5064 ἐξέκλιναν
611 5005 719 5057 ἀπὸ
734 5005 832 5074 τῆς
866 5007 1124 5079 ἀληθείας
1151 5025 1162 5040 υ
1183 5011 1276 5062 καὶ
1308 5009 1577 5080 διεσπάρη
1608 5011 1639 5078 ἠ
1670 5009 1879 5079 αἵρεσις

300 5090 446 5160 αὕτη
472 5093 530 5146 ὲν
560 5097 624 5164 τῇ
660 5095 814 5167 χώρᾳ
847 5099 1052 5171 ἐκείνῃ,
1089 5099 1194 5162 ἕως
1257 5099 1548 5152 Ίουστίνου
1602 5101 1880 5171 Καίσαρος

297 5179 380 5248 τῷ
400 5187 442 5233 ε’
478 5181 611 5247 ἔτει,
635 5186 693 5236 ἐν
720 5182 763 5253 ᾧ
794 5189 970 5259 καιρῷ
997 5190 1228 5252 καλέσας
1259 5193 1352 5243 τὶν
1390 5192 1573 5246 Ἰσαὰκ
1603 5193 1693 5245 τὸν
1720 5194 1880 5246 καθο-

297 5268 453 5322 λικὸν
479 5273 575 5325 σὺν
633 5278 744 5340 τοῖς
788 5279 1105 5344 ἐπισκόποις
1159 5283 1234 5344 εἰς
1287 5283 1878 5349 Κωνσταντινούπολιν,

296 5360 512 5430 ἥνωσεν
533 5363 732 5431 αὐτοὺς
759 5371 873 5433 τοῖς
902 5372 1229 5440 ὁμολογοῦσι
1263 5376 1362 5436 τὰς
1401 5374 1494 5428 δύο
1551 5377 1741 5444 φύσεις
1787 5377 1882 5430 τοῦ

297 5453 541 5521 Χριστοῦ
566 5460 662 5512 καὶ
699 5459 792 5512 τοῦ
817 5461 951 5514 Θεοῦ
999 5463 1178 5532 ἡμῶν,
1212 5463 1308 5535 τῆς
1352 5466 1602 5539 θεότητος
1652 5469 1748 5521 καὶ
1781 5471 1882 5539 τῆς

395 5641 410 5669 ⁸
455 5639 622 5707 Marc.
661 5660 774 5713 xw,
800 5646 902 5715 3'5;
927 5646 1057 5704 Luc.
1091 5663 1222 5715 xxn,
1263 5649 1352 5705 45.

1991 4554 2346 4624 repulissent.
2381 4567 2447 4606 ac
2484 4559 2609 4621 post
2658 4547 2834 4605 sancti
2891 4545 3165 4601 Anastasii
3206 4544 3437 4608 obitum,
3484 4560 3571 4597 rc-

1988 4648 2150 4702 diens
2206 4646 2258 4700 in
2329 4645 2509 4699 locum
2571 4636 3251 4714 pristinumrgrandarvus
3299 4653 3568 4692 annorum

1985 4739 2126 4795 vivis
2163 4748 2454 4807 exetnptus
2477 4744 2581 4791 est.

2059 4918 2178 4972 XX.
2217 4919 2348 4989 Ejus
2379 4925 2564 4971 autem
2596 4929 2786 4970 errore
2821 4911 3035 4982 decepti
3066 4910 3347 4980 discipuli,
3387 4909 3568 4964 desci-

1986 5019 2186 5065 verunt
2214 5024 2407 5064 omnes
2439 5025 2468 5062 a
2499 5009 2751 5073 veritate,
2783 5021 2959 5074 eaque
2992 5004 3214 5059 limresis
3248 5003 3300 5055 in
3340 5001 3564 5070 provin-

1987 5103 2072 5156 cia
2111 5101 2201 5155 illa
2260 5101 2507 5170 dispersa
2563 5109 2646 5153 est
2691 5099 2756 5152 ad
2802 5112 2976 5167 usque
3020 5109 3223 5150 annum
3278 5109 3308 5146 ν
3363 5092 3564 5146 Justini

1986 5191 2236 5257 Caesaris,
2269 5190 2488 5261 quando
2525 5191 2615 5244 ille
2671 5203 2963 5243 accersens
3016 5187 3167 5242 Isaac
3220 5183 3564 5238 Catholicum

1986 5283 2538 5353 Constantinopolim,
2562 5296 2685 5336 cum
2713 5279 2974 5350 subjectis
2998 5277 3291 5348 episc0pis,
3317 5290 3413 5328 eos
3441 5276 3562 5328 uni-

1989 5375 2067 5430 vit
2136 5373 2530 5429 conﬁtentibus
2562 5371 2698 5426 duas
2723 5379 2949 5423 naturas
2978 5365 3186 5422 Christi
3243 5380 3306 5420 ac
3335 5363 3429 5418 Dei
3461 5379 3562 5416 no-

1986 5465 2111 5533 stri,
2145 5465 2368 5520 dcitatis
2397 5479 2463 5520 ac
2494 5459 2874 5528 humanitatis,
2910 5459 2965 5514 in
3014 5474 3122 5514 una
3149 5453 3449 5530 hypostasi,
3480 5457 3566 5510 iu-
