4102 6200
522 259 632 323 899

1761 247 2116 310 PHILIPPI
2159 247 2558 310 SOLITARII

3661 248 3770 312 900

521 365 772 432 confuse,
812 363 1067 420 indivise.
1116 357 1482 426 Quamobrem
1507 357 1674 412 etiam
1707 360 1918 428 scripta
1974 374 2104 414 cau-

2220 359 2647 432 Ξινορωπότητος,
2685 366 2742 417 ὲν
2773 365 2873 434 μιᾷ
2917 363 3236 427 ὑποστάσει,
3279 364 3558 433 ἀφύρτως.
3611 365 3782 417 ἀδιαι-

525 462 677 516 tione
696 458 1048 530 iuraverunt,
1085 453 1202 507 fore
1236 461 1296 504 ut
1323 465 1602 520 nunquam
1633 451 2098 507 eontradicercnt.

524 552 762 608 Rursum
796 557 980 601 autem
1003 559 1128 599 cum
1150 552 1337 597 essent
1367 542 1594 604 reversi,
1635 542 1730 612 qui
1757 543 1813 596 in
1845 541 2101 596 Armenia

525 641 705 696 relicti
735 641 976 699 fuerant,
1011 650 1204 690 eorum
1265 635 1560 688 adventum
1607 634 1834 689 moleste
1896 633 2107 689 habue-

526 739 675 792 runt,
702 739 958 798 tanquam
983 741 1174 781 eorum
1199 725 1291 795 qui
1329 725 1384 779 in
1405 724 1655 779 eamdem
1687 740 1811 778 eum
1841 724 2105 780 Romanis

524 819 857 875 sententiam
912 818 1358 873 concessissent:
1392 817 1766 886 deincepsque
1807 815 2001 870 turbas
2041 831 2106 870 ac

523 907 862 977 quaestiones
893 906 1194 960 movebant
1220 921 1345 958 cum
1381 904 1552 969 Isaac,
1587 919 1650 959 ac
1704 904 1796 968 iis,
1837 903 1931 972 qui
1978 919 2104 958 cum

525 999 644 1067 ipso
673 996 910 1066 profecti
952 994 1193 1058 fuerant,
1226 994 1473 1049 dicentes
1505 1011 1520 1048 :
1557 994 1660 1048 Viri
1703 993 2102 1056 convertamini,

523 1089 700 1158 eisque
723 1087 912 1140 dicatis
943 1087 1253 1149 anathema,
1291 1101 1391 1138 non
1429 1086 1706 1154 recipimus
1734 1101 1820 1139 vos
1853 1085 1907 1136 in
1935 1084 2105 1138 locum

527 1188 790 1234 nostrum.
858 1178 939 1232 llli
999 1186 1209 1243 autem,
1278 1177 1454 1246 magis
1506 1176 1791 1231 hominum
1853 1176 2105 1246 gloriam,

527 1287 694 1341 quam
717 1270 816 1326 Dei
851 1270 1166 1339 diligentes,
1213 1269 1508 1323 anathema
1573 1284 1767 1323 rursus
1817 1269 1920 1324 sibi
1981 1268 2105 1336 ipsi,

529 1367 766 1436 primum
800 1363 1079 1428 dixerunt,
1109 1377 1212 1417 ceu
1244 1362 1312 1416 iis
1340 1362 1433 1430 qui
1461 1361 1962 1416 communicassent
1981 1375 2106 1414 cum

529 1456 827 1520 Romanis;
862 1470 926 1509 ac
962 1453 1173 1508 inventi
1201 1462 1330 1507 sunt
1359 1451 1695 1506 insanabiles
1724 1451 1780 1505 in
1825 1450 2004 1505 malis.

942 1585 1081 1640 XXI.
1125 1585 1390 1641 Catholici
1427 1585 1704 1639 Armeniis.

603 1724 836 1782 Sanctus
861 1722 1178 1794 Gregorius,
1211 1721 1534 1793 praeclarum
1560 1719 1694 1776 illud
1727 1720 1939 1786 lumen,
1971 1733 2104 1774 ann.
2138 1702 2185 1760 Β

529 1832 655 1872 ιιι.

601 1909 837 1963 Sanctus
863 1907 1128 1962 Rostaces
1154 1906 1274 1978 ejus
1300 1905 1464 1971 ﬁlius,
1496 1921 1627 1962 ann.
1661 1921 1722 1960 ιι.

603 2000 893 2066 Bartanes,
929 2014 1064 2053 ann.
1111 2014 1195 2053 ιιι.

597 2091 920 2161 Gregorius,
952 2105 1080 2144 ann.
1113 2105 1189 2143 xl.

597 2181 827 2246 Jusech,
862 2196 990 2235 ann.
1035 2197 1113 2236 vr.

599 2268 949 2323 Pharnesech
981 2268 1050 2323 de
1077 2266 1361 2338 provincia
1390 2265 1787 2336 Aspracorum,
1842 2281 1971 2322 ann.
2033 2282 2107 2322 IV.

599 2359 836 2415 Sanctus
852 2358 1141 2422 Norscses,
1161 2373 1297 2412 ann.
1319 2373 1502 2414 xxxiv.
1536 2357 1675 2413 Eum
1702 2354 1908 2412 occidit
1937 2355 2111 2412 Phar-

531 2465 641 2505 me.

602 2541 741 2596 Tum
766 2539 840 2596 ita
867 2540 1053 2604 Jusec,
1099 2554 1229 2594 ann.
1259 2554 1342 2594 ιιι.

600 2628 866 2698 Zagenes,
904 2644 1034 2682 ann.
1071 2643 1144 2682 tv.

602 2722 992 2790 Aspuraceses,
1017 2737 1148 2774 ann.
1183 2737 1278 2775 vn.
1305 2720 1443 2776 Tres
1464 2719 1552 2774 isti
1578 2718 1876 2789 provinciae
1902 2718 2115 2774 Achare

531 2823 693 2868 erant
720 2812 987 2883 episcopi,
1024 2814 1250 2868 nomine
1286 2822 1497 2867 tantum
1542 2812 1832 2867 Catholici.
1861 2811 1982 2866 Non
2017 2827 2117 2866 au-

533 2903 736 2960 debant
761 2905 1008 2974 episcopi
1041 2905 1446 2959 ordinationem
1477 2902 1679 2969 facere,
1703 2902 1872 2972 quod,
1907 2902 1979 2957 ob
2011 2919 2116 2960 nc-

533 3013 652 3052 cem
706 3000 878 3052 sancti
929 2996 1200 3060 Norsesis,
1243 2995 1658 3064 prohibuissent
1712 2994 2115 3064 archiepiscopi

530 3088 792 3145 Caesarea:
840 3089 1220 3143 ordinationes
1245 3085 1634 3156 episcoporum
1671 3087 1893 3156 majoris
1917 3087 2117 3145 Arme-

535 3178 663 3234 nim.

603 3264 799 3325 Postea
829 3275 1014 3324 autem
1047 3277 1276 3322 sanctus
1325 3266 1480 3326 Isaac
1528 3264 1846 3320 facultatem
1905 3266 2120 3335 accepit

534 3361 824 3418 ordinandi
884 3358 1179 3429 episcopos
1228 3358 1282 3414 in
1329 3359 1611 3422 Armenia,
1673 3357 1953 3427 gessitque
2004 3357 2118 3427 ipse

533 3455 915 3524 episcopatum
946 3469 1078 3508 ann.
1130 3468 1218 3508 XL.
1263 3452 1394 3506 Post
1443 3466 1620 3506 annos
1662 3459 1844 3506 autem
1885 3450 2117 3520 aliquot,

536 3547 941 3602 calumniantes
991 3545 1242 3601 Armenii
1301 3559 1486 3614 regem
1543 3558 1703 3599 suum
1757 3543 2002 3608 Artaser,
2056 3557 2122 3597 ac

536 3647 789 3691 sanctum
816 3636 993 3698 isaac,
1031 3634 1177 3704 apud
1237 3650 1418 3703 regem
1469 3634 1760 3690 Persarum
1792 3631 2124 3701 Bramsapo-

539 3741 678 3786 rem,
709 3725 875 3793 ,velut
903 3726 961 3780 in
1011 3724 1158 3779 idem
1201 3723 1608 3793 conspirantes.
1644 3721 1965 3792 deiecerunt
1992 3736 2120 3786 eum

537 3830 570 3868 e
602 3815 802 3870 throno
827 3815 975 3887 ejus.

611 3907 739 3962 Post
793 3922 924 3963 vero
986 3906 1261 3978 deiectum
1310 3905 1493 3969 Isaac,
1549 3904 1779 3975 jubente
1830 3903 2122 3960 Persarum

541 4014 691 4071 rege,
719 4015 788 4055 ac
818 4015 922 4055 suo
955 4001 1201 4071 ipsorum
1232 3997 1486 4064 consilio,
1532 3997 1858 4054 Sarmacum
1899 3995 1968 4050 de
2017 3997 2122 4053 Ar-

543 4101 696 4149 tzace
726 4093 1136 4152 constituerunt
1162 4090 1533 4156 Catholicam,
1569 4087 1928 4146 criminantes
1947 4089 2121 4147 Isaac.

612 4295 787 4348 Porro
817 4293 872 4347 in
905 4291 1153 4363 ejusdem
1186 4292 1330 4347 versi
1371 4291 1583 4357 odium,
1625 4289 1694 4345 de
1746 4289 1878 4346 sede
1907 4288 2124 4362 dejece‘

2206 458 2400 525 ρέτως.
2431 456 2540 508 Kal
2566 456 2655 508 διὰ
2680 456 2836 509 τοῦτο
2851 457 3146 529 ἐγγράφως
3175 454 3421 525 ὤμοσαν,
3452 453 3548 507 τοῦ
3580 455 3780 524 μηκέτι

2207 544 2458 613 γενέσθαι
2490 547 2572 609 είς
2597 547 2801 611 ,αὐτοὺς
2833 546 3167 614 ἀντιλογίαν.
3215 545 3388 602 Πάλιν
3426 545 3484 598 δὲ
3509 546 3783 616 discerpe-

2203 640 2421 709 ψάντων
2446 639 2649 705 αὐτῶν,
2685 642 2734 693 oi
2759 639 3212 708 καταλειφθέντες
3261 640 3319 692 ὲν
3369 641 3437 710 τῇ
3502 637 3785 709 Ἀρμενίᾳ,

2205 730 2588 801 ἐδυσχέραινον
2610 733 2678 799 τῇ
2700 729 2906 783 τούτων
2930 730 3243 799 ἐπιστασίᾳ,
3259 727 3335 790 ὡς
3369 729 3786 799 ὁμοφρονησάν-

2207 840 2315 876 των
2348 823 2486 893 μετᾶ
2517 821 2626 875 τῶν
2663 821 2978 892 Ῥωμαίων.
3034 821 3145 874 Kal.
3178 819 3363 873 λοιπὸν
3417 820 3636 882 στάσεις
3697 819 3787 871 καὶ
3897 872 3901 874 .

2210 914 2540 985 συζητήσεις
2585 915 2802 967 ἐποίουν
2835 914 2973 984 μετὰ
3011 912 3106 968 τοῦ
3147 911 3334 966 Ἰσαὰκ
3397 911 3626 965 καὶτῶν
3664 927 3789 963 συν-

2213 1004 2558 1058 απελθόντων
2591 1004 2762 1073 αὐτῷ,
2785 1003 3031 1071 λέγοντες
3062 1018 3077 1033 °
3103 1003 3186 1056 ὅτι
3218 1001 3362 1064 Ἐὰν
3373 1000 3460 1070 μὴ
3486 998 3790 1069 στραφῆτε

2209 1097 2308 1151 καί
2331 1095 2795 1165 ’ἀναθεματίζὲτε
2824 1095 3065 1161 αὐτοὺς,
3094 1096 3166 1149 οὐ
3203 1094 3496 1162 δεχόμεθα
3523 1092 3677 1161 ὑμᾶς
3699 1092 3790 1156 εἰς

2209 1193 2398 1245 τόπον
2420 1189 2610 1258 ἡμῶν.
2640 1189 2804 1243 Αὐτοὶ
2825 1189 2880 1242 δὲ
2913 1189 3300 1259 ἀγαπήσαντες
3329 1187 3428 1256 τὴν
3471 1185 3629 1249 δόξαν
3680 1186 3790 1237 τῶν

2210 1281 2515 1352 ἀνθρώπων
2565 1282 2598 1352 ἢ
2628 1281 2728 1351 τὴν
2760 1279 2919 1346 δόξαν
2952 1279 3045 1333 τοῦ
3073 1279 3238 1342 Θεοῦ,
3305 1277 3468 1330 πάλιν
3517 1275 3789 1344 ἀνεθεμά-

2209 1389 2368 1425 τισαν
2394 1371 2608 1440 πρῶτον
2638 1371 2884 1433 tam:on
2910 1370 2985 1433 ὡς
3017 1369 3460 1440 κοινωνήσαντας
3508 1367 3622 1428 τοῖς
3660 1363 3792 1417 Ῥω-

2215 1463 2418 1535 μαίοις.
2448 1462 2764 1533 Εὐρέθησαν
2791 1461 2850 1515 δὲ
2892 1462 3100 1515 ἀνίατοι
3123 1463 3181 1514 ἐν
3207 1461 3328 1522 ταῖς
3369 1456 3613 1518 κακίαις.

2495 1577 2628 1634 KA'.
2677 1571 3132 1642 Καθολικοὶτῆς
3178 1572 3507 1642 Ἀρμενίας.

2293 1713 2353 1769 Ὀ
2380 1713 2532 1784 ἅγιος
2553 1712 2879 1784 Γρηγὸριος,
2911 1712 2940 1764 ὁ
2971 1705 3218 1778 φωστὴρ,
3242 1704 3338 1775 ἐτη
3358 1702 3426 1758 λ’.

2293 1916 2353 1971 '0
2384 1916 2539 1982 ἅγιος
2578 1912 2896 1981 Ῥωστάκης
2919 1912 2948 1971 ὸ
2972 1909 3087 1974 υίδς
3115 1906 3304 1974 αὐτοῦ,
3335 1905 3433 1976 ἐτη
3465 1903 3533 1975 β’.

2294 2005 2353 2060 '0
2376 2003 2675 2075 Βαρτανὲς,
2709 2001 2803 2072 ἔτη
2831 1999 2904 2069 γ’.

2295 2098 2354 2150 '0
2381 2095 2700 2168 Γρηγὸριος,
2728 2093 2824 2162 ἔτη
2855 2098 2944 2153 ια’.

2256 2183 2276 2200 “
2295 2189 2353 2242 ’θ
2394 2186 2628 2256 ’ίουσὴκ,
2658 2185 2753 2255 έτη
2787 2183 2863 2249 ς’.

2296 2281 2358 2334 '0
2405 2277 2683 2349 Φαρνεσὲχ
2711 2277 2820 2330 ἀπὸ
2841 2275 2951 2330 τῶν
2985 2273 3315 2345 ’Λσπράκων
3350 2270 3556 2342 χώρας,
3611 2268 3707 2338 ἔτη
3731 2265 3795 2320 δ’.

2297 2371 2358 2422 '0
2390 2370 2546 2438 ἅγιος
2577 2368 2883 2437 Νορσέσης,
2903 2365 3005 2436 ἐτη
3027 2365 3126 2431 te,
3159 2363 3226 2417 ὃν
3253 2364 3548 2417 ἀπέκτεινε
3575 2360 3794 2430 Φάρμη.

2287 2543 2402 2601 Εἶθ’
2426 2545 2598 2608 οὕτως
2643 2543 2877 2614 Ἰουσὴκ,
2909 2542 3006 2615 ἔτη
3045 2541 3116 2614 γ’.

2302 2641 2362 2694 Ὀ
2390 2641 2654 2708 Ζαγένης,
2680 2637 2776 2708 ἔτη
2803 2635 2868 2691 δ’.

2297 2733 2359 2786 ου
2429 2731 2902 2800 ,Ασπουρακέσηςο
2975 2731 3072 2799 ἐτη
3120 2729 3187 2794 CV.
3235 2720 3394 2783 Οὗτοι
3435 2729 3485 2781 oi
3518 2730 3667 2799 τρεῖς
3697 2729 3798 2798 τῆς

2229 2825 2434 2896 Ἀχὰρη
2456 2823 2644 2894 χώρας
2671 2825 2961 2877 ἐπίσκοποι
2990 2818 3150 2893 ἦσαν,
3183 2821 3356 2888 ὄνομα
3390 2820 3552 2891 μόνον
3587 2821 3799 2890 ἔχοντες

2219 2915 2543 2972 Καθολικόν.
2573 2905 2576 2909 ’
2606 2914 2929 2967 Ἕπέσκοποι
2969 2912 3300 2984 χειροτονεῖν
3361 2911 3463 2963 οὐκ
3508 2909 3753 2979 ἐτόλμων
3782 2946 3798 2970 ,

2219 3008 2408 3078 ἐπειδὴ
2438 3005 2530 3060 διὰ
2560 3007 2651 3059 τὸν
2675 3005 2906 3059 θάνατον
2933 3004 3030 3058 τοῦ
3084 3003 3242 3072 ἁγίου
3290 3002 3541 3074 Νορσέση
3598 3000 3800 3054 ἐκωλύο

2223 3101 2395 3171 θησαν
2429 3097 2580 3169 παρὰ
2602 3097 2696 3150 τοῦ
2729 3095 3164 3168 ἀρχιεπισκόπου
3197 3093 3540 3164 Καισαρείας
3591 3092 3646 3144 al
3686 3108 3801 3162 χει-

2225 3189 2461 3264 ροτονίαι
2483 3190 2591 3242 τῶν
2620 3190 2936 3243 ἐπισκόπων
2958 3189 3058 3258 τῆς
3088 3187 3332 3258 μεγάλης
3371 3185 3689 3256 Ἀρμενίας.

2294 3277 2428 3334 Εἶτα
2467 3282 2495 3333 ὁ
2523 3279 2680 3348 ἅγιος
2731 3280 2917 3332 Ἰσαὰκ
2957 3279 3150 3333 ἐλαϐεν
3184 3275 3432 3342 ἐξουσίαν
3479 3277 3804 3346 χειροτονεῖν

2223 3375 2305 3438 είς
2339 3373 2636 3446 Ἀρμενίαν
2671 3357 3030 3437 ἐπισκόπους,
3054 3371 3112 3434 ὃς
3135 3371 3232 3424 καὶ
3274 3367 3658 3437 έπεσκὸπησεν
3709 3364 3804 3423 ἐτη

2225 3473 2299 3538 μ’.
2349 3466 2505 3520 Μετὰ
2533 3465 2592 3519 δὲ
2619 3459 2848 3536 χρόνους
2877 3463 3029 3527 τινὰς
3063 3460 3442 3522 διαὸἀλλοντες
3472 3457 3550 3529 τῷ
3580 3457 3804 3528 Περσῶν

2222 3557 2455 3629 βασιλεῖ,
2479 3556 2560 3628 τῷ
2589 3556 2747 3627 Βρὰμ
2770 3555 3062 3622 Σαπῶ,τδν
3087 3554 3216 3607 ἴδιον
3237 3551 3462 3624 βασιλέα
3504 3549 3803 3622 Ἀρτασὴρ.

2222 3649 2320 3703 καὶ
2367 3648 2459 3702 τὸν
2513 3648 2669 3716 ἅγιον
2739 3647 2949 3710 Ἰσαὰκ,
2979 3645 3056 3709 ὼς
3112 3645 3600 3716 ὁμοφρονήσαντας
3647 3644 3707 3694 ὲν
3737 3642 3802 3710 τῇ

2224 3741 2390 3813 βουλῇ
2436 3739 2618 3795 αὐτῶν
2645 3780 2661 3806 ,
2716 3738 3019 3794 κατέϐαλον
3063 3737 3226 3791 αὐτὸν
3282 3735 3391 3792 ἀπὸ
3451 3733 3546 3788 τοῦ
3613 3733 3804 3804 θρόνου

2221 3831 2411 3890 αὐτοῦ.

2295 3923 2408 3975 Kal.
2441 3921 2579 3992 μετὰ
2619 3921 2718 3992 τὴν
2749 3922 3024 3976 ἔκπτωσιν
3051 3918 3147 3975 τοῦ
3187 3918 3395 3984 Ἰσαὰκ,
3437 3918 3529 3972 τὸν
3591 3917 3806 3987 Σορμὰν

2223 4011 2449 4068 ἀπὸτοῦ
2490 4011 2780 4082 Ἀρτζακὲ,
2823 4013 2894 4082 τῇ
2929 4009 3226 4078 προστάξει
3277 4007 3376 4062 τοῦ
3415 4006 3522 4060 τῶν
3578 4005 3808 4076 Περσῶν

2226 4103 2512 4173 βασιλέως,
2543 4103 2639 4156 καὶ
2667 4103 2733 4172 τῇ
2768 4101 2872 4173 ἰδίᾳ
2914 4101 3095 4154 αὐτῶν
3120 4099 3306 4170 βουλῇ,
3331 4097 3597 4153 ἐκάθισαν
3650 4094 3810 4148 αὐτὸν

2228 4195 2551 4261 Καθολικδν,
2582 4194 2966 4258 διαϐάλλοντες
2987 4193 3080 4246 τὸν
3118 4191 3327 4246 Ἰσαάκ.

2295 4287 2643 4358 Μισήσαντες
2672 4286 2731 4340 δὲ
2764 4286 2953 4350 αὑτδν,
2990 4283 3294 4338 κατέϐαλον
3331 4281 3439 4335 ἀπὸ
3475 4279 3570 4334 τοῦ
3617 4279 3812 4349 θρόνου

542 4395 694 4450 runt,
721 4394 973 4455 petentes
1015 4401 1045 4439 a
1092 4384 1387 4441 Persarum
1428 4399 1578 4455 rege,
1622 4385 1788 4453 atque
1829 4382 2118 4437 dicentes:

2228 4377 2416 4446 αὐτοῦ,
2446 4375 2588 4450 [καὶ]
2641 4378 2967 4448 αίτήσαντες
3015 4375 3098 4446 τῷ
3154 4375 3264 4428 τῶν
3298 4371 3524 4444 Περσῶν
3579 4369 3813 4441 βασιλεῖ,

542 4478 626 4531 Da
667 4477 812 4531 nobis
859 4477 922 4530 de
967 4478 1178 4547 regione
1218 4486 1334 4538 tua,
1371 4493 1466 4530 nec
1517 4476 1700 4546 primit
1739 4475 1888 4529 nobis
1931 4475 2123 4528 Arme-

542 4587 640 4624 nus
671 4568 992 4638 Catholicae.
1030 4569 1298 4639 Deditquc
1342 4583 1438 4623 rex
1473 4567 1756 4622 Persicum
1793 4570 1985 4637 Syrum
2019 4566 2123 4620 ho-

543 4663 771 4718 minem.
804 4663 912 4718 Sed
941 4671 998 4718 et
1049 4678 1176 4717 eum
1235 4670 1358 4732 post
1406 4675 1580 4715 annos
1637 4660 1846 4729 aliquot
1886 4659 2124 4716 invisum

544 4752 831 4817 habentes,
864 4760 1212 4808 amoverant.
1248 4753 1406 4821 Isque
1453 4750 1654 4805 iterum
1683 4747 1962 4803 concessit
2009 4747 2127 4802 Mu-

541 4844 722 4898 sulion
757 4844 887 4900 item
917 4843 1139 4915 Syrum,
1163 4843 1256 4913 qui
1283 4843 1422 4898 duos
1443 4857 1617 4897 annos
1636 4839 1855 4906 sedens,
1883 4839 1939 4894 in
1956 4841 2128 4895 multa

544 4935 842 4992 aﬂlictione
867 4937 1013 4991 diem
1055 4937 1255 4990 clausit
1293 4944 1628 4990 extremum.
1913 4920 1932 4925 ’

616 5026 868 5083 Cessavit
888 5043 1018 5098 ergo
1045 5026 1291 5083 Orientis
1326 5027 1604 5082 ordinatio
1654 5026 1983 5096 prohibente
2009 5024 2129 5080 Ca3-

543 5132 724 5184 sarea,
755 5126 984 5189 prepter
1010 5119 1162 5174 Isaac
1191 5117 1322 5174 sede
1359 5127 1624 5172 amotum.
1687 5120 1816 5174 l’ost
1863 5120 1979 5172 haec
2032 5132 2131 5170 au-

546 5220 654 5265 tem
707 5209 977 5266 abeuntes
1058 5210 1216 5265 Azati
1280 5211 1694 5277 Armeniorum,
1769 5209 2133 5265 obsecrabant

545 5309 794 5356 sanctum
857 5302 1027 5366 Isaac,
1073 5311 1136 5356 ut
1177 5318 1246 5358 ne
1298 5305 1641 5359 meminisset
1679 5318 1874 5358 eorum
1923 5303 2133 5373 iniqui-

547 5400 745 5460 tatum,
777 5392 873 5448 sed
908 5402 1283 5449 reverteretur
1314 5395 1381 5450 ad
1412 5397 1669 5452 thronum
1703 5413 1887 5454 suum.
1929 5398 2133 5455 Verum

547 5481 640 5537 ille
669 5483 1090 5554 haudquaquam
1123 5501 1332 5541 morem
1369 5488 1558 5558 gessit.

617 5573 775 5630 Unde
812 5575 1031 5631 tandem
1095 5577 1378 5642 narravit,
1414 5593 1578 5647 quam
1624 5578 1692 5633 de
1739 5593 1930 5633 eorum
1975 5576 2134 5631 ruina

545 5664 687 5722 iacto
715 5664 824 5738 jam
849 5680 912 5724 ac
940 5666 1146 5735 futura,
1171 5666 1439 5724 visionem
1464 5666 1714 5724 vidisset.
1747 5666 1906 5726 Dedit
1948 5675 2133 5724 autem

2227 4471 2478 4539 λέγοντες
2508 4485 2525 4502 ο
2565 4469 2667 4532 Δὸς
2695 4468 2842 4538 ἡμῖν
2867 4469 2936 4521 ἐκ
2961 4467 3072 4536 τῆς
3117 4466 3315 4538 χώρας
3361 4480 3502 4530 σου,
3559 4464 3659 4517 καί
3720 4462 3810 4531 μὴ

2224 4565 2380 4618 ἔστω
2401 4562 2547 4632 ἡμῖν
2582 4561 2885 4632 Ἀρμένιος
2911 4577 2926 4592 ·
2959 4561 3055 4614 καὶ
3074 4558 3275 4613 ἔδωκεν
3300 4558 3483 4621 αὐτοῖς
3505 4557 3532 4607 ὀ
3559 4553 3816 4623 βαειλεὺς

2226 4654 2318 4705 τὸν
2351 4649 2619 4721 Περσικὸν
2649 4650 2740 4704 τὸν
2767 4651 2941 4722 Σύρον
2969 4666 2985 4682 ο
3011 4649 3105 4703 καὶ
3139 4648 3278 4719 μετὰ
3333 4647 3461 4718 τρία
3505 4647 3601 4715 ἔτη
3649 4644 3816 4714 μισήο

2231 4760 2423 4807 σαντες
2448 4742 2544 4796 καὶ
2573 4741 2759 4806 αὑτὸν,
2786 4741 3108 4795 κατέϐαλον.
3171 4740 3341 4794 Πάλιν
3376 4739 3577 4792 ἔδωκεν
3627 4736 3817 4799 αὐτοῖς

2228 4837 2321 4890 τὸν
2366 4834 2705 4890 Μουσούλιον
2762 4834 2852 4889 τδν
2897 4833 3092 4904 Σύρον.
3139 4833 3411 4894 Κάκεῖνος
3449 4829 3543 4883 δύο
3580 4829 3817 4899 χρόνους

2231 4927 2489 4991 καθίσας,
2517 4928 2575 4981 ὲν
2602 4925 2770 4998 πολλῇ
2802 4925 2980 4994 θλίψει
3007 4923 3276 4979 κατέλυσε
3301 4923 3394 4976 τὸν
3424 4921 3562 4992 βίον.

2315 5020 2382 5073 Ἦ
2406 5018 2499 5072 οὖν
2530 5018 2835 5089 χειροτονία
2864 5017 2962 5086 τῆς
3003 5015 3293 5084 Ἀνατολῆς
3332 5013 3579 5083 ἐκωλύθη
3626 5013 3692 5065 ἐκ
3717 5009 3818 5079 τῆς

2233 5109 2594 5180 Καισαρείας,
2627 5108 2716 5162 διὰ
2749 5108 2848 5175 τὴν
2875 5107 3151 5161 ἔκπτωσιν
3182 5107 3278 5159 τοῦ
3314 5106 3520 5159 Ἰσαάκ.
3560 5104 3670 5156 Kal.
3721 5119 3822 5172 με·

2235 5205 2306 5257 τὰ
2333 5202 2507 5257 ταῦτα
2544 5202 2916 5272 ἀπερχόμενοι
2960 5200 3011 5253 οἱ
3054 5199 3268 5264 ’Δζάτοι
3323 5197 3433 5251 τῶν
3489 5194 3820 5265 Ἀρμενίων,

2238 5295 2584 5368 παρεκάλουν
2601 5295 2694 5347 τὸν
2712 5295 2861 5348 ὅσιον
2895 5290 3106 5354 Ἰσαὰκ,
3146 5290 3221 5363 μὴ
3267 5287 3642 5361 μνημομεὺειν
3708 5284 3823 5337 τῶν

2237 5388 2495 5459 πονηρῶν
2521 5386 2720 5453 αὐτῶν,
2750 5385 2846 5440 καὶ¹
2892 5384 3256 5456 ὑποστρέφειν
3287 5384 3368 5447 είς
3404 5380 3593 5452 θρόνον
3626 5375 3820 5431 αὑτοῦ.

2251 5484 2308 5538 '0
2343 5483 2398 5535 δὲ
2419 5482 2520 5536 οὒκ
2548 5481 2873 5551 εἰσήκουσεν
2896 5479 3094 5534 αὐτῶν.

2312 5574 2478 5626 Ὅθεν
2499 5570 2686 5624 λοιπὸν
2723 5571 3027 5641 διηγήσατο
3049 5569 3230 5630 αὐτοῖς
3261 5565 3361 5638 τὴν
3411 5561 3701 5625 ὀπτασίαν,
3753 5558 3826 5627 ἣν

2241 5667 2453 5738 ἑώρακε
2485 5663 2616 5735 περὶ
2644 5662 2743 5735 τῆς
2775 5659 3104 5728 ἐκπτώσεως
3136 5658 3338 5727 αὐτῶν,
3368 5657 3465 5729 τῆς
3492 5653 3823 5726 γενομένης,
