4088 6214
305 217 407 284 901

1364 217 1600 279 LIBER
1639 217 1741 281 DE
1783 217 2038 280 BEBUS
2068 216 2462 277 ARMENIIE.

3450 231 3566 293 902

312 330 410 382 καὶ
435 327 535 399 τῆς
584 325 873 398 ἐσομένης.
906 323 1116 378 Δὲδωκε
1159 323 1217 378 δὲ
1272 324 1458 390 αὐτοῖς
1522 327 1641 380 ἀνθ’
1695 327 1891 381 ἑαυτοῦ

1994 329 2115 385 loco
2148 327 2235 383 sui
2265 326 2487 382 beatum
2520 324 2865 393 Mastintzen,
2896 327 3179 387 custodem
3211 328 3385 400 ipsius
3417 334 3573 392 thro-

312 422 407 474 :6v
437 420 709 492 μακάριον
737 416 1124 488 Μαστήντζην.
1159 416 1377 486 φύλακα
1420 418 1517 471 τοῦ
1548 418 1742 490 θρόνου
1794 419 1894 472 αὖ·

314 511 431 565 τοῦ.
476 512 584 564 Καὶ
608 509 746 579 μετὰ
774 508 872 579 τὴν
913 508 1172 580 τελευτὴν
1232 508 1327 562 τοῦ
1395 511 1600 574 Ἰσαάκ,
1656 510 1749 563 καὶ
1796 509 1894 564 τοῦ

312 600 669 669 Μαστήντζη.
700 598 966 653 ἐκάθισαν
992 599 1086 652 ἐπὶ
1112 597 1210 652 :06
1233 598 1425 669 θρόνου
1468 600 1746 670 ἱερατικοῦ
1802 600 1897 654 τὸν

311 690 502 756 Κιτδν,
531 689 624 743 τὸν
650 688 778 741 ὄντα
804 688 911 743 61:6
938 688 1039 758 τῆς
1073 687 1267 759 κώμης
1301 689 1597 760 ’Ᾱτμησοῢ,
1655 688 1751 761 ἐτη
1806 687 1892 752 ιζ’.

328 778 419 831 Ἐν
441 782 562 842 ταῖς
594 778 831 849 ἡμέραις
859 777 916 830 66
948 778 1139 832 τούτου
1171 779 1593 855 προετάχθησαν
1622 779 1776 851 παρὰ
1794 777 1893 835 :06

317 868 580 938 βασιλέως
601 869 710 923 τῶν
735 867 984 940 Περσῶν,
1009 871 1337 941 χειροτονεῖν
1357 871 1438 933 είς
1469 872 1570 945 τὴν
1603 869 1897 942 Ἀρμενίαν

316 956 653 1020 Καθολικοὺς
675 957 771 1010 καὶ
799 956 1131 1021 ἐπισκόπους
1163 958 1325 1032 μέχρι
1355 960 1456 1030 τῆς
1486 961 1751 1031 σήμερον.

390 1041 523 1099 Εἶτα
558 1047 810 1116 Ἰωάννης
837 1046 867 1099 6
902 1046 1323 1118 Μαρτακουνῆς,
1356 1047 1451 1118 ἔτη
1484 1055 1561 1114 ς’.

400 1137 796 1206 Ἀπουῖπκένης
816 1137 843 1190 6
866 1137 975 1190 61:6
1008 1138 1105 1208 τῆς
1135 1138 1311 1193 Μισοῦ
1331 1140 1431 1209 τῆς
1457 1140 1674 1211 κώμης,
1705 1139 1801 1209 ἔτη
1830 1146 1893 1193 ε’.

309 1254 327 1264 .
396 1232 461 1285 σο
486 1229 741 1301 Σαμουὴλ
775 1230 805 1283 ὀ
838 1230 947 1282 άπδ
984 1229 1245 1300 ’Δρτασαὶ
1290 1230 1391 1301 τῆς
1415 1231 1629 1303 κώμης.
1685 1231 1780 1302 ετη
1806 1231 1893 1302 ιβ’·

399 1320 459 1374 Ὀ
489 1320 776 1389 Μουσέλης
808 1322 838 1374 6
868 1319 977 1373 61:6
1004 1319 1106 1390 τῆς
1135 1323 1332 1391 κώμης
1359 1322 1674 1394 Ἀρπηρείς,
1707 1322 1802 1394 ἐτη
1829 1321 1893 1378 ν’.

400 1410 460 1463 '0
492 1408 679 1462 Ἰσαάκ
702 1406 826 1462 61:6
844 1408 943 1462 :06
979 1408 1206 1478 Ἀρκάν,
1236 1408 1337 1478 ἔτη
1366 1407 1431 1473 ζ’.

397 1497 458 1551 '0
489 1497 861 1568 Χριστοφόρος
885 1498 916 1551 6
940 1497 1048 1551 61:6
1069 1496 1166 1551 :06
1188 1497 1561 1570 Κουὸαρίτξη,
1589 1500 1685 1573 ἐτη
1714 1498 1787 1566 ς’.

400 1593 459 1645 Ὀ
485 1593 738 1656 Λεόντιος
768 1591 878 1646 61:6
906 1591 1002 1646 :06
1051 1592 1233 1663 196:,
1266 1591 1364 1665 ἔτη
1394 1600 1466 1662 γ’.

396 1684 456 1738 ’0
477 1685 760 1754 Νορσέσης
785 1684 892 1740 61:6
921 1683 1017 1738 :06
1063 1685 1370 1756 Ἀσπαρὰξ,
1404 1684 1501 1755 ἐτη
1534 1684 1602 1741 θ’.

398 1776 488 1828 Ἐν
507 1777 631 1838 ταῖς
654 1775 894 1846 ἡμέραις
920 1774 1088 1829 αὐτοῦ
1122 1777 1345 1844 ἐγένετο
1371 1778 1406 1847 ἡ
1441 1777 1659 1842 σύνοδος
1683 1778 1765 1843 είς
1797 1778 1892 1832 1:6-

312 1867 400 1921 λιν
420 1865 609 1937 Τιὸὴν,
634 1866 745 1920 ἀπὸ
768 1865 862 1920 :06
906 1866 1149 1920 Ἀπτισῶ
1172 1865 1349 1939 Σύρου
1387 1869 1728 1936 Ἰακωσίτου,
1791 1871 1892 1942 μέν

309 1974 397 2012 τοι
425 1974 490 2027 γε
515 1958 564 2011 εἰ
586 1958 682 2011 καὶ
708 1958 811 2022 :6;
851 1957 1179 2029 παραδόσεις
1215 1959 1311 2012 :06
1340 1959 1498 2025 ἁγίου
1561 1960 1891 2033 Γρηγορίου,

310 2050 412 2103 καὶ
441 2049 550 2102 τῶν
582 2049 759 2103 ἄλλων
799 2049 1061 2118 Πατέρων
1096 2048 1379 2113 ἐξέκλιναν
1411 2065 1428 2082 ⁸
1451 2050 1568 2104 611’
1623 2048 1719 2108 06v
1763 2069 1831 2105 πε
1840 2054 1893 2123 pi.

308 2138 417 2211 τὴν
440 2139 656 2196 πίστιν.
682 2138 775 2192 καὶ
803 2138 905 2209 τὴν
936 2137 1155 2192 σύνοδον
1183 2138 1281 2210 τὴν
1338 2141 1397 2194 ὲν
1420 2141 1746 2213 Χαλκηδόνι,
1798 2143 1894 2197 καὶ

311 2231 447 2301 περὶ
474 2230 571 2293 :6;
590 2229 684 2284 δύο
712 2229 899 2299 φύσεις
930 2230 1029 2292 τὰς
1055 2231 1113 2283 ὲν
1151 2229 1371 2301 Χριστῷ
1399 2232 1479 2303 τῷ
1537 2232 1656 2305 Θεῷ
1707 2234 1890 2304 ἡμῶν,

306 2322 570 2392 οὐδεμίαν
598 2319 932 2391 ἀμφιϐολίαν
960 2318 1130 2390 εἶχον,
1163 2321 1272 2385 ἕως
1299 2322 1441 2376 ἐτῶν
1475 2322 1578 2392 py’,
1633 2324 1744 2379 61:6
1793 2326 1894 2397 τῆς

309 2414 537 2467 συνόδου
562 2413 662 2483 τῆς
692 2414 750 2466 ὲν
769 2413 1101 2482 Χαλκηδόνι,
1122 2412 1229 2477 ἕως
1277 2414 1381 2484 τῆς
1432 2413 1651 2468 συνόδου
1699 2415 1892 2486 Τιϐήν.

309 2502 428 2556 Καὶ
444 2502 630 2556 λοιπὶν
663 2503 721 2569 ἑξ
744 2502 955 2556 ἐκείνου
985 2503 1300 2574 ἀπέστησαν
1335 2502 1443 2557 61:6
1482 2507 1584 2575 τῆς
1609 2506 1894 2569 κοινωνίας

304 2592 423 2647 τῶν
456 2593 766 2663 Ῥώμαίων,
793 2594 890 2647 καὶ
911 2594 1011 2666 τὴν
1055 2593 1410 2667 Ἰερουσαλὴμ
1467 2595 1891 2667 ἀνεθεμάτισαν,

306 2682 410 2737 καὶ
448 2684 548 2754 τὴν
584 2683 804 2738 σύνοδον
836 2683 1206 2755 Χαλκηδόνος,
1272 2684 1713 2756 ὁμολογήσαντες
1765 2685 1894 2756 μίαν

303 2772 481 2842 φύσιν
510 2773 604 2827 τοῦ
626 2774 893 2845 Χριστοῦ,
917 2775 1019 2847 τῆς
1042 2775 1323 2846 θεότητος,
1386 2775 1481 2830 καὶ
1534 2776 1637 2847 τῆς
1682 2777 1896 2848 ἀνθρω-

303 2864 548 2933 πότητος
577 2881 593 2896 ο
622 2864 949 2936 προσέθεντο
971 2865 1053 2931 :6,
1075 2858 1118 2920 ’ό
1149 2866 1535 2936 σταυρωθεὶς,
1579 2868 1659 2931 εἰς
1690 2868 1894 2937 τρισά-

1996 421 2074 474 ni.
2104 419 2378 475 Defuncto
2407 427 2589 473 autem
2624 420 2773 473 Isaac
2800 434 2865 473 ac
2900 419 3206 486 Mastintze,
3256 432 3569 482 statuerunt

1996 512 2049 566 in
2078 510 2404 565 sacerdotali
2439 510 2637 564 throno
2670 510 2875 573 Citum,
2925 511 3221 567 oriundum
3246 515 3447 585 Oppido
3474 517 3577 573 At-

1997 621 2179 671 mezu,
2214 604 2470 674 seditque
2492 618 2622 657 ann.
2652 618 2783 657 xvn.
2844 603 2925 657 Eo
2982 604 3241 674 pontiﬁce
3276 608 3438 677 jussit
3480 624 3576 664 rex

1996 699 2306 763 Persarum,
2348 705 2407 751 ut
2439 696 2492 750 in
2544 693 2801 749 Armenia
2833 692 3148 750 Catholicos
3175 711 3242 752 ac
3286 699 3578 769 episcopos

1995 790 2336 855 ordiuarent,
2373 800 2547 858 usque
2572 784 2632 841 in
2653 793 2985 859 praesentem
3019 785 3182 842 diem.

2065 1050 2145 1106 Ad
2175 1050 2294 1104 haec
2319 1048 2560 1104 Joannes
2592 1047 2961 1113 Martacunes,
2992 1062 3120 1103 ann.
3147 1064 3226 1103 τι.

2065 1143 2419 1214 Apuipcenes
2458 1140 2527 1195 de
2555 1138 2757 1210 oppido
2780 1137 2922 1203 Misi,
2966 1155 3099 1194 ann.
3125 1157 3181 1197 ν.

2069 1234 2290 1290 Samuel
2319 1232 2389 1288 de
2433 1233 2638 1302 oppido
2688 1233 2924 1296 Artazaa,
2952 1245 3084 1286 ann.
3120 1243 3217 1287 nt.

2066 1324 2301 1380 Museles
2326 1324 2394 1379 de
2420 1324 2625 1394 oppido
2652 1324 2910 1394 Arperes,
2934 1336 3068 1376 ann.
3097 1339 3149 1377 ι..

2071 1417 2220 1472 Isaac
2260 1416 2328 1475 de
2352 1416 2553 1476 Arcan.
2581 1430 2712 1469 ann.
2740 1431 2836 1469 vn.

2068 1507 2503 1576 Christophorus
2541 1504 2609 1560 de
2640 1504 2957 1573 Cubaritze,
2987 1521 3121 1561 ann.
3144 1522 3221 1562 ιἰ.

2069 1599 2334 1655 Leontius
2362 1596 2430 1653 de
2463 1598 2616 1663 Aret,
2658 1612 2788 1651 ann.
2824 1613 2904 1653 ιιι.

1920 1674 1965 1730 Β
2062 1691 2327 1747 Norscses
2353 1689 2421 1745 dc
2443 1689 2708 1759 Asparax,
2740 1704 2869 1743 ann.
2907 1705 2983 1743 Ix.

2063 1780 2195 1852 Ejus
2220 1788 2466 1848 tempore
2500 1775 2774 1832 celebrata
2804 1783 2889 1829 est
2916 1775 3158 1848 synodus
3188 1775 3243 1830 in
3286 1775 3423 1830 urbe
3484 1772 3580 1831 Ti.

1992 1873 2103 1928 ben
2133 1871 2202 1926 ab
2239 1870 2433 1940 Aptiso
2468 1868 2613 1942 Syro
2657 1867 2927 1923 Jacobita.
2989 1865 3226 1922 Tametsi
3281 1878 3487 1932 autem,
3544 1883 3576 1923 a

1993 1962 2170 2019 sancti
2191 1959 2439 2035 Gregorii
2466 1975 2531 2015 ac
2557 1959 2791 2014 aliorum
2813 1958 3036 2015 Patrum
3064 1956 3454 2013 traditionibus
3481 1957 3579 2012 de-

1993 2054 2283 2116 ﬂexerant,
2313 2051 2452 2106 nihil
2483 2050 2782 2120 quidquam
2819 2058 3003 2105 tamen
3034 2048 3102 2104 de
3142 2047 3248 2104 fide
3281 2064 3345 2104 ac
3367 2048 3581 2120 synodo

1992 2143 2449 2208 Chalcedonensi,
2484 2141 2801 2212 duplicique
2836 2140 2892 2193 in
2942 2140 3163 2195 Christo
3223 2140 3335 2194 Deo
3388 2148 3579 2195 nostro

1993 2247 2190 2292 natura
2219 2234 2636 2296 dubitaverant,
2673 2231 2741 2286 ad
2783 2245 2958 2299 usque
2988 2245 3190 2284 artuum
3232 2244 3325 2285 cm
3351 2245 3379 2283 a
3429 2230 3577 2283 cclc-

1994 2329 2147 2384 hrata
2189 2325 2398 2399 synodo
2443 2323 2899 2386 Chalcedonensi,
2951 2337 3121 2391 usque
3177 2321 3247 2376 ad
3307 2322 3576 2390 synodum

1994 2419 2190 2473 Tiben.
2225 2416 2492 2485 Deinceps
2522 2423 2705 2471 autem
2738 2416 3088 2466 recesserunt
3118 2425 3146 2463 a
3192 2409 3567 2464 Romanorum

1994 2510 2406 2574 communione,
2453 2522 2516 2563 ac
2560 2505 2861 2561 Jerusalem
2885 2501 3431 2563 anathematizantes,
3456 2516 3578 2553 san-

1995 2611 2247 2672 etamque
2286 2599 2553 2672 synodum
2598 2594 3124 2657 Chalcedonensem,
3172 2591 3407 2647 confessi
3441 2602 3572 2645 sunt

1993 2704 2250 2751 naturam
2288 2706 2451 2747 unam
2476 2688 2703 2752 Christi,
2733 2685 2956 2741 deitatis
2974 2700 3036 2738 ac
3062 2682 3421 2741 humanitatis
3454 2700 3467 2734 :
3498 2690 3582 2735 at-

1994 2801 2102 2856 que
2128 2784 2197 2842 ad
2219 2784 2484 2855 hymnum
2508 2780 2853 2841 Tersanctus,
2880 2774 2947 2829 ad
2978 2773 3133 2839 illud,
3167 2771 3393 2827 Sanctus
3414 2770 3580 2835 Deus,

1993 2889 2185 2930 vocem
2218 2874 2392 2934 illam,
2428 2871 2519 2941 qui
2564 2867 2847 2934 cruciﬁxus
2889 2873 2987 2932 est,
3017 2863 3353 2919 addiderunt
3379 2879 3396 2916 ε
3422 2863 3580 2932 jtire-

298 2972 447 3055 Tum:
469 2955 661 3025 ὕμνον,
693 2956 829 3055 πρὸς
863 2957 1061 3028 Ἄγιος
1091 2960 1125 3012 d
1161 2960 1327 3026 Θεός.
1372 2959 1528 3014 Μετὰ
1576 2960 1742 3030 ὅρκου
1799 2959 1893 3013 καὶ

1994 2965 2229 3038 jurando
2284 2962 2523 3019 invicem
2578 2959 2936 3023 devoventes,
3006 2955 3321 3027 obsignataJ
3373 2955 3585 3022 scripto

297 3046 788 3119 ἁναθεματισμοῦ,
820 3049 914 3102 καὶ
949 3049 1091 3119 μετὰ
1138 3048 1387 3121 ἀλλήλων
1420 3050 1719 3120 ἐγγράφως
1757 3051 1889 3104 ἰδιο-

298 3141 471 3210 χερσὶ
492 3139 750 3206 διέθεντο,
793 3140 869 3211 μὴ
891 3140 1223 3211 χωρίζεσθαι
1256 3140 1356 3210 τῆς
1380 3139 1643 3211 τοιαύτης
1696 3140 1890 3211 ὁμολο-

301 3233 441 3299 γίας
464 3232 545 3294 είς
559 3230 650 3284 τδν
676 3231 873 3285 αῑῶνα.
900 3230 1006 3283 Τὸν
1033 3230 1091 3283 δὲ
1112 3230 1358 3299 Εὑτυχὲα
1400 3229 1492 3283 τὸν
1552 3227 1890 3298 Ἰακωδίτην,

304 3322 411 3375 καὶ
436 3322 486 3390 »β’
515 3321 711 3384 ἄλλους
739 3321 991 3391 ἑταίρους
1014 3319 1181 3373 αὑτοῦ
1207 3335 1223 3348 '
1248 3322 1277 3373 6
1304 3320 1404 3388 μὲν
1459 3315 1542 3381 εἷς
1614 3317 1894 3371 Ἰουλιανί-

303 3430 438 3482 της,
491 3416 520 3466 ὀ
545 3412 603 3465 δὲ
641 3413 851 3482 ἕτερος,
884 3410 1054 3481 ἄλλης
1090 3408 1357 3479 αἱρέσεως
1413 3407 1727 3476 τυγχάνων,
1772 3409 1896 3458 61::-

307 3507 554 3568 σκόπους
583 3506 1090 3575 χειροτονήσαντες,
1126 3500 1209 3563 είς
1264 3496 1713 3568 Μεσωποταμίαν
1756 3496 1893 3552 ἀπέ-

306 3597 558 3651 στειλαν.

386 3688 545 3743 Μετὰ
564 3686 724 3741 τοῦτο
747 3688 776 3739 6
813 3684 1094 3755 Εὐανέσης
1120 3685 1149 3745 6
1176 3682 1285 3740 61:6
1312 3681 1662 3753 Καπεληνῆς,
1683 3679 1781 3752 ἔτη
1805 3678 1894 3745 ιζ’.

401 3778 460 3832 ’0
487 3779 725 3847 Μωῦσῆς
748 3778 859 3832 61:6
877 3776 971 3830 :06
1015 3775 1321 3845 ‘E1t66ps:,
1350 3772 1445 3844 ετη
1477 3774 1543 3829 λ’.

400 3869 461 3923 ’0
505 3868 758 3939 Ἀδραάμ
780 3868 890 3923 61:6
930 3864 1322 3935 ’Δραστουνῆς,
1352 3863 1449 3932 ἐτη
1480 3868 1589 3931 κγ’.

401 3960 462 4013 ’0
502 3960 756 4029 Ἰωάννης
793 3959 903 4013 61:6
928 3957 1023 4011 :06
1048 3956 1347 4027 Ὴακρανᾶ,
1375 3954 1471 4023 ἐτη
1501 3958 1614 4019 κς.

386 4052 669 4123 Κωμητὰς
710 4053 740 4105 6
773 4052 872 4105 καὶ
929 4052 1029 4123 τῆς
1085 4049 1280 4121 κώμης
1339 4040 1897 4118 Ἐλτζησαρακιτζτιῦ,

303 4144 413 4214 ἔτη
432 4149 506 4214 η’.

395 4238 462 4291 '0
500 4235 870 4307 Χριστοφόρος
899 4235 929 4287 6
964 4234 1321 4305 Ἀδραμίτης,
1367 4231 1466 4301 ἔτη
1493 4235 1565 4300 γ’.

398 4328 465 4381 '0
508 4326 733 4395 Ἐσδρὰς
766 4327 795 4379 6
833 4324 941 4377 61:6
964 4322 1061 4376 :06
1087 4323 1256 4387 Νικᾶ,
1295 4320 1390 4390 ἔτη
1429 4325 1482 4374 ι’.

399 4422 467 4474 '0
494 4420 776 4491 Νορσέσης
798 4419 829 4470 6
857 4415 966 4470 61:6
986 4415 1083 4468 :06
1118 4415 1322 4483 ἰσχνᾶ,
1349 4412 1445 4484 ἔτη
1470 4417 1544 4466 κ’.

402 4513 467 4566 ’0
507 4512 856 4572 Ἀναστάσιος
884 4509 914 4560 6
943 4506 1050 4560 ἀπὸ
1075 4492 1168 4559 τοῦ
1201 4505 1376 4575 Κορᾶ,
1404 4504 1499 4574 ἐτη
1537 4502 1613 4568 ς’.

396 4605 464 4657 ’0
500 4601 716 4674 Ἰσραὴλ
746 4602 778 4652 6
799 4601 908 4654 61:6
934 4596 1160 4669 Τμησοῦ
1189 4596 1292 4666 τῆς
1317 4593 1531 4666 κώμης,
1567 4595 1661 4666 ἔτη
1697 4593 1748 4651 ι’.

403 4676 684 4747 ⁹υ“’1σαὰκ
708 4691 816 4745 61:6
842 4689 936 4743 :06
968 4687 1403 4756 Βαζακαστρίου.

1993 3054 2232 3128 propriae
2246 3068 2440 3110 manus
2469 3050 2856 3122 promissione,
2887 3063 3168 3117 nunquam
3192 3061 3251 3100 se
3278 3044 3332 3099 in
3372 3059 3573 3113 perpe-

1995 3157 2152 3203 tuum
2184 3157 2504 3201 recessuros
2538 3141 2607 3196 ab
2656 3141 2745 3197 illa
2775 3138 3144 3194 confessione.
3200 3136 3373 3189 Porro
3402 3135 3581 3205 Euty-

1993 3238 2210 3293 chctem
2239 3234 2566 3299 Jacobitam,
2597 3233 2827 3302 ejusque
2852 3229 2992 3283 alios
3024 3228 3163 3282 duos
3196 3226 3396 3289 socios,
3436 3242 3577 3294 quo-

1995 3343 2118 3381 rum
2143 3342 2288 3380 unus
2306 3323 2592 3388 Julianita,
2640 3322 2778 3375 alter
2802 3319 3027 3373 hmresis
3049 3316 3278 3370 alterius
3294 3326 3434 3378 erat,
3464 3314 3577 3384 epi—

1997 3431 2197 3487 scopos
2223 3416 2566 3480 ordinantes,
2602 3413 2874 3467 miserunt
2903 3410 2960 3464 in
3003 3406 3473 3478 Mesopmamiam.

2070 3673 2265 3729 Postea
2282 3672 2561 3726 Evancses
2581 3685 2610 3724 a
2636 3668 2927 3738 Capelene,
2965 3681 3097 3720 ann.
3128 3680 3255 3720 nn.

2071 3765 2248 3820 Moses
2271 3763 2342 3818 ab
2375 3762 2641 3823 Elibaret,
2665 3775 2792 3814 ann.
2819 3774 2945 3813 xxx.

2071 3857 2347 3914 Abraham
2378 3855 2447 3909 ab
2471 3856 2765 3916 Arastune,
2799 3866 2929 3905 ann.
2963 3864 3117 3904 xxiii.

2077 3948 2321 4003 Joannes
2354 3959 2384 4000 a
2411 3945 2677 4005 Pacrana,
2706 3957 2836 3995 ann.
2876 3955 3024 3994 mn.

2071 4039 2329 4094 Cometas
2360 4036 2428 4091 de
2452 4031 3060 4106 pagO'Eltzesaracitzc,
3086 4044 3217 4082 ann.
3249 4043 3370 4082 vni.

2070 4216 2512 4287 Christophorus
2540 4208 2943 4268 Abrahamites.
2973 4221 3103 4259 ann.
3134 4220 3224 4259 ιιι.

2075 4310 2273 4367 Esdras
2290 4324 2319 4361 a
2340 4305 2494 4363 Nica.
2523 4318 2654 4357 ann.
2675 4317 2734 4355 ι.

2069 4402 2335 4457 Norseses
2364 4397 2433 4453 ab
2453 4394 2676 4458 lschna,
2711 4405 2843 4446 ann.
2888 4404 2981 4443 xx.

2070 4490 2390 4547 Anastasius
2415 4503 2447 4542 a
2479 4486 2644 4548 Cora,
2675 4497 2805 4537 ann.
2836 4496 2913 4535 τι.

2073 4582 2240 4638 Israel
2269 4580 2338 4635 ab
2358 4577 2563 4649 oppido
2587 4576 2812 4637 Tmcsu,
2849 4587 2981 4626 ann.
3008 4585 3064 4625 ιι.

2071 4677 2222 4731 Isaac
2250 4689 2280 4728 ιι
2313 4667 2677 4725 Bazacastrio.

306 4806 612 4872 Βασιλεῖς
653 4805 998 4874 Ἀρμενίων,
1053 4803 1172 4857 ἀπὸ
1228 4780 1719 4874 10686361260”;
1792 4800 1893 4869 ἕως

2001 4790 2376 4844 Armeniorum
2407 4800 2547 4855 reges
2574 4799 2607 4835 ιι
2632 4779 2829 4874 Bajare
2863 4793 3023 4848 usque
3061 4773 3131 4829 ad
3161 4772 3352 4838 Tasen,
3379 4788 3440 4824 αι·
3463 4776 3580 4837 post

578 4872 801 4943 Τασὴιρ,
836 4875 932 4927 καί
964 4874 1109 4942 μετὰ
1148 4872 1291 4938 τοὺς
1336 4872 1656 4942 ἡγεμόνας.

390 4964 697 5035 Κοινουνὴς
727 4966 755 5017 6
776 4962 1005 5034 ῐιριτης,
1037 4961 1132 5033 ἔτη
1160 4960 1227 5015 δ’.

398 5061 475 5114 Ὃ
503 5057 669 5111 Δασὶδ
699 5059 729 5110 6
748 5054 1031 5125 Σαρωνῆς,
1061 5054 1158 5123 ἐτη
1179 5050 1252 5120 γ’.

392 5149 718 5219 Τοτρούσης
750 5149 780 5201 6
819 5145 1175 5215 Ῥουστανῆς,
1197 5143 1296 5213 ῑτη
1322 5140 1375 5195 ι’.

404 5243 472 5294 '0
497 5240 822 5311 Ἀμαζάπης
844 5241 874 5292 6
895 5236 1333 5308 Κουροπάλατος,
1357 5234 1453 5304 ἐτη
1473 5233 1539 5288 δ’.

392 5333 700 5406 Γρηγόριος
734 5333 764 5384 6
792 5330 1024 5399 ἀδελφὸς
1049 5329 1238 5393 αὑτοῦ,
1271 5329 1367 5402 ἔτη
1389 5329 1491 5382 κδ’.
1622 5312 1627 5317 ’

388 5428 583 5498 Σὼτης
605 5426 1018 5497 Πικρατουνὴς,
1040 5424 1136 5494 ἐτη
1166 5431 1238 5491 γ’.

401 5522 473 5575 '0
502 5521 784 5593 Νερσέχης
812 5517 1224 5590 Καμψαρακάν,
1247 5516 1343 5589 ἔτη

406 5613 478 5666 '0
501 5610 891 5683 Πακρατουνὴς
924 5609 1260 5682 Συμπάτιος.

2692 4852 2871 4903 duces.

2071 4953 2352 5008 Cosnunes
2372 4941 2659 5007 Pritensis,
2687 4957 2818 4995 ann.
2845 4952 2918 4994 tv.

2074 5042 2245 5100 David
2267 5036 2620 5097 Saronensis,
2658 5048 2790 5088 ann.
2821 5046 2907 5086 ιιι.

2075 5130 2338 5184 Totruses
2359 5122 2743 5184 Bustanensis.
2775 5135 2907 5174 ann.
2939 5134 2995 5172 ι.

2074 5222 2376 5289 Amazapes
2396 5213 2750 5284 Curopalata,
2783 5225 2914 5265 ann.
2949 5221 3023 5264 tv.

2073 5311 2372 5383 Gregorius
2399 5309 2521 5381 ejus
2549 5307 2737 5370 frater,
2772 5319 2904 5358 ann.
2933 5316 3081 5357 xxiv.

2074 5404 2234 5461 Sotes
2268 5398 2752 5461 Pancratunensis,
2779 5411 2907 5450 ann.
2933 5410 3014 5449 ιιι.

2075 5497 2380 5553 Nerseches
2403 5494 2823 5563 Gampsaracan,
2850 5504 2979 5543 ann.
3014 5502 3092 5543 ιιι.

2072 5593 2447 5647 Pancratnnes
2476 5583 2811 5656 Sytnpatius.
