4088 6214
1861 239 1893 299 Ι
1899 238 1998 299 ΟΒ
2035 238 2380 300 MONACHI

495 443 1670 456 -υ-ιεκ--κ--α--ο-η-
1724 450 1781 457 ’.ἡ
1895 443 1922 444 κ
1931 443 1954 447 ν
1963 443 2656 448 7—_—__—_____

1746 591 1919 637 ANNO
1975 593 2203 638 DOMINI
2257 593 2425 637 MCXV

1257 794 1366 968 J
1378 788 1660 970 OB
1794 791 2993 973 MONACHUS

559 1310 619 1367 ln
672 1309 859 1367 codice
911 1304 1162 1362 Naniano
1194 1304 1380 1369 LXXI,
1433 1319 1489 1374 p.
1537 1303 1644 1358 215
1682 1305 1847 1374 (apud
1881 1302 2162 1376 Aloysium
2199 1300 2524 1374 Mingarelli,
2559 1302 2692 1359 Cod.
2734 1301 3005 1373 Nanian.)
3037 1303 3255 1375 legitur,
3287 1305 3630 1373 ’AxolouOta,
3670 1309 3767 1371 εις
3816 1333 3823 1337 ~

481 1412 582 1486 τὴν
616 1409 770 1465 ὁσίαν
823 1404 1038 1476 μητέρα
1068 1401 1226 1473 ἡμῶν
1254 1399 1537 1468 Θεοδώραν
1586 1398 1685 1470 τὴν
1722 1397 2159 1470 θαυματουργδν,
2223 1398 2547 1471 βασίλισσαν
2574 1399 2642 1468 τῇ
2704 1396 2762 1450 ἐν
2790 1400 2857 1470 τῇ
2904 1398 3030 1468 ἀρτ.
3076 1399 3375 1470 πονηθιϊσα
3431 1403 3564 1472 παρ’
3611 1404 3764 1472 ἐμοῦ

494 1504 614 1560 Ἰὼϐ
642 1499 898 1574 μοναχοῦ.
921 1495 1129 1552 Deinde
1152 1494 1400 1564 sequitur
1425 1490 1675 1549 Ollicium
1704 1491 1760 1548 S.
1787 1493 2090 1549 Theodorae
2117 1495 2318 1565 regium
2341 1493 2438 1564 (l).
2462 1492 2731 1560 Quoniam
2767 1507 2899 1548 vero
2926 1490 3111 1562 ignota
3143 1492 3420 1563 plerisque
3443 1504 3531 1550 est
3560 1507 3768 1551 sancta

484 1600 600 1655 h:ee
629 1595 850 1660 mulier,
909 1588 1175 1645 nonnulla
1231 1586 1608 1642 exseribcmus
1639 1603 1706 1644 ex
1751 1587 1950 1660 pagina
1971 1588 2100 1655 253,
2128 1588 2223 1644 ubi
2255 1596 2382 1658 post
2414 1586 2571 1653 odas,
2602 1600 2861 1654 canones,
2895 1596 3032 1654 etc.,
3057 1589 3173 1643 haec
3201 1588 3460 1660 leguntur
3489 1606 3507 1646 :

554 1757 880 1819 Veneranda
911 1770 974 1810 ac
1008 1753 1164 1809 beata
1194 1751 1381 1821 regina
1412 1751 1726 1816 Theodora,
1759 1751 1817 1807 in
1843 1751 2057 1808 Orienti

2245 1752 2311 1807 Ἦ
2334 1751 2579 1822 ἀοίδιμος
2617 1749 2759 1821 αὕτη
2788 1751 2885 1804 καὶ
2920 1751 3170 1823 μακαρία
3204 1750 3416 1821 iam)“;
3453 1751 3711 1824 θεοδὼρα
3745 1794 3765 1820 ο

483 1855 695 1912 Joanne
737 1858 795 1906 et
852 1848 1058 1903 llelena
1119 1845 1447 1915 parentibus
1490 1852 1642 1908 nata,
1679 1844 2065 1914 hujuscemodi

485 1948 597 2002 fato
626 1959 720 1998 usa
746 1948 849 1996 est.
879 1938 1015 1994 Cum
1057 1936 1280 1990 Alexius
1302 1951 1332 1990 e
1359 1944 1520 2006 gente
1552 1934 1832 1991 Comnena
1863 1936 2065 1990 Roma-

485 2039 572 2093 nis
624 2035 945 2105 imperaret,
977 2027 1207 2083 Michael
1256 2027 1595 2094 Comnenus,
1629 2027 1722 2096 qui
1762 2042 1963 2097 genere
1997 2026 2067 2082 ab

486 2130 605 2200 ipso
634 2141 760 2196 rege
792 2131 849 2178 et
880 2120 1105 2192 regibus
1130 2119 1309 2188 angeli
1337 2117 1573 2189 alicujus
1614 2116 2067 2174 denominatione

487 2217 766 2289 insignitis
813 2211 1124 2272 differebat.
1170 2207 1538 2278 Peloponnesi
1574 2222 1802 2279 regnum
1835 2216 1919 2263 est
1948 2222 2069 2263 sor-

488 2312 642 2371 titus,
671 2323 781 2378 quo
818 2315 1070 2374 tempore
1111 2299 1472 2357 Senacherim
1497 2299 1551 2353 in
1576 2297 1838 2355 IEtoliam
1875 2314 1939 2353 ac
1974 2299 2069 2354 Ni-

488 2398 727 2470 copolim
757 2395 1014 2450 mittitur.
1063 2391 1285 2446 Duabus
1319 2389 1397 2443 illi
1426 2405 1457 2445 e
1485 2388 1754 2459 sanguine
1790 2388 1939 2459 regio
1972 2403 2066 2444 so-

487 2492 713 2546 roribus
769 2483 1125 2540 matrimonio
1177 2482 1353 2553 juncti
1416 2488 1596 2536 erant.
1654 2478 1893 2535 Joannes
1944 2478 2070 2549 qui-

488 2584 613 2639 dem
669 2582 845 2637 beata:
893 2575 1198 2633 'l‘heodorae
1246 2582 1419 2643 pater,
1468 2580 1833 2643 cognomento
1874 2572 2067 2628 Petra-

488 2674 687 2746 liphes,
718 2669 889 2726 nobili
921 2678 1085 2738 atque
1117 2664 1323 2722 illustri
1366 2678 1568 2736 genere
1610 2672 1786 2731 satus,
1816 2679 1885 2720 ex
1916 2663 2069 2733 opti-

489 2775 696 2822 matum
759 2761 855 2833 qui
917 2757 1395 2828 Constantinopoli
1453 2755 2067 2826 ﬂorebant,prosapia,

489 2871 718 2918 uxorem
750 2855 927 2910 duxit.
961 2854 1076 2910 Rex
1115 2852 1243 2906 dein
1290 2851 1665 2904 Romanorum
1707 2849 2066 2914 constitutus,

490 2951 659 3006 rebus
692 2942 755 3003 in
784 2944 1069 3000 Thessalia
1108 2958 1173 2997 ac
1203 2940 1523 2996 Macedonia
1583 2938 1929 3010 compositis,
1963 2938 2070 2993 La-

492 3042 618 3106 tini,
642 3040 778 3112 proh
802 3037 998 3094 dolor!
1023 3033 1369 3091 Constantini
1399 3032 1593 3088 urbem
1623 3032 1675 3086 vi
1717 3032 1963 3102 capiunt,
1989 3039 2065 3098 et,

489 3137 604 3191 Deo
634 3133 706 3189 ita
743 3130 969 3203 placuit,
996 3126 1248 3201 Alexium
1277 3140 1403 3181 cum
1437 3123 1627 3179 multis
1660 3122 1784 3178 aliis
1815 3123 1871 3177 in
1895 3122 2069 3194 capti-

492 3229 716 3283 vitatem
744 3223 1024 3295 redigunt.
1055 3219 1228 3275 Filius
1256 3218 1378 3289 ejus
1406 3216 1660 3272 Lascaris
1698 3216 1753 3271 in
1779 3214 2007 3272 Oriente
2039 3230 2071 3271 a

491 3319 756 3377 Michaele
787 3315 1116 3385 Palazologo,
1174 3311 1271 3382 qui
1316 3321 1449 3365 tunc
1478 3324 1707 3380 regnum
1742 3308 2068 3378 occupabat,

491 3414 671 3470 oculis
729 3411 997 3482 privatur.
1059 3405 1151 3462 Sic
1206 3403 1375 3475 igitur
1428 3401 1594 3458 rebus
1646 3400 1905 3456 omnibus
1949 3399 2075 3455 ubi-

495 3523 606 3579 que
640 3501 997 3575 perturbatis,
1024 3495 1408 3558 Senacherim,
1433 3493 1523 3549 cui
1555 3502 1610 3549 et
1636 3493 1738 3563 ipsi
1769 3508 1800 3547 a
1834 3492 2074 3561 Nicopo-

491 3596 681 3654 litanis
711 3593 922 3649 insidia:
952 3590 1334 3649 struebantur,
1372 3586 1697 3641 Michaelem
1726 3585 2071 3640 Comnenum

494 3690 550 3744 in
575 3685 839 3741 auxilium
871 3680 1109 3737 vocavit.
1142 3678 1244 3744 Qui
1276 3692 1400 3733 cum
1453 3684 1784 3740 moraretur,
1815 3684 1873 3730 et
1896 3674 2073 3730 Sena-

494 3776 707 3831 cberim
774 3773 902 3826 dolo
954 3769 1282 3825 interfectus
1333 3765 1550 3832 fuisset,
1595 3764 1828 3821 Michael
1882 3773 2075 3833 postea

496 3866 796 3924 Vindictam
828 3863 897 3918 ab
947 3859 1295 3917 occisoribus
1333 3857 1590 3927 sumpsit,
1637 3865 1716 3919 et,
1747 3871 1872 3912 eum
1917 3872 2073 3912 suam

497 3971 676 4015 morte
710 3957 859 4013 fatali
895 3952 1252 4027 perdidisset,
1288 3950 1438 4006 illius
1459 3965 1686 4006 uxorem
1717 3951 2074 4007 matrimonio

496 4052 656 4108 duxit
711 4050 1078 4113 Melissenam,
1118 4044 1320 4116 opibus
1384 4042 1740 4098 Senacherim
1815 4043 2076 4099 omnibus

497 4161 625 4201 cum
673 4156 841 4213 regno
883 4140 1109 4211 potitus.
1161 4136 1336 4202 Idem,
1396 4146 1689 4206 postquam
1748 4133 2072 4191 Latinorum

498 4237 687 4293 classis
715 4234 903 4289 relicta
948 4228 1429 4300 Constantinopoli
1450 4227 1527 4282 ad
1583 4226 1906 4283 Salazorum
1937 4242 2072 4298 por-

500 4340 615 4384 tum
646 4328 721 4383 ita
749 4326 957 4381 dictum
1000 4323 1327 4395 appulisset,
1367 4321 1623 4377 Alexium
1648 4320 2067 4390 imperatorem,

500 4421 606 4493 ipsi
657 4421 929 4488 ignotum,
985 4415 1178 4487 grandi
1226 4413 1459 4484 pecunia
1494 4414 1564 4469 ab
1616 4414 1726 4469 illis
1752 4423 1814 4468 ut
1847 4428 2070 4469 servum

2179 4412 2297 4484 νήν·
2328 4409 2532 4481 ἔφθασε
2567 4411 2662 4463 καὶ
2692 4409 2804 4481 γὰρ
2845 4410 2945 4483 τὴν
2974 4410 3109 4465 ίδίαν
3137 4416 3393 4481 γυναῖκα,
3418 4413 3565 4484 νόμῳ
3598 4412 3767 4467 θανά-

503 4510 737 4567 redemit
767 4525 833 4564 ac
863 4515 1058 4578 postea
1091 4504 1430 4565 manumisit.
1455 4503 1538 4558 Ab
1568 4506 1671 4559 hoc
1711 4519 1876 4572 porro
1900 4506 2076 4574 impe-

501 4614 686 4658 ratore
717 4601 969 4657 Michaeli
1012 4608 1069 4654 et
1100 4599 1221 4669 ejns
1259 4596 1389 4651 filiis
1437 4610 1654 4650 summa
1689 4595 1905 4664 imperii
1948 4610 2079 4650 eon-

499 4710 652 4750 cessa
674 4702 779 4749 est.
811 4693 889 4746 Ex
914 4690 1202 4745 Melissena
1226 4696 1466 4758 quatuor
1503 4687 1748 4756 suscepit
1771 4686 1934 4750 filios,
1976 4686 2078 4741 Mi-

500 4787 748 4842 chaelem
784 4786 1013 4847 Ducam,
1069 4780 1449 4843 Theodorum,
1484 4778 1789 4833 Manuelem
1820 4788 1876 4834 et
1930 4777 2080 4835 Con-

499 4879 822 4935 stantinum.
855 4878 932 4932 Ex
955 4875 1158 4946 quibus
1180 4875 1451 4928 maximus
1481 4878 1612 4926 natu
1643 4871 1871 4926 Michael
1893 4886 2076 4927 rerum

500 4987 715 5026 summa
736 4970 943 5041 potitus
964 4976 1069 5032 est,
1102 4966 1189 5019 vir
1216 4964 1285 5025 ad
1319 4980 1408 5020 res
1427 4962 1815 5034 excogitandas
1837 4970 1894 5019 et
1910 4977 2077 5032 pera-

500 5059 709 5131 gendas
733 5058 944 5128 pariter
980 5056 1235 5119 idoneus.
1270 5055 1463 5117 Albam
1507 5051 1778 5118 Graecam,
1825 5052 2080 5108 Janinam

502 5166 569 5207 ac
606 5149 926 5205 Bonditzam
950 5147 1237 5213 fundavit;
1280 5145 1509 5215 Coripbi
1560 5145 1820 5210 insulam,
1875 5145 2080 5216 Dyrra-

503 5240 714 5306 chium,
748 5238 988 5295 Achrida
1017 5246 1074 5294 et
1119 5251 1339 5293 omnem
1383 5235 1663 5290 Blachiam
1700 5234 2082 5306 Graeciamque

504 5330 741 5400 subegit,
773 5328 1101 5398 imperiique
1138 5329 1274 5381 lines
1319 5325 1570 5396 protulit.
1610 5324 1719 5380 Sed
1756 5325 1921 5395 paulo
1960 5332 2085 5395 post

502 5431 562 5478 et
610 5423 726 5494 ipse
769 5421 950 5492 gladio
1007 5420 1374 5490 interemptus
1408 5426 1516 5481 est,
1561 5418 1732 5474 fratre
1788 5417 2084 5474 Theodoro

503 5514 652 5571 Duca
686 5516 747 5575 in
785 5515 1016 5585 imperio
1056 5513 1267 5569 relicto.
1301 5510 1648 5577 Theodorus,
1693 5519 2011 5582 contempto
2048 5527 2079 5568 a

2166 1843 2229 1898 τὸ
2260 1845 2360 1915 μὲν
2394 1844 2552 1913 γένος
2587 1835 2772 1898 εἷλκεν
2796 1843 2857 1908 ἐξ
2895 1843 3047 1913 ἡλίου
3100 1840 3396 1897 ἀνατολῶν*
3427 1846 3772 1915 γεννήτορες
3856 1880 3873 1891 ς

2166 1935 2224 1989 δέ
2263 1934 2458 2005 αὐτῆς,
2498 1932 2749 2005 Ἰωάννης
2801 1935 2897 1988 καὶ
2936 1933 3148 2003 Ἑλένη.
3201 1932 3284 1987 Τὰ
3326 1933 3386 1986 δὲ
3432 1935 3553 1988 κατ’
3578 1936 3773 2001 αὐτὴν

2168 2023 2325 2095 ἔσχεν
2353 2026 2525 2088 οὕτως
2549 2040 2564 2057 ·
2609 2023 2853 2090 ’Λλεξίου
2885 2020 2979 2075 τοῦ
3012 2022 3077 2075 ἐκ
3111 2021 3282 2092 φυλῆς
3308 2021 3417 2076 τῶν
3445 2023 3769 2093 Κομνηνῶν

2169 2118 2517 2189 κατηγμένου
2561 2114 2852 2186 Ῥωμαίων
2882 2112 3283 2184 βασιλεύοντος.
3329 2114 3547 2185 Μιχαὴλ
3578 2115 3682 2184 μιν
3729 2118 3773 2170 ὁ

2169 2207 2455 2278 Κομνηνὺς
2504 2209 2533 2260 ὁ
2580 2207 2675 2259 καὶ
2728 2204 2866 2272 πρὸς
2901 2202 3094 2272 γένους
3133 2203 3284 2274 αὐτῷ
3323 2221 3381 2257 τε
3412 2203 3493 2274 τῷ
3541 2204 3774 2275 βασιλεί

2169 2301 2266 2353 καὶ
2298 2301 2410 2363 τοῖς
2439 2297 2856 2367 ἀγγελωνύμοις
2882 2295 3164 2367 βασιλεῦσι
3197 2296 3492 2365 διαφέρων,
3520 2298 3621 2367 τὴν
3650 2299 3770 2368 ἀρ-

2170 2393 2271 2465 χὴν
2297 2394 2395 2462 τὴς
2440 2391 2851 2461 Πελοποννήσου
2887 2388 3240 2442 uectabatur
3292 2389 3629 2460 Σεναχερεὶμ
3672 2390 3766 2452 δὲ,

2170 2485 2308 2556 πρὸς
2338 2483 2605 2538 Αἰτωλίαν
2655 2483 2751 2537 καὶ
2802 2480 3100 2535 Νικόπολιν
3153 2480 3582 2535 ἀποστέλλεται·
3630 2481 3774 2537 δυσὶ

2170 2577 2436 2648 πρότερον
2468 2572 2616 2631 οὗτοι
2664 2574 3147 2648 πρωτεξαδέλφαις
3187 2573 3600 2642 συζευχθιντες,
3631 2578 3769 2638 ταῖς

2170 2667 2295 2721 καθ’
2323 2661 2464 2737 αἷμα
2493 2666 2748 2737 γνησίαις
2795 2665 2874 2735 τῷ
2924 2665 3156 2735 βασιλεῖ.
3194 2666 3446 2736 Ἰωάννης
3472 2665 3552 2726 δὲ,
3588 2666 3619 2718 ὁ
3655 2665 3770 2737 τῆς

2174 2757 2454 2828 μακαρίας
2496 2755 2782 2828 Θεοδώρας
2828 2757 3013 2829 πατὴρ
3037 2796 3053 2821 ,
3083 2750 3128 2826 ᾧ
3158 2760 3508 2831 ιΙετραλίφης
3547 2759 3610 2813 τὸ
3653 2762 3769 2815 ἐπ-

2171 2846 2409 2919 ώνυμον,
2433 2849 2622 2915 γένους
2658 2847 2734 2901 ὢν
2759 2848 3097 2919 περιφαι.οὖς
3121 2852 3216 2903 καὶ
3243 2849 3521 2922 λαμπροῦ,
3536 2852 3769 2919 γυναικὶ

2173 2941 2276 3011 μὲν
2305 2942 2401 2994 καὶ
2435 2940 2598 3005 αὐτὸς
2654 2940 2807 3012 παρὰ
2840 2939 3108 3012 βασιλέως
3140 2940 3526 3010 συζεύγνυται,
3555 2941 3667 2995 τῶν
3698 2943 3766 2995 ἐν

2174 3033 2755 3087 Κωνσταντινουπὸλει
2801 3034 2871 3086 τὰ
2913 3031 3109 3104 πρῶτα
3161 3033 3434 3103 φερόντων
3469 3035 3536 3087 ἐκ
3563 3035 3777 3105 γένους

2173 3125 2308 3197 οὔσῃ
2333 3141 2348 3156 ·
2382 3124 2841 3197 σεϐαστοκράτωρ
2878 3124 2939 3178 δὲ
2984 3124 3274 3194 Ῥωμαίων
3326 3124 3603 3196 τιμηθεὶς,
3654 3126 3763 3191 τῆς

2171 3217 2510 3281 Μακεδονίας
2567 3219 2663 3271 καὶ
2692 3216 2993 3281 Θεσσαλίας
3035 3219 3320 3288 κατάρχην
3350 3217 3474 3288 (sic)
3503 3218 3763 3272 ἀποκαθ-

2176 3312 2388 3365 ίσταται
2413 3327 2430 3343 ·
2470 3310 2607 3365 ἀλλὰ
2639 3313 2707 3382 τῇ
2742 3309 2836 3364 τοῦ
2885 3309 3021 3363 Θεοῦ
3075 3312 3468 3381 παραχωρήσει
3507 3311 3763 3364 Λατίνων

2174 3401 2307 3471 φεῦί
2334 3404 2434 3474 τῆς
2452 3400 2865 3455 Κωνσταντίνου
2888 3400 3302 3471 κρατησάντων,
3333 3398 3761 3470 ᾐχμαλώτευται

2177 3493 2279 3564 μὲν
2309 3494 2439 3563 παρ’
2470 3493 2698 3547 ἐκείνων
2734 3494 2832 3546 σὺν
2861 3492 3043 3555 ἄλλοις
3075 3492 3289 3554 πολλοῖς
3321 3492 3418 3546 καὶ
3444 3494 3475 3546 ὁ
3497 3491 3762 3562 βασιλεὺς

2189 3584 2446 3648 ’Δλέξιος.
2494 3583 2890 3652 Ἐκτυφλοῦται
2924 3584 2981 3637 δὲ
3021 3584 3304 3656 Λάσκαρις
3342 3586 3371 3636 ὸ
3415 3587 3542 3648 παῖς
3577 3585 3637 3636 ἐν
3686 3587 3757 3654 τῇ

2187 3674 2473 3746 ’Δνατολῇ,
2502 3676 2658 3745 παρὰ
2699 3673 2919 3746 Μιχαὴλ
2957 3674 3052 3728 τοῦ
3093 3675 3487 3742 Παλαιολόγου,
3521 3674 3616 3728 τοῦ
3653 3676 3761 3746 τὴν

2178 3764 2458 3836 βασιλείαν
2485 3768 2608 3818 τότε
2636 3766 2983 3839 δραξαμένου
3009 3782 3024 3797 ο
3055 3768 3152 3819 καὶ
3182 3766 3370 3820 λοιπὸν
3406 3766 3654 3836 ἐπλήσθη
3687 3767 3762 3819 τὰ

2177 3857 2357 3911 πάντα
2380 3852 2632 3929 ’ταραχῆς
2661 3859 2757 3911 καὶ
2798 3858 3137 3930 συγχύσεως.
3171 3860 3517 3930 Σεναχηρεὶμ
3542 3858 3637 3912 οὖν
3659 3860 3763 3913 καὶ

2177 3949 2376 4015 αὐτοὺς
2425 3949 2834 4015 ἐπιϐουλευθεὶς
2882 3952 3035 4023 παρὰ
3078 3951 3190 4004 τῶν
3217 3951 3613 4016 Νικοπολιτών,
3664 3949 3762 4003 τὸν

2178 4043 2463 4114 Κομνηνδν
2478 4042 2700 4115 Μιχαὴλ
2726 4042 2807 4107 εἰς
2827 4042 3084 4115 βοήθειαν
3106 4043 3567 4115 προσεκαλέσατο·
3592 4048 3763 4115 μήπω

2176 4134 2221 4188 δ’
2255 4135 2466 4187 ἐκείνου
2501 4133 2827 4203 φθάσαντος,
2854 4132 3222 4203 δολοφονεῖται
3254 4134 3619 4206 Σεναχηρείμ.
3647 4136 3762 4189 Μιε-

2178 4227 2319 4299 χαὴλ
2379 4226 2562 4298 μέντοι
2606 4225 3087 4297 παραγενόμενος,
3141 4227 3269 4291 τοὺς
3323 4231 3507 4296 φονεῖς
3556 4229 3763 4282 κτείνει

2180 4319 2413 4384 πάνταςθ
2447 4317 2718 4388 λαμϐάνει
2759 4317 2816 4371 δέ
2845 4319 2944 4388 σὴν
2979 4320 3186 4374 ἐκείνου
3216 4323 3451 4388 γυναῖκα
3480 4323 3763 4392 Μελισσηο

2177 4520 2272 4556 του
2316 4500 2708 4556 ἀποϐαλὲσθαι·
2740 4503 2837 4557 καὶ
2868 4503 3059 4557 λοιπὸν
3089 4504 3271 4557 πᾶσαν
3309 4504 3410 4574 τὴν
3439 4505 3763 4574 περιουσίαν

2176 4591 2524 4663 Σεναχηρεὶμ
2547 4591 2646 4645 σὺν
2675 4594 2741 4662 τῇ
2773 4592 2940 4662 ἀρχῇ,
2974 4591 3152 4662 ἐαυτῷ
3195 4596 3578 4663 περιποιεῖται·
3610 4593 3671 4655 ὃς
3695 4594 3765 4666 δὴ

2178 4683 2464 4754 Κομνηνὺς
2508 4684 2572 4736 ἐκ
2621 4683 2722 4753 τῆς
2757 4683 3390 4747 Κωνσταντινουπὸλεως
3436 4684 3531 4737 τοῦ
3565 4685 3763 4738 στόλου

2175 4775 2288 4828 τῶν
2313 4774 2558 4828 Λατίνων
2585 4775 3014 4846 κατερχομένου,
3059 4776 3157 4829 καὶ
3197 4774 3276 4846 τῷ
3304 4778 3404 4846 τῆς
3441 4775 3767 4847 Σαλαγορᾶς

2181 4866 2367 4938 λιμένι
2398 4866 2598 4921 οὑτωσὶ
2630 4866 2979 4937 ἐπικληθέντι
3011 4870 3503 4939 προσορμίσαντος,
3530 4873 3625 4921 τὸν
3658 4869 3767 4939 βα-

2186 4960 2342 5011 σιλέα
2371 4958 2607 5023 Ἀλέξιον
2637 4959 2712 5029 μὴ
2734 4959 3138 5029 γνωριζόμενον
3162 4959 3239 5023 ὡς
3264 4960 3599 5032 ἀνδράποδον
3628 4963 3766 5033 παρ’

2175 5053 2404 5108 ἐκείνων
2436 5056 2516 5119 εἰς
2550 5055 2712 5126 χάριν
2750 5054 2913 5107 ἔλασε
2941 5055 3036 5109 καὶ
3071 5055 3336 5119 ἀπέλυσε,
3372 5057 3596 5121 πολλαῖς
3634 5060 3767 5129 πρό-

2175 5164 2334 5217 τερον
2356 5146 2426 5199 αὐ
2438 5147 2557 5209 τοὺς
2576 5146 3009 5217 δεξιωσαμέναις
3037 5147 3289 5219 δωρεαῖς
3317 5149 3379 5214 ἐξ
3403 5146 3465 5205 οὗ
3492 5151 3766 5221 βασιλέως

2178 5240 2258 5301 είς
2302 5238 2507 5309 κλῆρον
2532 5238 2688 5310 ἐδόθη
2721 5239 2874 5310 αὐτῴ
2920 5255 2979 5293 τε
3034 5240 3113 5310 τῷ
3156 5241 3380 5311 Μιχαὴλ
3423 5244 3519 5296 καὶ
3552 5245 3672 5306 τοῖς
3699 5243 3766 5310 ἐξ

2177 5329 2366 5394 αὑτοῦ,
2395 5332 2428 5400 ἡ
2451 5329 2693 5400 λαχοῦσα
2725 5331 2849 5385 τότε
2878 5331 2976 5402 τῆς
3006 5331 3301 5402 ἡγεμονίας
3323 5334 3489 5403 ἁρχὴ.
3514 5333 3764 5387 Γεννῶν-

2179 5437 2269 5474 ται
2291 5421 2472 5475 τοίνυν
2497 5420 2646 5491 αὐτῷ
2674 5422 2739 5476 ἐκ
2773 5422 2871 5492 τῆς
2906 5423 3278 5494 Μελισσηνῆς,
3312 5425 3420 5479 υίσὶ
3453 5427 3722 5497 τέσσαρες
3743 5443 3761 5459 ·

2188 5514 2409 5586 Μιχαὴλ
2458 5515 2488 5568 δ
2522 5513 2754 5581 Δούκας,
2802 5515 3100 5587 Θεόδωρος.
3152 5518 3449 5591 Μανουὴλ,
3480 5522 3576 5575 καὶ
3605 5521 3766 5575 κων-

576 5677 654 5770 (1)
688 5676 975 5736 Theodora
1011 5685 1269 5749 parentes
1298 5674 1494 5732 habuit
1516 5675 1783 5734 Joannem
1820 5688 1875 5735 et
1901 5678 2181 5736 llclc..am.
2214 5679 2349 5737 Vide
2376 5680 2457 5736 Du
2483 5677 2687 5753 Cangc,
2722 5679 2965 5739 Familiw
2988 5681 3322 5754 Byzantium.
3349 5685 3494 5740 Εοιτ.
3526 5682 3686 5739 Pun.
