4102 6200
311 267 421 328 ωδ
1362 254 1547 324 VITA
1585 261 1651 324 S.
1689 257 1885 322 THEC

1988 257 2134 320 )RzE
2176 258 2510 320 REGINIE.
3466 261 3569 325 906

309 376 612 437 σταντίνος.
647 371 869 443 Μιχαὴλ
901 370 959 425 δὲ
1003 372 1032 425 ὀ
1061 370 1171 426 τῶν
1203 371 1334 425 υίῶν
1368 370 1584 443 πρῶτος
1624 369 1766 440 μετὰ
1795 367 1885 440 τὴν

1999 368 2265 424 Micltacle
2299 370 2468 425 fratre
2528 368 2720 426 relicto
2747 370 2982 439 puerulo
3024 379 3080 424 et
3118 385 3332 426 summa
3387 387 3573 428 rerum

305 469 402 522 τοῦ
432 467 640 538 πατρὸς
670 467 951 536 τελευτὴν,
981 467 1165 520 πᾶσαν
1199 468 1301 536 τὴν
1339 465 1552 519 ἐκείνου
1583 464 1762 535 ἀρχὴν
1816 463 1885 518 δι-

1995 460 2224 530 potitus,
2247 461 2376 531 quia
2397 460 2620 516 fortuna
2645 460 2747 530 ipsi
2770 462 3009 526 favebat,
3039 461 3181 516 altos
3206 461 3434 531 spiritus
3477 477 3572 517 suo

306 558 589 621 εζώσατοο
644 557 788 627 ἀνὴρ
819 556 1170 628 δραστήριος,
1219 556 1314 609 καὶ
1341 554 1467 620 ὀξὺς
1513 555 1741 624 νοῆσαι,
1797 554 1885 606 καὶ

1999 566 2150 606 mere
2172 563 2227 608 et
2249 567 2421 622 puero
2440 551 2506 606 ad
2535 552 2939 608 successionem
2963 560 3090 607 nato
3109 551 3360 608 insidiari
3385 553 3575 622 cmpit.

307 649 652 719 πραγμάτων
684 648 1088 717 ἐμπειρότατος
1123 646 1415 713 οἰκονόμος
1436 661 1450 676 ο
1491 644 1547 707 ὃς
1577 643 1643 714 δὴ
1689 641 1885 696 Βελλά-

1990 643 2144 708 Quod
2175 644 2266 698 ubi
2301 645 2566 699 sensisset
2604 655 2799 706 mater,
2854 653 2913 698 ut
2966 645 3115 700 illius
3179 644 3394 700 insidiis
3446 646 3579 701 illu-

305 740 479 811 γραεδά
507 757 569 794 τε
603 741 700 795 καὶ
749 738 1031 794 ’ἰωάννινα
1074 741 1167 792 καὶ
1206 737 1305 808 τὴν
1347 735 1635 800 Βόνδιτζαν
1665 735 1885 804 ἐκτησε·

1989 734 2167 799 deret,
2188 750 2314 790 cum
2347 735 2460 788 ﬁlio
2503 735 2942 805 Peloponnesum
2977 737 3155 807 petiit.

304 834 405 905 τὴν
443 833 606 905 νῆσόν
653 849 714 885 τε
749 831 994 902 Κορυφὼ
1037 830 1135 884 καὶ
1167 831 1475 902 Δυρράχιον
1519 830 1615 884 καὶ
1648 828 1890 900 Ἀκρίδα,
1931 830 2026 882 καὶ
2063 831 2238 882 πᾶσαν
2265 828 2363 898 τὴν
2387 831 2626 900 Βλαχίαν
2692 831 2788 886 καὶ
2826 830 2925 902 τὴν
3003 829 3230 886 Ἐλλάδα
3269 829 3580 900 περιεποιήυ

309 939 467 993 σατο,
505 924 604 978 καὶ
633 925 716 988 είς
743 923 882 977 πολὺ
908 922 1108 984 πλάτος
1127 923 1371 975 ἐπέτεινε
1396 922 1495 988 τὴν
1521 921 1721 992 ἀρχήν.
1761 920 1923 975 Ἀλλὰ
1959 922 2170 991 ταχέως
2198 922 2292 974 καὶ
2325 916 2482 986 οἶτος
2514 923 2673 994 ἔργον
2712 923 2989 997 ῥομφαίας
3050 925 3360 995 γενόμενος,
3391 923 3452 989 ἐξ
3479 924 3578 976 ἀν.

312 1014 548 1086 θρώπων
603 1017 820 1083 ἐγένετο
846 1029 861 1044 ·
923 1014 1017 1066 τὸν
1072 1013 1204 1068 ῑδιον
1254 1013 1588 1082 αὐτάδελφον
1612 1013 1890 1083 Θεόδωρον
1927 1013 2020 1066 τὸν
2047 1013 2268 1076 δούκαν,
2318 1014 2562 1086 διάδοχον
2591 1017 2784 1070 ἑαυτοῦ
2858 1016 3173 1072 καταλιπών
3203 1034 3216 1048 ⁸
3257 1019 3313 1081 ὃς
3339 1019 3402 1090 δὴ
3447 1019 3582 1071 Θεό-

303 1110 480 1178 δωρος
537 1105 863 1177 βρεφύλλιον
905 1104 966 1158 τὸ
997 1107 1061 1160 ὲκ
1090 1105 1185 1161 τοῦ
1221 1105 1352 1160 ἰδίου
1400 1105 1634 1175 ἀδελφοῦ
1671 1104 1893 1175 Μιχαὴλ
1928 1106 2020 1158 τὸν
2055 1107 2264 1160 Δούκαν
2309 1107 2558 1178 εὑρηκὼς
2590 1109 2812 1179 παρεῖδε
2879 1112 2978 1180 μὲν
3001 1110 3191 1165 τοῦτον
3228 1111 3304 1174 ὡς
3366 1110 3533 1180 ἀτελῆ
3559 1127 3574 1142 ο

312 1201 415 1271 τὴν
470 1199 647 1270 ἀρχὴν
681 1199 736 1251 δὲ
770 1200 948 1252 πᾶσαν
997 1197 1358 1268 δραξάμενος,
1394 1199 1490 1251 καὶ
1536 1197 1631 1251 ἐπὶ
1663 1198 1891 1270 εὐτυχίᾳ
1930 1200 2272 1268 πραγμάτιον
2299 1200 2509 1270 ἀρθεὶς,
2535 1201 2685 1255 δόλον
2716 1203 2858 1256 κατὰ
2892 1203 2987 1257 τοῦ
3063 1205 3254 1266 παιδὸς
3321 1205 3578 1276 ἐμελέτηρ

311 1309 426 1346 σενο
455 1293 620 1360 ὅνπερ
653 1292 686 1359 ἡ
724 1291 906 1360 μήτηρ
939 1289 1261 1360 αἰσθομένη,
1301 1289 1575 1360 προέλαϐε
1623 1289 2005 1361 διαπεράσασα
2037 1290 2177 1361 μετὰ
2216 1290 2310 1344 τοῦ
2359 1293 2576 1362 νηπίου,
2614 1294 2671 1345 ὲν
2710 1297 2776 1362 τῇ
2827 1295 2977 1366 νήσῳ
3021 1296 3114 1348 τοῦ
3149 1275 3407 1360 Πέλοπος.

301 1441 310 1459 ε
381 1367 661 1452 ’Θεόδωρος
698 1381 754 1434 δὲ
783 1379 1154 1450 δοκιμώτατος
1198 1384 1256 1435 ἐν
1289 1382 1490 1452 μάχαις
1538 1381 1761 1450 φανεὶς.
1790 1384 1885 1435 καὶ

2068 1382 2395 1438 Theodorus
2465 1385 2757 1440 militarem
2819 1387 3051 1456 adeptus
3111 1389 3360 1456 gloriam,
3437 1404 3581 1459 post'

297 1453 410 1574 ίτὴν
437 1473 838 1543 Θεσσαλονίκην
889 1472 1262 1544 ἐλευθερώσας
1311 1475 1411 1544 τῆς
1451 1473 1750 1545 Δατινικῆς
1791 1490 1885 1527 τυ-

1993 1489 2158 1546 quam
2191 1476 2620 1533 Thessalonicen
2653 1495 2685 1534 a
2723 1453 3042 1534 Latinorum
3084 1453 3369 1550 impotenti
3402 1453 3581 1540 domi-

306 1564 588 1638 ραννίδος,
642 1565 899 1636 βασιλεὺς
939 1565 1337 1635 ἁνηγόρευταιυ
1371 1565 1468 1618 καὶ
1508 1565 1726 1646 πάντων
1774 1564 1884 1617 τῶν

1992 1568 2214 1623 natione
2238 1569 2543 1636 liberasset,
2579 1572 2880 1643 imperator
2917 1581 3004 1628 est
3026 1576 3394 1644 proclamatus
3429 1578 3576 1646 :jam

303 1656 550 1714 Δυτικῶν
565 1655 670 1719 ἕως
696 1655 863 1725 αὐτῆς
885 1655 1156 1726 ἐκράτησε
1173 1655 1641 1724 Χριστουπόλεως.
1679 1643 1736 1708 Ὅ
1754 1655 1885 1724 μέν·

1989 1657 2138 1712 enim
2176 1667 2291 1715 toto
2321 1659 2621 1716 Occidente
2651 1672 2815 1731 atque
2839 1643 3172 1734 Christopoli
3204 1665 3319 1736 ipsa
3371 1643 3580 1739 potitus

305 1764 390 1801 τοι
426 1745 889 1816 σεὸαστοκράτωρ
928 1746 1296 1817 Πετραλίφης,
1329 1747 1483 1809 υἱοὺς
1515 1745 1789 1816 γεννήσας
1827 1747 1885 1798 ἐν

1988 1760 2132 1806 erat.
2166 1752 2406 1808 Joannes
2439 1767 2604 1824 porro
2634 1755 2996 1825 Petraliphes,
3039 1766 3242 1826 praeter
3271 1758 3413 1813 ﬁlios
3438 1775 3579 1828 quos

307 1837 597 1909 Θετταλίᾳ,
628 1837 726 1892 καὶ
774 1837 874 1908 τὴν
923 1837 1257 1908 ἀείμνηστον
1295 1837 1530 1892 άπέτεκε
1560 1837 1845 1908 Θεοδώραν
1867 1853 1883 1870 ο

302 1931 402 1987 καὶ
428 1932 520 1983 τὸν
547 1929 664 2000 βίον
697 1930 756 1982 ἐν
798 1928 1023 2000 Χριστῷ
1053 1928 1388 1995 καταλύσας,
1411 1929 1512 2000 τὴν
1541 1929 1679 1983 ίδίαν
1712 1929 1887 1999 ἀρχὴν

306 2024 420 2085 τοῖς
463 2022 604 2074 υἱέσι
635 2020 928 2074 κατέλιπεν
953 2037 967 2051 ·
1013 2020 1064 2074 οἲ
1112 2020 1208 2074 καὶ
1241 2020 1322 2091 τῷ
1373 2019 1587 2091 βασιλεῖ
1623 2019 1887 2090 Θεοδώρῳ

306 2112 497 2181 δεξιῶς
546 2108 850 2175 τελοῦντες,
883 2110 985 2182 τὴν
1034 2111 1173 2164 ίδίαν
1222 2111 1456 2181 ἀδελφὴν
1487 2111 1884 2182 νηπιάζουσαν,

305 2199 385 2264 ὡς
414 2200 583 2272 κόρην
608 2198 906 2269 ἐφύλαττον
947 2198 1250 2269 ὀφθαλμοῦ.
1281 2200 1346 2252 Τί
1393 2199 1456 2254 τὸ
1499 2200 1639 2270 μετά
1668 2201 1883 2268 ταῦτα;

307 2293 388 2363 Τῇ
421 2293 636 2362 Ζαγορᾷ
685 2291 963 2362 Θεόδωρος
1011 2290 1446 2361 ἐπιστρατεύσας
1497 2292 1527 2343 ὁ
1588 2292 1885 2360 βασιλεὺς,

305 2384 544 2453 πόλεμον
574 2383 749 2436 ἐποίει
785 2383 923 2452 μετὰ
967 2381 1153 2448 Ἄσαν,
1211 2380 1305 2434 τοῦ
1337 2381 1605 2451 βασιλέως
1644 2380 1888 2450 Βουλγά-

309 2491 442 2545 ρων,
479 2474 574 2527 καὶ
609 2473 874 2542 νικηθεὶς,
903 2471 1034 2544 παρ’
1063 2473 1272 2525 ἐκείνου
1302 2473 1602 2543 χειροῦται,
1638 2475 1732 2526 καὶ
1762 2474 1887 2536 τοὺς

303 2564 622 2635 ὀφθαλμοὺς
671 2568 942 2634 στερείται
971 2581 984 2594 ·
1015 2563 1235 2632 Μιχαὴλ
1287 2563 1342 2616 δὲ
1392 2565 1473 2626 είς
1526 2563 1744 2627 νεανίας
1786 2564 1885 2636 ἤδη

303 2656 504 2723 τελῶν,
543 2655 642 2725 τῆς
686 2655 900 2726 ἐλξορίας
945 2655 1322 2720 ἀνακαλεῖται,
1355 2656 1450 2707 καὶ
1481 2654 1580 2726 τὴν
1614 2656 1889 2727 πατρικὴν

308 2750 496 2801 πᾶσαν
528 2744 860 2816 παραλαϐὼν
894 2746 1088 2816 ἀρχὴν,
1113 2748 1180 2815 τῇ
1219 2744 1423 2815 Βλαχίᾳ
1456 2745 1714 2815 ἐπιδημεῖ
1742 2762 1756 2778 ο
1793 2747 1889 2799 καὶ

304 2838 439 2909 περὶ
457 2838 514 2890 τὸ
531 2838 766 2908 κάστρον
789 2837 1011 2907 Σερϐίον
1039 2837 1354 2909 γενόμενος,
1381 2835 1478 2906 τὴν
1503 2836 1674 2907 καλὴν
1697 2836 1888 2905 βλέπει

298 2929 522 2984 νεάνιδα
556 2929 861 2998 Θεοδώραν..
909 2925 976 3000 ἦς
1022 2929 1210 2999 ἄκρως
1264 2928 1450 2993 ἁλοὺς,
1491 2932 1603 2992 τοῖς
1636 2927 1886 2996 ἀδελφοῖς

1990 1842 2045 1900 in
2099 1843 2378 1900 Thessalia
2427 1854 2713 1916 genuerat,
2761 1846 3106 1902 Theodoram
3141 1864 3364 1919 quoque
3396 1850 3576 1904 virtu-

1988 1933 2137 1990 tibus
2157 1935 2430 2005 egregiam
2466 1936 2727 2006 suscepit,
2760 1946 2815 1991 et
2849 1938 2959 1993 vita
3006 1939 3060 1992 in
3108 1938 3330 1994 Christo
3356 1940 3576 1997 functus

1985 2041 2214 2096 regnum
2234 2025 2359 2081 ﬁliis
2383 2026 2603 2097 reliquit
2628 2045 2642 2096 ;
2673 2028 2769 2098 qui
2801 2028 3092 2084 Theodoro
3122 2031 3254 2102 imp.
3293 2033 3396 2088 rite
3416 2034 3578 2091 satis-—

1987 2118 2272 2184 facientes,
2321 2132 2572 2173 sororem
2638 2133 2794 2174 suam
2829 2130 3076 2176 teneram
3128 2138 3344 2178 summo
3386 2140 3574 2180 amore

1986 2205 2489 2275 prosequebantur.
2514 2207 2810 2279 lntcrjecto
2833 2208 3033 2264 deinde
3052 2219 3297 2279 tempore
3318 2208 3576 2265 Theodo-

1990 2315 2083 2355 rus
2102 2301 2243 2370 apud
2264 2300 2532 2370 Zagoram
2561 2317 2681 2355 enm
2697 2303 2862 2367 Asan,
2884 2319 3010 2372 rege
3035 2303 3416 2375 Bulgarorum,
3439 2305 3573 2364 .bel-

1990 2391 2106 2445 lum
2130 2393 2298 2463 gessit
2321 2410 2336 2457 ;
2360 2408 2389 2447 a
2408 2409 2521 2463 quo
2537 2409 2716 2463 pugna
2757 2393 2939 2448 victus
2963 2405 3262 2464 captusque
3283 2396 3572 2452 oculorum

1990 2481 2199 2535 lumine
2220 2483 2467 2551 privatus
2501 2491 2608 2537 est.
2638 2483 2866 2537 Michael
2891 2484 3002 2553 jam
3044 2482 3265 2537 adultus
3289 2482 3358 2536 ab
3378 2484 3573 2539 exsilio

1989 2581 2280 2626 revocatus
2308 2586 2477 2642 regno
2502 2581 2733 2642 paterno
2758 2582 3081 2643 recuperato
3101 2572 3154 2626 in
3174 2573 3452 2627 Blaehiam
3479 2589 3575 2629 se-

1987 2662 2341 2727 nbtinuisset,
2402 2664 2457 2717 in
2508 2664 2643 2719 urbe
2683 2664 3065 2719 Acharnarum
3120 2673 3235 2719 tum
3305 2667 3572 2735 temporis

1987 2750 2178 2806 cessit.
2205 2751 2341 2804 Cum
2381 2763 2570 2822 postea
2603 2751 2658 2806 in
2687 2761 2868 2806 castro
2909 2752 3082 2806 Servii
3111 2751 3414 2808 Tlteodorze
3433 2753 3575 2808 ado.

1988 2839 2306 2896 leseentulae
2326 2856 2511 2896 amore
2526 2852 2720 2910 captus
2743 2841 2984 2910 ejusdem
3003 2842 3231 2897 fratrum
3242 2858 3571 2902 consensum

1991 2932 2232 2986 nondum
2268 2933 2503 2997 munita,
2531 2933 2751 3001 nuptias
2776 2933 3092 3002 splendidas
3117 2935 3430 3004 complevit.
3461 2935 3571 2994 Sed

303 3021 592 3089 συμφωνεῖ
636 3021 1028 3091 ΙΙετραλίφαις,
1088 3023 1182 3073 καὶ
1215 3019 1422 3091 ταύτην
1457 3021 1676 3090 νομίμῳ
1724 3023 1885 3092 γάμῳ

1991 3021 2122 3076 dum
2156 3022 2272 3092 ipse
2300 3039 2470 3092 regno
2495 3022 2762 3077 ﬁrmando
2792 3025 3037 3079 intentus
3061 3035 3226 3088 esset,
3259 3025 3572 3093 Theodora,

299 3111 512 3178 λαϐὼν,
547 3114 624 3175 εἰς
674 3112 1036 3183 ’Δχαρνανίαν
1063 3111 1372 3182 ἀτείχιστον
1414 3113 1535 3166 τότε
1571 3109 1760 3178 οὖσαν,
1791 3115 1885 3167 σὺν

1988 3111 2177 3182 gloriae
2215 3113 2440 3168 minime
2468 3113 2650 3177 avida,
2683 3128 2785 3167 nee
2818 3129 3001 3168 rerum
3049 3129 3318 3170 novarum
3350 3115 3572 3186 cupida,

301 3204 450 3274 αὐτῇ
475 3202 744 3273 λαμπρῶς
792 3201 1178 3266 ἐπανέζευξεν.
1218 3201 1354 3256 Ἀλλ’
1383 3203 1412 3256 ὁ
1441 3203 1562 3273 μὲν,
1617 3205 1718 3274 τῆς
1751 3204 1889 3267 ιδίας

305 3289 377 3364 ἦν
407 3293 710 3364 φροντίζων
747 3293 946 3363 ἀρχῆς,
999 3291 1252 3366 Θεοδώρα
1280 3293 1358 3352 δὲ,
1393 3294 1456 3348 οὐ
1490 3295 1779 3366 παρεσύρη
1820 3298 1886 3365 τῇ

301 3384 474 3454 δόξῃ,
541 3384 640 3452 οὐχ
702 3383 845 3438 ἑάλω
900 3386 967 3455 τῇ
1006 3385 1236 3454 νεότητι,
1272 3383 1396 3437 οὔτε
1437 3387 1545 3456 μὴν
1574 3386 1712 3455 πρὸς
1757 3402 1888 3455 τρυ-

308 3475 416 3542 φάς
455 3470 564 3528 οἶδε
590 3475 1039 3546 κατασπαταλᾷν.
1091 3474 1234 3528 Ἀλλ’
1276 3475 1399 3528 οὐδὲ
1440 3475 1520 3547 τῷ
1563 3477 1663 3545 τῆς
1709 3477 1887 3547 ἀρχῆς

305 3567 456 3637 ὄγκῳ
486 3566 736 3636 ἐπήρθη*
773 3567 852 3636 τῷ
900 3566 1020 3637 Θεῷ
1046 3566 1104 3620 δὲ
1136 3565 1336 3635 μᾶλλον
1367 3566 1509 3634 ἔγνω
1540 3569 1885 3638 προκεῖσθαι,

306 3659 403 3711 καὶ
428 3657 630 3727 ἀρετῆς
656 3657 1054 3732 ἐπιμελεῖσθαι,
1082 3658 1376 3729 σωφρόνως
1410 3658 1605 3724 ζῶσαι⁹
1633 3677 1888 3715 ταπεινοο

310 3746 594 3818 φροσύνην
648 3748 1032 3818 ἀσπαζομένη,
1079 3749 1405 3821 ἀοργησίαν,
1435 3751 1678 3824 ἀγάπην,
1718 3752 1885 3823 πραό-

303 3856 468 3910 τητα,
514 3839 864 3910 συμπάθειαν
915 3858 974 3894 τε
1024 3843 1119 3896 καὶ
1165 3843 1560 3913 ἐλεημοσύνην,
1611 3844 1687 3906 ὡς
1729 3844 1886 3910 ἄλλος

305 3933 482 3995 ossa;
528 3932 894 4002 κατορθοῦσα,
929 3935 1025 3989 καὶ
1064 3934 1159 3987 τὸν
1187 3935 1321 3987 Θεὸν
1353 3935 1632 4006 όλοψύχως
1659 3936 1888 3994 διαπαν-

305 4025 399 4087 τὸς
426 4024 828 4094 θεραπεύουσα.
854 4026 968 4078 Οὐκ
996 4025 1158 4095 ἔφερε
1188 4027 1247 4078 δὲ
1284 4027 1500 4091 πάντως
1529 4030 1662 4100 ὁρᾷν
1690 4028 1884 4091 ταῦτα,

305 4116 466 4170 ὁτῶν
500 4116 724 4171 δικαίων
759 4115 972 4186 ἐχθρὸς,
1018 4119 1139 4170 οὐδὲ
1188 4119 1286 4188 τὴν
1341 4119 1514 4188 καλὴν
1547 4118 1754 4189 ταύτην
1787 4120 1886 4188 τῆς

308 4209 550 4272 νεάνιδος
583 4209 702 4265 όδδν
743 4208 964 4279 βλέπειν
989 4211 1268 4280 ἠνέσχετο·
1303 4211 1422 4264 ἀλλ’
1451 4213 1571 4274 ὂλος
1605 4211 1886 4272 όπλίζεται

307 4300 433 4354 κατ’
468 4301 658 4368 αὐτῆς,
715 4301 812 4356 καὶ
865 4300 1224 4370 θηλυμανίαις
1281 4303 1374 4355 τὸν
1414 4302 1584 4373 ἄνδρα
1632 4319 1887 4372 καταμα-

1990 3202 2192 3256 nedum
2243 3192 2472 3255 luxuriaa
2514 3215 2702 3256 amans
2743 3209 2840 3253 aut
2895 3199 3059 3268 regali
3113 3200 3312 3268 spiritu
3361 3201 3567 3265 aﬂlata,

1995 3290 2090 3344 Dei
2121 3290 2306 3359 potius
2344 3298 2531 3358 partes
2572 3289 2848 3357 amplexa,
2883 3288 3106 3342 virtutis
3136 3289 3417 3355 sectatris,
3460 3290 3568 3344 hu-

1990 3380 2302 3444 militatem,
2331 3380 2682 3445 eharitatem,
2721 3379 3044 3435 modestiam
3087 3387 3255 3448 atque
3285 3379 3374 3449 pia
3397 3393 3571 3452 opera

1987 3486 2249 3528 exercere
2314 3481 2594 3544 totamque
2666 3486 2728 3527 se
2804 3471 2916 3528 Deo
2979 3469 3181 3527 dedere
3238 3472 3411 3527 satius
3475 3472 3572 3529 ba.

1989 3564 2128 3619 buit.
2161 3562 2276 3618 Hoc
2302 3578 2434 3618 vero
2458 3563 2684 3620 minime
2726 3563 3003 3634 iustorum
3061 3561 3288 3619 inimico
3334 3564 3566 3634 placuit,

1987 3656 2082 3730 qui
2114 3656 2456 3710 Theodoram
2481 3671 2578 3726 per
2607 3656 2829 3713 virtutis
2863 3654 3088 3712 semitas
3139 3655 3398 3714 incedere
3425 3673 3570 3729 aegre

1989 3748 2132 3803 tulit.
2160 3747 2292 3802 lnde
2310 3761 2525 3802 summo
2550 3747 2671 3802 eam
2697 3746 2823 3800 odio
2847 3757 3196 3816 persecutus,
3222 3748 3420 3804 marito
3443 3749 3570 3819 qui.

1989 3839 2114 3892 dem
2134 3839 2420 3895 libidinum
2437 3837 2646 3892 retibus
2659 3839 2958 3894 constricto
2979 3838 3132 3894 uxori
3155 3838 3328 3893 beata:
3343 3837 3571 3897 insidias

1987 3929 2398 3985 inextricabiles
2413 3929 2633 3983 struxit.
2661 3928 2896 3983 Femina:
2910 3943 3145 3997 namque
3161 3927 3248 3982 cui
3263 3927 3566 4001 Gangrzena

1987 4034 2210 4080 nomen,
2249 4020 2523 4077 illecebris
2569 4019 2901 4088 magicisque
2943 4020 3156 4073 artibus
3197 4019 3336 4073 adeo
3368 4029 3453 4074 est
3482 4035 3570 4074 ca—

1988 4119 2136 4179 ptus,
2169 4119 2231 4163 ut
2277 4111 2425 4166 letali
2478 4110 2533 4165 in
2559 4109 2856 4174 legitimam
2901 4124 3124 4162 uxorem
3160 4109 3289 4165 odio
3325 4109 3564 4172 saeviret,

1986 4215 2162 4270 eaque
2180 4201 2480 4257 crudeliter
2497 4200 2722 4255 dimissa
2741 4200 3098 4256 bacchantem
3118 4201 3264 4259 illam
3283 4219 3471 4259 amens
3485 4203 3568 4259 in-

1990 4293 2322 4348 troduceret.
2343 4291 2462 4347 Huc
2474 4290 2686 4346 accedit
2702 4293 2844 4361 quod
2859 4308 3188 4362 quemquam
3204 4277 3279 4353 illi
3295 4295 3561 4351 honorem

307 4389 497 4455 λάξας,
531 4390 836 4459 πειρασμὸν
868 4393 935 4459 τῇ
983 4390 1233 4460 μακαρία
1267 4392 1494 4460 ἐγείρει,
1524 4392 1630 4445 τῶν
1663 4393 1884 4449 πώποτε

1989 4384 2227 4451 aliquem
2239 4381 2440 4436 aﬁ'erre
2452 4389 2548 4434 aut
2565 4381 2791 4437 honoris
2803 4397 2966 4437 causa
2979 4383 3098 4454 ejus
3111 4400 3308 4442 nomen
3326 4402 3560 4456 pronun-

311 4481 841 4549 μνημονευσομένων
882 4480 1223 4536 δεινότατον·
1275 4481 1498 4546 γυναικὶ
1535 4481 1644 4549 γάρ
1678 4498 1782 4534 τινι
1826 4481 1888 4547 ἐξ

305 4569 550 4636 εὐγενῶν
569 4570 863 4642 Γαγγρηνῇ
888 4571 949 4623 τὸ
978 4570 1288 4640 ἐπώνυμον,
1320 4571 1592 4640 πορνικώς
1617 4576 1646 4623 ό
1666 4573 1886 4642 Μιχαὴλ

306 4660 623 4728 ἐπιμανεὶς,
657 4661 750 4712 καὶ
778 4661 840 4714 τὸ
870 4661 970 4729 τῆς
1015 4661 1325 4730 αἰσθήσεως
1363 4661 1512 4729 ὑγιὲς
1539 4660 1765 4729 μαγίαις
1794 4660 1887 4714 ὑπ’

306 4754 527 4819 ἐκείνης
555 4751 914 4814 ύποκλαπεὶς,
956 4754 1110 4820 μῖσος
1143 4753 1412 4808 ἄσπονδον
1450 4755 1595 4807 κατὰ
1617 4754 1716 4824 τῆς
1751 4752 1887 4815 ίὸίας

303 4842 582 4909 ἐκτήσατο
612 4842 874 4910 γυναικός
899 4859 914 4874 ·
973 4850 1068 4896 καὶ
1099 4843 1306 4914 ταύτην
1351 4845 1739 4914 ἀπωσάμενος,
1789 4843 1888 4912 τὴν

309 4933 547 5002 μαινάδα
587 4934 972 5005 φρενοδλαῦῶς
1026 4936 1404 5004 συνηγάγετο·
1453 4939 1564 4999 τοῖς
1625 4937 1887 5007 ὑπηκόοις

306 5028 434 5095 ὅρον
468 5026 692 5096 θέμενος
727 5026 804 5095 μὴ
836 5027 1194 5096 προσκεῖσθαι
1225 5029 1292 5096 τῇ
1319 5026 1591 5098 Θεοδώρᾳ·
1619 5027 1693 5098 μὴ
1720 5026 1886 5097 θερα-

308 5114 468 5177 πείας
506 5114 694 5181 ἀξιοῦν
724 5116 928 5184 ταύτην
981 5117 1146 5179 τινός·
1193 5118 1332 5187 μήτε
1369 5117 1476 5189 μὴν
1506 5119 1598 5170 ἐπὶ
1631 5117 1886 5187 γλώσσης

314 5205 490 5271 αὐτῆς
517 5207 705 5277 φέρειν
728 5208 790 5260 τὸ
819 5207 1012 5277 ὄνομα.
1047 5206 1273 5270 Τούτοις
1306 5209 1532 5276 γενναία
1553 5211 1665 5271 τοῖς
1690 5209 1883 5272 δεινοῖς

303 5297 651 5365 ἐμπεσοῦσα,
707 5299 810 5352 οὐκ
866 5299 1135 5368 ἐσαλεύθη
1159 5301 1295 5364 ὅλως
1329 5300 1421 5353 τὸν
1449 5300 1730 5368 λογισμὸν,
1765 5301 1884 5355 οὑδέ

305 5391 641 5460 παρετράπη
700 5390 799 5459 τῆς
849 5391 1062 5460 ἀγαθῆς
1116 5393 1432 5458 πολιτείας,
1493 5393 1609 5445 ἀλλ’
1658 5393 1754 5462 ὅλη
1807 5394 1884 5457 ὡς

303 5477 522 5545 ἀδάμας
551 5472 619 5547 ἦν
647 5478 1010 5549 καρτεροῦσα,
1060 5481 1156 5533 καὶ
1186 5482 1276 5535 τὸν
1305 5483 1437 5534 Θεὸν
1474 5483 1674 5551 ὁμοίως
1718 5481 1882 5550 θερα-

304 5566 552 5638 πεύουσα
572 5584 586 5596 ·
621 5566 996 5640 ξενιτευομένη
1019 5571 1245 5640 δακρύει
1265 5573 1360 5624 καὶ
1387 5575 1644 5638 καύσωνι,
1675 5571 1885 5642 αἴθριος

305 5654 733 5724 ταλαιπωροῦσα
758 5669 771 5684 ⁶
807 5656 949 5725 λιμῴ
979 5676 1034 5711 τε
1071 5661 1165 5710 καὶ
1192 5660 1322 5730 δίψῃ
1350 5662 1445 5714 καὶ
1488 5664 1555 5731 τῇ
1585 5660 1745 5730 λοιπῇ
1778 5678 1880 5715 κα-

626 5752 897 5812 Ρλτῐιοι.
943 5757 1057 5814 Gn.
1104 5756 1398 5818 CXXVII.

1992 4473 2130 4527 tiare
2171 4470 2428 4524 noluerit.
2454 4469 2561 4524 Sed
2580 4485 2683 4525 nec
2714 4471 2800 4526 bis
2827 4473 3086 4527 omnibus
3118 4475 3564 4532 tribulationibus

1990 4566 2186 4621 mulier
2207 4565 2407 4619 nobilis
2427 4581 2458 4620 a
2479 4580 2694 4620 morum
2722 4565 3031 4636 integritate
3051 4582 3118 4624 ac
3148 4569 3560 4637 perseverantia

1989 4657 2171 4728 potuit
2212 4655 2472 4722 avocari;
2524 4657 2658 4720 imo,
2720 4658 2868 4712 sicut
2922 4659 3168 4721 adamas,
3235 4660 3562 4717 inconcussa

1990 4749 2162 4803 Deum
2185 4750 2380 4802 eodem
2410 4748 2627 4803 fervore
2674 4749 2858 4806 colere
2899 4765 3179 4818 nunquam
3234 4750 3465 4805 destitit.
3503 4753 3564 4811 In

1987 4840 2336 4904 servitutem,
2387 4850 2451 4895 ut
2518 4841 2594 4896 ita
2665 4841 2866 4905 dicam.
2906 4839 3150 4902 redacta,
3179 4841 3381 4895 caloris
3399 4850 3566 4909 aestu,

1989 4931 2151 4992 fame,
2185 4933 2277 4987 siti
2301 4932 2824 5004 etquibuseumque
2883 4931 3006 4985 vitae
3056 4930 3294 4985 miseriis
3319 4933 3562 4985 circum-

1987 5034 2173 5087 venta,
2200 5025 2321 5080 sine
2359 5025 2663 5085 domicilio,
2690 5041 2789 5095 per
2844 5023 3090 5094 quinque
3115 5036 3289 5077 annos
3322 5023 3560 5093 pessima

1987 5129 2222 5183 quaeque
2268 5125 2516 5183 experta,
2551 5113 2684 5167 nihil
2713 5112 2857 5182 quod
2907 5113 3024 5182 ipsa
3079 5111 3364 5181 indignum
3387 5123 3557 5174 esset,

1989 5204 2553 5275 pronuntiavit;imo
2610 5204 2728 5258 sine
2792 5201 3016 5272 querela
3082 5201 3345 5256 virtutem
3394 5203 3561 5264 etiam

1985 5298 2296 5354 ferventius
2348 5297 2600 5366 amplexa
2651 5295 2942 5364 patientiae.
2976 5303 3034 5348 et
3087 5295 3560 5364 magnanimitatis

1986 5388 2287 5458 specimina
2314 5386 2560 5456 quotidie
2584 5385 2808 5449 edebat,
2847 5399 3077 5454 puerum
3100 5397 3287 5453 quem,
3325 5385 3381 5442 in
3409 5381 3556 5444 exsia

1985 5479 2118 5534 lium
2149 5487 2291 5541 acta,
2319 5479 2373 5530 in
2404 5485 2559 5531 utero
2582 5475 2850 5545 gestabat,
2869 5474 3177 5528 educando.
3202 5473 3297 5528 Die
3319 5472 3552 5544 quadam

1985 5568 2239 5624 sacerdos
2267 5569 2386 5638 ejus
2418 5568 2676 5638 regionis,
2703 5569 2999 5623 Prenestes
3041 5565 3283 5630 nomine,
3322 5565 3469 5622 olera
3502 5564 3558 5625 in

1986 5660 2130 5730 agris
2154 5660 2524 5731 colligentem,
2549 5661 2847 5717 comitante
2876 5674 3073 5730 puero,
3102 5659 3334 5718 invenit.
3367 5657 3412 5719 Α
3445 5673 3554 5732 qua

3122 5753 3198 5819 29
