4102 6200
1625 615 1796 661 ANNO
1849 613 2076 658 DOMINI
2129 611 2346 657 MCXVII

697 924 1560 1108 PETBUS
1693 914 3012 1106 CHBYSOLAN
3026 920 3290 1103 US

1293 1443 1298 1448 _
1324 1350 1934 1417 MEDIOLANENSIS
1986 1351 2662 1414 ARCHIEPISCOPUS.

1941 1591 2012 1606 .——

372 1801 910 1908 NOTITIA
990 1797 1679 1908 HISTORICA
1781 1803 1912 1908 IN
2009 1799 2544 1907 PETRUM
2639 1801 3608 1916 CHRYSOLANUM

1343 2084 1584 2154 (FABRIC.
1617 2084 1862 2142 Bibliotla.
1897 2087 2034 2142 med.
2063 2096 2111 2141 et
2140 2085 2236 2156 inf.
2269 2085 2390 2140 Lat.
2419 2086 2463 2151 I,
2493 2083 2643 2153 456).

450 2551 821 2617 Crisolanus
876 2551 1222 2614 Trithemio
1275 2569 1415 2632 cap.
1478 2550 1585 2613 397
1634 2556 1720 2615 De
1785 2556 1844 2614 S.
1893 2557 1960 2616 E.
2025 2557 2319 2635 (Baronio
2383 2558 2747 2637 Cangioque
2812 2557 3290 2642 Chrysolan-us),
3357 2560 3628 2640 Ughello

370 2684 546 2746 tomo
575 2685 680 2757 III,
700 2701 846 2764 pag.
872 2681 1006 2758 126,
1043 2690 1106 2746 et
1132 2683 1354 2745 Allatio
1382 2685 1607 2744 Petrus
1624 2683 2032 2759 Grosolanus,
2064 2685 2201 2747 aliis
2230 2685 2634 2763 Arisolanus,
2665 2685 3080 2765 Grysolanus,
3112 2687 3206 2750 vel
3239 2690 3632 2750 Proculanus

372 2807 559 2869 etiam
591 2825 606 2868 :
646 2825 724 2871 ex
762 2808 1108 2870 Savonensi
1139 2808 1443 2888 episcopo
1473 2807 1995 2888 archiepisconus
2023 2809 2514 2872 Mediolanensis
2540 2810 2618 2872 ab
2655 2827 2826 2872 anno
2872 2809 3047 2886 1102,
3090 2812 3200 2873 sed
3233 2810 3313 2874 ob
3339 2811 3631 2873 simonim
3725 2889 3730 2898 ν

374 2932 692 3012 objectum
726 2931 964 2994 crimen
999 2929 1326 3010 depositus
1363 2933 1433 2991 A.
1473 2927 1647 2991 1112.
1698 2929 1989 2992 Exsulem
2031 2929 2347 2992 Paschalis
2390 2931 2446 2990 II
2493 2947 2656 3010 papa
2706 2931 2876 2992 misit
2923 2931 3147 3010 Cpolin
3212 2931 3290 2994 ad
3345 2931 3631 2993 Alexium

374 3065 796 3137 Comn-enum,
836 3071 904 3125 ut
930 3063 1186 3125 Graecos
1217 3062 1292 3123 ad
1332 3065 1615 3124 Romana
1667 3078 1840 3123 sacra
1889 3061 2335 3141 amplectenda
2387 3061 2744 3136 reduceret,
2791 3061 2901 3123 ubi
2931 3062 3182 3143 scripsit
3238 3063 3318 3124 De
3352 3064 3633 3143 Spiritus

373 3190 998 3270 sanctiprocessione
1027 3188 1104 3249 ad
1139 3185 1428 3248 Alexium
1476 3186 1969 3265 imperatorem;
2017 3194 2078 3248 et
2127 3203 2270 3247 cum
2316 3185 2797 3266 respondissent
2845 3184 2934 3245 illi
2997 3201 3032 3246 e
3077 3185 3314 3248 Grmcis
3353 3189 3632 3250 Joannes

377 3321 695 3394 Phurnus,
735 3316 966 3380 Montis
1004 3315 1163 3377 Gani
1196 3315 1556 3394 primarius,
1588 3311 1892 3374 Nicolaus
1934 3311 2364 3374 Methonensis
2402 3318 2462 3372 et
2505 3310 2852 3371 Eustratius
2885 3310 3284 3388 metropolita
3314 3313 3628 3388 Niczenus,

376 3445 546 3506 idem
577 3442 806 3506 Joanni
832 3441 1090 3504 Phurno
1124 3439 1424 3520 opposuit
1464 3439 1964 3516 disputationem
1996 3435 2070 3496 de
2111 3435 2318 3496 eodem
2345 3443 2735 3516 argumento.
2773 3437 3088 3498 Incertum
3128 3442 3218 3498 est
3248 3437 3462 3498 Graece
3495 3439 3634 3518 ipse

378 3571 704 3651 scripserit
731 3588 810 3633 an
837 3572 1054 3634 Latine
1085 3569 1325 3650 potius,
1363 3569 1474 3632 sed
1516 3570 1730 3632 Greece
1761 3571 2007 3631 exstant
2039 3585 2074 3629 e
2105 3569 2338 3631 Latinis
2367 3575 2437 3630 ut
2481 3568 2728 3632 videtur
2753 3585 2932 3630 versa
2961 3579 3111 3630 mss.
3147 3569 3213 3630 in
3245 3569 3631 3634 bibliotheca

382 3695 550 3774 regis
577 3693 1110 3756 Christianissimi.
1146 3692 1305 3754 Vide
1339 3691 1629 3754 Allatium
1664 3692 1750 3754 De
1782 3708 2101 3754 consensu
2134 3691 2470 3770 utriusque
2501 3688 2823 3762 Ecclesiae,
2868 3692 2944 3765 II,
2990 3689 3058 3753 10
3106 3709 3246 3771 pag.
3275 3691 3387 3753 626
3419 3710 3577 3774 seqq
3610 3743 3627 3769 ,

377 3824 446 3882 et
477 3819 808 3880 Boronium
855 3818 932 3880 ad
984 3835 1220 3881 annum
1261 3817 1439 3892 1116,
1487 3835 1662 3882 num.
1719 3818 1750 3878 7
1805 3836 2012 3898 seqq.,
2061 3821 2169 3882 ubi
2197 3819 2698 3899 Disputationem
2729 3819 2806 3880 ad
2837 3818 3119 3888 Alexium
3154 3819 3630 3898 imperatorem,

378 3940 510 4000 sive
540 3938 990 4014 compendium
1021 3938 1190 3999 illius
1219 3946 1410 4018 atque
1441 3946 1884 4016 argumentum
1913 3939 2105 4002 refert
2135 3956 2213 4001 ex
2238 3940 2452 4022 Lati-na
2481 3939 2771 4002 versione
2807 3941 3088 4003 Federici
3121 3942 3314 4014 Metii,
3346 3942 3634 4020 episc0pi

378 4068 884 4133 'l‘hermularum.
925 4071 1309 4132 Trithemius
1336 4069 1506 4132 hunc
1536 4070 1994 4148 Chrysolanum
2051 4089 2308 4152 quoque
2349 4071 2581 4133 librum
2612 4073 2700 4132 De
2735 4073 2801 4133 S.
2838 4071 3180 4143 Trinitate,
3218 4077 3279 4132 et
3313 4071 3639 4149 Epistolas

381 4217 458 4262 ac
487 4201 814 4262 Sermones
846 4208 906 4264 et
946 4201 1105 4263 alios
1149 4200 1431 4263 diversos
1484 4207 1808 4276 tractatus,
1865 4201 1973 4264 sed
2014 4219 2144 4264 non
2186 4201 2355 4264 visos
2393 4219 2432 4264 a
2476 4218 2542 4264 se
2571 4198 2904 4282 scripsisse
2947 4198 3226 4261 adnotat.
3273 4198 3448 4262 Diem
3483 4199 3640 4264 obiit

382 4325 806 4406 Chrysolanus
835 4328 1055 4388 Romae
1093 4331 1162 4388 Λ.
1209 4325 1380 4389 1117.
