4102 6200
353 359 460 415 915

1435 351 1692 406 ORATIO
1733 351 1818 404 DE
1855 351 2127 406 SPllllTU
2165 349 2452 406 SANCTO‘.

3474 355 3575 407 illi

346 451 563 514 δίδοται,
591 450 617 502 ὃ
652 447 802 506 αὐτὸς
843 442 1100 515 πιστεύσῃ
1151 442 1230 498 ὅτι
1258 443 1312 497 τό
1340 449 1533 514 Πνεῦμα
1583 451 1669 498 τοῦ
1721 445 1914 515 Πατρός

2014 451 2126 495 tum
2172 450 2418 495 sanctum
2455 439 2631 494 Patris
2673 449 2727 493 et
2771 439 2889 492 Filii
2922 456 2987 493 ex
3032 448 3262 508 utroque
3302 439 3584 508 :equalitcr

350 545 433 598 καί
460 548 552 594 τοῦ
589 540 707 594 Υἷοῦ
730 538 779 600 ἐξ
813 536 1104 608 ἀμφοτέρων
1147 531 1330 593 ἔπὶσης
1359 533 1700 606 ἐκπορεύεται.
1741 533 1919 594 Ὀστις

346 631 400 687 δὲ
427 631 662 685 πιστεύει
715 629 888 688 ἐκεῖνο,
932 628 1014 680 καὶ
1063 627 1119 678 οῦ
1146 627 1373 680 πιστεύει
1398 632 1575 690 τοῦτο,
1601 626 1678 678 ἐπ’
1708 623 1920 680 ἔλαττον

348 723 533 780 πιστός
563 725 718 772 ἔστιν.

413 808 477 882 γ’.
514 805 636 864 Ἀλλ’
679 805 804 865 ἴσως
842 803 868 860 ό
907 812 1138 864 τοιοῦτος
1165 804 1326 874 μέλλει
1378 809 1564 858 εἰπεῖν’
1604 805 1918 874 Εὖλαϐοπμαι

345 909 412 977 μή
439 925 551 964 πως
571 904 600 959 ἠ
628 898 746 965 δόξα
769 907 860 954 τοῦ
886 900 1095 972 Πατρός,
1124 901 1204 951 καί
1229 905 1315 951 τοῦ
1337 899 1618 967 Πνεύματος
1648 904 1737 949 τοῦ
1777 896 1918 968 ἁγίου

346 995 620 1049 ἐλάττωσιν
635 991 858 1054 δέξηται,
883 992 962 1042 ἐὰν
982 991 1039 1042 τό
1062 995 1259 1058 Πνεῦμα
1302 993 1358 1042 τό
1390 988 1729 1062 παράκλητον,
1757 986 1923 1046 οὔτ’ως

345 1087 445 1138 ἀπὸ
473 1089 564 1136 τοῦ
617 1079 758 1144 Tim},
809 1082 1028 1154 καθάπερ
1086 1079 1188 1134 ἀπὸ
1222 1085 1308 1132 τοῦ
1349 1079 1540 1152 Πατρός
1566 1079 1920 1151 ἐκπορεύεσθαι

343 1172 591 1241 δειχθείη.
649 1177 720 1227 Μή
764 1171 980 1242 γένοιτο.
1015 1165 1066 1221 ’Π
1098 1166 1214 1230 δόξα
1248 1169 1346 1239 γὰρ
1381 1173 1476 1221 τοῦ
1526 1167 1641 1220 Tim?
1680 1165 1799 1228 δόξα
1831 1170 1920 1218 τοῦ

349 1262 541 1334 Πατρός
593 1263 752 1321 ἐστιν,
811 1259 1040 1329 καθάπερ
1074 1260 1104 1316 ἡ
1155 1257 1276 1321 δόξα
1310 1253 1401 1311 τοῦ
1437 1260 1629 1331 Πατρός
1676 1256 1794 1320 δόξα
1827 1263 1918 1311 τοῦ

353 1353 463 1406 Tim)
501 1353 653 1406 ἔστιν.
682 1349 932 1419 Οῦδεμίαν
961 1346 1061 1422 γάρ
1104 1369 1223 1403 ποτε
1255 1348 1412 1406 ἔνικήν
1431 1346 1573 1410 δόξαν
1596 1351 1737 1410 ζητεῖ
1762 1347 1786 1401 ό
1823 1357 1919 1401 ηα-

350 1451 444 1510 τὴρ
484 1441 600 1497 ἄνευ
632 1449 723 1498 τοῦ
749 1444 887 1503 Υίοῦ,
919 1439 1033 1495 οῦτε
1062 1441 1087 1494 ό
1114 1441 1226 1499 rio;
1265 1437 1382 1493 ἄνευ
1407 1445 1497 1492 τοῦ
1533 1441 1747 1509 Πατρός.
1775 1441 1820 1491 εί
1850 1444 1930 1507 μὴ,

349 1536 556 1595 ἐκείνην,
588 1531 652 1586 δι’
673 1531 728 1593 ἧς
767 1533 945 1592 ἐκεῖνος
998 1534 1164 1600 Πατόρ
1219 1531 1372 1587 ἐστιν,
1407 1524 1556 1587 οὗτος
1611 1529 1662 1580 ἓὲ
1698 1526 1838 1586 Υἱός·
1875 1529 1926 1581 εί

345 1622 496 1691 τάχα
525 1625 623 1695 γὰρ
654 1627 786 1681 κοινὴ
826 1619 984 1683 ἔστιν,
1011 1619 1111 1677 ἀλλ’
1134 1621 1192 1672 οὐ
1221 1618 1332 1687 μία.
1371 1616 1529 1675 Ἐνικὴ
1562 1613 1649 1670 οὖν
1685 1616 1803 1680 δόξα
1825 1623 1914 1670 τοῦ

351 1715 562 1784 Πατρός,
585 1711 649 1765 δι’
671 1711 726 1771 ἧς
744 1715 906 1782 Πατήρ
924 1712 1075 1765 ἐστιν·
1105 1710 1287 1778 μᾶλλον
1309 1708 1359 1764 δὲ
1393 1711 1587 1764 κάκείνη
1618 1709 1788 1781 τρόπῳ
1823 1711 1921 1762 τινὶ

348 1802 468 1865 δόξα
505 1811 594 1857 τοῦ
620 1801 735 1856 Υίοῦ
774 1804 926 1868 ἔστιν,
967 1800 1123 1855 ἐπείό
1158 1805 1323 1873 Πατήρ
1359 1799 1543 1870 μᾶλλιν
1569 1799 1617 1852 ἓν
1645 1801 1807 1868 τούτῳ
1831 1799 1916 1855 δο-
1951 1783 1990 1835 B
2017 1778 2148 1832 imis
2192 1778 2356 1846 ἱείῑυτ
2389 1794 2419 1847 Β

349 1896 571 1957 ξάζιται,
610 1891 691 1947 ὅτι
715 1895 893 1951 ἐκεῖνος
918 1893 1032 1951 Υἱός
1057 1892 1220 1945 αὑτοῦ
1251 1892 1408 1949 ἔστιν,
1436 1887 1598 1962 Ὀπερ
1635 1888 1686 1942 δέ
1711 1890 1916 1960 λέγομεν

351 1986 576 2057 περὶτῆς
616 1983 761 2047 δόξης
783 1989 872 2036 τοῦ
918 1983 1109 2057 Πατρός
1152 1983 1237 2034 καὶ
1274 1985 1367 2034 τοῦ
1396 1981 1537 2045 ἰ’ἶεῦ,
1595 1982 1650 2034 τό
1681 1981 1802 2034 αὐτὸ
1833 2003 1919 2035 πι-

350 2081 485 2132 στῶς
505 2081 711 2142 νοοῦμεν
737 2077 816 2126 καὶ
841 2075 950 2148 περί
973 2079 1061 2131 τῆς
1097 2071 1242 2135 δόξης
1274 2078 1361 2126 τοῦ
1378 2073 1515 2132 Υίοῦ,
1555 2074 1636 2124 καί
1658 2077 1748 2124 τοῦ
1771 2071 1916 2143 ἁγίου

351 2169 652 2235 Πνεύματος.
690 2165 742 2219 ’Π
779 2169 876 2242 γὰρ
910 2164 1030 2229 δόξα
1069 2173 1158 2219 τοῦ
1195 2167 1472 2236 Πνεύματος
1530 2163 1648 2227 δόξα
1677 2171 1765 2218 τοῦ
1802 2165 1916 2219 lim?

351 2257 505 2309 ἔστιν’
535 2258 591 2307 οὐ
621 2259 720 2327 γάρ
745 2256 940 2324 ἔχουσι
969 2259 1099 2330 πρός
1125 2254 1306 2313 ἄλληλα
1340 2257 1663 2327 μεσαζουσάν
1690 2277 1800 2310 τινα
1822 2256 1920 2309 ἑνι-

347 2351 436 2403 ιην
468 2343 631 2409 δόξαν,
668 2349 710 2400 εἰ
735 2352 804 2417 μή
839 2346 918 2401 ὄτι
963 2350 1156 2406 ἐκεῖνος
1193 2345 1411 2408 τοιοῦτός
1460 2348 1633 2408 ἐστιν,
1672 2347 1754 2417 ἀφ’
1783 2344 1841 2400 οὗ
1861 2349 1920 2402 τό

349 2441 544 2504 Πνεῦμα
574 2439 908 2509 ἔκπορευθείη,
943 2441 1022 2492 καί
1051 2424 1422 2494 α’)τόθτοιοῦτόν
1444 2441 1573 2504 ἔστι,
1602 2441 1660 2494 τό
1683 2441 1920 2512 ἐκπορευ-

349 2525 525 2594 όμενον
588 2529 641 2579 ἔτι
683 2533 771 2580 τοῦ
808 2528 947 2581 Υίοῦ.
999 2526 1213 2587 Ὀμοίως
1239 2527 1292 2582 δὲ
1322 2529 1522 2598 λέγομεν
1565 2531 1650 2582 καί
1709 2535 1917 2599 νοοῦμεν

348 2616 463 2688 περὶ
497 2621 586 2671 τῆς
608 2611 749 2674 δόξης
773 2621 860 2666 τοῦ
897 2614 1090 2688 Πατρός
1129 2618 1320 2668 καὶτοῦ
1348 2613 1492 2684 ἁγίου
1530 2615 1834 2686 Πνιόματος.
1866 2624 1916 2667 Ἦ

349 2698 464 2763 δόξα
492 2703 587 2776 γὰρ
616 2708 704 2757 τοῦ
735 2703 945 2776 Πατρός,
990 2702 1109 2765 δόξα
1142 2711 1230 2756 τοῦ
1258 2703 1534 2771 Πνεύματός
1571 2703 1726 2764 ἐστιν.
1776 2706 1857 2756 καί
1885 2706 1917 2762 ἠ

349 2788 466 2853 δόξα
513 2798 604 2845 τοῦ
648 2794 956 2861 Πνεῦματος,
1013 2792 1128 2857 δόξα
1174 2799 1265 2847 τοῦ
1316 2795 1504 2866 Πατρός
1550 2794 1707 2848 ἐστιν.
1742 2791 1917 2862 Ὀμως

349 2884 534 2940 ταύτην
568 2888 657 2940 τὴν
682 2885 1008 2956 μονομέρειαν
1046 2883 1238 2952 ἔχουσι
1262 2885 1387 2957 πρὸς
1409 2881 1611 2946 ἄλληλα,
1653 2882 1731 2938 ὅτι
1756 2883 1781 2938 ό
1811 2895 1914 2941 Πα-

348 2978 441 3047 τὴρ
463 2973 680 3032 τοιοῦτός
707 2974 864 3035 ἐστιν,
890 2976 972 3046 ἀφ’
993 2970 1051 3027 οὗ
1079 2975 1402 3046 ἐκπορεύεται
1425 2973 1480 3027 τό
1502 2981 1728 3045 Πνεῦμα,
1754 2977 1915 3030 καὶτὸ

349 3071 543 3133 Πνεῦμα
574 3064 795 3118 τοιοῦτόν
816 3067 971 3129 ἐστιν,
999 3061 1024 3118 ό
1049 3063 1372 3138 ἐκπορεύεται
1403 3066 1504 3118 ἀπὸ
1535 3071 1626 3119 τοῦ
1663 3066 1879 3141 Πατρός.

420 3323 481 3378 δ’.
506 3323 679 3384 Ὀπως
709 3322 762 3379 δὲ
786 3326 1144 3397 πληρεστάτως
1176 3328 1370 3386 Θεαοείη
1403 3327 1532 3402 πρός
1555 3347 1608 3382 τι
1640 3335 1807 3383 ταῦτα
1836 3329 1918 3382 λί-

348 3435 527 3488 γομεν,
587 3417 748 3475 οὕτως
795 3419 1219 3487 ἔπισυνᾶπτομεν,
1261 3421 1342 3470 καί
1363 3422 1642 3486 ζητήσομεν
1669 3417 1753 3472 διὰ
1788 3419 1918 3491 βρα-

353 3513 476 3580 χέος
509 3514 573 3564 τὰ
599 3513 828 3584 ἀνωτέρω
853 3512 1078 3584 ῥηθέντα.
1103 3509 1408 3580 ’Δπεδεὶχθη
1431 3507 1519 3563 οὖν
1548 3508 1749 3574 ἄνωθεν,
1785 3509 1916 3565 ’ὅτιὸ

351 3606 518 3674 Πατήρ
545 3600 634 3655 δύο
670 3601 699 3654 ἕ
704 3622 810 3672 χει,
841 3604 909 3661 ὠς
947 3604 1117 3665 εἰπεῖν,
1149 3599 1293 3663 δόξας
1323 3594 1506 3662 ίνικᾶς,
1547 3603 1663 3671 μίαν
1689 3601 1756 3659 ὡς
1787 3599 1919 3670 πρός

356 3693 439 3744 τόν
467 3693 597 3754 rte»,
636 3698 716 3746 καί
765 3696 879 3761 μίαν
901 3694 1029 3766 πρός
1049 3693 1106 3747 τό
1142 3698 1334 3762 Πνεῦμα
1358 3692 1414 3746 τό
1446 3691 1606 3761 ἅγιον,
1647 3695 1729 3745 καὶ
1760 3689 1918 3750 όϊίὀς

354 3779 468 3843 δύο,
493 3784 608 3847 μίαν
633 3788 702 3842 εἰς
720 3786 804 3837 τὸν
821 3786 1034 3857 Πατέρα,
1051 3785 1136 3836 καὶ
1171 3786 1286 3851 μίαν
1308 3784 1376 3840 είς
1391 3783 1448 3835 τό
1465 3787 1658 3846 Πνεῦμα
1678 3781 1736 3836 τό
1752 3779 1912 3852 ἅγιον.

353 3877 442 3928 Καὶ
469 3875 524 3928 τό
547 3883 745 3943 Πνεῦμα
773 3875 955 3944 ὁμοίως
986 3872 1075 3927 δύο
1097 3873 1237 3943 ἔχει,
1287 3875 1406 3942 μίαν
1443 3874 1564 3948 πρὸς
1585 3872 1672 3925 τόν
1698 3872 1913 3942 Πατέρα,

349 3972 436 4021 καί
457 3971 575 4036 μίαν
602 3967 726 4041 πρὸς
737 3970 821 4020 τόν
836 3964 1150 4024 Υἰόν.’οστις
1175 3963 1276 4039 ἄρα
1297 3963 1434 4036 εἴπῃ⁶
1457 3967 1522 4016 Τὸ
1545 3969 1739 4031 Πνεῦμα
1762 3963 1917 4014 ἐκπο-

351 4061 552 4132 ρεύεται
577 4060 675 4114 ἀπό
707 4066 795 4112 τοῦ
819 4059 1124 4129 Πατρός,καὶ
1143 4054 1235 4110 οῦκ
1266 4053 1592 4128 ἐκπορεύεται
1611 4057 1690 4108 γαί
1713 4055 1811 4107 ἀπὸ
1827 4059 1916 4107 τοῦ

357 4153 500 4215 Υἱοῦ,
524 4148 614 4204 δύο
647 4153 736 4218 μὲν
765 4147 910 4210 δόξας
949 4149 1311 4216 καταλιμπάνει
1333 4155 1404 4214 τῷ
1432 4149 1620 4218 Πατρὶ,
1648 4145 1771 4198 ἀλλὰ
1804 4148 1919 4214 μίαν

355 4240 557 4310 ἀφαιρεῖ
578 4240 675 4290 ἀπό
700 4243 788 4292 τοῦ
808 4237 1044 4294 Υἶοῦ,καί
1073 4240 1191 4308 μίαν
1214 4237 1314 4289 ἀπὸ
1334 4241 1420 4290 τοῦ
1444 4234 1591 4307 ἁγίου
1613 4235 1916 4302 Πνεύματος⁸

351 4331 477 4404 πρός
510 4326 560 4382 ὃν
609 4331 639 4386 ἦ
664 4329 894 4384 καθολική
937 4330 1109 4386 πίστις
1133 4329 1425 4386 ἀνθίσταται
1462 4327 1917 4400 ααίρντιμάχεται

353 4417 779 4489 ὁμολογουμένως,
809 4421 918 4476 ἥτις
947 4423 1035 4471 τοῦ
1081 4418 1274 4489 Πατρός
1315 4418 1394 4468 καί
1418 4422 1508 4468 τοῦ
1549 4412 1693 4474 Tim}.
1722 4419 1800 4468 γαί
1823 4421 1913 4467 τοῦ

2018 4401 2194 4456 aufert
2221 4399 2382 4463 Filio,

351 4507 494 4575 ἁγίου
522 4509 802 4576 Πνεὺματος
817 4512 905 4564 τὴν
923 4505 1066 4570 δόξαν
1093 4509 1277 4565 iniens
1301 4501 1426 4559 εἶναι
1447 4505 1668 4576 βεϐαἱοι.
1684 4501 1796 4561 Ἰση
1815 4506 1913 4578 γὸρ

351 4597 468 4660 δόξα
501 4599 612 4650 ἔστί
639 4605 700 4670 τῇ
731 4595 911 4668 Τριὰδι
936 4599 986 4651 ἔν
1103 4597 1269 4673 τριάδι
1311 4598 1396 4649 καί
1513 4592 1710 4666 μονάδι,
1742 4598 1825 4648 καί

350 4685 528 4760 Τριὰδι
556 4689 608 4742 ἓν
637 4693 742 4746 τοῖς
764 4685 928 4746 ἄλλοις
955 4686 1144 4749 ἅπασι,
1160 4689 1301 4746 σὼας
1325 4687 1452 4738 κατά
1480 4687 1648 4739 πάντα
1673 4685 1918 4755 φυλαττο-

349 4783 498 4848 μένης
529 4786 620 4838 τῆς
667 4777 914 4838 ἰδιότητος
947 4785 1039 4834 τοῦ
1087 4781 1282 4853 Πατρός
1309 4778 1357 4830 ἓν
1389 4786 1463 4847 τῷ
1503 4777 1688 4846 Πατρί,
1720 4778 1803 4828 καί
1828 4783 1918 4834 τῆς

349 4863 596 4922 ἰδιότητος
629 4869 722 4918 τοῦ
756 4865 871 4917 τεοῦ
923 4865 973 4916 ἐν
997 4871 1070 4934 τῷ
1105 4863 1228 4931 Υίῷ,
1277 4864 1364 4915 καί
1402 4869 1492 4920 τῆς
1536 4859 1782 4918 ἰδιότητος
1822 4865 1913 4912 τοῦ

349 4953 492 5025 ἁγίου
516 4955 798 5023 Πνεῦματος
825 4956 877 5007 ίν
896 4961 966 5025 τῷ
991 4957 1236 5024 Πνεύματι
1262 4959 1334 5022 τῷ
1357 4951 1502 5022 ἁγίῳ.
1533 4952 1606 5004 Οὐ
1641 4952 1737 5021 γὰρ
1757 4947 1917 5009 οὐδεὶς

347 5044 577 5102 δυνηθείη
590 5047 744 5098 εἰπεῖν
765 5065 814 5098 τι
829 5047 947 5119 περὶ
971 5049 1060 5098 τοῦ
1083 5045 1296 5116 Πατρός,
1313 5041 1374 5097 δι’
1397 5039 1457 5094 οὗ
1477 5043 1648 5114 φανείη
1664 5039 1785 5093 εἶναι
1806 5059 1916 5109 γεν-

347 5137 512 5199 νητὸς,
542 5136 571 5194 ἦ
603 5137 916 5214 ἐκπορευτός,
967 5134 1081 5189 οὔτε
1110 5138 1227 5208 περί
1269 5139 1358 5188 τοῦ
1400 5133 1542 5193 Ϊίοῦ,
1576 5130 1640 5185 δι’
1660 5128 1720 5184 οὗ
1745 5135 1912 5201 φανείη

349 5225 379 5283 ἦ
419 5227 723 5301 ίκπορευτός
755 5222 899 5292 εἶναι,
937 5229 967 5285 ἦ
995 5229 1264 5298 γεννήτωρ,
1298 5222 1414 5278 οὔτε
1443 5227 1560 5294 περί
1589 5223 1731 5294 ἁγίου
1764 5224 1915 5276 Πνεύ-

352 5337 544 5388 ματος,
593 5316 653 5372 δι’
703 5314 761 5371 οῦ
791 5321 956 5389 φανείη
983 5313 1104 5371 εἶναι
1130 5319 1377 5388 γεννήτωρ
1414 5313 1443 5373 ἣ
1481 5313 1737 5384 γεννητὸς.

2020 532 2328 599 procedere.
2371 530 2691 598 Quicunque
2725 545 2852 582 vero
2887 529 3017 583 illud
3057 529 3365 595 crediderit,
3395 537 3448 582 et
3483 529 3586 584 hoc

2020 637 2126 676 non
2158 621 2347 687 credit,
2379 636 2488 674 non
2509 628 2593 674 est
2625 618 2859 688 perfecte
2882 619 3074 672 ﬁdelis.

2087 796 2138 847 '5.
2180 795 2284 848 Sed
2322 795 2552 848 fortasse
2581 792 2725 846 dicet
2753 791 2841 844 ille
2868 809 2880 844 :
2905 790 3082 844 Caveo
3103 789 3352 858 equidem
3385 803 3450 842 ne
3481 805 3591 856 quo

2017 894 2176 954 pacto
2206 884 2384 937 Patris
2409 883 2577 951 gloria
2608 891 2663 935 et
2692 880 2925 949 Spiritus
2952 879 3146 943 sancti,
3171 876 3392 946 aliquod
3420 877 3588 930 detri-

2019 984 2260 1027 mentum
2286 981 2340 1026 ct
2368 973 2799 1025 imminutionem
2842 969 3094 1038 patiatur,
3119 967 3164 1021 si
3199 966 3434 1036 Spiritus
3467 982 3590 1020 san-

2018 1072 2138 1116 ctus
2165 1063 2235 1114 ita
2262 1079 2290 1114 a
2331 1061 2488 1124 Filio,
2521 1059 2974 1129 quemadmodum
3021 1074 3059 1111 a
3093 1056 3254 1110 Patre
3298 1057 3590 1126 procedere

2018 1151 2356 1206 ostendatur.
2386 1149 2540 1204 Absit
2567 1151 2698 1204 hoc!
2725 1149 2907 1204 Gloria
2933 1149 3078 1202 enim
3115 1147 3257 1209 Filii,
3293 1147 3462 1215 gloria
3490 1145 3583 1198 Pa-

2019 1243 2118 1296 tris
2163 1243 2367 1306 existit,
2413 1241 2554 1295 sicut
2595 1248 2820 1295 econtra
2862 1238 3039 1292 Patris
3079 1237 3247 1306 gloria
3293 1246 3374 1290 est
3417 1236 3586 1306 gloria

2019 1333 2162 1386 Filii.
2223 1331 2437 1386 Nullam
2483 1332 2631 1385 enim
2685 1346 2926 1400 unquam
2980 1329 3310 1398 singularem
3362 1327 3585 1396 gloriam

2017 1421 2212 1491 quaerit
2249 1421 2408 1476 Pater
2437 1437 2467 1475 a
2497 1421 2635 1475 Filio
2664 1428 3020 1491 segregatum,
3064 1434 3238 1487 neque
3280 1417 3450 1472 Filius
3484 1417 3586 1471 sibi

2018 1511 2243 1582 gloriam
2297 1511 2490 1579 quaerit
2535 1519 2868 1580 segregatum
2911 1523 2946 1561 a
2984 1506 3169 1572 Patre,
3207 1515 3398 1574 prater
3440 1505 3586 1558 illam

2017 1601 2200 1655 solam
2238 1615 2345 1669 qua
2401 1599 2515 1668 ipse
2547 1597 2706 1652 Pater
2739 1607 2820 1652 est
2864 1604 2918 1650 et
2961 1610 3068 1664 qua
3116 1594 3230 1662 ipse
3277 1593 3446 1646 Filius
3471 1600 3586 1656 est;

2017 1705 2176 1744 secus
2200 1689 2344 1743 enim
2376 1688 2685 1742 communis
2718 1693 2872 1742 estet
2906 1700 3015 1739 non
3045 1682 3356 1752 singularis.
3392 1680 3589 1750 Singu-

2424 1777 2560 1830 loria
2603 1775 2779 1830 Patris
2812 1790 2874 1829 ea
2905 1783 3007 1839 est,
3038 1787 3146 1841 qua
3187 1770 3345 1824 Pater
3373 1769 3586 1833 existit;

2017 1869 2112 1923 sed
2151 1868 2336 1937 potius
2361 1867 2525 1921 etiam
2561 1866 2651 1920 illa
2681 1863 3083 1934 quodammodo
3120 1859 3291 1930 gloria
3319 1857 3442 1910 Filii
3483 1864 3587 1912 est.

2016 1957 2275 2025 quoniam
2301 1956 2459 2010 Pater
2490 1957 2592 2010 hac
2627 1956 2692 2009 in.
2713 1969 2780 2008 re
2807 1953 2982 2022 magis
3011 1949 3342 2020 gloriﬁcatur
3368 1965 3383 2000 :
3415 1945 3603 1999 Filius.

2015 2049 2160 2102 enim
2206 2049 2295 2102 ille
2342 2048 2513 2117 ipsius
2542 2047 2726 2101 Patris
2759 2044 2962 2100 existit.
2992 2041 3146 2108 Quod
3186 2053 3314 2093 vero
3353 2038 3588 2092 dicimus

2015 2140 2083 2194 de
2110 2140 2278 2209 gloria
2306 2138 2484 2194 Patris
2504 2148 2558 2193 et
2586 2137 2730 2201 Filii,
2763 2138 2866 2190 hoc
2885 2135 3045 2189 etiam
3076 2129 3303 2186 ﬁdeliter
3324 2130 3587 2186 sentimus

2015 2236 2072 2282 et
2103 2228 2179 2283 de
2200 2228 2371 2299 gloria
2413 2227 2536 2281 Filii
2581 2237 2636 2280 et.
2670 2225 2907 2295 Spiritus
2933 2222 3128 2277 sancti.
3177 2219 3413 2289 Spiritus
3443 2217 3588 2271 enim

2016 2320 2190 2372 sancti
2221 2318 2388 2387 gloria
2416 2317 2538 2372 Filii
2567 2317 2730 2372 etiam
2756 2313 2928 2385 gloria
2963 2311 3191 2375 existit;
3227 2324 3404 2377 neque
3439 2306 3585 2359 enim

2016 2409 2216 2464 habent
2246 2410 2386 2464 inter
2415 2424 2474 2464 se
2496 2409 2733 2476 aliquam
2761 2405 3090 2474 singularem
3134 2401 3364 2470 gloriam
3390 2406 3444 2449 ct
3476 2396 3586 2463 pri-

2015 2508 2216 2563 vatam,
2249 2498 2356 2552 nisi
2387 2498 2534 2567 quod
2581 2498 2669 2551 ille
2695 2495 2819 2550 talis
2843 2501 2944 2558 est,
2981 2508 3012 2546 a
3049 2507 3158 2560 quo
3189 2487 3426 2558 Spiritus
3454 2501 3585 2540 san-

2015 2598 2136 2642 ctus
2165 2587 2439 2656 procedat,
2469 2596 2524 2641 et
2552 2587 2651 2640 iste
2677 2586 2824 2650 talis,
2846 2583 2940 2652 qui
2972 2598 3004 2636 a
3032 2580 3170 2634 Filio
3193 2575 3467 2648 procedat.
3495 2575 3585 2628 Si-

2015 2678 2214 2732 militer
2236 2678 2470 2733 dicimus
2496 2687 2548 2731 et
2575 2676 2840 2731 sentimus
2865 2679 2932 2728 de
2975 2673 3144 2743 gloria
3175 2668 3352 2723 Patris
3376 2677 3428 2721 et
3459 2666 3585 2736 Spi—

2016 2768 2154 2823 ritus
2185 2769 2378 2822 sancti.
2409 2767 2590 2822 Gloria
2635 2767 2781 2820 enim
2818 2763 2995 2818 Patris
3026 2762 3259 2832 Spiritus
3300 2758 3474 2813 sancti
3504 2764 3588 2811 est

2015 2859 2206 2927 gloria,
2249 2868 2302 2914 et
2345 2859 2580 2929 Spiritus
2619 2858 2791 2911 sancti
2836 2856 3007 2927 gloria
3045 2863 3128 2908 est
3172 2850 3348 2905 Patris
3391 2848 3563 2919 gloria

2016 2947 2220 3004 Tamen
2244 2949 2387 3004 hanc
2414 2949 2844 3019 singularitatem
2875 2956 2930 3002 et
2956 2929 3362 3000 distinctionem
3390 2940 3587 2995 habent

2018 3038 2158 3092 inter
2186 3054 2264 3105 se,
2302 3039 2446 3109 quod
2489 3038 2648 3093 Pater
2691 3038 2816 3092 talis
2851 3046 2955 3102 est,
2985 3052 3016 3091 a
3056 3049 3167 3105 quo
3200 3032 3438 3103 Spiritus
3462 3046 3588 3085 san—

1939 3117 1983 3177 C
2013 3137 2134 3185 ctus
2176 3131 2452 3199 procedat,
2481 3140 2535 3186 et
2573 3130 2808 3200 Spiritus
2854 3137 3077 3183 sanctus
3117 3125 3242 3180 talis
3286 3133 3388 3189 est,
3419 3121 3515 3194 qui
3557 3137 3588 3176 a

2017 3220 2174 3275 Patre
2196 3221 2470 3290 procedat.

2086 3311 2140 3364 4.
2174 3309 2243 3365 Ut
2259 3327 2388 3366 vero
2408 3311 2750 3379 apertissime
2777 3315 3033 3377 appareat
3053 3321 3324 3374 quorsum
3349 3305 3464 3358 haec
3486 3317 3584 3358 nos

2017 3399 2292 3466 dicamus,
2313 3403 2385 3456 ita
2415 3401 2637 3455 brevius
2688 3415 2808 3468 qua:
2849 3397 3100 3466 superius
3128 3395 3270 3448 dicta
3299 3401 3450 3458 sunt,
3477 3393 3587 3446 col-

2018 3491 2248 3560 ligamus
2273 3500 2328 3545 et
2367 3490 2786 3560 perpendamus.
2832 3485 3183 3540 Ostendimus
3230 3483 3394 3552 igitur
3423 3496 3587 3550 supra

2017 3581 2162 3648 quod
2191 3581 2334 3635 sicut
2361 3580 2520 3635 Pater
2545 3579 2680 3634 duas
2705 3578 2884 3642 habet,
2907 3587 2967 3630 ut
2999 3575 3076 3643 ita
3102 3574 3372 3637 dicamus,
3403 3571 3588 3642 singuv

2018 3673 2161 3726 lares
2183 3673 2405 3742 glorias,
2427 3671 2649 3726 alteram
2675 3668 2891 3738 quidem
2917 3665 3095 3736 quoad
3121 3663 3588 3730 Filium,_altcram

2017 3764 2195 3832 quoad
2225 3763 2487 3833 Spiritum
2523 3771 2792 3824 sanctum,
2820 3761 2895 3813 ita
2933 3759 3094 3812 etiam
3133 3755 3304 3810 Filius
3329 3755 3467 3808 duas
3493 3754 3592 3806 ba—

2018 3855 2106 3910 bet
2135 3856 2357 3926 glorias,
2394 3855 2616 3910 alteram
2660 3851 2840 3921 quoad
2877 3850 3120 3915 Patrem,
3148 3847 3370 3902 alteram
3410 3844 3592 3913 quoad

2021 3946 2279 4016 Spiritum
2319 3953 2588 4001 sanctum.
2637 3942 2874 4012 Spiritus
2912 3954 3128 4009 quoque
3173 3944 3396 3991 sanctus
3437 3933 3593 3988 simi-

2020 4039 2140 4092 liter
2171 4039 2310 4092 duas
2336 4037 2497 4092 habet
2519 4035 2742 4106 glorias,
2773 4033 2997 4087 alteram
3033 4027 3210 4097 quoad
3242 4025 3480 4088 Patrem,
3513 4024 3594 4076 al—

2019 4139 2186 4184 teram
2219 4127 2399 4197 quoad
2441 4126 2660 4180 Filium.
2690 4124 3012 4190 Quicunque
3041 4118 3205 4188 igitur
3239 4113 3437 4168 dixerit
3468 4111 3591 4180 Spi-

2020 4221 2184 4274 ritum
2220 4227 2468 4273 sanctum
2519 4215 2810 4284 procedere
2855 4227 2885 4265 a
2928 4210 3087 4263 Patre
3122 4215 3176 4262 et
3210 4221 3320 4260 non
3349 4220 3381 4258 a
3426 4202 3590 4266 Filio,

2018 4312 2155 4366 duas
2177 4309 2395 4379 quidem
2434 4306 2636 4378 glorias
2663 4303 2922 4372 relinquit
2952 4301 3054 4370 ipsi
3095 4297 3264 4362 Patri,
3298 4295 3392 4350 sed
3425 4310 3591 4348 unam

2411 4398 2551 4452 sicut
2591 4405 2644 4450 et
2672 4393 2899 4465 Spiritui
2931 4401 3149 4456 sancto;
3183 4389 3384 4460 quibus
3413 4385 3590 4441 refra—

2020 4503 2179 4564 gatur
2224 4490 2490 4546 catholica
2531 4487 2684 4553 ﬁdes,
2729 4495 2783 4540 et
2828 4491 3092 4555 repugnat
3120 4480 3428 4536 communis
3471 4493 3591 4531 un-

2015 4585 2167 4639 nium
2215 4596 2538 4638 consensus.
2582 4578 2742 4633 Fides
2784 4575 2931 4631 enim
2980 4571 3270 4637 catholica,
3313 4569 3490 4622 Patris
3536 4577 3590 4621 et

2014 4675 2158 4740 Filii,
2186 4683 2240 4730 et
2268 4672 2508 4742 Spiritus
2541 4668 2723 4724 sancti
2748 4667 2978 4738 gloriam
3009 4662 3273 4734 aequalem
3301 4675 3423 4715 esse
3453 4673 3587 4711 con-

2014 4767 2212 4820 ﬁrmat.
2244 4763 2494 4834 Equalis
2516 4762 2664 4815 enim
2685 4767 2768 4814 est
2791 4757 2962 4828 gloria
2988 4752 3244 4808 Trinitati
3271 4751 3324 4804 in
3351 4749 3590 4803 trinitate

2014 4868 2068 4912 et
2089 4857 2315 4922 unitate,
2339 4863 2397 4910 et
2412 4853 2665 4908 Trinitati
2695 4851 2749 4904 in
2775 4849 3031 4903 omnibus
3054 4845 3200 4911 aliis,
3221 4843 3375 4912 juxta
3404 4841 3589 4895 omnia

2015 4950 2220 5019 integra
2255 4956 2604 5017 permanente
2647 4943 2977 5013 proprietate
3015 4937 3192 4992 Patris
3225 4936 3279 4989 in
3321 4934 3500 5000 Patre,
3537 4944 3593 4988 et

2016 5031 2345 5110 prepnetate
2399 5037 2521 5091 Filii
2570 5036 2625 5089 in
2675 5033 2834 5098 Filio,
2886 5041 2938 5086 et
2982 5029 3311 5100 proprietate
3354 5026 3592 5096 Spiritus

2015 5130 2192 5184 sancti
2223 5130 2277 5182 in
2302 5128 2505 5197 Spiritu
2538 5133 2748 5190 sancto,
2781 5125 2853 5178 ita
2881 5131 2939 5176 ut
2960 5122 3143 5176 nullus
3165 5119 3435 5174 afﬁrmare
3464 5134 3592 5186 pos-

2016 5230 2098 5274 set
2139 5220 2342 5289 aliquid
2387 5217 2454 5272 de
2481 5217 2661 5282 Patre,
2694 5231 2789 5285 per
2830 5213 2975 5284 quod
3018 5212 3180 5266 Pater
3221 5211 3306 5265 vel
3351 5209 3585 5280 genitus,

2012 5309 2095 5362 vel
2127 5308 2425 5376 procedens
2460 5322 2582 5362 esse
2609 5311 3054 5375 cognosceretur,
3083 5316 3258 5370 neque
3288 5299 3586 5370 quidquam

2011 5400 2078 5455 de
2105 5399 2264 5465 Filio,
2296 5414 2392 5468 per
2420 5397 2566 5466 quod
2600 5397 2769 5451 Filius
2789 5397 2874 5451 vel
2913 5394 3233 5465 procedens,
3264 5391 3348 5446 vel
3379 5391 3588 5460 genitor

2011 5491 2411 5555 ostenderetur;
2445 5505 2618 5558 neque
2637 5489 2704 5542 de
2730 5487 2934 5557 Spiritu
2957 5495 3170 5550 sancto,
3201 5492 3419 5554 propter
3440 5482 3587 5552 quod

2014 5581 2250 5649 Spiritus
2299 5590 2542 5646 sanctus,
2589 5579 2669 5634 rel
2711 5579 2944 5650 genitus,
2981 5578 3064 5633 vel
3112 5577 3324 5647 genitor
3356 5587 3582 5645 appare-

2015 5679 2115 5726 ret.
