4088 6214
472 284 581 345 9Ιό

1337 281 1541 335 PETRI
1577 282 2017 347 CHRYSOLANI
2050 282 2423 340 MEDIOLAN.
2459 285 2773 341 ARCﬂlEP.

3577 282 3685 345 916

534 395 592 451 ε’.
618 395 748 451 Ἰδοὺ
770 399 945 453 τοίνυν.
974 396 1309 467 φρονιμώτατὲ
1325 399 1406 449 καί
1423 396 1676 470 πραότατε
1699 397 1926 467 βασιλεῦ,
1948 394 2030 450 διά

2204 394 2257 451 5.
2295 396 2433 451 Ecce
2480 397 2672 467 igitur,
2728 398 3126 466 sapientissime
3176 408 3230 455 et
3272 400 3692 458 clementissime

470 496 564 542 τῶν
591 489 822 559 ἀνωτέρω
870 488 1221 561 γεγραμμένων
1275 489 1440 541 νεύσει
1481 494 1611 542 Θεοῦ
1672 486 2030 556 ἀπεδείξαμεν,

469 577 531 631 ὄπ
542 601 610 638 ως
638 575 724 631 ἴση
747 575 865 639 δόξα
890 578 1023 632 ἐστὶν
1052 578 1100 629 ἄν
1132 584 1239 636 τοῖς
1268 580 1428 646 τρισί,
1457 579 1539 630 καί
1573 576 1708 635 ἔνική
1730 578 1778 630 ἐν
1800 576 2033 636 ἑκάστοις

469 665 588 720 ἄνευ
636 668 947 737 συγχύσεως
991 674 1081 727 τῆς
1120 669 1390 738 γεννήσεως
1429 669 1511 720 καί
1543 674 1632 729 τῆς
1666 668 2031 740 ίκπορεύσεως.

470 755 816 826 Ἀπεδειξαμεν
860 752 912 811 δέ
942 757 1143 827 μᾶλλον,
1183 760 1251 816 ὡς
1280 756 1481 826 ὸλέγων
1521 758 1579 812 τὸ
1624 763 1825 824 Πνεῦμα
1862 758 1918 810 εκ
1944 762 2035 810 τοῦ

471 850 584 901 Υίοῦ
618 848 999 920 ἐκπορεύεσθαι,
1052 846 1286 917 οὐδεμίαν
1332 849 1606 902 ἐλάττωσιν
1655 857 1796 903 ποιεῖ
1831 856 1922 906 τῆς
1948 854 2036 900 τοῦ

470 938 753 1006 Ιινεύματος
776 934 939 1000 δοξης.
964 935 1065 991 ἀλλ’
1100 937 1295 1001 ἐκεῖνος,
1358 929 1498 997 ὅστις
1531 939 1662 1009 λέγει
1682 939 1740 992 τὸ
1765 934 1963 1007 Πνεῦμα
1987 939 2039 990 ἐκ

470 1032 555 1079 τιῦ
594 1027 706 1080 Υίοῦ
735 1031 804 1097 μὴ
835 1028 1206 1102 ἐκπορεύεσθαι,
1239 1030 1339 1082 ἀπὸ
1375 1037 1466 1088 τῆς
1494 1026 1641 1091 δόξης
1690 1035 1780 1082 τοῦ
1811 1029 1929 1082 Υίοῦ
1956 1031 2040 1082 καί

470 1121 557 1168 τοῦ
603 1115 750 1200 ἁγίου
795 1116 1080 1185 Πνεῦμα-τός
1116 1139 1165 1172 τι
1197 1119 1426 1193 ἀφαιρεῖ,
1453 1120 1538 1172 καί
1583 1118 1858 1192 ἁμαρτάνει
1893 1114 2041 1177 οὗτος

471 1207 541 1264 εἷς
574 1205 656 1257 τὸν
684 1205 927 1269 Titi-nacti
955 1210 1025 1266 εἰς
1048 1208 1104 1261 τὸ
1126 1213 1322 1277 Πνεῦμα
1345 1209 1402 1262 τὸ
1440 1207 1603 1279 ἅγιον,
1641 1210 1722 1262 καί
1747 1208 1838 1263 οὐκ
1864 1208 2042 1279 69:96“-

472 1308 618 1349 σεται
656 1292 795 1365 αύτῷ
820 1296 867 1349 ἒν
887 1303 956 1363 τῷ
983 1298 1193 1371 παρόντι
1214 1299 1372 1361 αἰῶνι,
1407 1301 1492 1351 καί
1531 1298 1579 1350 ὶν
1600 1304 1673 1365 τῷ
1699 1296 1945 1367 μέλλοντι,
2000 1297 2043 1348 εἰ

473 1391 542 1457 μή
568 1390 846 1458 μεταγνούς
890 1390 1182 1451 πιστεύσει,
1223 1392 1305 1443 καί
1331 1388 1634 1458 ὁμολογήσει
1675 1389 1735 1442 τὸ
1762 1393 1957 1456 Πνεῦμα
1986 1388 2042 1441 τὸ

475 1478 613 1551 ἅγιον
635 1481 689 1532 ίκ
726 1477 818 1534 τοῦ
844 1481 1040 1552 Πατρὸς
1065 1483 1148 1533 καί
1178 1481 1229 1534 ἐκ
1253 1485 1344 1535 τοῦ
1373 1482 1491 1535 Υἷοῦ
1515 1480 1889 1555 ἐκπορεύεσθαι.
1911 1485 2042 1533 Τοῦ-

475 1586 533 1625 το
574 1573 670 1645 γάρ
696 1571 922 1640 γνωστὸν
955 1571 1091 1625 ἔστιν
1133 1569 1210 1625 ὅτι
1252 1572 1470 1647 καθάπερ
1512 1571 1559 1623 ἓν
1578 1571 1740 1641 ταύτῃ
1783 1577 1845 1643 τῇ
1868 1567 2046 1642 Τριάδι

477 1660 615 1715 οὐδέν
635 1667 803 1731 μεῖζον
827 1660 857 1719 ἦ
885 1658 1094 1715 ἔλαττόν
1120 1662 1278 1724 ἐστιν,
1313 1662 1472 1719 οῗτως
1497 1662 1548 1714 ἐν
1586 1662 1719 1733 αὐτῇ
1740 1657 1881 1713 οῦδὲν
1915 1660 2044 1728 πρὸ·

478 1772 621 1823 τερον
669 1750 699 1809 ἦ
735 1751 945 1824 ὕστερον
978 1751 1198 1814 νοητίον,
1235 1753 1511 1805 ίπεὶπᾶσα
1560 1751 1591 1808 ἡ
1627 1751 1783 1824 Τριάς
1815 1750 2044 1817 ίσὸτιμὸς

478 1844 587 1898 ἐστι
639 1845 720 1896 καί
766 1842 1078 1901 συναιῶνιος.
1125 1839 1255 1895 Οὔτε
1299 1843 1397 1915 γάρ
1437 1841 1462 1894 6
1505 1844 1675 1912 Πατήρ
1718 1837 1776 1898 ἧν
1820 1840 1919 1912 πρὸ
1956 1847 2044 1895 τοῦ

477 1934 616 1996 Υίοῦ,
653 1930 766 1986 οὔτε
789 1931 813 1987 ὸ
841 1937 1028 2006 Πατήρ,
1060 1932 1090 1992 ἧ
1123 1930 1148 1986 6
1176 1932 1287 1991 Υίὸς
1306 1932 1407 2005 πρὸ
1432 1938 1523 1987 τοῦ
1549 1930 1693 2002 ἁγίου
1739 1931 2044 1998 Πνεύματος,

482 2024 663 2093 ὁμοίως
693 2020 806 2077 οὔτε
834 2022 1041 2099 ὸΠατὴρ
1067 2023 1250 2094 μείζων
1276 2028 1369 2076 τοῦ
1401 2023 1538 2087 Υἷοῦ,
1564 2019 1680 2076 οὔτε
1703 2019 1728 2074 6
1756 2024 1945 2092 Πατήρ.
1969 2015 1999 2075 ἦ
2021 2018 2047 2073 ὸ

479 2115 591 2174 Υίὸς
632 2118 813 2182 μείζων
838 2119 927 2168 τοῦ
979 2113 1122 2185 άγίου
1150 2114 1453 2182 nntius-10:,
1506 2109 1583 2165 ὅτι
1614 2113 1662 2164 ἓν
1701 2117 1763 2179 τῇ
1811 2107 1988 2181 Τριάδι
2024 2107 2048 2162 6

481 2210 645 2279 Πατὴρ
673 2206 925 2264 παντοίως
962 2203 1078 2264 ἴσης
1109 2202 1254 2268 δόξης
1298 2203 1407 2257 ἔστί
1432 2206 1558 2271 μετὰ
1586 2205 1677 2255 τοῦ
1702 2199 1816 2253 Υίοῦ
1860 2199 2055 2250 καὶτοῦ

482 2301 626 2375 ἂγίου
653 2305 959 2374 Πνεύματος,
988 2305 1070 2357 καί
1095 2303 1343 2361 παντοίως
1362 2299 1477 2359 ἴσης
1508 2297 1650 2362 δόξης
1686 2298 1782 2351 είσί
1811 2297 1938 2361 μετὰ
1959 2300 2050 2348 τοῦ

484 2396 673 2469 Πατρὸς
708 2396 792 2448 καί
820 2394 876 2447 τὸ
904 2399 1103 2461 Πνεῦμα
1136 2394 1219 2445 καί
1253 2390 1277 2444 6
1310 2391 1448 2450 Υίός.
1470 2387 1627 2443 Ὠστε
1653 2384 1812 2444 ἄλλως
1834 2387 2052 2439 νοεῖσθαι

484 2481 727 2541 ἀδύνατόν
772 2486 931 2548 ἔστιν,
972 2487 1021 2539 εί
1054 2488 1124 2554 μὴ
1156 2483 1302 2555 νοηθῇ
1330 2483 1388 2537 τὸ
1414 2486 1615 2550 Πνεῦμα
1658 2479 1713 2532 ἐκ
1741 2484 1829 2532 τοῦ
1862 2475 2053 2550 Πατρὸς

484 2577 839 2645 ἐκπορεύεσθαι
865 2574 972 2649 ἅμα
992 2577 1071 2628 καί
1093 2580 1178 2629 τοῦ
1195 2574 1338 2628 Υίοῦ.

557 2937 628 3005 ς’.
671 2934 817 2994 Ἀλλά
858 2936 987 3009 λέγει
1012 2952 1109 2998 τις’
1143 2935 1221 2989 Ἐν
1253 2941 1323 3004 τῷ
1364 2929 1644 3005 Εύαγγελίῳ
1689 2931 1973 3005 εὑρίσκεται
1999 2928 2057 2982 τὸ

2132 487 2444 557 imperator,
2471 488 2746 557 quomodo
2777 488 2845 543 iis
2899 505 3021 559 quae
3041 506 3205 559 supra
3227 491 3484 556 diximus,
3510 491 3693 544 divina

2133 574 2352 630 favente
2371 591 2493 645 ope,
2515 576 2854 631 ostendimus
2882 577 3143 647 aequalem
3184 578 3409 648 gloriam
3438 579 3490 631 in
3523 579 3699 633 tribus

2134 681 2253 721 esse
2280 666 2480 721 divinis
2501 668 2770 736 personis,
2796 676 2848 721 et
2875 668 3202 738 singularem
3229 668 3284 722 in
3307 670 3537 739 singulis
3570 669 3701 723 abs-

2135 772 2242 827 que
2288 757 2396 812 ulla
2441 757 2762 813 confusione
2802 758 3166 829 generationis
3205 767 3260 813 et
3306 759 3699 828 processionis.

2136 848 2484 904 Ostendimus
2527 858 2785 918 praeterea
2830 850 3146 920 quicunque
3190 850 3389 904 dixerit
3434 850 3700 920 Spiritum

2138 947 2383 994 sanetum
2413 954 2443 993 a
2472 938 2608 994 Filio
2638 939 2948 1008 procedere,
2980 940 3187 994 nullum
3209 940 3587 994 detrimentum
3617 940 3707 991 in-

2140 1028 2280 1084 ferre
2306 1028 2539 1098 Spiritus
2568 1031 2742 1085 sancti
2772 1030 2975 1101 gloriae,
2998 1031 3090 1085 sed
3114 1031 3203 1085 ille
3224 1030 3404 1100 potius
3428 1030 3521 1099 qui
3551 1029 3582 1081 d
3612 1043 3708 1082 xe—

2141 1120 2211 1175 rit
2239 1118 2501 1189 Spiritum
2532 1128 2778 1176 sanctum
2807 1135 2915 1174 non
2943 1120 3235 1190 procedere
3261 1135 3291 1173 a
3320 1118 3475 1183 Filio,
3504 1117 3628 1171 Filii
3652 1126 3709 1171 et

2144 1208 2376 1279 Spiritus
2416 1210 2590 1264 sancti
2632 1209 2817 1280 gloria:
2859 1209 3065 1279 aliquid
3096 1209 3211 1278 ipse
3242 1206 3532 1271 subtrahit,
3564 1216 3619 1259 et
3650 1206 3706 1258 in

2142 1298 2361 1364 Filium,
2397 1307 2450 1353 et
2482 1299 2537 1352 in
2581 1298 2843 1368 Spiritum
2887 1308 3135 1353 sanetum
3170 1297 3371 1367 pariter
3415 1296 3709 1365 delinquit,

2143 1404 2244 1444 nec
2272 1388 2346 1442 illi
2389 1388 2711 1453 remittetur,
2748 1402 2848 1442 uec
2890 1387 2943 1440 in
2985 1386 3259 1456 praesenti,
3286 1401 3388 1439 uec
3425 1385 3479 1438 in
3522 1384 3715 1439 futuro

2145 1480 2343 1536 saeculo
2370 1477 2584 1547 (Matlh.
2608 1476 2732 1548 xu),
2763 1476 2868 1530 nisi
2898 1474 3212 1544 pmoitentia
3244 1474 3440 1528 ductus
3462 1473 3716 1527 credidc~

2144 1572 2217 1626 rit
2238 1580 2289 1625 et
2313 1569 2652 1634 conﬁteatur,
2680 1566 2939 1636 Spiritum
2973 1576 3221 1621 sanctum
3248 1581 3278 1619 a
3307 1564 3464 1620 Patre
3495 1570 3549 1617 et
3568 1562 3716 1617 Filio

2145 1663 2455 1733 procedere.
2491 1659 2603 1714 lloc
2640 1661 2783 1714 enim
2821 1658 2918 1713 tibi
2955 1666 3133 1728 pateat
3160 1655 3506 1711 manifestum
3564 1655 3715 1725 quod

2145 1756 2286 1809 sicut
2305 1754 2358 1807 in
2382 1752 2485 1806 bac
2507 1751 2771 1806 Trinitate
2816 1750 2950 1804 nihil
2972 1749 3147 1819 majus
3168 1756 3260 1802 aut
3284 1748 3467 1801 minus
3486 1747 3674 1800 existit
3697 1765 3713 1800 :

2148 1845 2220 1899 ita
2251 1844 2303 1898 in
2344 1844 2531 1898 eadem
2576 1841 2712 1896 nihil
2751 1840 2901 1911 prius
2933 1848 3027 1894 aut
3064 1838 3333 1909 posterius
3365 1836 3587 1906 intelligi
3617 1837 3712 1890 ἀρα

2146 1935 2258 1989 bet.
2293 1933 2426 1987 Tota
2471 1931 2615 1985 enim
2659 1929 2900 1984 Trinitas
2940 1928 3135 1999 aequali
3172 1928 3379 1981 honore
3418 1933 3502 1979 est
3548 1938 3714 1976 vene-

2148 2026 2338 2089 randa,
2363 2031 2415 2077 et
2448 2030 2713 2077 comterna
2744 2019 2947 2085 existit,
2990 2033 3165 2089 neque
3208 2018 3350 2072 enim
3392 2010 3550 2069 Pater
3577 2028 3724 2081 prmo

2149 2116 2312 2171 cessit
2339 2113 2559 2179 Filium,
2587 2126 2763 2180 neque
2790 2110 2970 2174 Pater,
2995 2117 3087 2164 aut
3110 2107 3283 2163 Filius
3305 2106 3563 2175 Spiritum
3590 2118 3725 2157 sar-

2150 2215 2318 2260 ctum.
2354 2203 2614 2257 Similiter
2637 2216 2815 2271 neque
2843 2200 3003 2254 Pater
3029 2199 3204 2267 major
3240 2202 3325 2252 est
3352 2195 3510 2261 Filio,
3540 2208 3717 2262 neque

2151 2296 2329 2360 Pater,
2358 2302 2453 2348 aut
2482 2292 2654 2347 Filius
2682 2290 2883 2361 Spiritu
2915 2299 3104 2344 sancto
3131 2289 3305 2358 major
3328 2295 3431 2352 est,
3456 2284 3715 2355 quoniam

2154 2387 2208 2440 in
2241 2384 2506 2438 Trinitate
2543 2380 2707 2435 Pater
2748 2379 2973 2434 omnino
3007 2377 3231 2447 aequalis
3258 2385 3340 2429 est
3369 2374 3553 2443 gloria;
3592 2386 3720 2427 cum

2153 2476 2315 2541 Filio,
2342 2482 2396 2528 et
2442 2471 2645 2543 Spiritu
2691 2479 2910 2534 sancto,
2949 2476 3004 2522 et
3050 2466 3275 2522 omnino
3322 2472 3449 2519 sunt
3492 2461 3731 2530 aequalis

2155 2566 2326 2639 gloria
2376 2578 2500 2620 cum
2544 2561 2724 2626 Patre,
2770 2568 2825 2615 et
2870 2554 3104 2628 Spiritus
3141 2564 3382 2622 sanctus,
3428 2563 3481 2608 et
3523 2553 3723 2608 Filius.

2155 2657 2492 2727 Quapropter
2514 2654 2670 2708 aliter
2696 2650 2917 2720 intelligi
2940 2648 3161 2703 omnino
3183 2650 3478 2716 nequeunt,
3507 2643 3611 2698 nisi
3636 2644 3694 2696 in

2159 2723 2426 2816 telligatur
2456 2742 2691 2813 Spiritus
2718 2748 2940 2795 sanctus
2966 2753 2996 2792 a
3037 2737 3196 2792 Patre
3226 2736 3516 2806 procedere
3558 2723 3725 2788 simul

2157 2844 2215 2890 et
2235 2852 2267 2889 a
2287 2831 2446 2888 Filio.

2227 2926 2283 2981 6.
2339 2924 2442 2980 Sed
2496 2922 2671 2992 inquit
2706 2920 2905 2990 aliquis
2948 2935 2961 2971 :
3013 2917 3073 2972 In
3124 2916 3416 2988 Evangelio
3456 2913 3730 2984 reperitur

488 3034 684 3099 Πνεῦμα
714 3028 765 3082 ἔκ
793 3034 879 3083 τοῦ
909 3027 1101 3098 Πατρὶς
1127 3025 1500 3100 ἐκπορεύεσθαι,
1531 3025 1614 3075 καί
1635 3023 1738 3091 οὐχ
1769 3021 2057 3094 εὑρίσκεται

2162 3018 2423 3089 Spirltum
2452 3023 2705 3071 sanctum
2729 3029 2760 3067 a
2783 3011 2941 3067 Patre
2964 3008 3252 3082 procedere
3276 3007 3455 3078 (Joan.
3476 3007 3590 3076 xv),
3616 3019 3729 3060 nou

490 3124 573 3176 καί
597 3122 697 3176 άπὸ
730 3126 819 3176 τοῦ
860 3120 997 3175 Υίοῦ.
1028 3124 1219 3173 Τοῦτον
1249 3117 1335 3171 τὸν
1372 3116 1559 3191 τρόπον
1590 3115 1647 3168 ού
1670 3113 1916 3183 βούλομαι
1963 3112 2060 3183 ίγώ

491 3216 696 3264 σιωπῶν
724 3208 1012 3283 παρελθεῖν,
1045 3206 1150 3261 ἀλλ’
1187 3206 1429 3274 ἐπιμελῶς
1487 3206 1552 3265 ὡς
1604 3202 1950 3274 μαθησόμενος
1976 3204 2062 3264 ζη-

488 3309 666 3366 τῆσαι,
694 3303 764 3369 μή
794 3302 1037 3363 πως,μτοῦ
1057 3305 1182 3354 Θεοῦ
1214 3291 1559 3355 διδάσκοντος,
1592 3293 1875 3362 δυνήσομαι
1903 3295 2062 3360 away.-

490 3393 809 3461 φισϐητήτως
840 3396 1008 3467 εὑρεῖν
1030 3395 1080 3446 τί
1101 3391 1283 3450 πιστὸς
1311 3388 1569 3456 ἅνθρωπος
1597 3385 1776 3460 ὀφείλει
1800 3387 1917 3455 περὶ
1944 3384 2063 3437 τού-

490 3494 581 3535 του
611 3488 763 3535 νοεῖν.
792 3476 844 3533 Ἠ
885 3480 1109 3538 ’Δλήθεια
1137 3480 1289 3550 λέγει,
1330 3481 1390 3532 τὸ
1417 3483 1616 3545 Πνεῦμα
1655 3474 1710 3530 ἔκ
1740 3480 1829 3530 τοῦ
1871 3474 2063 3548 Πατρὸς

492 3571 832 3631 ἐκποοεύεται,
878 3568 1036 3623 άλλ’ὸ
1088 3570 1304 3643 Γραικὸς
1345 3569 1651 3641 προστίθησι
1689 3568 1772 3618 καί
1817 3565 1969 3634 λέγει,
1996 3563 2063 3617 Τὸ

496 3667 688 3730 Πνεῦμα
714 3660 1039 3729 ἐκπορεύεται
1067 3661 1120 3711 ἑκ
1144 3664 1234 3712 τοῦ
1262 3659 1459 3733 πατρὸς
1492 3658 1665 3726 μὸνου.
1699 3665 1755 3707 '0
1777 3654 1830 3709 δὲ
1857 3663 2064 3713 Λατῖνος

492 3748 800 3821 προστίθησι
829 3748 913 3799 καί
937 3745 1088 3817 λέγει,
1110 3746 1177 3800 Τὸ
1205 3752 1401 3815 πνεῦμα
1428 3746 1752 3821 ἐκπορεύεται
1778 3746 1828 3796 ἐκ
1852 3750 1941 3797 τοῦ
1964 3752 2065 3797 Πα-

492 3838 611 3911 τρὸς
665 3840 747 3891 καί
798 3836 852 3889 ἐκ
903 3841 994 3891 τοῦ
1022 3835 1162 3890 Ὶίοῦ.
1216 3836 1524 3908 Προστίθησι
1551 3837 1720 3890 τοίνυν
1763 3833 1789 3889 6
1827 3835 2060 3908 Γραικὸς,

492 3927 799 3998 προστίθησι
824 3925 906 3978 καί
927 3923 952 3979 6
973 3930 1203 3984 Λατῖνος,
1237 3920 1313 3978 ὄτι
1337 3924 1384 3974 ἐν
1418 3930 1526 3982 τοῖς
1547 3922 1875 3997 προρῤηθεῖσι
1900 3923 2064 3998 ῥήμα-

494 4040 549 4075 σι
572 4025 664 4074 τοῦ
707 4014 1010 4091 Εῦαγγελίου
1040 4019 1148 4086 οὺχ
1198 4016 1485 4089 εὑρίσκεται
1525 4015 1583 4070 τὸ
1618 4031 1637 4066 ε
1671 4014 1842 4084 μόνου,
1883 4031 1902 4066 ε
1952 4012 2065 4070 οἵτε

495 4110 574 4174 τὸ,
610 4128 629 4162 ε
665 4111 718 4165 ίκ
768 4117 858 4165 τοῦ
902 4110 1046 4165 Tini}.
1082 4126 1100 4160 ε
1131 4110 1186 4163 Ei
1228 4102 1315 4162 οὖν
1367 4108 1565 4167 ἀλήθειά
1612 4108 1747 4162 ἔστιν
1802 4104 1829 4161 6
1879 4105 2067 4178 λίγειὸ

494 4202 721 4275 Γραικὸς,
747 4200 934 4272 ψεῦδος
964 4196 1022 4256 ἂν
1055 4199 1131 4261 εἴη
1159 4197 1332 4271 ὸλίγει
1359 4197 1386 4253 6
1421 4206 1655 4259 Λατῖνος.
1709 4196 1828 4253 ’Δπὸ
1856 4205 1958 4253 τῶν
1978 4198 2068 4270 ῥη-

494 4296 668 4365 μάτων
696 4300 793 4349 τῶν
836 4290 989 4348 ὄντων
1018 4293 1065 4346 ἔν
1090 4300 1162 4365 τῷ
1213 4292 1491 4364 Εῦαγγελίῳ
1519 4290 1635 4346 οὔτε
1673 4289 1699 4346 6
1734 4291 1940 4365 Γραικὸς
1961 4287 2070 4344 62a-

494 4390 664 4456 «φωνεῖ,
702 4381 817 4438 οὔτε
846 4381 873 4437 6
902 4391 1135 4444 Λατῖνος,
1165 4378 1268 4435 ἀλλ’
1290 4380 1379 4436 ἀπ’
1413 4379 1598 4441 ἐκείνης
1628 4387 1718 4440 τῆς
1750 4380 2062 4454 προσθήκης,
2096 4357 2142 4416 D

498 4480 555 4536 ἣν
582 4476 916 4551 προστίθησιν
942 4472 967 4528 6
994 4480 1224 4535 Λατῖνος,
1253 4470 1484 4544 διαφωνεῖ
1503 4472 1526 4525 6
1547 4472 1769 4541 Γραικὸς.
1787 4471 1852 4521 Σὺ
1878 4473 2065 4531 τοίνυν,

502 4569 838 4641 ελρονιμὼτατε
870 4561 990 4627 ἅναξ
1006 4602 1021 4626 ,
1050 4563 1261 4619 ἀνάϐηθι
1288 4564 1462 4637 πράως
1483 4564 1556 4620 είς
1581 4562 1636 4614 τὸ
1666 4560 1807 4632 βῆμα
1833 4569 1923 4619 τῆς
1943 4580 2069 4631 καρ-

501 4656 610 4716 δίας
644 4670 762 4719 σου,
795 4656 879 4708 καί
918 4653 1131 4711 καθίσας
1162 4653 1228 4710 ὧς
1254 4654 1425 4724 κριτὴς
1477 4650 1526 4702 ἕν
1557 4656 1630 4720 τῷ
1658 4648 1810 4722 θρόνῳ
1839 4658 1928 4706 τῆς
1958 4647 2068 4701 διαο

499 4751 633 4808 νοίας
654 4763 746 4801 σου
774 4750 939 4819 κρῖνον
961 4745 1122 4817 κρίσιν
1143 4740 1355 4801 δικαὼιν,
1384 4743 1469 4795 καί
1502 4744 1572 4807 μή
1613 4741 1682 4796 ὡς
1733 4739 1819 4790 ἐπί
1845 4738 1901 4790 τὸ
1929 4737 2068 4789 πλεῖο

500 4863 640 4902 στον.
674 4839 981 4917 περιϐάλπῃς
1009 4836 1090 4891 τὸν
1110 4835 1341 4907 Γραικὸν,
1366 4833 1432 4891 ὡς
1460 4829 1717 4885 πεκούλιόν
1738 4845 1851 4881 σου.
1897 4824 1949 4879 ἰι
1971 4830 2072 4898 γάρ

501 4933 744 4992 οἰκειότης
762 4930 1091 5003 συχνοτὲρως
1107 4931 1245 4980 ποιεῖ
1258 4925 1384 4981 τούς
1399 4925 1576 4994 κριτάς
1594 4922 1843 4989 κάμπτειν
1863 4918 1962 4971 άπὸ
1978 4931 2070 4976 τῆς

502 5026 756 5085 ἀληθείας.
778 5027 882 5077 Θοῦ
898 5023 1066 5077 τοίνυν
1083 5024 1186 5073 τῶν
1210 5017 1501 5090 ἀμφοτέροιν
1529 5017 1647 5073 τούς
1669 5012 1864 5083 λόγους,
1888 5011 1972 5063 καί
2000 5012 2070 5077 μή

504 5111 532 5189 ᾗ
561 5117 707 5191 παρά
732 5117 815 5168 σοί
835 5111 1074 5184 στάθμιον
1096 5113 1178 5164 καί
1209 5109 1470 5176 στάθμιον,
1498 5105 1529 5164 ἦ
1557 5107 1737 5178 μέτρον
1761 5103 1843 5155 καί
1869 5101 2069 5173 μέτρον.

501 5184 787 5278 ἑΑμφὸτιρα
806 5204 906 5276 γάρ
933 5201 1181 5274 βδελυκτά
1213 5200 1311 5253 εισι
1334 5191 1475 5270 παρὰ
1492 5203 1562 5264 τῷ
1581 5200 1705 5264 Θεῷ.
1724 5190 1970 5246 ’Ἄκουσον
1985 5184 2068 5244 οὖν

509 5298 741 5371 ὒευθέρᾳ
765 5295 945 5369 καρδίᾳ
965 5314 1082 5357 σου,
1111 5291 1231 5350 δι’ἣν
1253 5291 1418 5345 αἰτίαν
1447 5286 1779 5362 προστίθησιν
1804 5282 1830 5337 6
1856 5283 2068 5356 Γραικὸς

508 5389 568 5442 τὸ
601 5388 835 5458 εμὸνου,ι
861 5387 940 5439 καί
969 5383 1051 5439 διά
1079 5384 1228 5438 ποίαν
1250 5384 1419 5435 αἰτίαν
1440 5379 1770 5453 προστίθησιν
1798 5372 1824 5427 ὸ
1855 5379 2068 5431 Λατῖνος

514 5484 626 5536 εκαί
653 5481 703 5533 ίκ
718 5484 810 5535 τοῦ
838 5478 1011 5533 Υίοῦοε
1041 5477 1124 5530 καί
1146 5472 1266 5528 ἔνθα
1288 5471 1400 5545 ἴδῃς
1421 5471 1549 5540 μετά
1567 5467 1714 5537 λόγου
1741 5470 1828 5524 τήν
1849 5465 2040 5539 προσθή
2058 5494 2073 5504 -

510 5593 620 5637 κην,
655 5567 728 5642 to;
752 5567 879 5642 λόγῳ
906 5567 1244 5629 άναπαύθητι,
1271 5566 1354 5618 καί
1380 5562 1537 5630 εκείνη
1564 5565 1626 5632 τῇ
1655 5558 1916 5627 προσθήκῃ
1953 5554 2071 5608 ἴνω·

508 5682 598 5717 σον
622 5659 830 5723 σαυτὸν,
854 5656 967 5712 ἔνθα
990 5653 1043 5711 ὂὶ
1072 5652 1183 5714 ἴδης
1212 5656 1302 5711 τήν
1342 5652 1621 5726 προσθήκην
1650 5651 1720 5719 μὴ
1749 5646 2071 5714 μετέχουσαν

2162 3119 2341 3165 tamen
2370 3108 2565 3179 legitur
2586 3115 2641 3160 et
2668 3121 2698 3160 a
2744 3102 2902 3158 Filio.
2952 3101 3058 3158 Sed
3104 3102 3207 3156 hoc
3235 3099 3454 3169 quidem
3492 3098 3619 3150 nolo
3648 3096 3737 3149 si-

2160 3200 2327 3256 lentio
2368 3197 2665 3269 przeterire,
2716 3194 2809 3250 sed
2840 3192 3020 3262 potius
3049 3190 3332 3261 diligenter
3372 3201 3635 3257 querere,
3665 3195 3730 3241 ut

2161 3290 2277 3361 ipse
2302 3290 2531 3353 discam,
2563 3286 2611 3340 si
2637 3300 2748 3355 quo
2776 3292 2956 3353 pacto,
2989 3280 3100 3336 Deo
3121 3280 3368 3344 docente,
3406 3278 3612 3331 valeam
3644 3276 3729 3328 ia-

2160 3381 2348 3435 venire
2371 3379 2578 3447 absque
2607 3375 2716 3430 ulla
2752 3372 3087 3427 dubitatione
3111 3369 3242 3439 quid
3269 3368 3442 3422 ﬁdelis
3467 3367 3632 3420 homo
3657 3363 3731 3418 de

2162 3470 2267 3526 hac
2302 3486 2361 3525 re
2387 3467 2586 3525 sentire
2610 3466 2820 3521 debeat.
2854 3461 3066 3517 Veritas
3089 3461 3272 3531 itaque
3305 3458 3437 3515 dicit
3464 3455 3727 3526 Spiritum

2163 3572 2411 3619 sanctum
2440 3576 2469 3614 a
2510 3559 2670 3613 Patre
2690 3554 3000 3626 procedere.
3034 3552 3139 3607 Sed
3168 3551 3389 3607 Graecus
3413 3549 3562 3603 addit
3590 3561 3734 3617 pra:—

2162 3664 2332 3718 terea,
2374 3660 2429 3705 ct
2457 3650 2586 3704 dicit
2611 3648 2874 3717 Spiritum
2905 3652 3152 3700 sanctum
3183 3631 3477 3712 procedere
3503 3655 3533 3694 a
3572 3637 3731 3693 Patre

2165 3743 2303 3798 solo.
2354 3739 2583 3794 Latinus
2628 3736 2778 3792 addit
2820 3737 2982 3791 etiam
3027 3734 3144 3804 ipse
3185 3741 3240 3787 et
3281 3731 3416 3786 dicit
3467 3728 3729 3799 Spiritum

2165 3840 2412 3889 sanctum
2454 3828 2748 3899 procedere
2794 3843 2825 3880 a
2874 3825 3031 3880 Patre
3075 3834 3130 3878 ct
3171 3822 3326 3877 Filio.
3366 3820 3531 3875 Addit
3568 3818 3733 3889 igitur

2166 3923 2408 3984 Graecus,
2455 3920 2604 3976 addit
2646 3927 2702 3973 et
2753 3917 3008 3982 Latinus,
3058 3914 3317 3984 quoniam
3376 3913 3430 3966 in
3458 3910 3735 3981 praedictis

2167 4013 2441 4084 Evangelii
2471 4011 2649 4066 verbis
2676 4025 2782 4064 non
2808 4008 3099 4073 invenitur,
3124 4021 3298 4076 neque
3318 4021 3382 4059 ex
3409 4005 3527 4059 solo
3550 4002 3731 4067 Patre,

2166 4120 2343 4175 neque
2369 4116 2434 4159 ex
2464 4102 2623 4157 Filio.
2660 4100 2716 4154 Si
2745 4100 2909 4171 igitur
2937 4114 3060 4152 vera
3092 4107 3220 4152 sunt
3258 4112 3380 4166 qua:
3412 4095 3545 4150 dicit
3583 4094 3734 4148 Graec

2167 4209 2285 4257 cus,
2316 4191 2597 4246 mendacia
2642 4196 2824 4244 essent
2862 4185 3241 4257 proculdubio
3267 4200 3386 4253 qua:
3426 4183 3558 4238 dicit
3585 4181 3735 4235 Lati-

2169 4300 2293 4339 nus.
2325 4281 2429 4337 Sed
2463 4297 2491 4335 a
2534 4280 2715 4335 verbis
2749 4293 2871 4348 quae
2904 4278 3169 4331 habentur
3199 4276 3252 4329 in
3285 4274 3595 4346 Evangelia,
3638 4287 3736 4325 ne-

2167 4389 2273 4444 que
2299 4373 2521 4429 Graaeus
2547 4372 2816 4435 dissentit,
2845 4384 3022 4438 neque
3050 4368 3297 4432 Latinus,
3324 4367 3416 4421 sed
3443 4366 3511 4419 ab
3540 4380 3603 4419 ca
3636 4362 3736 4417 ad-
3774 4394 3781 4399 η

2167 4466 2373 4520 ditione
2410 4479 2572 4534 quam
2628 4461 2776 4517 addit
2816 4460 3063 4525 Latinus,
3101 4458 3352 4513 dissentit
3379 4457 3618 4512 Grmcus.
3649 4452 3733 4506 Tn

2168 4554 2353 4625 igitur,
2379 4552 2781 4621 sapientissime
2804 4565 2918 4615 rex,
2949 4549 3178 4603 ascende
3207 4548 3436 4616 benigne
3464 4545 3528 4598 ad
3559 4545 3736 4598 tribu-

2169 4643 2260 4696 nal
2287 4642 2468 4696 cordis
2499 4641 2597 4705 tui,
2620 4648 2675 4694 et
2695 4640 2889 4694 sedens
2915 4637 3071 4706 quasi
3091 4636 3255 4706 judex
3289 4634 3341 4689 in
3371 4634 3508 4689 solio
3536 4634 3737 4687 mentis

2171 4741 2297 4797 tute,
2325 4732 2506 4801 judica
2535 4730 2799 4800 judicium
2833 4728 3039 4798 justum
3077 4726 3257 4795 (Joan.
3285 4726 3404 4795 vn),
3445 4739 3642 4794 neque,
3677 4733 3738 4777 ut

2170 4822 2286 4876 ﬁeri
2317 4821 2473 4884 solet,
2519 4820 2757 4885 Graecos,
2795 4818 2952 4886 quasi
2991 4816 3261 4886 peculium
3304 4824 3480 4877 tuum,
3528 4812 3734 4867 foveas.

2169 4911 2531 4967 Fatuiliaritas
2565 4910 2710 4964 enim
2759 4910 3076 4977 plerumque
3115 4923 3145 4960 a
3192 4905 3416 4959 veritate
3464 4904 3739 4957 declinare

2169 5001 2299 5056 facit
2332 5001 2562 5069 judices.
2593 4997 2742 5051 Pone
2782 4997 2945 5066 igitur
2991 5003 3345 5061 utrorumque
3379 4991 3639 5054 rationes,
3683 4997 3739 5040 et

2168 5108 2275 5146 nou
2321 5092 2392 5146 sit
2436 5089 2576 5159 apud
2627 5098 2678 5143 te
2731 5086 2944 5157 pondus
2989 5093 3042 5138 et
3088 5083 3320 5153 pondus,
3361 5080 3445 5134 vel
3480 5092 3736 5132 mensura

2166 5192 2218 5237 et
2242 5196 2493 5237 mensura
2522 5199 2535 5233 :
2564 5188 2791 5247 utraque
2831 5177 2975 5230 enim
3006 5174 3349 5229 abominatur
3380 5170 3522 5224 Deus
3554 5167 3733 5238 (Deut.

2174 5273 2322 5342 xxv).
2374 5270 2513 5325 Audi
2556 5270 2719 5341 igitur
2761 5268 2996 5336 ingenuo
3039 5264 3200 5320 corde
3242 5274 3335 5317 tuo
3382 5272 3617 5330 quanam
3668 5256 3738 5309 de

2174 5378 2337 5416 causa
2368 5362 2527 5415 addat
2557 5360 2777 5414 Graecus
2808 5357 2958 5422 illud,
2989 5374 3020 5409 ο
3062 5354 3193 5419 solo,
3221 5363 3273 5408 et
3303 5367 3409 5422 qua
3441 5351 3633 5404 iterum
3664 5345 3735 5400 de

2174 5468 2337 5508 causa
2359 5451 2520 5505 addat
2535 5450 2760 5503 Latinus
2782 5457 2829 5502 et
2854 5465 2885 5501 a
2910 5447 3070 5509 Filio,
3092 5443 3352 5514 Spiritum
3372 5441 3576 5495 scilicet
3602 5453 3733 5491 san-

2175 5555 2317 5598 ctum
2352 5539 2659 5611 procedere,
2687 5546 2740 5591 et
2767 5537 2857 5590 ubi
2888 5535 3088 5590 videris
3118 5549 3239 5587 cum
3267 5530 3474 5585 ratione
3497 5525 3733 5581 additio-

2176 5653 2297 5693 nem
2344 5633 2666 5706 appositam,
2705 5631 2783 5685 ibi
2822 5638 3000 5684 mente
3043 5625 3360 5696 acquiescas
3408 5631 3520 5687 tua,
3560 5626 3617 5674 et
3658 5615 3734 5669 illi
