4088 6214
328 280 429 335 917

1420 253 1800 328 ouuto’ozc
1841 271 2109 328 SPIRITU
2154 270 2440 327 SANCTO.

3454 274 3579 329 913.

336 400 502 455 λόγου.
536 390 602 442 σύ
637 393 723 461 μέν
747 399 818 461 τῷ
845 390 973 461 λόγῳ
1003 390 1356 449 ἁκολοζθησον,
1402 392 1487 443 ἀπ’
1513 392 1699 450 iusim;
1727 389 1781 445 δὲ
1810 400 1899 450 τῆς

2023 388 2263 442 ldditioni
2320 387 2544 453 tcipstun
2582 386 2861 455 adiungas.
2891 384 2989 437 Ubi
3027 400 3148 438 vero
3182 385 3377 438 videris
3408 388 3557 441 addi-

332 487 618 559 προσθήκης
673 491 899 560 χὼρισον
926 488 1158 541 σεαυτόν.
1201 489 1441 555 Βούλομαι
1489 489 1640 541 θεῖναι
1668 495 1757 545 τὸν
1780 490 1905 541 ύπό·

333 578 468 629 θέσιν
491 585 579 629 τοῦ
610 574 844 650 ι’ραικοῦ,
873 582 955 631 καὶ
1000 582 1091 635 τήν
1142 578 1379 631 ὑπόθεσιν
1418 584 1507 631 τοῦ
1563 580 1907 637 Λατίνου,’ἱνα

334 668 604 720 θεαθεισῶν
649 670 939 742 ἀμφοτέρων
965 675 1063 722 τῶν
1086 666 1376 721 ὑποθέσεων
1402 671 1541 738 παρά
1564 675 1660 721 σοῦ
1694 670 1751 722 τό
1798 669 1906 726 ἀληε

334 757 412 813 θὲς
455 758 636 832 δυνηθῇ
656 759 877 834 κριθῆναι
903 757 979 811 ἐπ’
1005 758 1302 834 ἀμφοτέραις
1332 766 1447 817 ταῖς
1474 760 1801 832 προσθήκαις.

417 1032 473 1092 ζ’.
523 1039 585 1080 '0
609 1030 821 1100 Γραικὸς
847 1028 998 1099 λὶγιι,
1034 1045 1052 1077 ι
1089 1026 1217 1100 Ἐγὼ
1239 1028 1393 1104 ὀρθῶς
1415 1024 1646 1080 πιστεύω
1675 1028 1733 1080 τό
1763 1032 1909 1080 Πνεῦ-

346 1144 412 1188 ea
436 1121 485 1172 ἐκ
513 1126 605 1173 τοῦ
631 1120 825 1191 Πατρός
850 1118 1229 1193 ὶκπορεύεσθαι,
1267 1121 1348 1171 καί
1374 1119 1459 1169 οὐκ
1487 1116 1576 1170 ἀπ’
1613 1114 1762 1169 ἄλλον
1786 1132 1798 1144 ’
1830 1119 1912 1168 καὶ

345 1214 455 1263 ἐπεὶ
501 1213 664 1263 ἐκεῖσε
703 1211 760 1261 ού
810 1209 1084 1281 προσετέθη
1115 1210 1212 1261 ἀπὶ
1241 1215 1329 1261 τοῦ
1361 1209 1498 1270 Υἶοῦ,
1537 1206 1566 1264 ἧ
1595 1206 1674 1277 ἀφ’
1717 1206 1909 1277 ἐτέρου,

345 1301 528 1352 τούτου
570 1297 708 1350 ἕνεκα
751 1298 807 1346 ού
836 1296 1081 1366 βούλομαι
1129 1295 1209 1366 ἀφ’
1260 1296 1434 1367 ἐτέρου
1459 1298 1758 1368 προσϐῆναι,
1808 1292 1911 1347 ἀλλ’

347 1389 449 1439 ἀπὸ
487 1393 573 1440 τοῦ
605 1388 800 1458 Πατρός
844 1383 996 1452 μόνον
1043 1394 1191 1438 νοεῖν.
1225 1384 1362 1438 Ἐπεί
1398 1386 1478 1438 ἐὰν
1507 1387 1537 1442 ἡ
1584 1381 1802 1442 ’Λλήθεια
1830 1382 1915 1451 ἀφ’

347 1479 520 1548 ἐτέρου
545 1478 761 1537 ἐνόησεν,
778 1478 856 1547 ἀφ’
885 1478 1057 1549 ἕτερον
1069 1479 1271 1536 πάντως
1299 1473 1424 1530 εἶναι
1444 1474 1603 1530 εἷπε.)
1637 1478 1766 1548 Πρός
1788 1472 1910 1529 ταῦ-

350 1589 409 1621 τα
438 1569 530 1637 ἐγὼ
552 1568 685 1639 ὑπὲρ
715 1574 803 1621 τοῦ
828 1571 1037 1621 Λατίνιν
1068 1567 1489 1635 ἀπολογούμενος,
1514 1569 1607 1620 οῦκ
1642 1569 1914 1637 ἀναγκαῖον

350 1656 379 1709 ἔ
384 1679 467 1727 χω
494 1657 535 1708 ἓν
558 1659 724 1727 τούτῳ
748 1664 818 1725 τῷ
852 1657 992 1725 τόπῳ
1025 1657 1209 1710 τούτου
1233 1658 1370 1711 ἕνεκα
1393 1664 1521 1710 νοεῖν
1558 1658 1610 1709 ἐκ
1638 1657 1789 1725 μόνον
1820 1660 1910 1708 τοῦ

352 1747 560 1818 Πατρός,
591 1744 671 1798 ὅτι
695 1746 841 1813 μόνον
870 1745 929 1798 τό
957 1742 1113 1813 ὄνομα
1150 1750 1244 1798 τοῦ
1279 1747 1474 1817 Πατρός
1511 1745 1673 1798 iusius
1699 1745 1908 1797 τίθεται’

350 1835 424 1889 ὅτι
453 1838 502 1889 ἓν
521 1836 722 1893 πολλαῖς
744 1845 835 1893 τῆς
870 1837 1005 1893 θείας
1030 1842 1224 1907 Γραψῆς
1242 1838 1482 1906 γνώμαις,
1511 1840 1597 1888 καί
1626 1835 1912 1904 ἀποφάσεσι

352 1931 497 1997 μόνον
525 1931 582 1982 τό
602 1926 752 1998 ὄνομα
773 1935 863 1981 τοῦ
894 1929 1083 1999 Πατρός
1103 1928 1310 1987 τίθεται,
1345 1925 1478 1996 ὅμως
1499 1929 1596 1995 οὐχ
1630 1926 1790 1985 οὕτως
1820 1923 1914 1993 μό-

350 2038 431 2077 νης
458 2018 491 2072 δ’
513 2024 679 2091 Πατήρ
709 2026 911 2079 νοεῖται,
937 2019 1020 2070 ἵνα
1049 2022 1116 2084 μὴ
1142 2018 1326 2086 μᾶλλον
1349 2021 1432 2070 καί
1462 2016 1487 2069 ό
1515 2018 1624 2075 Υἱός
1676 2015 1911 2085 ιῖιρμοζόν⁴

351 2133 449 2170 τως
483 2113 648 2163 ἐκεῖσε
672 2113 881 2169 νοηθείη,
910 2111 1070 2167 καθώς
1102 2110 1253 2161 ἐκεῖνο
1283 2111 1340 2160 τό
1375 2114 1464 2160 τοῦ
1497 2105 1787 2177 Nar/sliat:
1822 2105 1913 2176 ῥη-

349 2202 459 2255 τόν·
510 2218 528 2248 ι
559 2202 630 2253 Οὐ
658 2196 756 2272 γὰρ
784 2200 926 2269 ὒμεῐς
952 2200 1066 2253 ἔστι
1095 2200 1138 2250 oi
1169 2199 1449 2256 λαλοῦντες.
1485 2197 1607 2250 ἀλλὰ
1634 2199 1690 2250 τό
1716 2201 1914 2264 Πνεῦμα

353 2298 437 2345 τοῦ
461 2295 646 2366 Πατρός
672 2293 829 2360 ύμᾶν.
861 2311 878 2339 ι
904 2291 1031 2344 Ἰδού
1058 2293 1086 2348 ri
1111 2290 1350 2353 Ἀλήθεια,
1394 2290 1546 2358 μόνον
1568 2295 1658 2342 τοῦ
1681 2287 1914 2356 ὀνόματος

350 2388 439 2434 τοΰ
471 2383 662 2453 Πατρός
688 2383 928 2443 τεθέντος,
974 2383 1098 2451 φησί
1125 2376 1290 2434 ταῦτα
1317 2380 1378 2432 τὰ
1423 2377 1536 2443 δύο,
1561 2379 1618 2432 τό
1650 2385 1841 2446 Πνεῦμα
1864 2378 1915 2431 ἐκ

352 2475 440 2525 τοῦ
468 2458 660 2541 ῐΫατρός
703 2471 1046 2538 ἐκπορεύεται,
1086 2472 1193 2530 καί,
1244 2470 1302 2523 τό
1346 2475 1545 2537 Πνεῦμα
1577 2472 1664 2521 τοῦ
1720 2466 1915 2537 Πατρός

351 2564 489 2631 ’ὑμῶν
520 2563 576 2615 τό
593 2561 773 2613 λαλοῦν
811 2560 856 2612 ἓν
884 2565 1026 2629 ὑμῖν.
1057 2559 1337 2630 Ὀφείλομεν
1363 2559 1523 2611 τοίνυν
1566 2556 1728 2615 οὕτως
1768 2563 1916 2619 νοεῖν,

353 2651 408 2702 τό
439 2656 633 2719 Πνεῦμα
668 2655 757 2703 τοῦ
787 2649 977 2723 Πατρός
1016 2649 1174 2716 ὑμῶν,
1203 2650 1285 2699 καί
1310 2648 1368 2700 ού
1412 2652 1505 2701 τοῦ
1545 2645 1686 2708 Υίοῦ,
1714 2648 1870 2704 καθὼς
1890 2644 1916 2698 ό

358 2741 563 2807 Γραικός
589 2747 708 2797 νοεῖ.
739 2742 797 2793 τὶ
829 2745 1028 2803 Πνεῦμα
1056 2739 1212 2810 λέγων
1236 2738 1290 2790 ἔκ
1312 2743 1400 2790 τοῦ
1430 2737 1620 2811 Πατρός
1648 2736 1916 2808 ἐκπορεύε-

355 2833 592 2892 σθαι,καί
620 2832 705 2883 οὐκ
728 2833 780 2882 ἐκ
808 2837 895 2883 τοῦ
922 2826 1061 2891 Υἷοῦς
1087 2829 1196 2882 Ἐὰν
1219 2826 1272 2881 δέ
1302 2829 1360 2881 τό
1385 2832 1582 2896 Πνεῦμα
1611 2832 1701 2882 τοῦ
1730 2826 1917 2900 Πατρός

354 2924 445 2974 οῦκ
471 2919 588 2975 ἔστι
610 2927 808 2990 πνεῦμα
828 2926 917 2976 τοῦ
945 2920 1081 2981 Υἰοῦ,
1111 2921 1160 2976 τί
1180 2920 1314 2974 ἐστιν
1340 2915 1366 2971 ὃ
1391 2919 1524 2992 λέγει
1547 2918 1572 2971 ὁ
1593 2916 1914 2975 ’Δπόστολος·

2008 477 2207 530 tionem
2251 491 2281 528 a
2330 474 2534 527 ratione
2564 473 2884 531 alienam,tu
2916 471 3131 539 quidem
3164 471 3357 524 rationi
3380 473 3561 527 adlue-

2006 581 2150 629 rens,
2183 566 2250 619 ab
2278 580 2340 618 ea
2372 564 2643 617 additione
2696 562 2922 630 teipsum
2968 577 3206 631 segrega.
3244 560 3376 615 Volo
3404 564 3559 631 etuti--

2005 654 2127 708 dem
2171 661 2545 723 argumentum
2590 650 2761 705 Grteci
2799 659 2851 704 et
2902 650 3075 704 Latini
3123 653 3175 704 in
3206 652 3441 706 medium
3483 654 3563 706 af-

2009 746 2167 811 ferre,
2198 755 2257 801 ut
2300 756 2528 813 utroque
2575 750 2893 811 argumento
2928 758 3020 811 per
3064 752 3113 797 te
3154 758 3439 812 perpenso,
3470 760 3561 798 ve-

2011 836 2141 889 ritas
2175 849 2205 887 a
2252 844 2303 887 te
2331 831 2574 903 dignosci
2608 832 2781 885 valeat
2818 832 2960 886 circa
3008 842 3294 902 utramque
3336 833 3564 888 additio-

2010 942 2159 980 nem;

2083 1015 2131 1067 7.
2172 1014 2392 1068 Grrecus
2442 1012 2656 1083 inquit:
2712 1031 2729 1061 ι
2762 1010 2873 1081 Ego
2914 1021 3055 1065 recte
3099 1013 3261 1065 credo
3308 1013 3565 1081 Spiritum

2011 1113 2255 1159 sanctum
2283 1120 2314 1156 a
2342 1102 2499 1155 Patre
2525 1101 2835 1170 procedere,
2859 1110 2910 1153 ct
2942 1117 3047 1155 non
3088 1102 3156 1154 ab
3180 1102 3320 1167 alio;
3345 1111 3399 1155 et
3427 1117 3566 1171 quo-

2012 1194 2156 1247 niam
2190 1191 2339 1256 inibi,
2372 1192 2425 1245 in
2465 1190 2755 1260 Evangelio
2787 1191 3012 1254 scilicet,
3061 1206 3167 1244 non
3210 1200 3294 1245 est
3328 1192 3574 1247 additum

2012 1299 2041 1336 a
2071 1282 2225 1345 Filio,
2272 1282 2353 1335 vel
2390 1281 2459 1335 ab
2488 1281 2617 1347 alio,
2665 1281 2767 1335 bac
2807 1281 2875 1335 de
2914 1296 3079 1334 causa
3121 1281 3249 1334 nolo
3288 1282 3469 1335 dicere
3500 1282 3572 1336 ali

2013 1374 2139 1437 alio,
2164 1372 2255 1426 sed
2279 1387 2309 1424 a
2335 1371 2492 1424 Patre
2522 1372 2639 1424 solo
2666 1370 2978 1438 intelligere.
3009 1369 3065 1423 Si
3089 1370 3234 1422 enim
3268 1369 3478 1425 Veritas
3504 1372 3573 1424 ab

2013 1464 2118 1518 alio
2156 1464 2317 1517 etiam
2360 1461 2649 1531 procedere
2703 1460 3076 1527 intellexisset,
3127 1460 3313 1529 utique
3355 1461 3425 1515 ab
3467 1461 3573 1514 alio

2012 1570 2134 1609 esse
2162 1553 2384 1607 omnino
2409 1552 2653 1607 dixisset.
2690 1571 2707 1601 ι
2739 1552 2817 1605 Ad
2845 1552 2957 1606 haec
2981 1567 3079 1621 ego
3105 1550 3423 1619 respondeo.
3466 1550 3572 1604 La-

2016 1644 2158 1698 lines
2184 1651 2388 1697 tutatus
2419 1660 2432 1694 :
2475 1660 2494 1692 ι
2525 1639 2641 1694 Non
2663 1649 2746 1695 cst
2771 1657 2988 1695 necesse
3024 1641 3124 1695 boc
3155 1641 3207 1694 in
3236 1642 3355 1695 loco
3382 1642 3485 1695 lue
3508 1643 3575 1695 de

2012 1748 2177 1787 causa
2206 1731 2499 1799 intelligere
2520 1744 2550 1782 a
2573 1728 2690 1783 solo
2720 1728 2869 1782 Patre
2896 1728 3160 1797 Spiritum
3185 1738 3433 1783 sanctum
3459 1744 3577 1798 pro-

2013 1822 2225 1886 cedere,
2256 1820 2514 1890 quoniam
2547 1818 2723 1872 solum
2766 1817 2944 1873 Patris
2973 1834 3169 1873 nomen
3201 1819 3254 1872 in
3286 1818 3577 1889 Evangelia

2013 1912 2267 1980 ponitur;
2313 1911 2499 1965 multis
2528 1913 2671 1966 enim
2712 1911 2765 1964 in
2816 1909 2946 1963 locis
2983 1917 3036 1962 et
3081 1907 3363 1962 sententiis
3405 1924 3579 1962 sacra:

2016 2001 2309 2069 Scripturze
2336 2001 2513 2054 solum
2538 2000 2713 2054 Patris
2737 2015 2931 2054 nomen
2960 1999 3197 2068 ponitur,
3224 1998 3581 2061 nihilominus

2014 2109 2120 2146 non
2153 2094 2257 2147 bac
2298 2093 2364 2147 de
2394 2108 2560 2147 causa
2610 2094 2760 2148 solus
2805 2092 2961 2147 Pater
3004 2092 3335 2161 intelligitur,
3377 2100 3575 2144 utnon

2014 2184 2188 2252 magis
2240 2182 2411 2238 Filius
2462 2184 2628 2238 etiam
2685 2198 2925 2253 congrue
2979 2182 3174 2236 ibidem
3226 2182 3576 2251 intelligatur,

2013 2272 2471 2343 quemadmodum
2496 2273 2550 2327 in
2580 2273 2687 2328 illis
2711 2272 2985 2342 Evangelii
3013 2272 3191 2327 verbis
3216 2291 3229 2325 :
3277 2270 3399 2324 Non
3440 2271 3580 2323 enim

2014 2380 2099 2417 vos
2130 2365 2254 2418 estis
2294 2364 2384 2433 qui
2422 2363 2720 2433 loquimini,
2776 2364 2866 2417 sed
2914 2362 3143 2432 Spiritus
3176 2362 3355 2415 Patris
3398 2360 3578 2425 vestri,

2013 2455 2106 2524 qui
2130 2454 2362 2524 loquitur
2394 2454 2449 2507 iu
2478 2454 2619 2507 vobis
2655 2452 2868 2523 (Matth.
2898 2453 2974 2521 χ).
3004 2452 3141 2506 Ecce
3170 2451 3313 2505 enim
3347 2450 3577 2511 Veritas,

2016 2545 2132 2598 solo
2162 2542 2342 2598 Patris
2386 2543 2606 2597 nomine
2635 2543 2832 2612 posito,
2877 2541 3010 2594 dicit
3039 2542 3153 2594 luce
3185 2540 3313 2605 duo,
3346 2538 3581 2608 Spiritus

2018 2633 2264 2688 videlicet
2290 2642 2512 2688 sanctus
2534 2649 2563 2687 a
2594 2632 2748 2686 Patre
2774 2632 3033 2701 procedit,
3064 2642 3117 2684 et
3146 2629 3380 2699 Spiritus
3406 2628 3583 2682 Patris

2017 2725 2202 2789 vestri,
2235 2725 2327 2793 qui
2353 2725 2597 2794 loquitur
2621 2724 2673 2777 iu
2707 2723 2859 2778 vobis
2887 2722 3032 2794 [cum
3076 2731 3252 2776 tamen
3277 2721 3464 2776 eadem
3492 2737 3584 2775 ve-

2018 2814 2151 2869 ritas
2176 2814 2347 2870 Filius
2373 2813 2519 2869 dicat
2550 2815 2738 2868 iisdem
2775 2814 3058 2882 discipulis
3086 2832 3099 2868 :
3128 2813 3240 2883 Ego
3272 2813 3413 2865 enim
3447 2811 3585 2864 dabo

2017 2905 2160 2959 vobis
2198 2921 2253 2957 os
2286 2914 2334 2958 et
2361 2905 2698 2973 sapientiam,
2736 2905 2819 2957 cui
2854 2921 2952 2956 non
2981 2912 3223 2972 poterunt
3252 2903 3507 2965 resistere,
3536 2910 3586 2953 et

360 3028 378 3060 ι
410 3009 720 3064 ’Δπέστειλεν
741 3009 765 3063 ό
789 3011 911 3069 Θεὸς
949 3011 1007 3063 τό
1052 3016 1253 3076 Πνεῦμα
1277 3015 1362 3063 τοῦ
1386 3010 1507 3063 Υίοῦ
1534 3007 1682 3063 αὐτοῦ
1710 3008 1761 3062 ἓν
1803 3012 1916 3065 ταῖς

2023 2993 2375 3048 contradicere
2404 2993 2693 3048 adversarii
2738 2994 2892 3048 vestri
2935 2993 3084 3063 (Luc.
3132 2992 3266 3061 χχι).
3302 2991 3402 3046 l’er
3443 3007 3507 3047 os
3531 3000 3587 3044 et

359 3098 586 3172 καρδίαις
619 3101 813 3168 ἡμῶν)
847 3103 931 3153 καί
979 3099 1153 3162 πάλιν,
1189 3118 1207 3148 ι
1239 3100 1346 3153 Ἐάν
1380 3119 1456 3158 τις
1484 3101 1542 3154 τὸ
1592 3104 1786 3166 Πνεῦμα
1821 3103 1914 3150 τοῦ

357 3195 572 3260 Χριστοῦ
608 3192 692 3243 οὐκ
722 3188 850 3258 ἔχῃ,
884 3192 1037 3248 αὐτὸς
1082 3191 1172 3242 οὐκ
1208 3187 1350 3242 ἔστιν
1396 3190 1582 3248 αὐτοῦς
1621 3206 1640 3237 ι
1676 3191 1861 3255 thirty:
1894 3187 1923 3242 ἡ

356 3278 580 3335 Ἀλήθεια
602 3279 732 3349 λέγει
779 3284 975 3346 Πνεῦμα
1005 3284 1093 3330 τοῦ
1128 3280 1342 3348 Πατρός.
1381 3278 1465 3329 καί
1504 3277 1593 3328 οὐκ
1628 3273 1765 3327 ἔστιν
1808 3275 1924 3330 ἀλή-

356 3369 463 3419 θεια
509 3367 534 3420 ό
587 3368 866 3426 ἀπόστολος
893 3378 983 3426 τῆς
1004 3352 1417 3435 ’Δληθείαςλεγεμ
1448 3369 1645 3431 Πνεῦμα
1672 3369 1757 3416 τοῦ
1784 3362 1923 3424 Υέοῦ,

357 3460 441 3508 καί
480 3463 675 3525 Πνεῦμα
700 3462 791 3510 τοῦ
843 3463 1069 3527 Χριστοῦ
1092 3472 1106 3518 ;
1139 3453 1252 3507 Ἐάν
1279 3452 1331 3506 δὲ
1360 3450 1506 3522 ἄμφω
1533 3452 1686 3508 ἀληθῆ
1731 3454 1855 3503 εἰσιν
1879 3450 1931 3501 ἐν

358 3544 524 3613 τούτῳ
552 3554 623 3612 τῷ
650 3545 810 3615 τόπῳ,
837 3549 921 3597 καί
953 3542 978 3596 ό
1005 3547 1034 3600 ri
1070 3545 1297 3600 ’Δλήθεια
1321 3544 1451 3613 λέγει
1474 3547 1671 3613 Πνεῦμα
1711 3535 1924 3613 Πατρός,

359 3639 441 3689 καὶ
487 3633 512 3687 ὃ
560 3638 590 3692 ἠ
614 3633 838 3691 ’Δλιςθεια
866 3640 1041 3704 σιωπᾷ
1067 3640 1265 3701 Πνεῦμα
1292 3634 1431 3696 Υίοῦ,
1470 3635 1600 3690 τίνος
1641 3632 1799 3685 ἕνεκεν
1827 3632 1928 3698 οὐχ

360 3724 545 3793 ὁμοίως
569 3727 827 3797 ἀμφότερα
857 3727 1010 3783 ἀληθῆ
1046 3728 1173 3779 εἰσιν
1200 3727 1248 3777 ἐν
1268 3726 1430 3791 ἐκείνῳ
1454 3720 1526 3793 τῷ
1554 3722 1694 3791 τόπῳ
1722 3721 1926 3793 μᾶλλον,

362 3813 491 3868 ὅπου
519 3818 550 3873 ἠ
570 3816 790 3871 ’Λλὴθεια
815 3816 967 3886 λέγει,
990 3818 1047 3867 τό
1080 3822 1276 3885 Πνεῦμα
1304 3813 1661 3883 ἐκπορεύεσθαι
1694 3812 1795 3865 ἀπό
1840 3816 1930 3865 τοῦ

362 3904 589 3974 Πατρός;
634 3904 813 3974 ’τίθημι
841 3902 931 3957 δύο
961 3904 1114 3975 ἕτερα
1145 3900 1539 3973 παραδείγματα
1556 3900 1609 3953 iu
1644 3906 1734 3952 τοῦ
1769 3902 1930 3969 εὐαγ-

361 3993 546 4061 γελίου,
579 3995 629 4045 iv
655 3990 726 4051 οἷς
753 3994 909 4060 μόνον
931 3994 989 4045 τό
1016 3989 1172 4060 ὄνομα
1208 3999 1299 4044 τοῦ
1339 3992 1532 4062 Πατρός
1557 3992 1764 4051 τίθεται,
1797 3986 1932 4056 ὅμως

363 4086 503 4141 μόνος
525 4082 551 4136 ό
585 4091 753 4156 Πατήρ
779 4081 898 4136 ἄνευ
935 4089 1024 4136 τοῦ
1055 4083 1173 4135 Υίοῦ
1202 4083 1260 4134 ού
1299 4088 1505 4133 νοεῖται.
1529 4076 1641 4131 ἰνα
1674 4077 1728 4131 δὲ
1757 4080 1802 4130 ἐν
1827 4076 1933 4130 στό-

363 4191 485 4239 ματι
518 4168 630 4232 δὶο,
660 4170 690 4227 ἢ
714 4179 864 4246 τριῶν
888 4170 1160 4243 μαρτύρων
1193 4171 1350 4242 σταθῇ
1382 4174 1483 4222 πᾶν
1504 4167 1659 4238 ῥῆμα,
1700 4165 1727 4220 ό
1762 4168 1934 4235 κύριος

363 4260 561 4322 Ἰησοῦς
604 4257 740 4315 εἶπεν
771 4269 877 4321 τοῖς
923 4262 1171 4329 μαθηταῖς
1215 4261 1374 4314 αὐτοῦ
1422 4260 1471 4311 ἐν
1517 4266 1589 4330 τῷ
1635 4258 1930 4329 Biar/shy

2023 3086 2361 3155 sapientiam,
2395 3085 2528 3140 nihil
2555 3084 2657 3139 nisi
2692 3084 2973 3153 Spiritum,
3006 3099 3165 3152 quem
3195 3083 3463 3151 accepturi
3495 3099 3587 3136 es-

2023 3184 2149 3229 sent
2170 3176 2469 3237 credentes,
2506 3172 2851 3236 intellexisse,
2882 3172 3055 3240 palam
3087 3171 3212 3223 facit.
3242 3172 3379 3223 idem
3408 3169 3587 3223 Evan-

2024 3266 2213 3334 gelista
2237 3264 2289 3316 in
2316 3263 2464 3316 Actis
2488 3261 2820 3330 apostolicis,
2850 3260 2979 3312 dum
3015 3260 3090 3312 ait
3121 3260 3394 3326 Stephano
3420 3277 3434 3311 :
3468 3257 3588 3311 Non

2024 3360 2262 3421 poterant
2303 3351 2538 3402 resistere
2576 3348 2866 3416 sapientite,
2900 3355 2949 3399 et
2994 3345 3242 3414 Spiritui,
3278 3347 3368 3414 qui
3413 3345 3591 3413 loque-

2027 3439 2351 3510 batur.(llct.
2378 3438 2474 3504 vi).
2504 3437 2647 3491 Idem
2686 3452 2815 3506 ergo
2849 3436 3085 3505 Spiritus
3116 3434 3294 3489 Patris
3325 3447 3378 3488 et
3409 3434 3529 3487 Filii
3559 3451 3590 3488 a

2026 3532 2186 3586 Patre
2223 3529 2338 3585 dari
2372 3528 2588 3594 dicitur,
2616 3537 2671 3582 et
2699 3544 2729 3582 a
2769 3526 2926 3590 Filio,
2954 3535 3008 3580 et
3036 3540 3141 3579 non
3178 3541 3207 3579 a
3254 3524 3411 3579 Patre
3452 3526 3589 3591 solo,

2028 3625 2152 3677 licet
2173 3622 2388 3686 dixerit,
2420 3620 2653 3690 Spiritus
2681 3617 2861 3670 Patris
2892 3614 3092 3685 vestri]
3126 3614 3463 3670 Dchemusac
3493 3616 3594 3686 igi—

2030 3722 2118 3765 tur
2142 3712 2214 3764 ita
2262 3708 2556 3778 intelligere
2594 3706 2852 3776 Spiritum
2913 3714 3158 3761 sanctum
3201 3704 3378 3760 Patris
3407 3707 3599 3773 vestri,

2028 3812 2083 3856 et
2109 3819 2213 3856 non
2251 3800 2395 3867 Filii,
2426 3799 2882 3870 quemadmodum
2915 3796 3143 3851 Gut-cus
3170 3795 3447 3865 intelligit,-
3474 3794 3595 3864 Spi-

2031 3894 2218 3958 ritum,
2243 3892 2517 3961 inquiens,
2551 3907 2581 3965 ξι
2623 3889 2778 3943 Patre
2806 3889 3116 3958 procedere,
3146 3896 3200 3941 et
3225 3902 3332 3939 non
3355 3902 3393 3939 a
3426 3885 3611 3940 Filio?

2034 3985 2088 4038 Si
2118 4000 2245 4038 vero
2276 3983 2511 4053 Spiritus
2561 3981 2737 4035 Patris
2768 3995 2877 4034 non
2915 3987 3000 4033 est
3026 3976 3261 4046 Spiritus
3291 3974 3435 4039 Filii,
3464 3976 3596 4044 quid

2031 4085 2114 4129 est
2137 4074 2331 4145 igitur?
2360 4073 2506 4142 quod
2543 4071 2719 4139 inquit
2736 4069 3048 4136 Apostolus,
3078 4066 3227 4119 Misit
3260 4063 3598 4132 DeusSpiri-

1996 4167 2195 4217 —ritum
2225 4163 2357 4216 Filii
2389 4164 2471 4215 sui
2514 4164 2567 4214 in
2605 4159 2850 4213 cordibus
2875 4157 3068 4209 nostris
3095 4156 3238 4223 (Gal.
3266 4156 3374 4223 tv);
3416 4163 3469 4208 et
3497 4154 3598 4208 ite-

2035 4270 2156 4307 rum
2184 4272 2195 4306 :
2226 4251 2348 4304 Nisi
2376 4252 2492 4318 quis
2531 4250 2786 4315 Spiritum
2816 4247 3015 4300 Christi
3048 4246 3308 4309 habuerit,
3339 4246 3422 4298 hic
3453 4244 3601 4297 illius

369 4370 386 4398 ι
438 4349 559 4404 ’Πὰν
589 4353 742 4422 ἀφῆτε
772 4358 876 4410 τοῖς
925 4351 1203 4421 ἀνθρώποις
1249 4351 1314 4403 τὰ
1366 4349 1712 4421 ἁμαρτήματα
1744 4348 1922 4408 αὐτῶν,

2031 4359 2133 4395 non
2166 4342 2310 4395 erit?
2352 4338 2526 4409 (Rom.
2554 4335 2699 4404 vni.)
2747 4334 2888 4389 Num
2917 4334 3132 4389 Veritas
3172 4334 3323 4399 dicit,
3367 4334 3601 4403 Spiritus

363 4438 541 4505 ἀφήςει
568 4440 686 4510 ύμῖν
712 4440 737 4493 ό
766 4444 934 4510 Πατήρ
981 4440 1121 4510 ὑμῶν
1144 4439 1169 4493 ό
1208 4440 1427 4511 οὐράνιος
1446 4440 1510 4491 τὰ
1537 4440 1933 4512 παραπτώματα

366 4532 517 4596 ὑμῶν.
559 4550 575 4580 ι
603 4531 681 4584 Ἐν
703 4533 856 4607 ἑτέρῳ
876 4532 1025 4587 πάλιν
1044 4532 1187 4602 τόπῳ
1211 4532 1358 4601 λέγει·
1395 4548 1411 4580 ι
1439 4528 1619 4589 Ὅστις
1647 4525 1704 4582 ἂν
1734 4533 1935 4586 ποιήσει

366 4624 422 4677 τό
447 4624 632 4694 θέλημα
681 4632 772 4678 τοῦ
829 4626 1021 4701 Πατρός
1050 4647 1169 4693 μου,
1220 4630 1309 4678 τοῦ
1361 4624 1412 4676 ἓν
1442 4624 1691 4698 οὐρανοῖς.
1752 4624 1934 4681 ἐκεῖνος

366 4724 569 4795 ἀδελφός
594 4746 692 4793 μου
723 4726 881 4779 ἐστίν.
932 4744 950 4775 ι
984 4723 1108 4778 Ἰδοὺ
1138 4726 1188 4777 iv
1212 4724 1412 4781 τούτοις
1456 4730 1562 4781 τοῖς
1617 4720 1736 4775 δυσί
1762 4722 1934 4779 τόποις

369 4826 518 4892 μόνον
545 4833 635 4879 τοῦ
673 4827 864 4900 Πατρός
910 4825 967 4878 τό
991 4822 1149 4892 ὄνομα
1188 4824 1398 4878 τίθεται.
1426 4819 1600 4890 Ὀμως
1629 4826 1659 4879 ἠ
1707 4820 1937 4876 καθολική

372 4923 540 4980 πίστις
578 4924 669 4974 οῦκ
714 4924 957 4990 ἀνέχεται
984 4923 1068 4976 ’ἱνα
1091 4921 1239 4989 μόνος
1270 4919 1296 4973 ό
1320 4923 1508 4994 Πατὴρ,
1537 4916 1654 4972 ἄνευ
1683 4924 1774 4973 τοῦ
1816 4916 1936 4971 Ϊίοῦ

373 5030 539 5077 tanta:
573 5022 622 5073 iv
642 5023 838 5086 artistic,
863 5018 940 5075 ότι
961 5024 1010 5073 ἓν
1046 5027 1117 5088 τῷ
1140 5018 1377 5087 θελήματι
1397 5020 1546 5088 μόνον
1575 5020 1635 5073 τό
1672 5015 1825 5087 ὄνομα
1843 5028 1934 5076 τοῦ

374 5120 562 5192 Πατρός
588 5121 800 5184 τίθεται,
832 5120 954 5173 ἀλλὰ
981 5119 1126 5189 μόνος
1157 5117 1181 5172 ό
1213 5123 1381 5194 Πατήρ
1411 5120 1470 5171 οῦ
1490 5120 1682 5172 νοεῖταί
1710 5139 1855 5173 ποτε.
1874 5130 1940 5174 Τὸ

375 5224 554 5290 θέλημα
575 5228 666 5277 τοῦ
694 5225 886 5296 Πατρός
913 5224 998 5275 καὶ
1038 5217 1128 5275 τοῦ
1168 5226 1281 5274 Titii
1309 5220 1441 5281 ἐστι,
1472 5222 1556 5273 καί
1580 5222 1610 5277 ἠ
1631 5216 1806 5290 ἄφεσις
1843 5230 1943 5276 τῶν

377 5322 653 5396 ἃμαρτιῶν,
706 5325 814 5381 ἥτις
846 5325 945 5376 ἀπό
973 5328 1064 5376 τοῦ
1092 5321 1287 5394 Πατρός
1342 5322 1471 5384 ἐστι,
1515 5322 1546 5378 ri
1583 5322 1711 5378 αύτὴ
1733 5322 1812 5373 καὶ
1841 5321 1943 5375 ἀπό

381 5428 461 5471 to)
493 5423 599 5474 Υἰοῦ
625 5424 783 5476 ἐστιν.
819 5420 1029 5490 Ὀμοὶως
1056 5419 1173 5475 όταν
1206 5420 1408 5491 λέγηται
1435 5421 1492 5475 τό
1516 5425 1710 5488 Πνεῦμα
1730 5420 1832 5473 ἀπὸ
1850 5426 1942 5474 τοῦ

378 5523 570 5593 Πατρός
608 5523 985 5595 ἐκπορεύεσθαι,
1019 5524 1060 5574 εἰ
1087 5523 1235 5591 τάχα
1255 5521 1402 5589 μόνον
1428 5526 1519 5574 τοῦ
1540 5520 1729 5593 Πατρός
1752 5519 1809 5571 τό
1837 5514 1934 5570 όνοο

383 5644 448 5673 αα
498 5622 703 5687 τίθεται,
753 5619 886 5685 ὅμως
933 5622 961 5678 ἡ
1009 5624 1177 5681 πίστις
1216 5629 1313 5673 τᾶν
1364 5613 1675 5689 Χριστιανῶν
1712 5618 1801 5671 οὐκ
1835 5612 1943 5671 ἆνε-

2034 4431 2230 4495 Patris,
2253 4438 2308 4485 et
2348 4444 2456 4482 non
2484 4427 2589 4481 erit
2616 4425 2815 4480 veritas
2840 4425 2983 4495 quod
3013 4424 3146 4479 dicit
3177 4422 3429 4478 Veritatis
3455 4424 3585 4492 Apo.

2036 4522 2230 4585 stolus,
2285 4518 2547 4589 Spiritum
2606 4525 2853 4571 sanctum
2904 4515 3033 4568 Filii
3074 4528 3193 4568 esse
3241 4512 3502 4582 Spiritum
3545 4521 3599 4565 ct

2036 4612 2269 4667 Christi?
2294 4610 2351 4664 Si
2398 4624 2527 4665 vero
2556 4617 2782 4678 utraque
2811 4623 2935 4661 vera
2971 4615 3099 4660 sunt
3142 4605 3246 4658 hoc
3291 4605 3345 4656 in
3376 4603 3514 4666 loco,
3550 4614 3603 4654 ct

2037 4702 2181 4774 quod
2218 4701 2432 4756 Veritas
2458 4700 2610 4763 dicit,
2640 4699 2900 4769 Spiritum
2925 4696 3121 4760 Patris,
3148 4706 3201 4748 et
3225 4693 3369 4762 quod
3395 4690 3604 4745 Veritas

2038 4803 2197 4859 tacet,
2224 4792 2485 4863 Spiritum
2513 4790 2635 4844 Filii
2656 4804 2918 4859 :quanam
2942 4789 3008 4843 de
3034 4803 3200 4842 sarisa
3226 4802 3333 4840 non
3357 4783 3605 4839 similiter

2039 4893 2270 4954 utraque
2295 4896 2422 4936 vera
2452 4889 2598 4946 sunt,
2624 4880 2713 4933 illa
2744 4879 2797 4932 in
2832 4878 2922 4932 illo
2949 4879 3067 4931 loco
3107 4876 3299 4944 magis,
3330 4874 3419 4927 ubi
3454 4872 3607 4926 Veri-

2039 4983 2124 5029 tas
2145 4974 2274 5028 dicit
2300 4972 2560 5042 Spiritum
2586 4978 2833 5024 sanctum
2857 4984 2886 5022 a
2912 4968 3067 5020 Patre
3092 4964 3415 5035 procedere?
3437 4962 3607 5015 Porro

2042 5067 2243 5120 iterum
2272 5065 2375 5118 alia
2406 5064 2514 5117 duo
2541 5060 2786 5130 exempla
2821 5076 2886 5113 ex
2915 5057 3205 5127 Evangelio
3229 5053 3522 5125 proferam,
3556 5053 3607 5105 in

2045 5156 2244 5225 quibus
2293 5154 2470 5209 solum
2512 5150 2690 5204 Patris
2735 5166 2929 5203 nonnon
2973 5148 3211 5218 ponitur,
3246 5146 3394 5200 solus
3430 5154 3608 5197 tamen

2044 5247 2202 5300 Pater
2232 5245 2436 5313 absque
2480 5241 2618 5295 Filio
2650 5256 2755 5296 non
2789 5239 3124 5308 intelligitur.
3158 5235 3225 5290 Ut
3253 5252 3378 5289 vero
3419 5236 3471 5288 in
3518 5251 3610 5295 ore

2045 5339 2297 5401 duorum,
2326 5334 2407 5388 vel
2435 5334 2598 5387 trium
2624 5332 2841 5385 testium
2871 5341 2972 5384 stet
3000 5344 3158 5382 Olllllc
3184 5328 3402 5380 verbum
3429 5326 3586 5393 (Deut

2048 5431 2184 5496 xxx),
2213 5427 2479 5480 Dominus
2510 5423 2669 5477 Jesus
2696 5422 2831 5477 dixit
2872 5419 3152 5488 discipulis
3189 5418 3304 5473 suis
3351 5417 3405 5469 in
3439 5415 3604 5468 lﬂvan'

2051 5522 2189 5591 gelio
2221 5539 2232 5572 :
2263 5518 2321 5572 Si
2353 5516 2657 5570 remiseritis
2682 5514 2973 5567 hominibus
3000 5520 3211 5581 peccata
3240 5511 3494 5578 ipsorum,
3530 5525 3608 5561 νεα

2055 5614 2219 5665 mittet
2251 5609 2391 5663 vobis
2415 5607 2580 5661 Pater
2608 5606 2826 5661 twlcstis
2855 5604 3047 5657 delicta
3071 5613 3238 5657 vestra
3269 5600 3485 5670 (Matth.
3514 5602 3603 5663 vi).
