4088 6214
478 333 589 398 9Ξ3

1762 318 2027 378 ALEXII
2066 312 2414 375 COMNENI

3598 300 3723 358 93$:

477 446 531 497 in
566 453 832 496 summam
877 450 1059 491 rerum
1094 432 1395 503 angustiam
1430 428 1660 492 inducti,
1704 427 1878 494 iisque
1914 442 2026 478 mn-

2163 427 2238 487 οἷς
2268 418 2636 492 συμπεσοῦσιν
2669 415 2813 485 ἔχειν
2843 413 2923 464 ὅτι
2964 412 3055 464 καὶ
3086 410 3369 480 χρήσαιτο,
3400 407 3509 460 τῶν
3543 407 3709 477 ίερὼν

473 531 637 584 nibus
677 527 848 587 exuli,
886 539 1005 592 quae
1039 522 1209 590 lapsis
1257 518 1464 587 alioqui
1510 518 1884 586 adjumentum
1935 514 2031 567 ali-

471 621 617 690 quod
648 619 843 672 all'erre
877 621 1163 683 poterant;
1189 610 1407 663 tandem
1442 608 1537 660 vel.
1560 622 1712 661 sacra
1740 605 2031 669 divinaque

472 710 681 763 eime'ia
724 704 1037 771 contingere
1073 700 1251 768 iisque
1297 707 1541 751 nostram
1582 693 1748 749 solari
1793 692 2033 760 inopiam

473 797 849 854 statuerimus.
889 791 1045 859 Quod
1082 801 1243 843 ccrte-
1263 789 1497 847 facinus,
1529 786 1584 839 in
1637 783 1912 853 plerisque
1946 796 2034 833 sa-

474 891 583 944 cris
608 886 918 953 divinisque
950 881 1207 936 Eeclesiis
1230 878 1529 933 admissum
1561 882 1680 937 est;
1714 889 1813 927 nee
1843 886 2035 925 sacro-

478 995 597 1033 rmn
629 976 985 1031 donariorum
1009 986 1179 1041 pauca
1216 971 1277 1022 in
1301 966 1550 1038 publicos
1573 972 2035 1018 cesseruntusus.

476 1075 663 1142 Neque
704 1087 771 1124 eo
808 1070 1028 1138 quidem
1067 1064 1242 1118 adacti
1281 1074 1471 1117 smnus
1507 1067 1564 1111 nt
1592 1055 1890 1125 quidquam
1920 1066 2032 1105 mo.

477 1165 703 1218 liretuut‘
737 1161 817 1215 vel
860 1159 917 1211 in
958 1155 1054 1211 Dei
1100 1149 1515 1229 contttttieliatiu
1532 1155 1588 1201 et
1635 1150 2036 1210 contemptum,

477 1255 563 1307 vel
608 1253 661 1305 in
693 1264 884 1305 eorum
929 1247 1268 1315 despectum,
1299 1254 1420 1309 quae
1451 1237 1525 1291 illi
1571 1236 1659 1306 pia
1701 1229 2040 1287 consecravit

478 1343 775 1411 antiquitas
806 1336 973 1408 (quod
1004 1350 1163 1389 omen
1206 1334 1351 1385 Deus
1379 1328 1446 1380 ab
1480 1327 1627 1380 omni
1658 1325 1842 1377 animo
1880 1319 2039 1375 Chri-

478 1433 641 1488 stiani
697 1430 935 1484 nominis
983 1423 1355 1480 amantissimo
1385 1416 1637 1483 avertat),
1683 1413 1777 1469 sed
1818 1420 2043 1481 urgente

482 1535 787 1593 temporum
823 1517 1149 1573 necessitate
1179 1523 1343 1581 atque
1364 1512 1529 1564 etiam
1566 1506 1796 1561 consilio
1831 1513 2041 1565 nostro,

481 1592 628 1683 quod
670 1610 847 1664 medio
892 1623 950 1662 se
996 1604 1151 1674 operi
1200 1601 1439 1655 miscuit.
1489 1594 1857 1666 Imperatoriae
1897 1592 2042 1646 enim

482 1701 784 1772 maiestatis
806 1706 1005 1753 nostra:
1038 1692 1422 1748 anitno‘visum
1454 1697 1562 1749 est,
1587 1687 1735 1740 nulla
1758 1686 1927 1739 Deum
1962 1683 2042 1736 ira

2133 515 2275 581 ἔγνω
2306 517 2398 565 καὶ
2445 510 2606 562 θείων
2657 505 2899 575 ἅψασθαι
2942 503 3240 571 κειμηλίων
3287 502 3379 552 καὶ
3409 498 3618 559 τούτοις
3649 498 3711 548 τὸ

2132 607 2232 674 τῆς
2269 601 2458 674 χρείας
2506 599 2682 652 ἐνδέον
2726 592 3249 663 παραμυθήσασθαι.
3298 590 3465 641 Τουτὶ
3507 587 3608 657 μὲν
3650 586 3716 637 τδ

2135 696 2294 767 ιργον
2320 696 2378 748 ὲν
2413 690 2632 752 πολλαῖς
2664 687 2774 740 τῶν
2821 687 2997 756 ἁγίων
3024 680 3331 751 ἐκκλησιῶν
3359 679 3715 748 διεπράξατο,

2135 766 2231 840 καὶ
2270 782 2443 838 πολλὰ
2480 781 2591 837 τῶν
2634 777 3003 848 ἀναθημάτων
3022 822 3031 835 ,,
3055 776 3133 835 είς
3179 771 3443 842 δημοσίας
3479 766 3717 838 έστρεψε

2136 876 2346 946 χρείας,
2381 873 2481 942 οὐχ
2514 870 2671 940 ὕϐρει
2705 869 2800 921 καὶ
2847 864 3235 936 περιφρονήσει
3270 861 3425 924 Θεοῦ,
3457 860 3569 912 οὐδ’
3600 859 3719 946 et}-

2138 931 2481 1036 γωρίᾳῗτῶν.
2510 931 2722 1028 εὐαγῶς
2773 931 2932 1027 αὑτῷ⁷
2973 931 3343 1008 ἀνατεθέντων
3375 950 3561 1019 (ἀπείη
3602 931 3719 1017 γᾶρ

2137 1055 2293 1108 τοῦτο
2325 1054 2504 1122 πάσης
2530 1046 3055 1121 χριστιανικωτάτης
3085 1043 3310 1112 ψυχῆς),
3356 1039 3490 1093 ἀλλὰ
3518 1036 3720 1106 καιροῦ

2139 1142 2480 1215 περιστάσει,
2515 1140 2610 1193 καὶ
2643 1133 2889 1206 λογισμῷ
2920 1132 3210 1200 ἁπτομένῳ
3246 1123 3541 1199 μέσωςντοῦ
3569 1122 3719 1193 πρά-

2141 1253 2367 1305 γματος.
2411 1232 2575 1304 ’ῼήθη
2625 1229 2735 1300 γὰρ
2786 1228 2820 1297 ἠ
2857 1224 3056 1294 καρδία
3106 1223 3205 1291 τῆς
3258 1217 3537 1288 βασιλείας
3586 1232 3719 1284 μου.

2144 1304 2310 1395 μηδέν
2364 1340 2417 1374 τι
2459 1320 2707 1374 ἐντεῦθεν
2748 1314 3061 1388 ὀργίζεσθαι
3120 1309 3210 1364 τὸν
3238 1308 3407 1372 Θεὸν,
3450 1306 3582 1358 ὅπου
3643 1304 3722 1373 μὴ

2142 1413 2358 1483 πονηρὰ
2411 1411 2712 1480 συνείδησις
2767 1403 3192 1479 προκατακρίνει
3242 1400 3334 1453 τὸν
3387 1398 3723 1468 πράττοντα.

2155 1506 2307 1558 Ἐπεὶ
2335 1503 2391 1556 δὲ
2428 1503 2521 1554 καὶ
2553 1501 2605 1554 εί
2633 1501 2685 1553 τί
2719 1516 2819 1552 που
2865 1499 2923 1550 ἐν
2951 1499 3063 1557 τοῖς
3097 1492 3384 1564 βασιλείοις
3424 1486 3727 1542 ὑπόλοιπον

2142 1590 2231 1664 ἦν,
2262 1589 2632 1661 κατειργάσθη
2667 1588 2768 1657 μὲν
2799 1588 3020 1640 κάκεῖνο
3044 1584 3136 1637 καὶ
3165 1579 3438 1652 ἀνηλώθη.
3471 1578 3725 1646 ἐχώρησε

2144 1686 2200 1739 δέ
2231 1686 2310 1746 είς
2353 1682 2521 1753 μηδὲν
2564 1681 2685 1733 δέον
2727 1680 2795 1732 τὰ
2847 1676 2955 1730 ἀπὸ
3004 1676 3112 1727 τῶν
3145 1673 3316 1741 ἁγίων
3363 1667 3725 1739 περιελθόντα

486 1797 613 1851 inde
649 1793 918 1865 percitum
947 1790 1038 1853 iri,
1075 1789 1168 1842 ubi
1215 1801 1369 1839 meus
1415 1782 1555 1836 male
1586 1778 1804 1835 conscia
1839 1776 2045 1831 nullius

2158 1775 2473 1845 ixxi.qc;t'bv,
2503 1774 2597 1826 καὶ
2628 1773 2777 1825 πᾶσα
2813 1769 2910 1841 μὲν
2940 1770 2972 1838 ἡ
3005 1766 3244 1837 προτέρα
3286 1763 3450 1834 βουλὴ
3478 1761 3571 1813 ἐπὶ
3599 1761 3724 1819 ταῖς

484 1887 735 1942 criminis
781 1891 1030 1953 agentem
1079 1896 1235 1934 reum
1289 1883 1633 1946 eoargueret.
1682 1871 1821 1926 Cum
1860 1876 2046 1924 autem

485 1976 754 2046 quidquid
790 1976 843 2027 in
880 1971 1249 2040 imperatoriis
1278 1966 1485 2020 a-rariis
1517 1973 1807 2033 supererat
1835 1962 2047 2015 exhau-

485 2078 629 2122 stum
663 2073 718 2119 et
743 2066 1078 2131 insumptum
1104 2067 1270 2119 esset,
1300 2074 1401 2111 nec
1433 2057 1486 2108 in
1524 2055 1661 2107 ullos
1694 2067 1831 2105 usus
1855 2064 2048 2103 neces.

486 2161 677 2216 sarius.
713 2173 777 2211 ea
822 2155 1123 2211 cessissent
1168 2166 1288 2220 quae
1336 2164 1365 2202 a
1396 2150 1602 2201 sanctis
1643 2153 2053 2197 extorseramus

487 2250 759 2315 ecclesiis,
786 2258 898 2303 tum
953 2260 1086 2298 vero
1131 2241 1420 2297 consilium
1469 2251 1633 2292 omne
1675 2242 1927 2289 nostrum
1974 2239 2055 2286 tot

489 2341 734 2409 undique
800 2334 1061 2406 periculis
1119 2330 1441 2384 liomaniam
1512 2322 2054 2380 circumvallanlibus

490 2436 769 2485 inversum
804 2435 861 2478 et
900 2421 1293 2476 labefactatum
1329 2425 1433 2470 est.
1475 2413 1744 2479 Quocirca
1778 2410 2055 2480 plerisque

493 2524 547 2575 in
580 2519 715 2574 locis
744 2516 985 2570 hostium
1028 2523 1345 2566 nostrorum
1381 2521 1555 2561 cornu
1600 2504 1901 2558 exaltatum
1938 2510 2054 2564 est;

490 2610 776 2679 nostrique
798 2606 935 2660 adeo
968 2602 1187 2673 iutperii
1223 2598 1489 2654 naviculae
1506 2595 1850 2663 naufragium
1879 2591 2059 2645 immi-

493 2711 612 2767 net,
643 2700 749 2755 nisi
797 2704 1107 2768 prapotens
1158 2692 1253 2748 Dei
1290 2691 1474 2746 vh'tus
1501 2688 1591 2753 iis,
1616 2686 1830 2756 quibus.
1858 2682 2059 2737 assolet

491 2793 737 2865 judieiis,
785 2790 931 2844 illam
989 2785 1264 2847 vindicet,
1316 2780 1720 2851 procellamque
1774 2776 1947 2844 ipsam
2002 2773 2058 2826 in

495 2862 684 2939 auram
755 2885 1060 2935 convertat.
1112 2875 1301 2943 Itaque
1359 2870 1725 2939 imperatoriae
1788 2862 2058 2934 maiestati

494 2986 697 3031 nostra:
717 2975 923 3044 majore
947 2984 1078 3024 cura
1102 2963 1518 3035 disquirendum
1541 2969 1598 3015 et
1622 2955 2059 3025 investigandum

494 3083 620 3124 esse
654 3067 830 3120 visum
856 3069 959 3123 est,
987 3058 1118 3130 quid
1153 3056 1371 3111 tandem
1404 3054 1477 3107 sit
1506 3050 1640 3105 illud
1666 3046 1813 3118 quod
1855 3055 2060 3101 tantam

2148 1865 2536 1938 περισχούσαις
2578 1864 2679 1932 τὴν
2722 1860 3031 1930 Ῥωμανίαν
3071 1854 3454 1925 στενοχωρίαις
3483 1855 3563 1913 εἰς
3593 1851 3726 1902 τοὺ-

2147 1957 2359 2010 ναντίον
2391 1951 2745 2023 περιηνέχθη,
2779 1945 3108 2015 πολλαχόθεν
3149 1944 3206 1997 δὲ
3241 1944 3304 1996 τὸ
3337 1943 3500 2012 κέρας
3530 1939 3724 2009 ὑψώθη

2150 2047 2257 2100 τῶν
2291 2044 2735 2112 ἐπανισταμένων
2768 2042 2927 2110 ἡμῖν,
2961 2039 3057 2091 καὶ
3102 2036 3159 2088 τὸ
3190 2035 3290 2103 τῆς
3324 2032 3595 2104 βασιλείας
3618 2031 3731 2100 ήδη

2154 2137 2359 2206 σκάφος
2390 2136 2577 2187 πεσεῖν
2606 2132 2937 2202 ὑποϋρὺχιον
2966 2125 3286 2190 κινδυνεύει,
3324 2127 3372 2176 εί
3404 2125 3479 2195 μὴ
3514 2125 3548 2192 ἡ
3586 2138 3728 2175 πανο

2152 2227 2323 2296 αλκὴς
2368 2223 2598 2294 δύναμις
2644 2222 2737 2275 τοῦ
2784 2219 2919 2273 Θεοῦ
2977 2214 3056 2281 οἷς
3103 2214 3212 2270 οἵδε
3256 2215 3517 2284 κρίμασιν
3556 2212 3725 2264 αὑτοῦ

2153 2316 2504 2385 ἀντιλήψεται
2551 2313 2646 2365 καὶ
2691 2313 2769 2375 εἰς
2816 2310 2990 2380 αῦραν
3023 2309 3210 2376 στήσει
3262 2306 3361 2372 τὴν
3409 2303 3726 2369 καταιγίδα.

2159 2405 2343 2469 Ἔδοξε
2386 2407 2453 2475 τῇ
2500 2402 2749 2472 βασιλεία
2800 2400 2958 2470 ἡμῶν
3006 2397 3428 2467 ἐπιμελέστερον
3474 2392 3729 2463 ἀνιχνεύ-

2159 2496 2353 2550 σασθαι
2387 2495 2483 2547 καὶ
2514 2490 3062 2563 πολυπραγμονῆσαι,
3094 2489 3148 2540 τί
3193 2488 3256 2555 δή
3296 2502 3427 2537 ποτε
3467 2484 3575 2553 ἄρα
3609 2485 3737 2536 ἐστὶ⁵

2155 2592 2217 2644 τὸ
2240 2591 2331 2643 ἐπὶ
2361 2589 2613 2642 τοσοῦτον
2646 2588 2877 2656 κινῆσαν
2909 2586 3007 2656 τὴν
3044 2584 3214 2655 ὀργὴν
3252 2581 3343 2635 τοῦ
3375 2582 3512 2634 Θεοῦ
3540 2583 3633 2634 καὶ
3666 2583 3733 2633 τὸ

2158 2684 2431 2754 ἀπότομον
2469 2681 2569 2734 τοῦ
2601 2679 2773 2750 θυμοῦ
2820 2677 2969 2748 αὑτῷ
3021 2677 3144 2730 καθ’
3194 2675 3353 2745 ἡμῶν
3399 2672 3730 2743 παροξῦναν.

2171 2774 2390 2841 ’Λμέλει
2441 2773 2537 2827 καὶ
2584 2771 2950 2839 ωνεσκέψατο
2998 2769 3392 2837 πνευματικοῖς
3436 2767 3529 2819 καὶ
3567 2766 3737 2827 θείοις

2159 2865 2387 2935 ἀνδράσι
2417 2863 2546 2934 περὶ
2585 2861 2682 2915 τοῦ
2716 2863 3041 2932 πράγματος
3064 2874 3080 2890 ο
3120 2858 3214 2912 καὶ
3245 2857 3367 2909 ἐπεὶ
3397 2855 3568 2926 ἔμαθε
3600 2855 3731 2925 παρ’

2161 2953 2359 3019 αὐτῶν,
2385 2954 2446 3006 οὐ
2479 2951 2682 3021 φαῦλον
2705 2947 2846 3003 εἶναι
2877 2948 3163 3020 παραίτιον
3194 2945 3289 3000 τοῦ
3314 2945 3458 2998 θείου
3490 2961 3733 3015 μηνιμαμ-

2161 3063 2274 3109 τος,
2314 3043 2558 3114 ἅψασθαι
2587 3044 2723 3106 ὅλως
2751 3043 2898 3112 ἡμᾶς
2935 3042 3042 3093 τῶν
3067 3038 3280 3107 εὑαγῶν
3324 3042 3418 3091 καὶ
3450 3038 3612 3090 θείων
3638 3036 3737 3089 τοῦ

497 3158 591 3214 Dei
618 3158 755 3210 iram
786 3151 1101 3214 concitarit,
1132 3146 1551 3212 violentumque
1582 3140 1704 3210 ejus
1728 3138 1973 3192 furorem
2001 3135 2055 3188 in

2162 3135 2300 3188 Θεοῦ
2330 3134 2629 3204 κειμηλίων
2659 3132 2785 3197 (κᾶν
2821 3131 2896 3202 μὴ
2925 3131 3033 3199 ἀπὸ
3061 3129 3303 3198 πονηρᾶς
3330 3128 3487 3182 τοῦτο
3510 3126 3734 3198 καρδίας

500 3266 603 3305 nos
638 3245 875 3302 exacuit.
933 3244 1203 3298 Praeterea
1249 3251 1375 3291 cum
1420 3233 1556 3288 viris
1603 3230 1793 3284 divino
1824 3227 2062 3281 maxime

498 3342 693 3412 spiritu
724 3338 918 3392 alllatis
959 3314 1051 3389 de
1074 3348 1133 3387 re
1183 3332 1301 3400 ipsa
1334 3325 1627 3382 consilium
1674 3321 1794 3374 iniit
1823 3336 1837 3372 :
1874 3327 1931 3372 et
1963 3333 2064 3386 po-

499 3444 784 3501 stcaquam
819 3414 1025 3484 certior
1052 3424 1121 3478 ab
1150 3423 1257 3478 illis
1286 3419 1428 3473 facta
1457 3426 1560 3480 est,
1581 3413 1714 3468 satis
1736 3426 1856 3466 esse
1887 3422 2066 3462 causa:

500 3541 601 3577 cur
628 3525 683 3575 in
720 3534 821 3574 nos
871 3520 949 3571 ira
991 3517 1175 3570 divina
1205 3507 1608 3569 excanduisset,
1640 3503 1785 3572 quod
1823 3498 2068 3570 profanis

502 3614 756 3668 manibus
800 3624 953 3663 sacra
992 3604 1415 3670 venerandaque
1466 3607 1777 3653 sanctarum
1805 3592 2069 3647 ecclesia-

502 3717 623 3754 rum
676 3711 805 3749 vasa
852 3701 1355 3747 contrectasscmus
1390 3687 1628 3755 (etiamsi
1672 3685 1715 3738 si
1767 3682 1915 3735 nulla
1965 3693 2075 3732 nos

500 3783 825 3855 improbitas
856 3781 1063 3833 maleve
1109 3776 1328 3832 conscia
1374 3789 1528 3828 mens
1574 3788 1641 3826 eo
1677 3768 2060 3839 permovisset)

501 3876 632 3948 quia
666 3873 929 3927 nimirum
961 3882 1139 3938 neque
1185 3880 1274 3920 res
1306 3864 1504 3919 divinm
1546 3860 1892 3931 profanandze
1934 3859 2062 3926 sint,

499 3984 603 4025 nec
626 3983 656 4021 a
684 3965 781 4021 Dei
815 3962 1070 4017 manibus
1099 3955 1417 4027 repetenda,
1446 3954 1500 4007 in
1532 3953 1738 4007 aliosve
1768 3965 1901 4006 usus
1920 3940 2067 4006 leon-

2165 3227 2479 3297 πέπρακταί
2515 3243 2573 3278 τε
2623 3230 2716 3278 καὶ
2762 3222 3323 3292 τετελεσιούργηται),
3363 3221 3446 3273 ὅτι
3490 3218 3627 3289 μηδέ
3665 3220 3738 3269 τε

2167 3319 2286 3371 θεῖα
2314 3316 2625 3371 κοινοῦσθαι
2675 3314 2782 3368 τῶν
2835 3314 3200 3384 ἐνδεχομένων
3230 3311 3366 3373 ὅλως
3405 3312 3546 3375 ἐστὶ,
3599 3310 3737 3379 μηδὲ

2134 3402 2234 3463 ’τὰ
2266 3412 2345 3473 είς
2376 3411 2565 3479 χεῖρας
2608 3405 2987 3476 παρατεθέντα
3033 3404 3168 3456 Θεοῦ
3211 3402 3272 3467 ἐξ
3316 3402 3541 3454 ἐκείνων
3581 3396 3739 3462 αὖθις

2169 3499 2621 3570 ἁνταφαιρείσθαι
2652 3499 2748 3552 καὶ
2795 3499 2875 3559 είς
2921 3496 3109 3568 ἐτέρας
3142 3495 3329 3565 χρείας
3371 3492 3739 3555 καταϐιϐάζε-

2171 3595 2296 3646 σθαί
2324 3610 2382 3645 τε
2421 3594 2514 3645 καὶ
2560 3590 2923 3660 στρέφεσθαι’
2981 3588 3090 3641 δεῖν
3144 3588 3285 3654 ἔγνω
3333 3584 3449 3653 ἅμα
3488 3586 3590 3653 μὲν
3639 3585 3743 3636 "civ

2168 3684 2473 3751 μέλλουσαν
2500 3683 2676 3752 ὁρμὴν
2711 3679 3021 3735 ἀναστεῖλαι
3050 3677 3144 3732 τοῦ
3180 3678 3381 3740 κακοῦ,
3419 3678 3507 3731 ’ίνα
3541 3678 3742 3747 μηκέτι

2164 3776 2227 3826 τὸ
2272 3774 2381 3826 ἀπὸ
2410 3773 2562 3827 τοῦδε
2597 3773 2750 3843 παρὰ
2795 3771 3143 3842 Χριστιανοῖς
3191 3767 3466 3838 βασιλεῦσι
3505 3768 3744 3835 πάροδον

2166 3864 2302 3934 εὕρῃ
2355 3864 2503 3929 ποτὲ,
2539 3864 2656 3933 ἅμα
2704 3862 2763 3917 δέ
2812 3864 2909 3916 καὶ
2949 3862 3020 3915 τὰ
3076 3859 3458 3934 προδιελθόντα
3510 3860 3747 3912 καθόσον

2172 3954 2357 4016 σθένος
2391 3953 2663 4007 ἰάσασθαι.

502 4057 785 4119 vertenda,
827 4070 891 4109 ea
925 4066 1047 4123 qua:
1087 4049 1256 4106 semel
1301 4048 1381 4101 illi
1436 4054 1756 4100 consecrata
1803 4042 2006 4109 fuerint
2042 4060 2057 4097 :
2094 4059 2277 4114 opera:
2313 4047 2549 4114 pretium
2611 4046 2690 4100 illi
2724 4044 2841 4099 fore
2910 4044 3087 4098 visum
3122 4052 3227 4107 est,
3253 4053 3312 4098 et
3337 4043 3579 4096 l‘uturum
3606 4039 3740 4100 mali

503 4162 768 4223 impetum
815 4148 1136 4217 reprimere,
1164 4159 1234 4198 ne
1279 4142 1390 4197 ullo
1431 4134 1786 4209 imposterum
1821 4147 2069 4208 tempore
2107 4139 2250 4192 inter
2285 4138 2587 4194 Christiani
2654 4138 2898 4193 nominis
2962 4137 3241 4208 principes
3269 4137 3495 4204 irrepat,
3514 4141 3570 4186 et
3600 4148 3743 4201 pra:-

506 4247 684 4303 teritis
713 4242 890 4313 quoad
933 4243 1053 4310 ejus
1079 4237 1195 4293 lieri
1229 4246 1436 4306 posset,
1471 4247 1713 4303 praesens
1751 4229 1951 4285 aﬂ'erre
1980 4230 2305 4286 remedium.

569 4338 956 4405 Quamobrem,
995 4344 1055 4388 ut
1093 4333 1165 4387 sit
1192 4330 1398 4387 erranti
1446 4327 1717 4383 medicina
1765 4325 2060 4389 confessio,

2242 4323 2453 4379 Οὐκοῦν
2481 4325 2576 4376 καὶ
2602 4324 3066 4394 ἐξομολογουμένη
3098 4324 3326 4376 ἐνώπιον
3359 4319 3491 4373 Θεοῦ
3522 4319 3618 4373 καὶ
3643 4322 3744 4373 ἁν-

502 4449 689 4491 coram
729 4432 836 4485 Deo
879 4437 934 4483 et
966 4425 1282 4481 hominibus
1332 4422 1686 4492 imperatoria
1721 4436 1779 4476 se
1813 4422 2055 4490 majestas

2173 4417 2405 4489 θρὼπων
2432 4419 2463 4485 ἡ
2495 4415 2741 4485 βασιλεία
2776 4432 2879 4485 μου
2924 4415 3019 4467 καὶ
3066 4413 3162 4481 τὴν
3201 4413 3545 4482 συγχώρησιν
3572 4413 3632 4464 ἐν
3657 4405 3743 4471 οἷς

503 4525 808 4596 prolapsam
853 4518 1057 4572 fatetur
1092 4515 1417 4582 veniamque
1447 4511 1662 4566 delictis
1693 4525 1814 4579 qua:
1859 4519 2064 4563 temere

503 4615 722 4672 admisit
766 4627 833 4666 ex
882 4610 1091 4663 intimis
1135 4604 1303 4658 animi
1358 4601 1535 4671 adytis
1568 4600 1846 4670 postulat;
1899 4613 2067 4668 seque

500 4707 686 4763 omnia
719 4717 840 4772 quae
873 4701 956 4755 sui
990 4703 1118 4751 sunt
1144 4693 1381 4763 imperii,
1408 4691 1598 4745 divino
1618 4690 1830 4743 numiui
1863 4689 2068 4743 manci-

506 4809 784 4872 paturum,
820 4806 995 4860 eaque
1029 4788 1243 4843 viribus
1285 4783 1658 4854 imperatoriis
1684 4782 1867 4835 denuo
1908 4781 2069 4834 resti-

508 4871 752 4944 tuturum
791 4883 1100 4953 pollicetur,
1133 4890 1253 4946 quae
1279 4877 1329 4928 in
1365 4873 1691 4927 hodiernum
1719 4886 1890 4940 usque
1923 4871 2066 4922 diem

503 4981 573 5033 ab
612 4974 861 5032 ecclesiis
890 4972 999 5025 Deo
1028 4969 1200 5022 sacris
1228 4966 1407 5019 ablata
1445 4964 1500 5018 in
1538 4963 1897 5032 publicasque
1935 4973 2069 5014 usus

504 5070 643 5126 male
678 5081 832 5122 versa
875 5074 1028 5126 sunt,
1074 5061 1120 5114 si
1167 5058 1346 5121 modo,
1379 5073 1500 5126 quae
1526 5056 1714 5110 orbem
1748 5054 2068 5109 universum

502 5159 777 5229 exagitat.
823 5153 1064 5224 procella
1111 5148 1448 5203 deszcvierit.
1497 5148 1840 5214 imperioque
1891 5154 2070 5199 status

505 5254 700 5308 melior
727 5248 1011 5302 restitutus
1042 5245 1230 5298 fuerit.
1260 5240 1383 5295 Ηωο
1418 5240 1563 5295 enim
1594 5237 1954 5306 persolvenda
1986 5237 2070 5290 ni-

505 5347 616 5400 hilo
657 5343 837 5398 secius
867 5355 1028 5409 quam
1056 5339 1329 5406 privatum
1362 5334 1584 5403 aliquod
1630 5332 1876 5385 debitum
1911 5331 1964 5382 iu
2010 5345 2069 5383 se

503 5438 731 5507 recipit;
765 5448 864 5487 nec
897 5449 954 5487 se
1000 5431 1204 5486 sanctis
1231 5430 1535 5483 obturatum
1579 5424 1827 5480 ccclesiis
1872 5423 2071 5476 infitia-

503 5541 611 5582 tur.
653 5528 830 5593 Quare
866 5525 921 5579 in
961 5532 1240 5593 posterum
1276 5530 1390 5574 tum
1432 5519 1559 5582 sibi,
1595 5528 1711 5571 tum
1745 5527 1865 5585 post
1898 5531 1956 5569 se
1986 5516 2071 5567 l'u-

501 5622 639 5675 luris
690 5616 990 5672 Christiani
1025 5614 1293 5684 dogmatis
1347 5610 1711 5681 principibus,
1758 5624 1922 5663 aurea
1970 5610 2071 5663 hac

499 5714 647 5770 bulla
701 5714 873 5783 legem
931 5726 1041 5765 non
1094 5707 1276 5763 minus
1336 5705 1734 5759 observandam
1797 5705 2066 5773 imponit,

2175 4510 2398 4580 ἔδρασεν
2424 4508 2736 4580 ἀϐουλήτως
2780 4511 2844 4560 ἐκ
2886 4510 3057 4576 μέσης
3101 4506 3515 4573 ἀνακαλουμένη
3543 4502 3743 4571 ψυχῆς,

2175 4603 2555 4672 παρεγγυᾶται
2580 4602 2673 4654 καὶ
2700 4604 2757 4653 ἐν
2777 4602 2996 4669 ἐπηκόῳ
3018 4597 3150 4649 θεοῦ
3178 4595 3546 4655 κατατίθεται,
3566 4597 3707 4645 πάντ
3722 4618 3743 4643 ι

2174 4695 2241 4746 τέι
2269 4694 2376 4745 ἀπὸ
2404 4697 2501 4762 τῆς
2536 4692 2958 4762 αὐτοκρατορίας
2981 4691 3151 4759 αὐτῆς
3180 4690 3273 4741 καὶ
3302 4689 3430 4758 ἂχρι
3458 4688 3557 4757 τῆς
3581 4686 3748 4754 δεῦρο

2175 4788 2283 4838 τὶν
2316 4787 2476 4855 ἱερῶν
2500 4784 2804 4854 ἐκκλησιῶν
2850 4782 3221 4853 ἀφαιρεθέντα
3287 4781 3380 4834 καὶ
3413 4782 3490 4843 είς
3520 4780 3615 4841 τὰς
3648 4777 3745 4830 τοῦ

2174 4881 2433 4950 δημοσίου
2462 4882 2649 4950 χρείας
2686 4878 2991 4948 στραερέντᾳ
3019 4875 3564 4943 ἁποκαταστήσεσθαι
3592 4872 3748 4936 αὖθις

2177 4970 2326 5038 παρὰ
2355 4968 2450 5020 τοῦ
2482 4970 2715 5038 κράτους
2759 4967 2927 5036 αὐτῆς
2969 4968 3086 5027 ταῖς
3118 4963 3436 5032 ἐκκλησίαις
3463 4961 3557 5013 τοῦ
3587 4961 3746 5024 θεοῦ,

2179 5063 2316 5130 μετὰ
2343 5058 2440 5130 τὴν
2473 5060 2572 5128 τῆς
2602 5058 2871 5127 κοσμικῆς
2915 5053 3225 5122 καταιγίδος
3272 5054 3624 5106 νατάπτωσιν
3655 5052 3753 5103 καὶ

2176 5156 2273 5219 τὴν
2299 5153 2395 5221 τῆς
2442 5151 2716 5221 βασιλείας
2760 5152 2842 5213 είς
2890 5149 2953 5202 τὸ
2989 5150 3235 5216 κρεῖττον
3279 5147 3749 5199 ἀποκατάστασιν.

2190 5243 2275 5305 Ὧς
2308 5246 2414 5311 γὰρ
2450 5243 2579 5295 ἴδιον
2608 5245 2765 5311 χρέος
2791 5240 2930 5293 αὐτὰ
2972 5239 3308 5309 ἀναδέχεται,
3345 5238 3438 5289 καὶ
3465 5235 3752 5305 ὀφειλέτης

2178 5331 2316 5387 εἶναι
2344 5341 2460 5397 ταῖς
2495 5337 2677 5402 ἁγίαις
2726 5334 3043 5402 ἐκκλησίαις
3087 5332 3187 5385 οὐκ
3238 5330 3622 5383 ἀπαναίνεται.
3655 5329 3753 5389 Εἰς

2177 5428 2232 5479 δέ
2268 5445 2329 5495 γε
2359 5430 2449 5481 τὸν
2480 5430 2735 5497 ἐσόμενον
2766 5426 2872 5478 ἀπὸ
2912 5424 3066 5477 τοῦδε
3115 5424 3303 5495 χρόνον
3344 5422 3508 5492 ἐαυτῇ
3558 5436 3617 5473 τε
3654 5422 3754 5471 καὶ

2180 5521 2313 5571 πᾶσι
2344 5522 2455 5581 τοῖς
2484 5519 2600 5587 μετ’
2634 5519 2803 5587 αὐτὴν
2829 5518 3177 5588 Χριστιανοίς
3214 5513 3495 5585 βασιλεῦσι
3527 5511 3612 5563 διὰ
3647 5508 3751 5576 τῆς

2180 5610 2458 5677 παρούσης
2484 5609 2877 5679 χρυσοῦούλλου
2903 5610 3121 5678 γραφῆς
3145 5607 3234 5658 τὸν
3253 5607 3361 5658 ἀπο
3392 5602 3524 5656 Θεοῦ
3551 5600 3752 5667 δεσμὸν

2181 5706 2484 5775 ἐπιτίθησι,
2543 5703 2738 5774 μηκέτι
2792 5700 3056 5771 τολμῆσαι
3108 5697 3345 5766 ἅψασθαι
3402 5694 3593 5763 ἱερῶν,
3644 5690 3753 5744 κᾶν
