4102 6200
351 327 461 393 925

353 545 444 580 ναι
471 530 585 589 τοίς
614 528 796 597 ίεροῖς,
831 530 907 598 μὴ
938 527 1245 597 βεδηλῶσαι
1273 531 1341 583 τὰ
1388 529 1507 583 θεῖα
1547 530 1809 599 κειμήλια
1836 529 1924 582 διὰ

352 619 453 683 τῆς
480 620 562 679 εἰς
602 619 892 685 δημοσίους
930 618 1143 683 ἐξόδους
1174 619 1379 673 τούτων
1406 622 1781 690 περιαγωγῆς.
1812 620 1924 673 Μέ-

355 723 447 759 σον
481 703 701 759 δὲ’Θεοῦ
735 709 829 760 καὶ
859 708 1164 778 ἀνθρώπων
1193 710 1449 781 φραγμοῦ
1486 711 1752 774 τεθέντος,
1784 710 1841 763 ὃν
1863 709 1925 762 οὐ

354 796 752 865 παρελεύσεται
778 799 1030 869 εὐσεϐὴς,
1058 799 1335 871 ἄνθρωποι
1371 803 1470 871 μὲν
1499 805 1610 864 τοῖς
1638 801 1925 870 ἡμετέροις

352 888 691 957 χρησόμεθα,
732 890 866 953 Θεὸς
896 891 952 943 δὲ
990 892 1056 944 τὰ
1100 892 1428 945 ἀνατεθέντα
1471 893 1625 963 αὐτῴ
1653 894 1765 958 ἕξει
1803 894 1928 947 dxi-

352 997 509 1050 νητα,
537 983 632 1033 καὶ
666 982 972 1051 πάντολμος
1020 985 1142 1053 χεὶρ
1173 984 1376 1037 τούτων
1418 985 1515 1054 οὐχ
1563 984 1787 1053 ἅψεται.
1818 986 1928 1037 Καὶ

352 1070 407 1123 εἴ
426 1087 530 1133 τις,
574 1071 823 1125 Δέσποτα
856 1078 949 1125 καὶ
985 1073 1105 1139 est,
1152 1074 1214 1127 τὸ
1258 1076 1368 1128 ἀπὸ
1411 1076 1564 1130 τοῦδε
1592 1079 1780 1147 χεῖρας
1809 1077 1928 1129 τολ-

356 1159 521 1229 μήσει
547 1160 829 1214 ἐπιϐαλεῖν
853 1164 965 1225 τοῖς
995 1163 1487 1234 προαφιερωθεϊσιν
1516 1165 1549 1236 ἢ
1580 1168 1674 1218 καὶ
1704 1166 1929 1230 ἐσαῦθις

355 1248 849 1318 ἁνατεθησομένοις
901 1250 1069 1319 ίεροῖς
1120 1251 1217 1305 καὶ
1268 1252 1434 1317 θείοις
1488 1254 1784 1324 κειμελίοις
1836 1256 1930 1309 καὶ

355 1338 605 1402 ἐπίπλοις
652 1339 749 1393 καὶ
798 1342 1018 1395 σκεύεσι
1049 1345 1171 1407 ταῖς
1214 1344 1400 1412 ἁγίαις
1443 1345 1540 1399 καὶ
1590 1348 1814 1408 σεπταῖς
1842 1346 1934 1399 ὲκ-

361 1429 613 1499 κλησίαις
645 1447 759 1495 σου,
804 1433 879 1503 μὴ
913 1433 1010 1487 ῖδοι
1035 1435 1150 1503 φῶς
1177 1438 1236 1490 ὲν
1268 1437 1447 1508 ἡμέρᾳ
1475 1439 1781 1508 ἐπισκοπῆς
1810 1455 1928 1503 σου⁹

358 1521 437 1589 μὴ
483 1522 749 1576 ἀνατείλοι
796 1524 949 1592 ἥλιος
1004 1526 1089 1580 ἐπ’
1141 1529 1303 1582 αὑτὸν
1347 1530 1602 1600 πρωῖνὸν,
1655 1530 1731 1600 μὴ
1777 1530 1931 1598 τύχοι

356 1614 496 1679 μήτε
530 1612 761 1677 ἐνταῦθα
795 1616 893 1685 τῆς
936 1618 1032 1687 σῆς
1084 1618 1340 1689 βοηθείας
1390 1625 1524 1689 μήτε
1582 1621 1791 1674 ἐκεῖθεν
1832 1621 1933 1690 τῆς

352 1702 505 1765 θείας
531 1720 626 1756 σου
652 1705 1007 1776 ἀντιλήψεως,
1036 1709 1170 1763 ἀλλὰ
1196 1712 1533 1782 πανταχόθεν
1559 1712 1709 1766 ἔσται
1733 1714 1929 1783 ἀπερι-

354 1795 629 1861 σκόπητός
659 1813 742 1850 σοι
773 1800 866 1851 καὶ
893 1802 1392 1875 ἀπεριςρρούρητος.
1427 1807 1603 1860 Μόνον
1635 1806 1781 1861 ἵλαθι
1807 1808 1924 1873 νῦν,

355 1885 598 1954 βασιλεῦ,
628 1892 693 1958 τῇ
723 1894 1057 1963 κληρονομίᾳ
1102 1912 1219 1960 σου,
1252 1897 1450 1965 στῆσον
1478 1898 1577 1966 τὴν
1616 1898 1739 1951 καθ’
1771 1899 1929 1968 ἡμῶν

353 1975 572 2031 δικαίαν
617 1981 787 2051 ὀργήν
826 1998 943 2049 σου,
987 1986 1082 2037 καὶ
1126 1987 1472 2055 ἡμαρτηκόσι
1507 1989 1600 2041 καὶ
1635 1988 1731 2042 νῦν
1760 1992 1840 2054 εἰς
1872 1991 1929 2044 σὲ

357 2066 746 2138 ἐπιστρέφουσι
776 2075 1254 2144 συγγνωμόνησον,
1280 2077 1363 2130 ὃτι
1388 2081 1556 2132 πᾶσαι
1582 2080 1638 2133 αι
1665 2082 1931 2151 ἁμαρτίαι

357 2160 513 2228 ἡμῶν
538 2164 605 2231 τῇ
642 2163 864 2235 ἀϐύσσῳ
913 2168 1436 2238 παραμετρούμεναι
1477 2170 1569 2223 τοῦ
1611 2170 1796 2232 ἐλέους
1838 2187 1933 2224 σου

356 2248 492 2302 ὡσεὶ
528 2251 724 2322 κοτύλη
769 2256 1052 2321 φαίνονται
1098 2257 1292 2321 ὕδατος
1335 2260 1473 2331 πρὸς
1510 2260 1631 2314 ὅλον
1667 2262 1936 2332 θαλάττης

362 2336 610 2407 μέγεθος.
666 2341 849 2406 οὓτως
908 2341 1003 2398 οὖν
1057 2347 1489 2419 ὲξομολογοῦμαι
1538 2349 1769 2404 ἐνώπιόν
1817 2366 1935 2417 σου,

359 2429 629 2493 Δέσποτα,
668 2432 730 2484 τὸ
774 2432 980 2503 πλῆθος
1019 2435 1129 2488 τῶν
1169 2436 1453 2507 ἁμαρτιῶν
1507 2454 1630 2507 μου,
1669 2440 1763 2491 καὶ
1795 2439 1938 2492 οὕτω

358 2513 458 2583 τὴν
492 2515 591 2586 σὴν
620 2518 988 2592 ἐπικαλοῦμαι
1043 2527 1463 2594 σωστικωτάτην
1512 2528 1797 2598 ἀντίληψιν
1840 2530 1937 2584 καὶ

360 2605 425 2657 ἐκ
457 2604 668 2674 βαθέων
695 2610 898 2682 ψυχῆς,
942 2614 1312 2685 ἀφιστάμενος
1349 2616 1446 2669 τοῦ
1490 2619 1659 2671 είσέτι
1692 2619 1934 2688 ἅψασθαί

359 2708 415 2744 τι
457 2694 567 2749 τῶν
623 2697 806 2769 ἱερῶν,
857 2702 963 2754 κᾶν
1009 2705 1160 2759 πᾶσά
1210 2723 1278 2775 με
1327 2708 1540 2779 ἀνάγκη
1592 2708 1726 2778 πρὸς
1776 2708 1937 2763 τοῦτο

359 2784 521 2925 una}?
552 2795 846 2860 χρεωστεῖν
890 2793 947 2846 δὲ
992 2795 1087 2847 καὶ
1133 2795 1202 2849 τὰ
1244 2798 1727 2870 προαναληφθέντα
1761 2817 1934 2853 κατα-

359 2887 413 2923 τι
488 2890 667 2925 μενος.

359 2887 667 2942 τιυεμενος.

1419 325 1785 390 ΝονΕιιΑς
1819 323 2507 389 CONSTITUTIONES.

352 445 506 495 πᾶσα
539 439 753 512 ἀνάγκη
781 439 1049 511 βιάζεται,
1083 439 1158 512 μὴ
1188 443 1376 512 χεῖρας
1403 444 1669 510 ἁνάγνους
1705 442 1924 508 ἐπαφεῖ-

2038 452 2195 506 quam
2220 438 2266 492 si
2298 454 2329 492 a
2351 439 2465 493 Deo
2507 440 2635 509 ipso
2666 439 2969 495 dietaretur
3019 452 3036 492 :

3494 321 3600 384 936

3085 438 3164 492 Ne
3195 435 3320 507 quis
3372 435 3602 504 posthac

2026 544 2181 584 saera
2231 539 2437 585 temere
2468 539 2773 586 eontrectet
2814 550 2829 585 :
2879 529 3094 584 etiamsi
3124 529 3207 582 vel
3238 526 3473 581 Cadmea
3506 540 3602 577 ne-

2027 622 2260 676 cessitas
2311 631 2527 693 urgeat,
2564 639 2633 678 ne
2690 637 2885 676 manus
2920 622 3169 690 impuras
3218 618 3389 672 sacris
3435 616 3601 670 rebus

2028 712 2263 784 injiciat,
2301 729 2370 767 ne
2421 713 2648 781 profana
2700 729 2765 767 ex
2813 712 3019 766 divinis
3066 724 3220 765 saera
3262 723 3388 762 vasa
3444 707 3600 766 ﬁant,

2026 802 2155 857 dum
2190 804 2243 856 in
2273 804 2525 872 publicos
2551 818 2685 857 usus
2715 802 3204 857 circumferuntur.
3235 798 3485 865 Cumque
3518 796 3603 849 in-

2029 902 2114 949 ter
2144 895 2312 949 Deum
2342 905 2401 950 et
2440 894 2693 950 homines
2739 897 2809 948 sit
2855 893 3140 949 interstitii
3173 893 3294 945 loco
3333 891 3599 960 positum.

2030 986 2174 1055 quod
2215 986 2401 1040 nullus
2448 987 2513 1053 (si
2549 986 2714 1061 mydo
2746 987 2868 1055 pius
2917 983 3106 1054 fuerit)
3137 981 3598 1051 transgredietur.

2028 1077 2287 1131 homines
2312 1077 2533 1145 quidem
2560 1078 2727 1131 rebus
2758 1076 2964 1130 nostris
2995 1083 3216 1128 utemur
3243 1080 3299 1126 et
3330 1071 3604 1131 fruemur;

2033 1167 2142 1222 Deo
2188 1176 2370 1221 autem
2417 1176 2561 1221 sarta
2609 1176 2753 1222 tecta
2800 1166 3101 1221 manebunt
3138 1176 3480 1233 quaecunque
3519 1159 3601 1214 illi

2030 1271 2351 1315 consecrata
2388 1260 2616 1320 fuerint,
2648 1276 2751 1314 nec
2786 1259 2875 1313 illa
2916 1258 3173 1313 manibus
3216 1257 3300 1310 vel
3344 1252 3599 1308 audacis-

2032 1349 2188 1403 simis
2231 1349 2571 1417 contingent.
2619 1349 2773 1414 Quod
2822 1349 2866 1403 si
2910 1349 3055 1417 quis,
3089 1349 3316 1401 Domine
3349 1347 3515 1406 Deus,
3544 1343 3603 1396 in

2032 1448 2311 1508 posterum
2364 1454 2558 1495 manus
2588 1440 2759 1494 sacris
2795 1448 2851 1493 et
2881 1439 3083 1493 divinis
3112 1437 3366 1499 cimeliis,
3394 1435 3606 1489 utensi-

2032 1531 2182 1586 libus
2212 1540 2269 1585 et
2295 1530 2442 1585 vasis
2468 1546 2589 1600 qua:
2620 1531 2794 1584 sacris
2823 1530 2952 1584 olim
2984 1538 3040 1583 et
3066 1528 3398 1583 venerandis
3433 1526 3605 1581 eccle-

2032 1623 2130 1677 siis
2174 1622 2282 1676 tuis
2326 1621 2506 1676 dicata
2550 1622 2635 1676 vel
2669 1622 2724 1675 in
2769 1631 3050 1690 posterum
3093 1618 3323 1671 dieanda
3375 1616 3604 1676 fuerint.

2037 1714 2260 1783 injicere
2315 1713 2534 1778 audeat,
2587 1712 2635 1766 is
2659 1728 2727 1766 ne
2779 1711 2987 1765 lumine
3044 1709 3098 1763 in
3139 1708 3229 1761 die
3276 1703 3606 1760 visitationis

2037 1811 2142 1857 tuae
2177 1802 2418 1866 fruatur,
2444 1818 2516 1856 ne
2559 1802 2643 1856 sol
2676 1802 2752 1855 illi
2806 1800 3110 1855 matutinus
3162 1799 3466 1855 illucescat,
3504 1806 3607 1847 nec

2035 1904 2131 1948 tuo
2163 1893 2255 1947 hic
2285 1892 2514 1954 auxilio.
2542 1907 2645 1946 nec
2690 1901 2781 1946 tua
2834 1891 3000 1945 isthic
3041 1889 3229 1943 divina
3264 1884 3604 1953 protectione

2035 1982 2307 2053 gaudeat;
2352 1984 2448 2037 sed
2485 1983 2689 2051 ubique
2736 1982 3029 2049 despectus
3061 1995 3091 2033 a
3135 1987 3187 2032 te
3243 1977 3605 2040 desertusque

2029 2076 2233 2145 jaceat.
2273 2073 2507 2128 Tantum
2540 2074 2811 2143 propitius
2839 2082 2958 2125 esto
2988 2084 3155 2133 nunc,
3211 2083 3244 2121 ο
3281 2081 3395 2125 rex.
3428 2064 3604 2116 lncre-
3687 2124 3692 2130 ἱ

2032 2166 2188 2220 dilati
2221 2174 2347 2222 tute.
2381 2165 2512 2219 siste
2537 2166 2739 2234 justam
2765 2164 2912 2216 illam
2940 2163 3076 2213 iram
3103 2174 3208 2228 qua
3241 2158 3293 2209 in
3324 2170 3424 2209 nos
3444 2168 3605 2206 exar-

2033 2256 2177 2318 sisti.
2233 2256 2365 2324 quin
2427 2270 2589 2324 parce
2634 2253 2816 2317 nobis,
2876 2250 2973 2318 qui
3019 2264 3144 2304 cum
3194 2244 3611 2315 peccaverimus

2035 2356 2219 2409 antea,
2262 2361 2410 2400 nunc
2441 2344 2659 2399 tandem
2697 2344 2764 2397 ad
2820 2354 2873 2397 te
2916 2339 3316 2396 convertimur.
3348 2333 3613 2403 quoniam

2036 2437 2222 2491 omnia
2253 2446 2475 2507 peccata
2505 2445 2690 2490 nostra
2711 2450 2835 2489 cum
2862 2430 3258 2487 misericordiae
3282 2437 3389 2480 tua:
3409 2424 3611 2492 abysso

2039 2528 2237 2583 collata
2266 2536 2323 2583 et
2369 2528 2521 2582 velut
2563 2527 2630 2581 ad
2668 2525 3124 2597 perpendiculum
3159 2518 3491 2576 examinata.
3531 2514 3612 2567 sic

2039 2634 2099 2674 se
2127 2620 2334 2674 habent
2361 2629 2618 2688 tanquam
2650 2632 2804 2686 aqua:
2830 2616 3073 2677 hemina,
3092 2614 3138 2668 si
3173 2625 3298 2665 cum
3326 2617 3441 2662 toto
3471 2602 3615 2658 mari

2041 2709 2375 2763 conferatur.
2412 2707 2483 2763 Ut
2525 2723 2656 2779 ergo
2684 2722 2871 2762 coram
2898 2715 2975 2769 te,
3017 2702 3271 2763 Domine,
3301 2692 3612 2750 multitudi-

2042 2814 2165 2853 nem
2195 2808 2548 2870 peccatorum
2582 2813 2829 2853 meorum
2856 2796 3155 2854 eontiteor,
3184 2792 3259 2844 ita
3292 2797 3446 2841 tuum
3477 2798 3614 2853 quo-

2043 2904 2151 2959 que
2182 2891 2419 2946 maxime
2457 2890 2800 2946 salutiferutn
2846 2886 3110 2941 auxilium
3152 2882 3405 2949 imploro,
3432 2891 3499 2930 ex
3527 2874 3615 2928 in-

361 2966 623 3038 timisque
664 2974 832 3027 animi
881 2976 1260 3045 penetralibus
1291 2995 1321 3035 a
1380 2995 1555 3039 sacris
1586 2983 1641 3038 in
1687 2992 1971 3053 posterum
2011 2986 2414 3054 pertractandis
2440 2984 2716 3041 desistens
2741 2979 2977 3052 (etiamsi
2999 2987 3244 3032 extrema
3273 2987 3360 3026 me
3424 2981 3626 3024 neces-

361 3067 496 3121 sitas
524 3083 591 3123 eo
642 3071 906 3141 impellat)
949 3083 1005 3129 et
1034 3075 1337 3132 debitorem
1367 3094 1582 3143 eorum,
1614 3095 1735 3149 qua:
1769 3090 1928 3137 antea
1971 3080 2099 3136 inde
2126 3079 2304 3135 ablata
2334 3079 2580 3138 fuerunt.
2616 3092 2703 3132 me
2738 3076 2975 3145 ingenue
3002 3072 3285 3142 proﬁteor.

448 3158 572 3213 Ἐπὶ
611 3162 822 3227 τούτοις
850 3166 958 3235 γὰρ
992 3168 1085 3219 καὶ
1128 3168 1220 3221 τὸν
1251 3169 1493 3239 παρόντα
1538 3172 1933 3241 χρυσὸὄουλλον
1961 3178 2001 3233 C

368 3248 526 3317 λόγον
549 3252 835 3323 ἑξεθέμην,
867 3257 1108 3321 ἁπάσαις
1130 3262 1250 3320 ταῖς
1282 3260 1599 3331 ἐκκλησίαις
1629 3279 1725 3315 σου
1754 3264 1933 3332 ἀσφα-

366 3339 455 3400 λὲς
496 3342 887 3415 φυλακτήριον,
944 3348 1007 3399 ia‘
1051 3350 1080 3401 ὁ
1135 3350 1243 3401 ἀπὸ
1291 3350 1445 3404 τοῦδε
1500 3351 1785 3422 τολμήσων
1828 3354 1938 3406 τῶν

369 3430 531 3500 ιερῶν
586 3434 729 3498 τινὸς
779 3439 1075 3507 κειμηλίων
1122 3440 1500 3510 παράφασθαι,
1550 3442 1624 3504 ὡς
1681 3443 1938 3512 ἄντικρυς

370 3522 644 3591 ἱερόσυλος
682 3526 830 3596 παρὰ
880 3529 963 3580 σοὶ
1010 3530 1242 3591 καὶτοῖς
1288 3529 1604 3583 εὐσεϐοῦσιν
1631 3530 1939 3602 ἀνθρώποις

367 3604 683 3675 λογίζηται·
732 3616 1096 3683 γεγενημένον
1130 3618 1269 3669 κατὰ
1307 3618 1399 3671 τὶν
1444 3617 1753 3686 Λῦγουστον
1797 3618 1942 3689 μῆνα

368 3695 470 3762 τῆς
511 3694 552 3748 ε’
588 3699 911 3766 ίνδικτιῶνος
962 3708 1020 3756 ἐν
1069 3706 1177 3759 ἔτει
1215 3707 1294 3776 τῷ
1326 3706 1499 3781 ὀς-φὶς,
1537 3710 1595 3761 ὲν
1645 3703 1690 3777 ᾧ
1737 3710 1832 3763 καὶ
1883 3711 1943 3763 τὸ

371 3788 642 3859 ἡμέτερον
688 3794 908 3859 εὐσεϐὲς
964 3797 1061 3850 καὶ
1108 3796 1504 3869 θεοπρόόλητον
1553 3799 1945 3870 ὑπεσημήνατο

369 3879 592 3950 κράτος.

2104 3169 2165 3224 ln
2186 3170 2347 3238 hujus
2370 3169 2516 3222 enim
2542 3166 2620 3221 rei
2645 3162 3115 3220 conﬁrmationem
3146 3156 3420 3212 universis
3439 3153 3615 3209 eccle-

2043 3258 2143 3314 siis
2171 3258 2281 3312 tuis
2310 3257 2518 3311 sanctis
2554 3256 2696 3308 hanc
2728 3266 2888 3305 aurea
2926 3251 3073 3303 bulla
3108 3247 3451 3315 obsignatam
3483 3259 3612 3295 ora-

2046 3349 2273 3409 tionem,
2295 3355 2551 3414 tanquam
2574 3353 2749 3397 tutum
2768 3340 2989 3409 aliquod
3008 3337 3314 3391 antidotum
3338 3335 3610 3403 appendi:

2045 3444 2105 3488 ut
2130 3434 2445 3502 quicunque
2475 3430 2700 3500 posthac
2734 3442 3013 3482 sacrarunt
3062 3424 3402 3479 eimeliorum
3433 3422 3610 3491 quod-

2045 3528 2190 3595 piam
2223 3534 2565 3578 contrectare
2609 3536 2774 3575 ausus
2800 3520 2989 3580 fuerit.
3024 3517 3176 3586 impii
3204 3514 3472 3584 sacrilegii
3506 3529 3607 3567 no-

2044 3616 2214 3677 mine.
2248 3617 2388 3685 apud
2419 3625 2470 3669 te
2496 3624 2551 3669 et
2577 3614 2697 3684 pios
2719 3627 2969 3681 quosque
3008 3610 3261 3664 homines
3282 3616 3574 3662 censeatur
3596 3624 3613 3659 :

2043 3706 2171 3762 data
2202 3722 2389 3761 mense
2421 3707 2666 3775 Augusto
2698 3704 2904 3772 quintae
2936 3700 3278 3763 indictionis,
3307 3713 3453 3752 anno
3485 3711 3615 3766 qua-

2049 3808 2133 3855 ter
2187 3799 2480 3854 millesimo
2560 3795 3002 3868 quingentesimo
3052 3792 3407 3862 nonagesimo
3448 3830 3464 3853 ,
3504 3802 3621 3858 quo

2044 3891 2265 3963 quidem
2294 3899 2538 3960 tempore
2561 3891 2708 3959 pium
2740 3902 2959 3958 quoque
2990 3886 3093 3940 huc
3113 3896 3167 3940 et
3191 3885 3302 3938 Deo
3335 3879 3623 3936 subditum

2047 3984 2344 4056 imperium
2374 3982 2536 4038 nobis
2569 3981 2912 4051 designatum
2943 3989 3048 4034 est.

1956 4120 2044 4179 Ill.

1017 4207 1156 4281 Imp.
1191 4209 1365 4267 Alexii
1394 4212 1651 4268 Comumi
1684 4216 1985 4270 constitutio
2010 4219 2073 4269 de
2094 4213 2370 4285 metropoli
2402 4209 2807 4266 Lacedwmonia:
2834 4206 2934 4278 (2).

1812 4296 1939 4370 (Non
1966 4307 2169 4368 exstat.)

1956 4420 2042 4475 IV.

1172 4508 1198 4562 Ι
1207 4527 1313 4581 mp.
1344 4511 1518 4566 Alexii
1549 4510 1802 4568 Comneni
1825 4514 2042 4569 Novella
2059 4514 2122 4568 de
2150 4511 2423 4583 metropoli
2442 4510 2703 4566 Attalensi
2730 4509 2829 4581 (5).

1821 4630 1949 4693 (Νοη
1973 4631 2179 4692 exstat.)

1124 4736 1203 4796 E'.

389 4830 654 4900 ’AthEt'ov
686 4829 789 4884 τοῦ
818 4829 1129 4900 Ιιόμνηνοῦ
1159 4831 1291 4900 περὶ
1340 4828 1445 4900 τοῦ
1477 4828 1805 4884 itaret-moi}
1853 4830 1952 4884 καὶ

448 4899 569 4952 τῶν
623 4899 950 4968 διδομένων
994 4899 1332 4966 συνηθειῶν
1388 4899 1535 4966 ὑπὲρ
1582 4901 1954 4967 χειροτονίας

447 4970 547 5023 καὶ
582 4971 914 5036 ίερολογίας
946 4969 1136 5037 γάμου
1165 4971 1263 5023 καὶ
1293 4972 1425 5035 περὶ
1457 4970 1562 5022 τοῦ
1591 4970 1831 5034 ἀερικοῦ
1855 4969 1954 5022 καὶ

450 5038 693 5092 πάντων
728 5039 845 5107 τῶν
873 5039 1165 5107 ψυχικῶν
1203 5041 1668 5107 χρυσόϐοιιλλον
1698 5040 1954 5093 tuamor

450 5102 1067 5174 ἐκτεθειμέιοον’κὶίτὰ
1092 5102 1257 5176 nam}
1304 5102 1704 5177 Σεπτέμϐριον
1753 5108 1863 5175 τῆς
1905 5111 1954 5161 0'

451 5177 861 5245 ἐπινεμήσεως
892 5177 988 5244 (ι).

467 5282 527 5338 ’0
557 5285 699 5337 κατὰ
722 5286 947 5355 καιροὺς
972 5285 1227 5358 θεοφιλὴς
1260 5288 1495 5357 ἑκάστης
1520 5285 1700 5357 χώρας
1730 5285 1952 5339 ἐπίσκο-

382 5388 486 5439 πος
515 5378 698 5430 ἐκεῖνα
723 5376 953 5446 λήψεται
1007 5379 1146 5447 ὑπὲρ
1178 5378 1463 5433 κανονικοῦ
1498 5378 1665 5433 αὐτοῦ
1697 5380 1803 5431 ἀπὸ
1842 5380 1951 5431 τῶν

456 5489 533 5562 (g)
564 5491 725 5562 Auno
761 5492 917 5547 1082.
939 5524 1011 5532 —
1042 5493 1320 5548 Laudatur
1336 5495 1403 5549 ad
1422 5494 1949 5562 Disposit.thronor.

388 5559 444 5629 in
473 5558 610 5613 Coll.
662 5576 784 5615 can.
835 5563 925 5617 cd.
964 5565 1144 5617 thalli
1172 5574 1227 5619 ct
1259 5564 1417 5629 Polli,
1454 5558 1673 5626 v.48“).
1719 5565 1880 5619 Zacu.
1921 5581 1951 5617 Α

391 5628 684 5683 thcsorn.

462 5698 536 5765 (5)
578 5704 733 5755 Auno
769 5700 922 5756 1084.
954 5732 1023 5742 -
1059 5700 1334 5759 Laudatur
1368 5701 1500 5757 ibid.
1529 5719 1582 5772 p.
1612 5704 1730 5758 481.
1770 5703 1844 5759 Ιυ.

2796 4741 2861 4796 ν.

2057 4833 2234 4889 Alexii
2281 4830 2532 4887 Comneni
2593 4831 2667 4883 De
2716 4832 2989 4893 canonico,
3052 4837 3102 4882 et
3149 4830 3622 4892 consuetmlinibns.

2132 4921 2248 4974 qua?
2286 4903 2639 4974 ordinationis
2691 4902 2899 4974 nomine
2947 4900 3165 4974 dantur,
3208 4900 3371 4966 duque
3409 4900 3623 4953 ὺριιειιίο

2130 4970 2299 5027 ctione
2343 4972 2689 5038 nuptiarum.
2735 4979 2784 5023 et
2825 4970 2888 5021 de
2934 4971 3142 5030 aerico.
3177 4977 3328 5034 atque
3374 4972 3624 5022 universi:

2128 5048 2198 5097 ad
2248 5044 2479 5096 animam
2529 5040 2916 5108 spectantibus.
2970 5055 3147 5092 aureae
3199 5038 3355 5093 bulla:
3392 5040 3623 5098 sanctio.

2129 5113 2269 5166 edita
2301 5126 2476 5165 mense
2511 5108 2818 5176 Septembri,
2860 5108 3139 5162 indictione
3169 5124 3238 5161 Ix.

2133 5284 2440 5354 lteligiosus
2468 5297 2566 5351 pro
2591 5292 2837 5351 tempore
2860 5280 3129 5350 cujusque
3158 5278 3397 5349 regionis
3420 5279 3628 5348 cpisco-

2059 5393 2184 5448 pus,
2216 5375 2464 5431 canonici
2522 5374 2605 5428 sui
2667 5372 2888 5427 nomine
2934 5372 3004 5426 ab
3044 5370 3362 5425 hominibus
3395 5371 3478 5425 sui
3518 5371 3627 5427 loci

2134 5493 2210 5557 (αἱ)
2251 5492 2408 5546 Anno
2464 5489 2597 5543 1086
2657 5485 3292 5550 vindieavcrim;clerus
3342 5485 3630 5548 nimirum,

2063 5563 2226 5617 siuml
2278 5571 2444 5629 atque
2484 5575 2660 5612 novus
2687 5562 2988 5627 imperator
3015 5572 3241 5629 regnum
3284 5566 3627 5629 occupasset.

2065 5624 2477 5700 privilegiorum
2511 5644 2735 5683 suorum
2766 5624 3257 5700 conﬁrmationem
3288 5624 3356 5678 ab
3395 5624 3633 5695 impera-

2072 5711 2187 5757 ιρι-ο
2223 5698 2340 5755 tieri
2371 5700 2564 5755 sedulo
2594 5700 2842 5756 curabat.
2876 5698 2952 5754 lo.
