4102 6200
410 297 522 357 933

1505 295 1649 357 NOV
1658 296 1871 354 ΕΙ..ιῶ
1914 296 2054 354 CUN
2066 296 2471 355 S’l‘l'l‘U'l‘lON
2481 297 2590 357 ES.

3557 310 3666 370 931

412 416 502 474 λές
527 411 619 464 καὶ
652 408 749 477 τῆς
774 404 926 470 θείας
958 406 1220 475 ἐχόμενον
1253 406 1644 477 ἐντολῆε,’τοῖς
1677 408 1733 460 δέ
1768 424 1829 475 γε
1866 408 1988 460 κατ’

2093 414 2312 474 ceptum
2345 416 2429 461 est
2450 409 2494 461 si
2523 408 2686 463 iidem
2713 409 3012 466 virtutibus
3047 412 3286 483 insignes
3306 425 3471 480 sunt;
3502 416 3667 486 idque

413 505 615 576 ἀρετὴν
645 501 979 570 διαφέρουσι,
1018 499 1111 551 καὶ
1163 498 1299 560 ὅλως
1336 499 1423 551 διὰ
1453 499 1571 568 βίου
1606 500 1987 566 ἀνακειμένοις

413 596 553 666 Θεῷ,
593 592 768 662 πολλῷ
806 589 1007 660 μᾶλλον
1034 590 1091 643 δὲ
1124 590 1396 659 θειότερον
1442 589 1535 642 καὶ
1566 592 1872 659 κρείττονος
1903 587 1990 641 λό-

414 705 509 756 γου
533 685 774 750 ἐπάξιον.
810 684 884 735 Τὸ
927 685 1034 751 γὰρ
1066 679 1416 751 συναίρεσθαι
1445 682 1653 743 τούτοις
1698 682 1793 733 καὶ
1829 682 1989 751 χεῖρα

411 774 624 844 ὀρέγειν
656 769 930 838 βοηθείας,
960 772 1016 821 ὲν
1056 764 1138 831 οἷς
1174 768 1284 839 ἄρα
1322 768 1416 822 καὶ
1456 769 1681 833 δέοιντο,
1728 769 1863 822 Θεοῦ
1896 771 1990 821 ἄν·

409 880 602 934 τικρυς
635 860 948 932 συνεργείᾳ,
998 862 1140 914 κατὰ
1168 863 1261 913 τὸν
1293 861 1466 930 μέγαν
1500 863 1596 914 καὶ
1646 862 1788 915 θεῖον
1826 862 1989 914 Ἀπό-

410 955 618 1015 στολον,
651 955 748 1006 καὶ
793 952 893 1021 τῆς
929 952 1189 1021 ἐναρέτου
1243 952 1520 1016 πολιτείας
1568 954 1663 1006 καὶ
1708 954 1988 1022 διαγωγῆς

411 1048 766 1113 συντήρησις.
826 1043 926 1096 Διά
970 1059 1053 1095 τοι
1099 1043 1260 1097 τοῦτο
1288 1045 1385 1096 καὶ
1414 1045 1446 1113 ἡ
1476 1043 1726 1113 βασιλεία
1756 1062 1857 1115 μου
1893 1046 1988 1097 καὶ

410 1140 545 1189 πᾶσι
578 1136 679 1204 μὲν
707 1136 819 1197 τοῖς
854 1132 1035 1196 ἄλλοις
1073 1134 1283 1187 δίκαιον
1329 1136 1543 1205 ἡγεῖται
1598 1135 1984 1204 συμπαθέστε-

414 1246 507 1298 ρον
562 1225 938 1278 ἑπικλίνεσθαι
997 1224 1219 1287 καὶτὰς
1271 1226 1369 1278 τοῦ
1397 1225 1584 1289 ἐλέους
1634 1226 1983 1295 ὲποχετεύειν

415 1315 598 1384 πηγὰς
636 1301 899 1384 δαψιλεῖς,
935 1314 1170 1383 μάλιστα
1213 1314 1271 1367 δὲ
1299 1315 1408 1367 τῶν
1434 1316 1691 1368 ἁπάντων
1726 1311 1809 1378 οἷς
1844 1315 1985 1367 κατὰ

419 1409 584 1476 μονὰς
614 1409 641 1459 ὁ
680 1406 793 1475 βίος
825 1407 943 1459 ἐστὶ
986 1406 1083 1459 καὶ
1120 1407 1216 1475 τῆς
1247 1407 1518 1476 κοσμικῆς
1545 1407 1814 1478 ἀποδιῃρη
1825 1408 1983 1475 μένος

418 1500 717 1568 περιφορᾶς
748 1499 841 1550 καὶ
893 1498 1227 1566 συγχύσεως.
1262 1498 1451 1550 Ἔνθεν
1482 1515 1565 1550 τοι
1596 1498 1689 1550 καὶ
1725 1499 1800 1567 τῷ
1829 1499 1985 1551 εὐλα-

415 1591 662 1659 ϐεστὰτῳ
698 1590 918 1658 μοναχῴ
974 1588 1354 1658 Χριστοδούλῳ
1407 1590 1501 1641 καὶ
1549 1591 1855 1661 ήσυχαστῇ,
1914 1590 1984 1660 τῷ

414 1680 543 1748 πρὶν
571 1682 628 1731 ἐν
657 1679 734 1747 τῷ
761 1678 877 1746 ὅρει
898 1677 991 1731 τοῦ
1019 1680 1263 1748 Λάτρους
1295 1679 1360 1731 τὰ
1391 1678 1534 1731 κατὰ
1556 1679 1686 1731 Θεὸν
1727 1680 1985 1747 ποιουμέ-

409 1788 488 1840 νῳ
512 1770 793 1839 διατριϐὰς
842 1772 935 1821 καὶ
967 1769 1059 1821 τὸν
1090 1771 1386 1840 ἀσκητικὸν
1417 1768 1693 1823 διανύοντι
1741 1771 1979 1835 δίαυλον,

410 1863 640 1932 ἡσυχίας
690 1861 1010 1930 τυγχάνοντι
1028 1861 1276 1931 διαπύρῳ
1298 1864 1500 1932 ἐραστῇ
1535 1863 1628 1913 καὶ
1653 1861 1812 1930 ἔργον
1835 1861 1980 1913 τιθε-

413 1952 559 2021 μένῳ
583 1952 830 2017 διηνεκὲς
854 1952 910 2003 ἐν
933 1952 1045 2012 τοῖς
1078 1948 1172 2002 τοῦ
1194 1951 1329 2003 Θεοῦ
1355 1950 1685 2019 δικαιώμασι
1719 1953 1859 2003 κατά
1890 1967 1983 2020 μο-

411 2043 508 2105 νὰς
534 2042 866 2110 ἀδολεσχεῖν,
902 2041 1120 2109 αἴτησιν
1164 2042 1574 2112 προτειναμὲνῳ
1613 2042 1758 2111 μάλα
1787 2041 1980 2111 θεάρε-

412 2134 536 2185 στόν
565 2148 622 2184 τε
655 2132 751 2184 καὶ
781 2131 1024 2199 εὕλογον,
1054 2132 1256 2202 ὑπέσχε
1290 2131 1390 2195 τὰς
1421 2133 1643 2201 ἁκοὰςῆ
1676 2133 1982 2201 γαληνὸτης

410 2220 568 2291 ἡμῶν
597 2222 900 2288 συμπαθῶς
936 2222 1031 2275 καί
1078 2221 1178 2292 τὴν
1208 2222 1428 2291 αἴτησιν
1479 2221 1862 2293 ὲξεπλήρωτεν
1890 2224 1981 2275 εὑ-

411 2298 605 2382 χερῶς.
654 2315 809 2365 Ἐπεὶ
838 2314 947 2383 γὰρ
979 2316 1008 2367 ὁ
1057 2313 1311 2384 θεοφιλὴς
1342 2309 1497 2378 οὗτος
1531 2314 1668 2386 ἀνὴρ
1706 2316 1775 2368 δι’
1805 2316 1983 2386 ἔρωτα

411 2405 638 2474 ἡσυχίας
676 2407 771 2458 aut
822 2407 985 2458 πόθον
1020 2406 1138 2476 βίου
1198 2407 1462 2476 ὲρημικοῦ
1497 2407 1840 2475 καταγώγιον
1881 2411 1982 2461 ἐπ-

411 2499 595 2567 εζήτει
624 2500 805 2569 εὑρεῖν
828 2499 905 2569 τῷ
940 2503 1130 2570 οίκείῳ
1168 2501 1353 2571 τρόπῳ
1380 2502 1472 2554 καὶ
1504 2501 1603 2570 βίῳ
1627 2502 1978 2571 κατάλληλον,

409 2590 606 2657 διέγνω
633 2592 690 2643 δὲ
722 2592 820 2661 τὴν
850 2592 1070 2660 Πάτμον
1099 2593 1280 2662 νῆσον,
1315 2592 1485 2654 ἄλλως
1520 2592 1619 2661 μὲν
1653 2588 1816 2643 οὖσαν
1846 2608 1984 2661 τρα-

411 2682 563 2749 χεῖάν
598 2698 657 2732 τε
688 2684 779 2734 καὶ
832 2683 1063 2754 λυπρὰν,
1108 2683 1326 2752 πίειραν
1354 2682 1409 2733 δὲ
1456 2684 1551 2734 καὶ
1581 2683 1716 2750 πρὸς
1751 2682 1982 2752 καρπῶν

413 2769 858 2839 ἐπιτηδειοτάτην
888 2774 1275 2839 πνευματικῶν
1320 2772 1511 2841 φορὰν,
1545 2773 1596 2823 εἴ
1631 2788 1714 2833 τις
1759 2773 1816 2825 ὲν
1844 2774 1979 2841 αὐτῇ

411 2862 736 2914 καταϐαλεῖν
763 2861 935 2914 ἐθέλοι
956 2862 1025 2914 τὰ
1053 2863 1272 2933 θεοφιλῆ
1299 2865 1408 2915 τῶν
1430 2863 1638 2933 ἀρετῶν
1666 2864 1981 2933 σπέρματα,

412 2955 505 3006 καὶ
558 2954 784 3024 ἀρετῆς,
835 2954 911 3017 ὡς
965 2957 1161 3019 εἰπεῖν,
1216 2956 1569 3025 ὑπάρχουσαν
1619 2957 1982 3025 ἐργαστήριον

2089 510 2119 549 a
2163 496 2396 564 fortiori,
2443 499 2488 553 si
2544 510 2708 555 totam
2738 501 2903 555 vitam
2937 504 3046 557 Deo
3073 516 3413 561 consecrant.
3459 508 3667 562 Idcirro

2084 585 2359 655 ejusmodi
2457 590 2715 645 omnibus
2806 601 3001 660 prarter
3060 610 3222 663 quam
3298 597 3443 665 quod
3524 597 3666 654 Deus

2088 676 2407 743 auxiliatur,
2445 694 2545 734 nos
2592 695 2812 751 quoque
2859 697 2957 752 pro
2992 684 3204 739 viribus
3253 702 3662 754 succurramus,

2087 767 2200 823 divi
2262 785 2535 826 memores
2593 773 2840 840 Apostoli
2895 774 2989 841 qui
3050 775 3182 830 dicit
3235 792 3333 845 per
3396 780 3664 849 ejusmodi

2090 860 2544 929 operajustitiam
2573 877 2634 915 ac
2660 863 2835 932 legem
2860 866 3170 936 adimpleri.
3202 869 3412 925 Idcirco
3463 873 3662 943 majes-

2088 958 2172 1004 tas
2207 966 2327 1005 mea
2351 953 2609 1007 omnibus
2641 956 2864 1023 quidem
2895 972 2952 1012 se
2985 974 3195 1028 aequam
3228 972 3505 1030 praestare,
3543 979 3663 1018 om-

2088 1056 2187 1096 nes
2218 1043 2385 1096 etiam
2409 1044 2696 1102 beneﬁciis
2733 1064 2854 1117 quae
2900 1065 2931 1104 e
2968 1050 3133 1105 corde
3160 1061 3348 1108 nostro
3369 1056 3524 1123 quasi
3554 1060 3663 1109 lar-

2085 1133 2271 1201 gitatis
2325 1134 2486 1187 rivuli
2549 1139 2881 1201 scaturiunt.
2972 1140 3252 1196 devincire
3326 1146 3661 1213 propositum

2085 1236 2304 1291 semper
2335 1224 2549 1287 habuit,
2578 1227 2674 1280 sed
2708 1243 2806 1281 eos
2847 1230 3149 1297 praesertim
3181 1231 3299 1300 qui,
3330 1234 3497 1285 vitam
3546 1249 3661 1287 mo-

2085 1312 2351 1365 nasticam
2400 1322 2629 1381 agentes
2659 1315 2826 1376 rebus
2857 1318 3154 1373 mundanis
3183 1322 3661 1376 abrenuntiarunt.

2087 1398 2237 1453 Hauc
2263 1400 2334 1453 oh
2364 1417 2581 1455 causam
2608 1419 2828 1472 quoque
2862 1405 3235 1470 Christodulo,
3266 1409 3534 1465 mona‘eho
3578 1423 3664 1465 at-

2086 1503 2193 1558 que
2227 1493 2473 1546 eretnitm
2506 1494 2939 1562 religiosissime,
2973 1497 3065 1565 qui
3107 1499 3340 1552 antehac
3372 1501 3533 1553 vitam
3565 1504 3660 1553 dc-

2089 1592 2270 1636 votam
2338 1585 2554 1653 piisque
2601 1586 2884 1640 exercitiis
2941 1588 3152 1656 plenam
3190 1589 3243 1641 iii
3296 1601 3480 1644 monte
3510 1591 3657 1646 Latri

2089 1673 2376 1738 habuerat,
2420 1676 2684 1744 cperihus
2743 1678 3119 1741 htnnanitatis,
3182 1680 3295 1733 Deo
3352 1682 3663 1752 instigante.

2085 1763 2523 1827 uuiceintentus,
2550 1781 2737 1820 aurem
2770 1768 3102 1834 praebuimus
3131 1771 3367 1837 facilem,
3395 1788 3457 1825 ea
3495 1774 3667 1843 siqui-

2081 1855 2205 1907 dem
2237 1856 2559 1924 suppliciter
2600 1859 2831 1926 petenti,
2880 1874 3000 1926 qua:
3044 1864 3666 1934 cumrationeitemque

2082 1946 2178 1999 Dei
2215 1946 2491 2001 voluntate
2534 1950 2673 2002 mire
2722 1960 3072 2020 congruunt;
3124 1953 3233 2007 imo
3290 1965 3665 2024 lergratanter

2081 2038 2402 2093 annuimus.
2436 2039 2573 2093 Cum
2633 2042 2782 2094 enim
2840 2043 2927 2095 vir
2978 2059 3201 2098 sanetus
3252 2047 3454 2114 quietis
3482 2047 3665 2101 studio

2084 2130 2322 2198 vitaeque
2357 2131 2616 2186 solitaria
2647 2149 2836 2189 amore
2893 2135 3090 2190 ductus
3123 2137 3487 2192 diversorium
3541 2143 3666 2193 vita:

2083 2220 2256 2289 ipsius
2301 2223 2655 2294 moribusque
2711 2228 3043 2282 conveniens
3067 2229 3371 2298 qumsisset,
3399 2231 3662 2284 insulam-

2084 2329 2192 2381 que
2228 2314 2526 2383 delegisset
2551 2318 2798 2382 l’atmon,
2822 2333 3073 2387 asperam
3099 2320 3318 2391 quidem
3348 2332 3400 2375 et
3437 2324 3667 2378 tuarum»

2083 2417 2233 2464 nam,
2261 2404 2356 2456 sed
2382 2405 2638 2469 fertilem,
2667 2406 2713 2460 si
2763 2406 2975 2462 fructus
3004 2419 3219 2478 spectes
3244 2411 3577 2479 spirituales,
3614 2413 3663 2467 si

2083 2494 2209 2561 quis
2246 2496 2455 2548 semina
2482 2496 2590 2549 Deo
2618 2506 2771 2567 grata
2814 2499 3113 2553 recondere
3139 2501 3264 2554 velit
3300 2501 3354 2555 in
3384 2502 3484 2556 hac
3506 2504 3662 2571 quasi

2084 2585 2351 2638 virtutum
2384 2586 2599 2641 oliicina
2629 2588 2679 2656 (ο
2715 2589 2990 2659 principio
3021 2592 3168 2644 enim
3209 2591 3503 2663 Iprivilegii
3539 2610 3666 2663 par-

2087 2678 2259 2745 ticeps
2286 2677 2454 2733 fuisse
2489 2681 2771 2746 cujusdam
2797 2682 3035 2748 videtur,
3061 2683 3207 2752 quod
3246 2683 3321 2737 ibi
3351 2686 3495 2739 tilius
3525 2686 3664 2739 toni-

2086 2777 2172 2819 tru
2197 2782 2224 2819 a
2248 2768 2472 2822 Christo
2507 2770 2883 2840 maximopere
2914 2771 3143 2826 dilectus
3173 2773 3496 2837 habitasset;
3535 2775 3665 2828 sita-

2084 2871 2191 2927 que
2229 2856 2356 2912 dein
2382 2869 2468 2913 est
2498 2858 2572 2912 ita
2605 2869 2663 2912 nt
2689 2868 2914 2929 propter
2960 2862 3272 2916 distantiam
3301 2877 3329 2915 a
3363 2862 3664 2916 continenti

2084 2963 2115 3001 a
2146 2950 2490 3017 paucissimis
2549 2950 2973 3020 frequentetur),
3018 2952 3247 3021 supplex
3285 2966 3374 3005 me
3428 2952 3563 3005 adiit
3606 2964 3665 3007 ut

413 3046 663 3116 (πρώτως
680 3046 788 3115 γὰρ
813 3046 899 3098 δια
942 3046 1004 3097 τὸ
1051 3046 1300 3115 καθάπερ
1328 3047 1450 3099 τινὰ
1471 3047 1673 3117 κλῆρον
1701 3048 1982 3116 εἰληφέναι

2089 3041 2138 3093 vi
2170 3041 2411 3095 mandati
2442 3055 2507 3095 ea
2538 3056 2661 3110 quae
2693 3044 2750 3095 in
2814 3043 2991 3095 insula
3045 3042 3122 3097 Co
3178 3044 3482 3113 possideret
3534 3043 3661 3096 inde

408 3125 510 3198 τὰς
541 3138 599 3189 ὲν
628 3139 764 3206 αὐτῇ
809 3137 900 3190 τοῦ
942 3138 1038 3205 τῆς
1088 3138 1317 3206 βροντῆς
1346 3139 1464 3191 υἱοῦ
1509 3140 1604 3190 καὶ
1654 3139 1730 3207 τῷ
1765 3139 1983 3208 Χριστῷ

409 3230 775 3299 διαφερόντως
819 3231 1178 3298 ἡγαπημένου
1234 3231 1538 3300 διατριϐὰς,
1586 3231 1777 3283 ἔπειτα
1803 3231 1858 3283 δὲ
1889 3232 1983 3284 καὶ

410 3318 501 3372 διὰ
520 3320 578 3371 τὸ
606 3320 702 3388 τῆς
726 3320 926 3382 θέσεως
959 3320 1052 3372 τοῦ
1081 3321 1244 3372 τόπου
1291 3322 1557 3391 ὲρημικὸν
1596 3321 1689 3373 καὶ
1732 3320 1982 3388 μονώτα-

409 3427 526 3475 τον,
552 3411 643 3464 καὶ
675 3414 748 3482 μή
778 3427 927 3473 τινας
954 3411 1098 3481 ἔχειν
1121 3414 1247 3472 τοὺς
1281 3415 1395 3464 ἐκεῖ
1425 3411 1875 3481 παραϐάλλοντας
1892 3411 1982 3465 διὰ

409 3501 471 3552 τὸ
499 3500 596 3568 τῆς
654 3503 885 3570 ἠπείρου
919 3502 1243 3571 ἀπῳκῆσθαι
1277 3500 1541 3570 μακρὰν),
1592 3498 1863 3568 προσῆλθε
1912 3503 1980 3569 τῇ

413 3589 658 3661 βασιλείᾳ
697 3609 822 3660 μου,
870 3592 1183 3662 ὲκλιπαρῶν
1217 3590 1361 3660 μάλα
1414 3589 1737 3658 περιπαθῶς
1791 3590 1985 3661 συλλή-

413 3701 588 3754 πτορα
620 3684 824 3754 ταύτην
850 3685 1101 3753 ὲφευρείν
1129 3683 1260 3751 πρὸς
1299 3682 1397 3751 τὴν
1426 3680 1517 3735 τοῦ
1541 3681 1743 3733 οἰκείου
1777 3680 1982 3749 ἐκπλῆ-

2088 3141 2516 3201 separarentur;
2550 3144 2610 3186 ut
2638 3133 2840 3186 dictam
2876 3134 3114 3187 insulam
3181 3144 3350 3188 totam
3376 3135 3503 3189 doni
3537 3136 3657 3188 ina-

2087 3219 2365 3276 lienahilis
2395 3222 2552 3276 titulo
2586 3237 2655 3277 ac
2685 3225 2810 3291 jure
2849 3225 3141 3291 reciperet,
3191 3224 3412 3277 abolitis
3456 3224 3660 3277 ibidem

2088 3315 2466 3383 cujuscunque
2531 3317 2748 3383 generis
2791 3314 3152 3382 vectigalibus
3198 3324 3253 3368 et
3284 3315 3527 3369 rescissis
3552 3316 3662 3369 dis-

2089 3404 2436 3457 cussionihus
2482 3404 2937 3472 quibuscunque;
2973 3404 3365 3458 monasterium
3411 3406 3485 3458 ibi
3528 3405 3663 3459 ωαξ-

2091 3493 2363 3547 iirandum
2383 3507 2523 3557 esse,
2554 3494 2778 3563 ejusque
2807 3494 3023 3548 sodales
3048 3502 3103 3549 et
3130 3494 3379 3563 discipuli
3415 3497 3664 3549 ascetica:

2089 3587 2146 3641 in
2219 3586 2331 3640 Deo
2390 3585 2514 3639 vitze
2566 3577 2788 3654 operam
2855 3586 3049 3641 dantes
3111 3602 3210 3656 pro
3272 3587 3426 3658 regni
3490 3588 3659 3642 nostri

2089 3681 2237 3735 bono
2271 3691 2462 3746 preces
2486 3676 2688 3746 jugiter
2718 3677 2962 3732 facturos
2979 3693 3122 3733 esse.

414 3800 581 3853 ρωσιν
602 3782 819 3851 ἐφετοῦ,
842 3783 931 3834 καὶ
958 3781 1338 3849 ἐξαιτούμενος
1365 3777 1726 3846 ἀφορισθῆναι
1761 3778 1859 3847 μὲν
1880 3779 1977 3831 ἀπ’
2013 3776 2264 3833 ἐντεῦθεν
2296 3773 2373 3843 τῷ
2411 3772 2654 3843 δημοσίῳ
2700 3775 2768 3827 τὰ
2797 3776 2854 3828 ὲν
2912 3778 2976 3847 τῇ
3007 3779 3155 3849 νήσῳ
3219 3776 3312 3847 Κῷ
3347 3777 3664 3847 ὁθενδὴποτε

412 3879 561 3947 αὐτῷ
592 3878 1002 3947 προσκτηθέντα
1031 3878 1129 3930 ὅσα
1163 3878 1257 3930 καὶ
1305 3872 1395 3929 οἶά
1429 3876 1561 3939 εἰσι,
1589 3874 1897 3927 ἀντιλαϐεῖν
1929 3875 1985 3929 δὲ
2056 3876 2157 3946 τὴν
2206 3870 2506 3945 εἰρημένην
2561 3870 2780 3924 ἃπασαν
2848 3872 3010 3939 νῆσον
3060 3871 3230 3942 δῶρον
3280 3871 3662 3943 ἀναφαίρετον,

414 3977 509 4031 καὶ
560 3979 863 4043 ἐκκοπῆναι
917 3975 1017 4043 μὲν
1083 3974 1152 4025 τὰ
1199 3974 1521 4042 ἐπικείμενα
1562 3970 1733 4042 ταύτῃ
1776 3969 2016 4040 δημόσια
2073 3971 2205 4039 τέλη
2237 3970 2338 4022 ὅσα
2383 3967 2479 4019 καὶ
2531 3961 2621 4020 οἷά
2660 3966 2789 4032 εἰσι,
2827 3964 3112 4037 ἐλευθέραν
3160 3966 3217 4019 δὲ
3266 3970 3364 4039 την
3414 3972 3665 4043 τοιαύτην

414 4071 576 4140 νῆσον
609 4068 918 4138 δωρηθῆναι
966 4065 1116 4134 αὐτῷ
1160 4069 1254 4118 καὶ
1309 4067 1492 4136 πάσης
1550 4065 1981 4135 ἀπηλλαγμένην
2017 4062 2346 4134 σεκρετικῆς
2418 4059 2794 4130 συξητήσεως,
2845 4061 2919 4123 ὡς
2951 4059 3016 4111 ἂν
3050 4063 3464 4132 φροντιστήριόν
3526 4083 3576 4120 τι
3607 4069 3665 4119 ὲν

413 4166 551 4232 αὐτῇ
611 4162 901 4231 ἁνεγείροι,
949 4160 1075 4222 τοὺς
1125 4159 1357 4222 οἰκείους
1406 4176 1466 4212 τε
1534 4160 1786 4231 μαθητὰς
1824 4159 1916 4213 ἐπὶ
1958 4158 2020 4212 τὸ
2057 4158 2190 4213 αὐτὸ
2246 4156 2565 4223 συναγάγοι,
2603 4157 2696 4208 καὶ
2744 4155 2917 4218 οὕτως
2950 4155 3370 4224 ἀπερισπάστως
3402 4178 3663 4233 πρθσομι·

415 4257 534 4325 λοίη
568 4255 684 4323 Θεῴ
710 4260 800 4306 καὶ
827 4257 925 4315 τὰς
953 4253 1093 4320 ὑπὲρ
1138 4253 1231 4305 τοῦ
1257 4254 1490 4322 κράτους
1528 4253 1687 4322 ἡμῶν
1718 4254 2056 4323 θερμοτέρας
2080 4251 2287 4302 ποιοῖτο
2315 4247 2500 4315 εὐχάς.

492 4349 658 4403 Ὅθεν
695 4349 793 4417 τῆς
836 4346 1028 4399 τούτου
1089 4346 1442 4400 ὲπακούσασα
1496 4348 1895 4419 παρακλήσεως
1952 4348 1985 4416 ἡ

419 4441 575 4510 ἡμῶν
598 4439 878 4492 θεοσέϐεια
906 4436 1196 4509 διορίζεται
1214 4439 1298 4492 διὰ
1327 4432 1418 4490 τοῦ
1438 4438 1701 4508 παρόντος
1728 4436 1987 4500 εὐσεϐοῦς

2166 4340 2368 4396 Audita
2400 4339 2563 4407 hujus
2583 4336 2681 4391 viri
2709 4338 3134 4407 supplicatione,
3172 4358 3270 4411 pro
3305 4345 3504 4412 pietate
3564 4363 3664 4403 no.

2096 4440 2205 4486 stra
2224 4431 2268 4483 vi
2291 4446 2468 4483 aureae
2482 4430 2707 4500 hujusce
2733 4428 2890 4482 bulla:
2911 4431 3343 4497 deccrnimus,ut
3363 4438 3663 4492 secundum

419 4529 814 4601 χρυσοϐούλλου
838 4531 1021 4598 λόγου,
1059 4531 1562 4600 προσαιρορισθῆναι
1591 4532 1688 4600 μὲν
1710 4532 1786 4599 τῷ
1815 4531 1986 4599 δημο-

2097 4522 2244 4593 quod
2300 4537 2466 4577 senex
2501 4520 2944 4592 religiosissimus
2977 4524 3199 4592 expetit,
3238 4542 3576 4596 quaecunque
3610 4531 3662 4582 in

424 4625 521 4688 σίῳ
555 4625 695 4676 κατὰ
728 4625 826 4692 τὴν
876 4622 1094 4693 αἴτησιν
1138 4621 1232 4675 τοῦ
1288 4622 1686 4674 εὐλαϐεστὰτου
1737 4621 1991 4692 γέροντος

419 4713 521 4764 ὅσα
558 4715 647 4763 καὶ
678 4706 766 4763 οἷα
798 4716 855 4764 ἐν
884 4714 951 4782 τῇ
980 4713 1125 4781 νήσῳ
1156 4710 1249 4780 Κῷ
1290 4709 1610 4780 ὁθενδήποτε
1647 4708 1795 4777 αὐτῷ
1830 4726 1995 4778 προσ-

422 4801 1031 4872 εκτήθησανῇδωρείται
1059 4802 1115 4853 δὲ
1144 4802 1297 4872 αὐτῷ
1328 4800 1424 4868 τὴν
1450 4799 1783 4870 δηλωθεῖσαν
1831 4800 1992 4869 νῆσον

428 4894 566 4961 μετᾶ
593 4894 772 4960 πάσης
802 4893 973 4961 αὐτῆς
1016 4893 1276 4962 περιοχῆς
1304 4891 1400 4944 καὶ
1448 4890 1880 4961 διακρατήσεως,
1931 4892 1992 4942 οὔ

424 4984 692 5053 καιρικῶς
719 4984 840 5036 οὐδὲ
870 4985 1083 5053 χρόνοις
1127 4982 1471 5054 ἀριθμητοῖς,
1503 4982 1620 5035 ἀλλ’
1647 4982 1735 5035 ἐπ’
1766 4983 1996 5050 ἀναφαι-

426 5072 569 5142 ρέτῳ
597 5074 693 5125 καὶ
723 5073 958 5143 διηνεκεί
977 5073 1268 5143 δεσποτεία.
1291 5072 1386 5124 καὶ
1409 5072 1688 5143 κυριότητι
1714 5072 1809 5123 καὶ
1838 5072 1997 5141 ἄχρις

426 5165 494 5216 ἂν
521 5165 548 5216 ὁ
578 5162 770 5232 παρὼν
792 5162 1043 5234 διαρκοίη
1089 5160 1246 5226 αἰὼν,
1291 5162 1646 5232 διορισαμένη
1697 5161 1999 5229 ἐκκοπῆναι

424 5273 486 5308 τε
536 5257 628 5308 καὶ
660 5257 975 5327 λογισθῆναι
1029 5255 1125 5309 καὶ
1171 5255 1238 5307 τὰ
1264 5253 1469 5325 ταύτης
1525 5254 1740 5308 ἅπαντα
1767 5254 2001 5323 δημόσια

424 5346 554 5412 τέλη
590 5349 684 5399 καὶ
732 5344 897 5415 βάρη,
950 5340 1039 5400 οἷα
1068 5347 1164 5399 καὶ
1208 5346 1310 5400 ὅσα
1343 5337 1694 5416 τυγχάνουσι,
1728 5347 1826 5416 τῆς
1869 5362 2002 5416 προ-

428 5436 647 5503 γραφῆς
674 5436 765 5488 τοῦ
787 5434 1050 5506 λογισμοῦ
1085 5437 1416 5506 γιγνομένης
1443 5440 1499 5489 ἐν
1526 5440 1638 5499 τοῖς
1661 5441 1999 5506 σεκρετικοίς

427 5525 648 5596 χάρτοις
663 5527 752 5579 διὰ
770 5529 1138 5597 κινναϐάρεως
1156 5529 1298 5599 χειρὶ
1314 5529 1407 5582 τοῦ
1426 5529 1875 5598 πρωτοπροέὂρου
1889 5530 1907 5595 (
1921 5525 2002 5595 12)

2094 4615 2171 4673 Co
2196 4614 2372 4669 insula
2404 4614 2641 4684 possidet
2663 4615 2792 4667 lisco
2820 4613 3261 4685 incorpormtur.
3292 4620 3443 4673 Dono
3467 4622 3665 4693 deinde

2093 4708 2270 4762 eidem
2295 4708 2647 4762 concedimus
2672 4718 3023 4763 memoratam
3049 4711 3280 4764 insulam
3303 4714 3480 4782 qualis
3493 4731 3665 4784 quan-

2099 4809 2263 4866 taque
2296 4806 2398 4858 est,
2426 4814 2534 4851 non
2589 4797 2656 4852 ad
2693 4808 2906 4868 tempus
2943 4810 3037 4853 aut
3090 4801 3332 4867 interim,
3371 4804 3465 4857 sed
3496 4806 3549 4858 in
3583 4807 3666 4860 di-

2106 4889 2313 4942 tionem
2366 4896 2686 4958 perpetuam
2718 4897 2776 4943 et
2806 4890 3145 4945 dominatum
3176 4908 3273 4962 per
3306 4910 3467 4948 omne
3502 4912 3667 4952 saccu-

2099 4976 2234 5040 lum,
2303 4979 2467 5048 idque
2528 4980 2779 5034 rescissis
2838 4982 3260 5051 quihuscunque
3323 4986 3544 5039 tributis
3613 4994 3667 5040 et

2097 5071 2455 5140 vectigalibus
2472 5071 2524 5124 in
2549 5074 2819 5126 rationum
2839 5074 3238 5128 reddendarum
3264 5076 3668 5131 redditarumre

2100 5163 2302 5217 tabulis
2353 5163 2635 5233 inscriptis
2677 5171 2733 5217 et
2800 5180 2964 5218 manu
3014 5166 3361 5222 Constantini
3423 5169 3668 5241 [ll'tBSitl’lS

2098 5261 2154 5305 et
2188 5251 2611 5321 ClterSpbacti
2639 5254 2836 5307 domus
2866 5264 3064 5309 nostra:
3095 5257 3377 5312 cinnahari
3399 5258 3668 5326 sigillatis.

2100 5345 2313 5399 Etenim
2370 5345 2623 5414 majestas
2692 5360 2810 5398 mea
2855 5353 2915 5410 ut
2973 5346 3302 5401 sacriﬁcium
3329 5347 3587 5401 eximium
3617 5355 3669 5402 et

2099 5437 2322 5506 eptimis
2349 5437 2606 5506 auspiciis
2621 5444 2897 5507 peractum
2918 5438 3061 5493 illam
3079 5439 3309 5493 insulam
3330 5439 3438 5493 Deo
3463 5455 3672 5494 sacram

2101 5529 2331 5593 statuit;
2367 5545 2487 5598 quze
2545 5528 2743 5584 deinde
2794 5546 2889 5599 per
2929 5529 3113 5585 omnia
3178 5541 3425 5600 tempora
3486 5543 3672 5586 nostra

507 5684 617 5750 (ιὲ)
648 5687 807 5742 Ross.
839 5688 1301 5751 apmtompébpoo
1339 5685 1533 5743 edidit.
1555 5687 1718 5742 Zscn.
1753 5704 1783 5741 Α
1812 5687 2103 5744 Ltsczxrn.
