4102 6200
496 273 603 336 935

1761 259 2020 320 nam
2054 257 2407 336 munem

3626 257 3734 318 936

486 385 849 457 imperatoria
885 383 1271 454 jurisdictione
1305 387 1558 449 exempto
1591 384 1648 432 ct
1693 377 1952 432 libertate
1983 373 2069 426 in-

2196 373 2590 426 ἱωνσταντίνου
2625 374 2720 426 καὶ
2753 372 2846 424 ἐπὶ
2892 371 3001 424 τῶν
3027 370 3270 441 δεήσεων
3314 368 3410 422 τοῦ
3441 370 3746 438 Χοιροσφάο

488 493 654 550 aegra
681 479 878 531 donata
909 476 1002 528 uni
1037 475 1148 527 Deo
1185 481 1241 526 ct
1274 471 1559 531 monachis
1587 483 1742 522 sacra
1773 465 1905 528 erit,
1945 462 2072 532 qui-

488 574 603 627 .bus
630 571 763 624 solis
787 570 865 622 fas
890 575 974 620 est
995 565 1069 618 ibi
1096 565 1316 634 degere,
1339 573 1394 618 et
1423 563 1514 631 qui
1551 560 1718 614 laicos
1737 571 1946 620 omnes,
1979 553 2074 624 qui

497 661 570 716 ob
589 657 982 714 commercium
1008 655 1208 708 aliasve
1231 653 1356 706 vitae
1373 652 1550 707 civilis
1571 641 1810 704 rationes
1829 646 1903 700 ibi
1928 659 2076 700 com-

499 764 682 804 meare
711 749 902 811 velint,
941 746 1069 800 inde
1097 744 1423 802 excludendi
1456 745 1544 814 jus
1560 741 1862 796 habebunt.
1895 735 2076 792 Vesti-

500 842 605 896 bus
628 855 795 910 porro
846 838 1142 894 mundanis
1174 838 1210 892 ii
1242 837 1342 892 soli
1410 843 1640 889 utuntor
1671 831 1765 902 qui
1823 827 2078 885 mercede

486 930 756 986 conducti
812 930 1095 984 monachis
1122 929 1296 983 oﬂicia
1324 933 1604 997 praestant,
1649 923 1802 992 iique
1858 920 2081 976 cmlihcs

501 1022 619 1075 sine
640 1019 904 1076 uxoribus
920 1020 1174 1074 liberisve
1193 1027 1376 1073 erunt.
1395 1014 1660 1069 Videlicet
1675 1012 1932 1080 maiestas
1949 1023 2080 1062 nos-

494 1123 586 1168 tra
605 1107 821 1166 Omnem
841 1111 1044 1166 scelera
1062 1108 1310 1180 patrandi
1326 1108 1468 1162 viam
1481 1115 1646 1174 atque
1663 1117 1851 1156 ansam
1867 1100 2081 1154 Satanae

497 1201 791 1258 rescindit.
828 1201 1158 1254 Delicatulos
1191 1199 1355 1268 igitur
1387 1205 1444 1252 et
1486 1197 1734 1257 nocivos,
1790 1191 2072 1250 mulieres.

495 1310 702 1365 pueros
727 1296 1119 1361 eunuchosqne
1135 1291 1228 1360 qui
1263 1290 1591 1367 innqcentia:
1614 1289 1935 1358 plerumque
1961 1283 2077 1336 bel-

493 1387 615 1440 lum
665 1387 1073 1446 machinantur,
1117 1383 1192 1436 ab
1223 1383 1324 1437 ista
1377 1381 1555 1435 insula
1606 1378 1958 1448 prohibemus
1980 1389 2082 1427 se-

503 1478 742 1532 cundum
762 1475 1068 1530 fundatoris
1091 1487 1279 1542 preces
1291 1487 1470 1526 coram
1495 1468 1896 1527 metexhihitas,
1932 1479 2082 1518 exce-

493 1567 612 1637 ptis
629 1566 814 1634 utique
831 1565 923 1632 qui
943 1563 1330 1616 monachorum
1349 1559 1764 1614 necessitatibus
1779 1554 2082 1610 inserviunt

504 1659 636 1711 viris
663 1657 913 1711 ct‘clibem
941 1655 1107 1707 vitam
1137 1652 1544 1723 proﬁtentibus,
1566 1651 1657 1718 qui
1691 1647 2078 1702 monachorum

503 1748 900 1818 aliquantisper
917 1747 1126 1800 similes
1143 1747 1290 1800 cultu
1324 1753 1532 1798 tantum
1550 1753 1776 1803 externo
1797 1739 2077 1792 diﬂerunt.
2115 1706 2153 1761 Β

497 1839 807 1908 Occupahit
853 1839 1020 1908 igitur
1065 1836 1298 1889 insulam
1347 1833 2082 1902 virosaepemcmoratuscum

505 1928 791 1982 monachis
811 1928 926 1980 suis
940 1925 1302 1996 praesentibus
1323 1938 1386 1978 ac
1407 1922 1429 1975 Γ
1431 1933 1524 1975 utu
1534 1921 1628 1984 ris,
1651 1919 1877 1987 insuper
1895 1931 2086 1971 mona-

503 2022 732 2075 sterium
746 2020 1000 2073 iuPatmo
1017 2018 1194 2072 insula
1212 2013 1640 2072 construendum
1660 2011 1721 2065 in
1738 2017 2083 2080 perpetuum,

505 2112 627 2164 sine
688 2109 1032 2179 vectigalium
1074 2107 1421 2178 gravamine,
1484 2101 1936 2170 indcpendcnter,
1983 2098 2096 2151 ina-

499 2199 863 2260 lienabiliter,
906 2199 959 2252 in
981 2207 1266 2252 internum.
1288 2192 1528 2264 Propriis
1549 2205 1714 2261 porro
1729 2205 1846 2244 eam
1871 2187 2090 2242 statutis

503 2291 874 2361 gubernabit;
905 2298 960 2342 et
983 2289 1051 2351 si,
1087 2289 1196 2340 Deo
1219 2287 1290 2340 ita
1317 2285 1556 2346 volente,
1583 2298 1650 2335 ex
1673 2297 1867 2349 aspera
1889 2288 1943 2333 et
1969 2279 2089 2332 ina-

461 2379 479 2393 “
502 2394 692 2434 .mmua
722 2377 960 2432 fertilem
985 2384 1041 2429 et
1069 2375 1388 2444 opulentam
1421 2373 1607 2426 labore
1635 2386 1736 2424 suo
1762 2368 2084 2432 reddiderit,

509 2471 698 2538 ipsiet
729 2467 1015 2522 monachis
1039 2467 1450 2534 suislpropriam
1486 2463 1602 2516 fore
1631 2462 1886 2515 volumus
1923 2462 1996 2514 ita
2033 2469 2094 2513 ut

507 2561 971 2630 neminiprorsus
1012 2555 1509 2612 administrationis
1550 2555 1818 2608 rationein
1875 2554 2088 2608 reddat.

511 2652 760 2703 Attamen
775 2649 962 2702 J‘necce
981 2647 1170 2701 insula:
1193 2646 1350 2700 dicta:
1375 2645 1596 2698 donatio
1620 2649 1768 2698 hanc
1800 2644 2097 2698 restrictio-

511 2754 641 2792 ηοω.
669 2739 836 2792 habet
866 2747 923 2790 ut
965 2746 1117 2791 extra
1155 2739 1322 2806 ipsam
1346 2737 1398 2788 in
1427 2735 1529 2788 alia
1571 2749 1898 2802 quacunque
1921 2734 2096 2786 insula

516 2830 748 2882 fundum
781 2830 1068 2898 acquirere
1096 2838 1350 2896 nequeat.
1372 2828 1719 2896 Quaecunque
1737 2837 1923 2880 autem
1945 2826 1998 2878 in
2021 2825 2098 2880 Co

515 2921 692 2974 insula
705 2921 814 2974 huc
838 2934 1271 2988 usqncpossessa
1294 2928 1526 2984 tenet,ut
1543 2918 1875 2972 monasterio
1897 2917 2097 2972 ibidem

513 3010 876 3081 abjudicanda
897 3013 1026 3064 lisco
1057 3012 1401 3072 addlccnlur,
1429 3009 1856 3078 exceptisLipso
1873 3025 1934 3062 ac
1949 3009 2097 3062 Lcro

517 3099 728 3165 insulis,
751 3117 888 3172 quas
909 3102 974 3156 ad
998 3102 1143 3155 hunc
1174 3116 1343 3170 usque
1367 3100 1510 3154 diem
1552 3103 1603 3153 in
1645 3103 1848 3154 ditione
1883 3099 2096 3154 habuit.

517 3197 614 3249 llis
637 3195 817 3264 itaque
839 3195 966 3249 vict
989 3203 1185 3248 tenore
1219 3194 1380 3248 bullae
1395 3209 1579 3248 aureae
1609 3193 1841 3247 antehac
1877 3207 1906 3245 a
1943 3191 2101 3246 nobis

501 3287 729 3342 :emissa:
762 3287 814 3340 in
849 3294 1127 3356 posterum
1149 3299 1366 3354 quoque
1395 3285 1634 3354 praeerit,
1669 3284 1840 3345 nullo,
1873 3294 1933 3337 ut
1959 3283 2102 3337 dixi-

514 3392 659 3444 mus,
691 3379 858 3433 fundo
882 3379 936 3432 iu
963 3378 1419 3448 quacunquealia
1447 3377 1618 3431 insula
1644 3374 2098 3444 superacquisito.

523 3470 626 3526 llas
649 3471 814 3541 igitur
834 3471 979 3525 solas
1007 3481 1064 3524 et
1086 3471 1315 3524 Patmon
1345 3468 1580 3521 insulam
1612 3467 1696 3520 vir
1734 3466 1825 3520 ille
1883 3465 2103 3534 religio—

515 3577 611 3616 sus
637 3572 694 3617 et
721 3561 1115 3615 monachorum
1141 3560 1194 3613 ei
1212 3559 1560 3613 subditorum
1601 3567 1714 3610 tum
1745 3558 2099 3625 praesentium

518 3662 634 3706 tum
661 3652 968 3704 futurorum
990 3650 1283 3703 concilium
1311 3648 1668 3716 gubernabit,
1715 3647 1790 3700 ita
1826 3656 2013 3700 tamen
2041 3654 2100 3700 ut

519 3747 906 3796 monasterium
934 3741 986 3793 in
1019 3740 1200 3792 insula
1237 3739 1632 3792 exstruendum
1669 3739 1776 3792 illis
1827 3753 1967 3806 quos
2001 3751 2100 3790 no-

519 3831 854 3886 minavimus
882 3830 1204 3885 dominetur
1254 3829 1650 3892 indesinenter,
1687 3829 2096 3893 inviolabiliter,

519 3922 638 3976 sine
665 3920 1127 3990 reprehensione,
1163 3919 1366 3988 quippe
1395 3918 1541 3988 quod
1570 3931 1631 3972 ut
1662 3917 2097 3971 dominationem

521 4013 729 4068 ﬁrmam
771 4021 826 4068 et
871 4011 1244 4067 omnimodam
1297 4019 1551 4066 exerceat
1601 4010 1822 4081 dignum
1854 4009 1944 4062 sit.
1973 4008 2103 4075 Quae

521 4105 821 4160 dominatio
848 4102 1051 4158 nemini
1089 4103 1353 4173 subjecta,
1383 4103 1468 4156 sui
1491 4102 1634 4174 juris
1665 4111 1829 4156 totam
1868 4100 2100 4154 insulam
2125 4141 2133 4149 .

523 4198 577 4251 in
602 4212 764 4251 omne
790 4206 1004 4266 tempus
1029 4196 1447 4264 complectetur,
1481 4193 1719 4264 prepriis
1755 4200 1917 4246 utens
1945 4191 2101 4245 insti-

536 4289 668 4342 tutis
716 4305 776 4341 ac
800 4289 1014 4356 legibus
1063 4303 1126 4341 ex
1160 4288 1342 4341 animo
1372 4286 1700 4350 fundatoris,
1732 4285 1981 4340 monachi
2013 4299 2101 4338 re-

2123 3054 2166 3110 C

2175 481 2302 518 κτσυ
2334 465 2430 518 τοῦ
2481 464 2682 518 οἰκείου
2730 462 3019 533 ἀνθρώπου
3045 464 3151 532 τῆς
3173 462 3451 532 βασιλείας
3488 477 3614 529 μου.
3655 459 3744 522 Ὠς

2173 557 2282 626 γὰρ
2302 557 2583 626 ἐξαίρετόν
2608 573 2660 610 τι
2709 556 2966 624 ἀνάθημα
2994 555 3090 607 καὶ
3113 552 3459 622 καλλιέρημα
3491 551 3746 620 μέγιστον

2174 648 2262 700 διὰ
2285 649 2451 717 μέσου
2478 648 2574 702 τοῦ
2604 648 2702 716 τὴν
2726 648 2942 716 αῐτησιν
2971 645 3353 712 ἀνενεγκόντος
3383 641 3617 714 μοναχοῦ
3648 642 3749 709 τὴν

2175 741 2435 809 τοιαύτην
2457 740 2619 808 νῆσον
2643 741 2676 810 ἡ
2707 737 2954 807 βασιλεία
2979 754 3081 808 μου
3113 739 3333 808 ἁφιεροῖ
3372 736 3451 805 τῷ
3479 735 3620 804 Θεῷ,
3651 735 3750 788 καὶ

2177 831 2330 883 ἔσται
2363 833 2464 884 ἀπό
2488 848 2550 898 γε
2582 831 2679 900 τῆς
2702 831 2942 900 σήμερον
2975 831 3069 883 καί⁹
3096 831 3174 891 εις
3198 828 3324 891 τοὺς
3347 827 3474 897 ἑξῆς
3500 827 3750 889 ἅπαντας

2174 923 2275 972 καὶ
2297 919 2565 987 διηνεκεῖς
2609 919 2838 989 χρόνους
2871 917 3273 988 ἀπεσπασμένη
3307 918 3409 984 μὲν
3433 916 3541 969 τῶν
3597 915 3750 984 βασι·

2179 1009 2346 1060 λικῶν
2365 1009 2609 1074 δικαίων,
2642 1009 3036 1078 ἀπηλλαγμὲνη
3062 1009 3118 1061 δὲ
3163 1009 3255 1061 καὶ
3281 1006 3390 1060 τῶν
3417 1004 3754 1076 σεκρετικῶν

2179 1100 2422 1169 ἀρκύων,
2453 1100 2598 1168 μόνῳ
2616 1100 2675 1152 δὲ
2704 1099 3096 1169 ἀνατεθειμένη
3123 1099 3244 1169 Θεῷ
3270 1099 3364 1151 καὶ
3389 1100 3499 1160 τοῖς
3528 1099 3586 1148 ὲν
3611 1096 3748 1164 αὐτῇ

2185 1193 2461 1259 μοναχοῖς,
2514 1190 2562 1243 οἳ
2599 1192 2694 1244 καὶ
2728 1190 2880 1260 μόνοι
2929 1193 2987 1243 ἐν
3025 1191 3162 1259 αὐτῇ
3202 1188 3640 1257 αύλισθήσονται,
3675 1187 3751 1256 μὴ

2183 1281 2590 1352 συγχωροῦντές
2623 1299 2730 1334 τισι
2756 1281 2864 1334 τῶν
2887 1281 3091 1335 λαῖκῶν
3141 1280 3282 1348 λόγῳ
3330 1279 3619 1349 παροικίας
3656 1281 3751 1344 ἑγ-

2184 1374 2472 1437 κατοίκους
2504 1374 2675 1446 ταύτῃ
2701 1375 2966 1442 γίνεσθαι,
2994 1375 3266 1445 ἐμπορίας
3299 1375 3428 1437 ἴσως
3459 1374 3492 1443 ἢ
3547 1372 3676 1426 ἄλλο
3701 1388 3754 1424 τι

2183 1464 2521 1532 ἐπιτήδευμα
2553 1463 2668 1533 βίου
2725 1465 3188 1535 μετερχομένους.
3233 1464 3404 1517 Μόνοι
3437 1464 3544 1532 γὰρ
3573 1464 3632 1514 ὲν
3664 1479 3753 1516 κο-

2185 1555 2366 1623 σμικῷ
2397 1556 2638 1624 σχήματι
2666 1559 2732 1625 τῇ
2753 1557 2901 1625 νήσῳ
2929 1557 3415 1624 ὲγκατοικήσουσιν
3441 1556 3491 1606 οὶ
3529 1555 3756 1623 μισθαρ-

2184 1643 2398 1704 νοῦντες
2443 1647 2556 1706 τοῖς
2611 1646 2889 1714 μοναχοῖς,
2942 1645 3037 1698 καὶ
3081 1640 3225 1698 οὗτοι
3252 1645 3450 1712 ἄζυγες
3491 1644 3587 1696 καὶ
3617 1643 3754 1712 μήτε

2187 1734 2398 1801 γυναιξί
2422 1735 2818 1800 συνοικοῦντες,
2857 1737 2993 1807 μήτε
3029 1736 3134 1806 μὴν
3164 1737 3357 1798 παῖδας
3379 1735 3615 1804 ἔχοντες.
3641 1736 3754 1788 Πᾶς

2187 1842 2285 1877 σαν
2310 1826 2419 1894 γὰρ
2448 1825 2564 1877 ὁδον
2593 1827 2836 1895 πονηρᾶς
2867 1827 3092 1896 μεθόδου
3124 1826 3405 1880 ἀποκλείει
3435 1826 3511 1895 τῷ
3545 1827 3757 1896 Σατανᾷ

2186 1918 2219 1984 ή
2254 1917 2501 1985 βασιλεία
2544 1917 2702 1988 ἡμῶν
2729 1935 2744 1950 ·
2778 1919 2871 1971 καὶ
2901 1919 2988 1973 διὰ
3032 1918 3192 1971 τοῦτο
3240 1920 3354 1982 τοῖς
3379 1917 3542 1980 λείοις
3571 1934 3629 1969 τε
3665 1920 3758 1970 καὶ

2189 2006 2505 2076 βλαπτικοῖς
2548 2007 2884 2078 προσώποις,
2918 2009 3133 2078 γυναιξί
3159 2027 3218 2062 τε
3245 2012 3338 2062 καὶ
3369 2008 3526 2062 παισὶ
3548 2010 3642 2062 καὶ
3666 2006 3759 2060 εύ-

2189 2097 2420 2166 νούχοις,
2452 2098 2545 2166 ἀφ’
2575 2092 2649 2154 ὧν
2682 2100 2756 2161 ὡς
2782 2099 2851 2152 τὰ
2897 2099 3066 2152 πολλὰ
3096 2101 3239 2153 κατὰ
3262 2099 3359 2167 τῆς
3380 2099 3560 2168 ψυχῆς
3589 2100 3758 2168 ἁναρο

2192 2189 2496 2256 ῥιπίζονται
2529 2189 2776 2258 πόλεμοι,
2813 2189 3014 2244 ἄϐατον
3064 2189 3204 2244 εἶναι
3231 2189 3329 2260 τὴν
3359 2191 3522 2258 νῆσον
3549 2191 3762 2242 παντά-

2194 2296 2328 2331 πασι
2371 2278 2686 2349 διορίζεται,
2721 2281 2865 2332 καθὰ
2899 2280 3141 2350 δηλονότι
3191 2283 3283 2332 καὶ
3311 2281 3340 2333 ό
3361 2279 3761 2340 εὐλασέστατος

2192 2365 2345 2433 οὗτος
2369 2370 2506 2444 ἀνὴρ
2533 2372 2628 2441 τὴν
2675 2372 2955 2442 βασιλείαν
2981 2389 3084 2442 μου
3108 2373 3377 2442 ᾐτήσατο·
3410 2372 3584 2441 πάρεξ
3631 2371 3766 2440 μέν·

2193 2479 2275 2513 τοι
2311 2462 2418 2513 τῶν
2454 2462 2708 2531 μισθίων,
2739 2463 2813 2528 ὡς
2843 2464 3078 2534 εἴρηται,
3103 2465 3225 2518 ὅσον
3255 2464 3364 2535 (l5,
3390 2464 3683 2534 χρῄζουσιν
3713 2463 3764 2515 ai

2199 2553 2424 2621 μοναχοὶ
2449 2554 2527 2615 είς
2554 2554 2799 2606 δουλείαν
2842 2558 2943 2625 τῆς
2977 2555 3166 2625 νήσου,
3212 2557 3306 2608 καὶ
3337 2556 3544 2608 τούτων
3584 2554 3766 2624 ἄζυγα

2190 2641 2314 2710 βίον
2343 2644 2596 2711 ἐχόντων,
2628 2645 2722 2696 καὶ
2754 2646 2919 2712 ἐγγὺς
2951 2645 3118 2700 τᾶλλα
3151 2647 3250 2716 τῆς
3282 2646 3582 2715 μοναχικῆς
3611 2644 3763 2698 mlt-

2196 2734 2344 2796 τείας
2373 2739 2770 2803 τυγχανόντων,
2819 2737 2924 2790 κᾶν
2969 2738 3116 2808 μόνῳ
3142 2737 3220 2807 τῷ
3243 2739 3481 2807 σχήματι
3511 2737 3766 2791 διαλλάτ-

2198 2839 2358 2875 τ.ιεν.
2392 2825 2622 2888 Καοέξει
2666 2825 2761 2879 οὖν
2809 2828 2908 2897 τὴν
2953 2828 3210 2896 τοιαύτην
3241 2829 3400 2897 νῆσον
3431 2829 3594 2890 αὑτός
3637 2845 3697 2881 τε
3738 2830 3768 2882 ό

2201 2913 2457 2977 πολλάκις
2483 2918 2885 2985 μνημονευθεὶς
2915 2919 3308 2983 εύλαϐἐστατος
3331 2922 3468 2991 ἀνὴρ
3500 2920 3638 2989 μετὰ
3658 2921 3767 2974 τῶν

2207 3006 2296 3057 ὑπ’
2343 3007 2506 3058 αὑτὸν
2552 3009 2822 3078 μοναχῶν,
2867 3011 2974 3063 τῶν
3025 3028 3083 3063 τε
3114 3011 3209 3064 νῦν
3243 3012 3410 3065 ὄντων
3440 3013 3668 3066 καὶτῶν
3709 3015 3767 3077 ἐς

2205 3096 2430 3168 ὓστερον
2460 3100 2755 3169 ἐσομένων,
2811 3102 2905 3154 καὶ
2951 3105 3048 3156 σὺν
3089 3103 3300 3167 τούτοις
3329 3106 3362 3174 ή
3395 3106 3545 3175 παρὰ
3572 3105 3769 3158 τούτου

2201 3189 2678 3260 ἀνεγεροησομένη
2718 3193 2776 3244 ἐν
2805 3194 2871 3262 τῇ
2903 3193 3053 3262 νήσῳ
3076 3194 3288 3265 Πάτμῳ
3329 3196 3449 3265 ἱερὰ
3479 3197 3616 3266 μονὴ
3637 3198 3766 3248 ἀτι-

2200 3279 2326 3344 λῶς,
2354 3281 2596 3351 ἀϐαρῶς,
2629 3281 2833 3352 κυρίως
2868 3285 2960 3336 καὶ
2989 3285 3679 3357 αύθεντῶς,ἁναφαιριτως
3708 3304 3770 3341 τι

2202 3377 2294 3428 καὶ
2317 3376 2580 3438 αἰωνίωςο
2617 3377 2709 3430 καὶ
2753 3376 2936 3439 καθὼς
2985 3377 3052 3432 ἂν
3081 3380 3371 3451 συνεργοίη
3403 3380 3577 3451 τούτῳ
3607 3379 3767 3444 θεὸς,

2202 3468 2342 3520 κατὰ
2369 3467 2428 3518 τδ
2453 3468 2585 3520 αύτδ
2611 3467 2658 3538 (1
2670 3470 2722 3538 tl)
2755 3467 3012 3538 βουλητὸν
3042 3471 3213 3524 ταῦτα
3239 3472 3536 3542 διαθήσειε,
3561 3473 3665 3534 κᾷν
3691 3476 3772 3536 εἰς

2202 3559 2589 3628 εὐφορωτάτην
2613 3575 2669 3610 τε
2692 3564 2788 3612 καὶ
2829 3560 3156 3631 εὐπρόσοδον
3183 3564 3246 3614 ὲκ
3269 3562 3332 3615 λυ
3349 3565 3477 3633 apd;
3514 3568 3608 3616 καὶ
3637 3580 3771 3634 τρα·

2202 3649 2352 3718 χείας
2382 3651 2444 3718 τῇ
2477 3649 2655 3720 οίκείᾳ
2704 3651 3009 3719 μεταγάγοι
3042 3655 3269 3722 σπουδῇ,
3303 3657 3386 3709 είς
3421 3656 3552 3709 ἴδιον
3580 3657 3771 3726 κέρδος

2201 3739 2298 3800 τὰς
2325 3738 2583 3792 ἐντεῦθεν
2613 3743 2910 3811 προσόδους
2954 3743 3228 3812 λογίσεται
3261 3747 3356 3799 σὺν
3395 3748 3510 3816 ἅμα
3540 3749 3654 3810 τοῖς
3679 3745 3772 3799 ὑπ’

2202 3829 2362 3882 αὑτὸν
2384 3833 2665 3901 μοναχοῖς,
2693 3839 2768 3902 μη
2804 3834 2958 3903 ποιρά
2991 3852 3134 3896 τινος
3157 3837 3218 3889 τὸ
3251 3837 3472 3891 σύνολον
3499 3839 3774 3906 λογοπρα-

2202 3920 2464 3990 γούμενος
2487 3923 2518 3993 ἢ
2545 3925 2993 3995 ἀνακρινόμενος.
3041 3927 3367 3998 ’Δποχρῶσα
3403 3929 3588 3997 μέντοι
3620 3930 3774 3982 ἔσται

2201 4013 2437 4083 τούτῳή
2483 4017 2576 4068 ἐπὶ
2623 4020 2686 4088 τῇ
2733 4018 2959 4089 τοιαύτῃ
3001 4021 3150 4089 νήσῳ
3187 4019 3571 4084 διαιωνίςουσα
3595 4019 3776 4090 δωρεὰ

2201 4106 2300 4174 τῆς
2341 4105 2628 4174 βασιλείας
2678 4126 2805 4178 μου⁹
2839 4111 2934 4161 καὶ
2957 4111 3059 4161 οὐκ
3084 4110 3190 4174 ἔξω
3218 4109 3328 4162 τῶν
3373 4110 3538 4179 ὁρίων
3571 4111 3774 4180 ταύτης

2204 4197 2327 4249 καθ’
2375 4197 2570 4268 ἑτέραν
2615 4200 2778 4269 νῆσον
2815 4201 3170 4270 ἐπικτήσεταί
3219 4218 3273 4253 τι
3302 4201 3362 4254 τὸ
3393 4201 3633 4258 σύνολον.
3669 4204 3780 4255 Καὶ

2203 4288 2342 4341 αὐτὰ
2365 4293 2474 4360 γὰρ
2493 4292 2592 4344 ὅσα
2621 4292 2678 4342 ἐν
2698 4294 2760 4362 τῇ
2779 4293 2922 4362 νήσῳ
2951 4291 3044 4362 Κῷ
3089 4292 3412 4356 ὁθενδὴποτε
3436 4293 3582 4364 αὐτῷ
3611 4311 3780 4365 προσ-

525 4380 861 4450 ligiosissimi
881 4379 1240 4434 Christoduli.
1272 4378 1376 4432 lsta
1406 4393 1568 4448 porro
1603 4377 1802 4440 insula,
1834 4376 1912 4430 uti
1937 4390 2095 4444 supra

2210 4379 2519 4450 εκτήθησαν
2553 4381 2716 4452 μέχρι
2744 4381 2837 4435 τοῦ
2882 4381 2997 4448 νῦν,
3052 4382 3129 4452 τῷ
3157 4383 3400 4454 δημοσίῳ
3446 4383 3778 4436 ἁπεντεῡοεν

528 4470 948 4533 declaraviinus,
983 4485 1265 4540 nunquam
1314 4469 1566 4539 personis
1589 4468 1704 4524 sive
1763 4468 1951 4538 regiis,
1987 4469 2104 4523 sive

528 4561 984 4631 mctropolitanis,
1011 4561 1126 4615 sive
1167 4559 1598 4629 episcopalibus,
1631 4559 1745 4614 sive
1808 4558 2102 4613 ecclesias-

531 4651 683 4717 ticis,
719 4651 833 4706 sive
865 4651 1289 4720 quibuscunque
1319 4649 1550 4719 privatis
1602 4647 1942 4717 subjicienda
1974 4649 2102 4703 erit.

525 4741 814 4812 Nunquam
850 4759 916 4797 eo
969 4742 1123 4797 exsul
1169 4742 1394 4814 relegari
1445 4742 1668 4814 poterit.
1721 4740 1862 4809 Quid
1903 4741 2109 4796 multa?

529 4833 711 4890 Liberi
744 4849 841 4904 per
867 4849 1028 4892 omne
1060 4846 1275 4908 tempus
1299 4837 1461 4892 bella:
1488 4837 1714 4908 hujusce
1737 4850 1915 4890 aureae
1939 4849 2102 4904 quam

529 4924 702 4994 pietas
759 4939 943 4983 nostra
983 4928 1234 4989 dictavit,
1289 4929 1545 4983 libertate
1603 4937 1660 4983 et
1715 4925 2103 4998 iurisdictione

526 5031 626 5074 sua
650 5020 917 5075 fruentur.
940 5019 1092 5073 Adde
1113 5019 1258 5088 quod
1287 5027 1398 5072 tota
1427 5019 1568 5073 dicta
1597 5019 1772 5072 insula
1796 5026 1851 5072 et
1877 5032 2100 5071 monas-

537 5114 739 5167 terium
772 5128 895 5167 cum
927 5111 1233 5174 monachis,
1272 5111 1450 5167 insula
1483 5111 1608 5165 dein
1634 5126 1798 5180 parva
1851 5119 2103 5178 exempta

531 5206 638 5258 erit
675 5205 742 5257 ab
763 5204 910 5258 omni
944 5204 1269 5258 auctoritate
1298 5203 1519 5256 militari
1546 5210 1638 5255 aut
1668 5201 1813 5255 civili
1840 5201 2118 5254 Romano-

536 5311 675 5351 rum.
705 5296 1027 5358 Russorum,
1054 5295 1448 5356 Barannorum,
1484 5292 1910 5361 Culpiunorum,
1948 5292 2113 5361 lngli-

533 5401 752 5440 norum.
817 5384 1175 5450 Francorum,
1261 5385 1676 5448 Ncmitzorum,
1733 5383 2112 5453 Bulgarorum,

537 5479 960 5539 baracenorum,
986 5473 1308 5541 Alanorum,
1331 5476 1694 5545 Abasgorum,
1723 5473 2111 5539 Athamanum,

613 5591 724 5657 (l5)
754 5593 895 5658 Lege
927 5595 1067 5646 ὅσων
1096 5592 1172 5646 lu.

2209 4474 2835 4544 προσαφορισοήσονται,
2872 4477 2967 4527 καὶ
2998 4475 3074 4537 ὠς
3109 4476 3380 4545 μηδέποτε
3411 4477 3478 4546 τῇ
3535 4475 3656 4528 κατ’
3679 4477 3774 4530 αύ-

2207 4564 2299 4616 τὺν
2325 4568 2459 4634 μονῇ
2488 4567 2948 4636 προσαρμόσαντα
2971 4567 3406 4634 λογισθὴσονται,
3440 4570 3614 4636 πάρεξ
3647 4569 3781 4637 μὲν-

2208 4675 2290 4713 τοι
2324 4659 2416 4712 τοῦ
2439 4660 2751 4730 ’ὁλοκλήρου
2787 4662 3026 4730 νησιδίου
3059 4664 3158 4732 τῆς
3187 4663 3392 4733 Aenide,
3425 4670 3521 4718 καὶ
3570 4668 3680 4719 τῶν
3721 4669 3780 4718 ἐν

2210 4753 2276 4822 τῇ
2311 4753 2458 4821 νήσῳ
2488 4753 2650 4821 Λέρῳ
2684 4751 3101 4822 δεσποζομένων
3131 4755 3263 4823 παρ’
3287 4755 3454 4808 αὑτοῦ
3490 4755 3652 4826 μέχρι
3683 4757 3778 4809 τοῦ

2211 4839 2327 4895 νῦν.
2363 4840 2484 4892 Τῶν
2515 4840 2622 4908 γὰρ
2647 4839 2904 4892 τοιούτων
2931 4841 3187 4894 δεσπόσει
3217 4840 3357 4894 κατὰ
3387 4841 3486 4911 τὴν
3514 4842 3610 4907 τῆς
3642 4859 3780 4912 προ-

2212 4933 2498 5002 γεγονυίας
2527 4933 2679 5004 παρὰ
2703 4932 2800 5002 τῆς
2834 4931 3112 5002 βασιλείας
3164 4951 3266 5004 μου
3297 4934 3390 4986 ἐπὶ
3417 4934 3628 4997 τούτοις
3650 4951 3786 5005 χρυ-

2214 5021 2501 5076 σοϐούλλου
2534 5025 2753 5094 γραφῆς
2811 5023 3106 5092 περίληψίν
3153 5041 3212 5075 τε
3267 5024 3362 5076 καὶ
3397 5024 3656 5094 δύναμιν,
3689 5025 3786 5075 καὶ

2218 5113 2399 5175 καθὼς
2443 5114 2568 5182 ἄχρι
2605 5115 2702 5181 τῆς
2731 5111 2892 5184 δεῦρο
2921 5113 3198 5178 δεσπόζων
3232 5118 3438 5168 τούτων
3477 5115 3739 5184 ἐτύγχανε
3768 5127 3783 5143 ·

2217 5205 2405 5274 ἕτερον
2433 5203 2491 5256 δέ
2526 5221 2578 5256 τι
2605 5203 2726 5256 κατ’
2773 5205 2963 5258 ούδὲνα
3008 5206 3206 5276 τρόπον
3237 5207 3296 5258 ἐν
3337 5205 3598 5275 οἱᾳδήτινι
3640 5209 3788 5275 νήσῳ

2215 5295 2464 5363 οὐδαμῶς
2513 5295 2894 5366 ὲπικτήσεται.
2926 5297 3116 5349 Δύτῶν
3151 5297 3206 5350 δὲ
3240 5297 3443 5350 τούτων
3485 5297 3661 5367 μόνων
3691 5299 3789 5349 καὶ

2215 5388 2314 5456 τῆς
2363 5389 2488 5456 ὅλης
2523 5390 2686 5458 νήσου
2743 5389 2966 5458 Πάτμου
3002 5390 3030 5443 ὃ
3053 5406 3112 5441 τε
3149 5391 3286 5460 ἱερὸς
3330 5383 3487 5453 οὗτος
3519 5388 3658 5458 ἀνὴρ
3691 5391 3787 5439 καὶ

2215 5477 2266 5528 οἱ
2299 5477 2390 5530 ὑπ’
2423 5477 2586 5531 αὑτὸν
2618 5478 2932 5548 σύμπαντες
2981 5479 3307 5531 δεσπόσουσι
3357 5478 3608 5548 μοναχοὶ,
3637 5479 3688 5530 οἰ
3727 5491 3792 5529 τε

607 5653 717 5731 (ll)
744 5653 897 5717 lloss.
929 5663 1074 5734 conj.
1109 5661 1276 5732 αὐτῷ.
1313 5660 1580 5730 Equidem
1621 5660 1842 5730 legerim
1878 5661 1969 5714 καὶ
1997 5663 2095 5717 καὲ

2196 5663 2256 5719 ἂν
2286 5659 2561 5732 συνεργῶν
2604 5658 2776 5731 τούτῳ
2809 5658 2940 5724 Θεὸς
2967 5659 3110 5714 κατὰ
3135 5659 3194 5714 τὸ
3212 5658 3361 5729 αύτῷ
3387 5655 3532 5728 βουλ.
3567 5653 3641 5713 In.
