4088 6214
364 287 466 350 937

1432 286 1797 350 NOVELLZE
1838 284 2523 346 CONSTlTUTlONES.

3516 288 3622 350 938

367 376 646 462 νῦνθδντες
682 399 777 453 καὶ
823 402 871 453 oi
907 398 1046 471 μετὰ
1075 398 1247 463 ταῦτα
1277 399 1546 471 ἐσόμενοι,
1580 401 1661 453 ἔτι
1694 400 1750 453 δὲ
1783 403 1878 455 καὶ
1910 404 1935 472 ἡ

2048 404 2362 457 etmnnium
2410 416 2754 471 quorumque
2808 401 3181 457 Romanorum
3218 417 3286 457 ac
3334 403 3622 473 gentilium

361 495 420 545 ἐν
472 494 537 562 τῇ
589 492 736 562 νήσῳ
769 492 998 562 Πάτμῳ,
1035 493 1111 556 ὡς
1163 492 1399 564 εἴρηται,
1456 494 1939 565 ἁνεγερθησομένη

364 587 499 657 μονὴ
532 587 681 639 ἔσται
716 588 1092 660 κυριαρχοῦσα
1120 587 1325 641 τούτων
1373 589 1830 660 ἀπαρασπάστως
1879 607 1938 643 τε

360 681 453 732 καὶ
483 677 945 749 ἀνυπεξαιρέτως,
980 679 1056 743 ὡς
1095 680 1277 749 πάσης
1305 680 1628 750 σεκρετικῆς
1659 682 1938 752 εὑρεσιλο-

358 770 503 838 γίας,
567 769 771 831 μᾶλλον
824 772 881 824 δὲ
938 771 1345 840 γλωσσαλγίας,
1399 774 1802 843 ὑπερτεροῦσα,
1846 775 1941 827 καὶ

359 861 699 915 ἀδιάσειστον
730 864 825 916 καὶ
864 865 1266 935 ἀπερίτρεπτον
1292 866 1390 936 τὴν
1410 867 1496 917 ἐπ’
1528 867 1710 928 αὐτοῖς
1743 866 1939 919 δεσπο-

357 952 509 1006 τείαν
542 951 689 1022 ἔχειν
719 953 1012 1022 ὀφείλουσα
1054 956 1134 1018 είς
1182 955 1357 1009 αίῶνα
1403 956 1493 1008 τὸν
1534 946 1785 1010 ἅπανταο
1817 957 1938 1026 ἣτις

356 1044 453 1096 καὶ
512 1032 908 1108 αὑτοδὲσποτος
959 1046 1054 1098 καὶ
1106 1045 1454 1112 αὑτεξοὺσιος
1491 1047 1630 1115 μετὰ
1658 1046 1758 1115 τῆς
1809 1048 1939 1116 ὅλης

356 1138 523 1207 νήσου
575 1138 824 1207 διαμενεῖ
869 1140 926 1200 ἐς
967 1139 1076 1203 ἀεὶ,
1129 1136 1254 1191 καθ’
1307 1139 1508 1208 ἑαυτὴν
1557 1139 1805 1207 ἀγομένη
1840 1140 1937 1191 καὶ

353 1227 746 1297 διευθυνομένη
779 1229 922 1282 κατὰ
949 1229 1011 1282 τδ
1060 1229 1254 1298 μέλλον
1315 1231 1408 1281 ἐπὶ
1449 1212 1625 1299 ταύτῃ
1684 1229 1936 1296 γενέσθαι

352 1318 583 1371 τυπικὸν
613 1321 708 1373 καὶ
743 1322 841 1389 τὴν
866 1321 1111 1386 διάταξιν
1147 1320 1299 1391 παρὰ
1349 1320 1444 1375 τοῦ
1477 1320 1812 1391 δηλωθέντος
1850 1324 1937 1374 εὑ-

352 1409 551 1473 λαϐοὖς
616 1412 854 1482 μοναχοῦ
904 1414 1303 1484 Χριστοδοὺλου
1354 1415 1447 1467 καὶ
1504 1414 1792 1484 κτήτορος,
1841 1415 1936 1467 καὶ

353 1508 477 1562 οὔτε
506 1509 667 1576 αὕτη,
727 1505 851 1558 οὔτε
881 1506 950 1558 τὰ
983 1506 1075 1559 ὑπ’
1113 1507 1308 1575 αὑτὴν,
1363 1504 1437 1568 ὡς
1464 1504 1670 1558 ἄνωθεν
1697 1507 1933 1575 εἴρηται,

353 1599 479 1653 οὔτε
508 1603 543 1671 ἡ
577 1603 739 1670 νῆσος
772 1597 911 1668 αὐτὴ
944 1597 1049 1650 ὑπὸ
1090 1596 1347 1667 βασιλικὰ
1374 1596 1407 1666 ἢ
1436 1596 1872 1666 μητροπολιτικὰ
1898 1596 1929 1667 ἢ

352 1689 691 1743 ἐπισκοπικὰ
724 1689 755 1760 ἢ
789 1688 1220 1759 ἐκκλησιαστικὰ
1260 1688 1293 1759 ἢ
1333 1688 1437 1740 ὑπό
1462 1705 1584 1740 τινα
1617 1687 1753 1750 ὅλως
1789 1687 1930 1741 ἰδιωο

2040 503 2148 548 etc.
2173 495 2216 565 (I
2232 494 2563 564 7)judicum,
2584 495 2861 549 exercitus
2876 494 3475 565 ducum,quaastorum,
3495 496 3633 551 aedi-

2040 584 2485 654 lium,exempti
2557 586 2625 640 ab
2692 602 2862 641 onere
2922 588 3322 656 sportularum,
3389 603 3624 643 annona:

2041 673 2313 739 militaris.
2343 673 2446 728 fori
2498 675 2737 740 mularii,
2770 675 3107 739 burdonum,
3149 675 3624 739 semiburdonum,

2039 778 2308 833 equorum
2367 766 2843 829 admissariorum,
2906 769 3189 823 asinorum
3250 770 3402 834 item,
3444 770 3627 826 asina-

2040 854 2567 921 rum,caballarum,
2595 857 2759 911 boum
2790 859 3120 914 rusticorum
3144 868 3200 915 et
3221 863 3621 932 gregariorum,

2038 961 2222 1009 suum,
2246 947 2454 1014 ovium,
2479 964 2790 1018 caprarum,
2821 950 3176 1016 bubalorum,
3206 953 3478 1023 leporum,
3501 971 3626 1010 cer-

2038 1054 2253 1103 vorum,
2277 1055 2474 1094 canum
2510 1042 2912 1107 venaticorum,
2935 1044 3267 1099 rusticorum
3304 1055 3363 1123 et
3389 1048 3623 1102 aliorum

2038 1130 2455 1200 quadrupedum
2482 1149 2495 1197 ;
2522 1147 2801 1198 anserum,
2849 1145 3101 1201 anatum,
3125 1138 3430 1207 perdicum,
3460 1154 3628 1209 pavo-

2036 1237 2192 1285 num,
2213 1237 2433 1292 gruum,
2454 1238 2774 1293 cycnorum,
2800 1225 3211 1295 phasianorum,
3237 1230 3420 1284 avium
3465 1230 3629 1285 silva-

2038 1312 2267 1366 tiearum
2295 1323 2389 1365 aut
2413 1322 2843 1381 mansuetarum,
2870 1316 3246 1372 columbarum
3289 1328 3345 1373 et
3386 1320 3622 1375 aliarum

2034 1404 2362 1470 volucrium,
2392 1421 2618 1459 ovorum
2660 1407 2841 1462 omnis
2887 1409 3110 1478 generis
3142 1427 3156 1475 ;
3195 1426 3225 1465 a
3275 1414 3623 1480 prmstatione

2035 1495 2318 1552 fructuum
2350 1510 2707 1568 emptorum;
2745 1516 2776 1554 a
2806 1501 3055 1571 vectigali
3097 1517 3198 1571 pro
3253 1519 3402 1568 aere,
3445 1504 3617 1569 fumo,

2036 1587 2296 1656 fabricis;
2333 1606 2362 1644 a
2397 1600 2705 1645 castrorum
2729 1594 3055 1656 metatioue,
3082 1610 3111 1648 a
3131 1594 3236 1649 viis
3254 1598 3461 1659 stratis,
3485 1612 3623 1666 pou-

2036 1682 2185 1737 tibus
2211 1692 2319 1738 etc.
2363 1683 2593 1737 Ferrum
2623 1699 2687 1739 ac
2710 1696 2945 1739 massam
2986 1702 3096 1740 non
3136 1688 3517 1757 praestabunt;
3544 1688 3629 1742 ni-

352 1782 479 1835 τικὰ
507 1754 886 1852 ὑπαχθήσεται
914 1754 1183 1850 πρόσωπα
1210 1796 1223 1809 ·
1253 1754 1378 1830 οὑτε
1416 1778 1522 1847 μὴν
1553 1777 1826 1848 ἐξόριστός
1848 1794 1932 1841 τις

2038 1773 2732 1844 hildebebuntjudicibus,
2762 1754 3185 1844 mercatoribus,
3212 1780 3426 1834 cmteris
3456 1754 3626 1850 magi-

354 1874 738 1943 πεμφθήσεται
764 1870 985 1924 πώποτε
1022 1871 1079 1923 ἐν
1106 1870 1310 1934 αὑτοῖς,
1346 1868 1462 1921 ἀλλ’
1494 1867 1937 1938 ἐλευθεριάσουσι

353 1963 608 2033 καθαρῶς
635 1963 794 2031 ἄχρις
821 1962 1018 2023 αἰῶνος
1051 1960 1273 2022 παντὸς,
1328 1961 1423 2013 καὶ
1455 1958 1823 2029 πλουτήσουσι
1846 1957 1936 2011 διὰ

352 2054 514 2123 τῆσδε
549 2053 649 2122 τῆς
693 2053 953 2116 εὐσεϐοῦς
984 2051 1386 2123 χρυσοϐοὑλλου
1422 2051 1644 2122 γραφῆς
1678 2051 1741 2104 τὸ
1781 2051 1940 2104 αὑτο-

352 2144 611 2197 δέσποτόν
634 2161 694 2196 τε
724 2145 820 2198 καὶ
850 2144 1156 2214 ἐλεύθερον.
1185 2144 1711 2216 Ἐξκουσευθήσεται
1744 2145 1931 2214 μέντοι

350 2236 387 2305 ἦ
414 2252 474 2286 τε
508 2234 734 2306 ρηθείσα
766 2235 953 2288 ἅπασα
988 2236 1171 2303 νῆσος,
1232 2237 1324 2289 καὶ
1355 2234 1495 2307 αὑτὴ
1546 2238 1578 2305 ἡ
1617 2235 1753 2307 μονὴ
1798 2236 1937 2305 μετὰ

352 2326 461 2379 τῶν
513 2327 604 2381 ὑπ’
636 2328 806 2397 αὐτὴν
860 2329 1104 2392 πάντων,
1147 2328 1283 2398 προς
1332 2328 1516 2382 δὲκαὶ
1550 2329 1611 2380 τὸ
1644 2328 1937 2398 διαληφθὲν

355 2420 595 2489 νησίδιον
623 2420 762 2489 μετὰ
794 2418 902 2472 τῶν
935 2422 991 2471 ἐν
1017 2418 1168 2489 αὑτῷ
1202 2418 1438 2483 πάντων,
1473 2419 1583 2474 ἀπό
1613 2436 1670 2472 τε
1698 2424 1938 2491 μιτάτων

360 2513 637 2583 ἀρχόντων
675 2511 1029 2581 ταγματικῶν
1056 2510 1151 2564 καὶ
1183 2510 1518 2580 θεματικῶν,
1539 2511 1865 2581 Ῥωμαῖκῶν
1878 2529 1936 2565 τε

354 2605 687 2676 παραταγῶν
714 2605 809 2657 καὶ
839 2602 1067 2656 ἐθνικῶν
1090 2618 1105 2634 ο
1138 2603 1219 2655 ἔτι
1247 2619 1307 2654 τε
1349 2601 1593 2666 Ῥώσων,
1621 2602 1932 2676 Βαράννων,

354 2696 725 2761 Κουλπίννων,
781 2694 1078 2763 Ἱγγλίνων,
1106 2695 1395 2766 Φράγγων,
1424 2694 1735 2765 Νεμίτζων,
1767 2695 1934 2748 Βουλο

352 2789 559 2859 γάρων,
602 2788 964 2858 Σαρακηνῶν,
1015 2785 1274 2850 Ἀλανῶν,
1340 2786 1644 2857 ’Δϐασγῶν,
1702 2785 1935 2840 Ἀθανά-

353 2896 461 2932 των
491 2879 537 2951 (Ι
554 2878 605 2949 5)
633 2880 725 2932 καὶ
749 2878 953 2933 λοιπῶν
981 2879 1238 2934 ἁπάντων
1267 2877 1558 2949 Ῥωμαίων
1583 2894 1641 2930 τε
1666 2878 1763 2932 καὶ
1793 2878 1936 2931 ἐθνι·⁵

353 2972 505 3024 κῶν
565 2974 975 3042 ἀντιμιτάτων·
1038 2972 1465 3043 φραγγιτάτων·
1535 2972 1931 3042 ἀπομιτάτων·

355 3064 649 3135 ἁπλήστων
706 3065 739 3136 ἢ
811 3065 1213 3135 μεσαπλήστων
1281 3064 1521 3135 κριτῶν,
1584 3062 1931 3134 στρατηγῶν,

2039 1862 2321 1927 stratibus,
2348 1863 2585 1919 ducibus
2611 1864 2958 1931 ollicialibus,
3000 1869 3367 1936 qumstoribus
3381 1878 3436 1924 et
3457 1882 3621 1924 caete-

2040 1954 2117 2008 ris
2143 1953 2280 2008 viris
2333 1955 2598 2026 dignitate
2648 1957 2731 2013 vel
2804 1959 3132 2013 auctoritate
3190 1959 3438 2026 iudutis;
3478 1962 3618 2016 nihil

2039 2046 2204 2101 iidem
2235 2048 2509 2104 militibus
2559 2050 2769 2119 pabuli.
2838 2062 2969 2116 etc.,
3029 2053 3277 2122 prmbere
3328 2062 3621 2118 tenentur;

2037 2136 2352 2208 deputatas,
2376 2141 2596 2196 exsules
2621 2142 2935 2198 conducere
2977 2144 3047 2199 iis
3072 2159 3298 2201 necesse
3333 2161 3442 2200 non
3474 2148 3621 2211 erit;

2037 2232 2270 2300 vectigal
2298 2248 2396 2301 pro
2427 2234 2575 2301 vino,
2624 2250 2827 2302 carne,-
2866 2252 3029 2293 caseo
3072 2238 3303 2308 aliisque
3355 2239 3628 2294 similibus

2036 2337 2146 2376 non
2172 2323 2417 2391 solvent;
2438 2341 2653 2380 armare
2675 2342 2864 2394 naves,
2882 2327 3202 2398 sagittarios
3226 2345 3335 2383 non
3375 2330 3574 2385 debent
3606 2342 3625 2396 ;

2037 2417 2431 2471 commercium
2471 2418 2757 2484 bovinum,
2788 2418 3199 2487 alimentorum,
3219 2422 3326 2476 olei
3346 2421 3581 2476 liberum
3607 2440 3623 2485 ;

2036 2505 2134 2560 lini
2166 2515 2222 2561 et
2251 2508 2371 2577 ejus
2400 2507 2653 2576 seminis,
2680 2510 2807 2564 item
2840 2526 3057 2567 accerae
3098 2520 3155 2566 et
3206 2513 3402 2567 mellis.
3451 2513 3624 2585 Ligna
3660 2512 3665 2519 ’

2039 2597 2132 2652 ubi
2156 2598 2340 2653 volent
2362 2600 2598 2666 caedent;
2624 2618 2845 2659 asseres
2866 2605 3156 2672 secabunt,
3184 2604 3357 2661 fossas
3376 2606 3582 2662 fodieni
3607 2624 3625 2673 ;

2039 2690 2281 2758 hospitio
2311 2694 2393 2748 eis
2441 2694 2753 2763 excipiendi
2809 2712 2921 2751 non
2986 2705 3114 2753 sunt
3174 2699 3356 2755 omnis
3406 2702 3626 2769 generis

2037 2783 2427 2853 magistratus,
2465 2784 2635 2840 duces
2690 2786 2948 2853 militum,
3000 2789 3235 2859 iudices,
3268 2790 3630 2858 inspectores,

2037 2876 2253 2937 scribae.
2290 2876 2575 2947 justitiarii
2609 2887 2675 2946 et
2725 2880 2917 2935 vicarii
2976 2882 3263 2945 taxiarchi,
3302 2884 3629 2945 turmarchi.

2038 2967 2384 3033 chartularii,
2430 2969 2662 3025 comites
2687 2978 2743 3025 et
2798 2980 3070 3043 quotquot
3132 2974 3362 3030 suntrei
3398 2975 3633 3045 publica:

2038 3063 2428 3134 negotiatores.
2480 3066 2831 3123 lnviolabiles
2887 3080 3015 3125 sunt
3084 3080 3138 3124 ct
3190 3072 3387 3127 muniti
3444 3085 3633 3128 contra

354 3156 674 3227 άπαιτητῶν
698 3171 712 3186 ⁸
747 3158 844 3210 καὶ
888 3157 996 3210 τῶν
1028 3155 1169 3226 ὑπὲρ
1207 3156 1316 3208 τῶν
1371 3155 1665 3225 ἀπλήστων
1715 3154 1933 3223 χορείας

2037 3170 2424 3225 quamcunque
2459 3157 2717 3226 injuriam
2752 3174 2900 3213 nunc
2943 3170 2999 3213 et
3032 3175 3275 3229 semper.

355 3251 584 3320 χρειῶν⁹

356 3344 565 3413 ἀγορᾶς
665 3342 979 3413 μουλαρίων
1003 3380 1016 3402 ,

351 3433 751 3504 όνοκηλωνίων,
784 3430 1129 3499 ὀνοθηλείων,
1165 3428 1477 3496 φορϐάδων,

668 3251 967 3304 ἐπιθέσεων
1027 3247 1506 3320 μονοπροσώπωΨ
1567 3247 1774 3309 δόσεως
1859 3246 2157 3298 κανισκίων
2219 3247 2252 3315 ἢ
2305 3248 2761 3301 ἀντικανισκίωνο

1091 3338 1576 3408 μεσομουλαρίων,
1640 3336 1948 3407 βορδωνίων
1973 3376 1988 3398 ,
2058 3336 2522 3405 μεσοϐορδωνίων,
2595 3339 2813 3402 ἵππων,

1558 3426 1700 3496 βοῶν
1750 3426 2060 3494 ἐργατικῶν
2132 3426 2228 3478 καὶ
2298 3425 2593 3492 ἁγελαίων,
2626 3426 2847 3496 χοίρων,
2887 3429 3197 3497 προϐάτων,
3247 3429 3457 3498 αίγῶν,
3501 3434 3636 3498 ἀγε-

2869 3252 3248 3320 σιταρκήσεως
3338 3254 3592 3323 κάπρων
3618 3272 3632 3286 ·

2923 3344 3227 3408 παρίππων
3251 3380 3268 3405 ,
3327 3341 3631 3425 κηλωνίων.

352 3526 550 3589 λάδων,
580 3524 882 3595 βουϐάλων,
911 3520 1163 3588 λαγωῶν,
1218 3519 1457 3587 ἐλάφων,
1523 3517 1707 3571 κυνῶν
1770 3518 2162 3589 λαγωνικῶνῆ
2209 3520 2569 3588 ποιμενικῶν,
2630 3524 2725 3573 καὶ
2781 3520 2986 3574 λοιπῶν
3059 3522 3409 3590 τετραπόδων
3454 3522 3611 3586 ζώων

352 3617 556 3686 χηνῶν,
574 3613 1117 3686 νηττῶν,περδίκων,
1139 3610 1382 3675 ταώνων,
1425 3611 1693 3682 γεράνων,
1754 3610 1990 3676 κύκνων,
2034 3611 2336 3681 φασιανῶν,
2370 3611 2601 3681 ὀρνίθων
2623 3614 2830 3683 ἀγρίων
2858 3614 2891 3681 ἦ
2920 3614 3223 3685 χειροήθων
3245 3656 3260 3680 ,
3290 3610 3631 3686 περιστερῶρ

353 3708 449 3761 καὶ
474 3706 677 3779 λοιπῶν
713 3705 948 3776 πτηνῶν,
975 3704 1069 3758 καὶ
1098 3702 1209 3757 τῶν
1236 3702 1500 3769 ἐξαύτῶν
1524 3705 1747 3757 πάντων
1790 3702 1914 3756 ὠῶν
1968 3717 1984 3733 ⁶
2030 3703 2279 3773 παροχῆς
2345 3707 2684 3775 γεννήματος
2736 3704 2795 3769 ἐξ
2867 3706 3166 3776 ἀγορασίαις
3222 3712 3631 3783 γεγενημένης⁸

353 3800 544 3870 ἐνοχῆς
572 3798 910 3868 ἀνωτέρωνῆ
942 3794 1144 3866 ἐτέρων
1209 3795 1536 3866 πρακτόρων
1599 3795 1695 3848 καὶ
1728 3795 2007 3865 ἀρχόντων
2043 3795 2365 3865 οἰκοδομῶνο
2394 3796 2671 3866 προσόδων
2715 3796 2936 3867 ἀερίων,
2967 3799 3233 3864 καπνίων,
3293 3800 3636 3871 ιίιερικοπρεὶ⁴

352 3910 484 3957 των,
551 3891 943 3962 κομοδρόμωνο
1007 3888 1252 3958 συνωνῆς
1308 3888 1759 3958 καστροκτισίας,
1818 3887 2108 3957 ὀδοστρῶν,
2171 3888 2449 3958 γεφυρῶν,
2514 3891 2909 3958 παροικιατῶν,
2980 3892 3260 3961 ἐννόμων,
3321 3909 3635 3965 φραγγομι-

352 3985 483 4048 τῶν,
514 3984 843 4056 φραγγετῶν
869 4000 883 4013 °
917 3982 1137 4052 σιδήρου
1192 3981 1394 4044 δόσεως
1442 3981 1475 4052 ἦ
1549 3979 1970 4051 καρφοπετάλου
2006 3979 2102 4033 καὶ
2172 3980 2368 4051 μαζίου
2395 3992 2411 4008 ⁹
2442 3981 2674 4051 ἐκϐολῆς
2703 3984 2905 4052 χρειῶν
2933 3983 3044 4037 τῶν
3091 3987 3520 4056 χορηγουμένων
3550 3987 3631 4039 δι-

356 4080 586 4138 κασταῖς
639 4075 672 4145 ἢ
738 4075 1077 4145 πράκτορσιν
1129 4073 1162 4144 ἢ
1233 4073 1448 4142 ἐτέροις
1495 4072 1969 4145 ἄρχουσι,’δουξὶ,
2012 4075 2379 4141 καπετάνοις,
2431 4067 2802 4146 στρατηγοῖς,
2859 4078 3189 4146 ἀπαιτηταϊς
3246 4081 3341 4133 καὶ
3423 4080 3631 4133 λοιποῖς

356 4170 688 4244 πρέσϐευσιν
715 4171 886 4223 ἐθνῶν
913 4169 1367 4239 διερχομένοις,ῆ
1404 4170 1499 4222 καὶ
1538 4170 1769 4241 στρατιᾷ
1801 4184 1940 4222 τινι·
1981 4170 2182 4231 δόσεως
2253 4170 2649 4241 προσκυνητῶν
2672 4187 2686 4201 ·
2722 4171 2951 4244 ἐκϐολῆς
3005 4176 3403 4244 χορτασμάτων
3430 4192 3442 4205 ·
3511 4177 3632 4230 δια-

355 4266 563 4336 τροφῆς
597 4260 1092 4332 προελευσιμαίων,
1145 4259 1521 4329 βεστιαριτῶν,
1578 4260 1945 4330 μανδατώρων
1983 4259 2077 4313 τοῦ
2142 4259 2345 4329 δρόμου
2412 4260 2672 4329 πρέσϐεις
2721 4262 2968 4330 ἀγόντων
3019 4265 3396 4337 ἦέξορίστους
3427 4270 3460 4341 ἦ
3492 4274 3634 4325 κατά

360 4376 482 4413 τινα
516 4355 684 4423 ἀλλην
724 4354 914 4425 χρείαν
968 4350 1357 4421 διερχομένων,
1437 4349 1732 4418 βασιλικῶν
1800 4349 2104 4419 ἀνθρώπων
2155 4351 2248 4403 ἐπί
2288 4368 2412 4405 τινα
2486 4353 2972 4423 ἀποστελλομένων
3029 4357 3276 4413 δουλείαν
3324 4362 3420 4415 τοῦ
3455 4363 3630 4435 δημο-

360 4454 476 4505 σίου
505 4465 518 4479 ·
554 4444 914 4515 ἐκδανεισμοῦ
960 4445 1303 4513 γεννήματος
1348 4441 1516 4505 οἴνου,
1549 4441 1750 4510 κρεῶν,
1813 4444 1978 4514 τυροῦ
2020 4442 2116 4497 καὶ
2163 4442 2367 4513 ἐτέρων
2420 4445 2690 4498 παντοίων
2719 4448 2907 4501 εἱδῶν·
2943 4448 3272 4515 ἐξοπλίσεως
3341 4453 3630 4525 πλωῖμων,

353 4540 610 4608 τοξοτῶν,
675 4535 1065 4601 ἱπποτοξοτῶν,
1100 4534 1515 4604 ματξουκάτων,
1560 4534 1945 4604 κουνταράτων
1982 4536 2076 4589 καὶ
2148 4533 2351 4605 ἐτέρων
2378 4538 2763 4605 στρατιωτῶνο
2811 4539 3127 4611 ἐξωνήσεως
3192 4543 3521 4612 ζευγαρίων,
3551 4548 3633 4598 σί-

355 4647 473 4697 του,
522 4632 750 4702 κριθῶν,
811 4629 1056 4700 βρώμου,
1105 4626 1350 4698 ὀσπρίων
1382 4625 1675 4688 παντοίων.
1735 4626 1938 4693 ἐλαίου,
1982 4629 2242 4699 κέγχρου,
2277 4627 2520 4699 λιναρίου
2592 4633 2687 4684 καὶ
2725 4634 2819 4685 τοῦ
2881 4633 3069 4687 τούτου
3111 4635 3444 4704 σπέρματος,
3496 4649 3629 4689 καν-

355 4729 564 4792 νὰϐεως
590 4727 816 4782 καὶτῶν
842 4726 1018 4780 ἄλλων
1046 4724 1407 4796 σπερμάτων·
1445 4723 1641 4793 κηρίου
1664 4722 1699 4790 ἢ
1734 4722 1947 4791 μέλιτος
1986 4725 2233 4796 παροχῆς
2257 4741 2271 4755 ·
2307 4725 2485 4794 κοπῆς
2552 4725 2673 4779 καὶ⁶
2712 4728 3126 4792 καταϐιϐἁσεως
3172 4732 3494 4803 οίασδὴποτε
3538 4737 3629 4804 ξυ-

354 4822 476 4888 λῆς,
529 4821 561 4890 ἦ
595 4818 966 4890 μετακομιδῆς
1003 4818 1190 4887 ἐτέρου
1238 4816 1413 4877 εἴδους
1436 4832 1452 4848 ⁸
1508 4815 1739 4878 κτίσεως
1764 4854 1780 4870 .
1805 4854 1821 4871 .
1847 4853 1862 4869 .
1889 4855 1903 4869 .
1927 4856 1942 4871 .
1983 4818 2191 4888 ἀγρῶν,
2242 4818 2539 4888 ζερμώνων
2605 4819 2942 4890 πολεμικῶν,
2983 4823 3204 4892 χαρϐῶν
3234 4896 3235 4899 η
3273 4827 3367 4879 καὶ
3427 4827 3627 4885 λοιπῶι

358 4914 534 4969 ἄλλων
563 4930 577 4946 .
630 4913 870 4983 πρίσεως
915 4910 1147 4965 σανίδων
1172 4925 1187 4940 ο
1232 4908 1503 4978 φοσοόιτου
1528 4909 1826 4977 διατροφῆς
1891 4912 1986 4963 καὶ
2024 4910 2318 4981 ἁπλὴστων
2349 4911 2440 4962 ἐπὶ
2506 4911 2741 4981 πόλεμον
2792 4912 3048 4977 ἀπιόντος
3088 4913 3120 4984 ἢ
3156 4917 3590 4989 ὑποστρέφοντος
3613 4941 3625 4954 ο

360 5010 705 5082 καθίσματος
777 5005 873 5058 καὶ
947 5002 1217 5072 ὑποδοχῆς
1249 5003 1357 5054 τῶν
1407 5002 1465 5055 ἐν
1519 5002 1762 5070 ὑπεροχῇ
1828 5002 2147 5072 ἀρχόντων,
2183 5003 2520 5072 δομεστίκων
2570 5004 2679 5055 τῶν
2712 5005 2936 5073 σχολῶν,
2986 5006 3214 5070 δουκῶν,
3281 5015 3626 5081 καπετάνων,

361 5102 735 5174 στρατιωτῶν,
800 5099 1002 5170 κριτῶν
1057 5100 1152 5150 καὶ
1208 5096 1316 5149 τῶν
1372 5097 1941 5165 ἀντιπροσωποὺντων
2016 5098 2201 5161 αὑτοῖς
2260 5099 2537 5161 ἐποπτῶν,
2595 5101 2961 5170 στρατευτῶν,
3019 5103 3294 5174 ὀρθωτῶν,
3378 5109 3627 5181 ἀναγρα-

361 5200 527 5269 φέων,
553 5195 849 5260 ἐξισωτῶν,
873 5191 1290 5260 δικαιοφρόνων,
1356 5189 1613 5253 συνόδων,
1653 5229 1668 5244 .
1706 5227 1722 5243 .
1758 5230 1773 5244 .
1808 5231 1823 5246 .
1861 5228 1876 5244 .
1910 5227 1928 5245 .
1960 5228 1975 5244 .
2015 5194 2431 5263 τοποτηρητῶν,
2475 5193 2805 5266 ταξιάρχων,
2870 5199 3255 5271 τουρμάρχων,
3308 5205 3626 5278 μεράρχων,

359 5291 786 5364 χαρτουλὰρχων
818 5287 932 5357 (16)
964 5284 1058 5338 τοῦ
1089 5284 1290 5355 δρόμου
1361 5285 1454 5336 καὶ
1508 5282 1616 5336 τῶν
1673 5283 1949 5353 θεμάτων,
1989 5288 2248 5357 κομήτων
2284 5326 2298 5341 .
2332 5326 2348 5341 .
2380 5325 2394 5341 .
2429 5330 2443 5342 .
2477 5327 2493 5342 .
2525 5328 2539 5342 .
2572 5288 2912 5356 δομεστίκων
2942 5292 3050 5345 τῶν
3095 5294 3368 5366 θεμάτων,
3432 5300 3632 5371 δρουγ-

357 5381 754 5453 γαροκομήτων
786 5377 881 5430 καὶ
914 5374 1324 5446 παραφυλὰκων
1358 5374 1453 5426 καὶ
1500 5373 1702 5438 παντὸς
1739 5374 1929 5444 ἐτέρου
1969 5375 2214 5430 δουλείαν
2276 5378 2372 5432 τοὺ
2433 5377 2693 5449 δημοσίου
2720 5383 3234 5456 μεταχειριζομένου
3259 5404 3275 5419 θ
3302 5390 3397 5443 καὶ
3429 5390 3624 5464 λοιπῆς

572 5577 649 5660 An
674 5574 1007 5660 άθαμὰνωνςὶ
1030 5573 1103 5660 lo:
1233 5644 1252 5660 Ι
2128 5580 2238 5651 (l7)
2274 5582 2349 5636 De
2373 5583 3088 5660 vociliusprzeco-barlmris
3119 5606 3241 5660 quae
3270 5592 3325 5646 in
3358 5602 3508 5648 textu
3532 5610 3614 5650 se-

430 5644 542 5720 (ιϐ)
572 5647 734 5700 Forte
766 5645 1194 5716 χαρτουλαρίων.
1232 5644 1307 5698 lo.

2045 5644 2313 5721 quunt'ur,
2346 5655 2573 5710 consule
2599 5656 2680 5711 Du
2703 5655 2895 5729 Caugii
2921 5644 3476 5720 GlossariumlﬁEvui-r‘.

612 5763 885 5821 PATBOL.
918 5763 958 5821 G
973 5780 1033 5822 ιι.
1071 5761 1381 5825 CXXVII.

3148 5776 3225 5837 30
