4102 6200
406 277 506 341 Cll

1497 277 1865 341 NOVELLzE
1890 275 2458 337 CONSTI'I‘UTION
2464 275 2574 336 ES.

3548 274 3651 335 942

480 396 786 466 Διορίζεται
818 398 994 451 τοίνυν
1022 401 1053 471 ἡ
1083 399 1329 469 βασιλεία
1371 415 1472 468 μου
1508 396 1840 467 οἰκονομικῷ
1866 411 1974 447 τινι

2147 392 2514 460 Quamobrem
2548 394 2801 464 majestas
2823 408 2964 457 mea,
2990 392 3057 448 de
3084 392 3251 447 rebus
3272 405 3465 445 eorum
3497 407 3652 446 com.-

409 490 554 561 λὸγῳ
593 490 944 546 διευθετοῦσα
989 492 1056 545 τὰ
1089 494 1210 545 κατ’
1240 493 1457 557 αὖτοὺς,
1495 492 1572 561 μή
1624 507 1746 543 τινα
1775 487 1981 541 τούτων

409 583 497 637 διὰ
527 583 698 636 ταῦτα
729 582 1104 653 δυσχεραίνειν
1134 584 1215 655 τῷ
1244 583 1393 654 ζυγῷ
1424 584 1522 651 τῆς
1568 579 1982 651 ἀρχιερωσύνης

412 674 769 742 ὑποδραμεῖν.
812 675 1025 738 Πάντες
1059 674 1165 743 γάρ
1203 671 1347 729 οὗτοι
1378 671 1853 726 καταπολαύσουσι
1887 670 1982 724 καὶ

409 766 573 818 πάλιν
613 765 724 818 τῶν
778 767 1100 837 προσουσῶν
1148 767 1333 829 αὐτοῖς
1367 765 1738 835 ἡγουμενειῶν
1783 780 1842 816 τε
1887 765 1980 815 καὶ

408 857 757 925 οἰκονομιῶν,
802 858 913 911 τῶν
946 858 1150 927 ἑτέρων
1179 875 1238 911 τε
1272 858 1587 929 ὑπηρεσιῶν
1618 856 1713 910 καὶ
1739 857 1983 925 λειτουρ-

408 948 544 1017 γιῶν
578 948 674 1001 καὶ
708 947 981 1018 ὀφφικίων
1006 949 1102 1002 καὶ
1129 949 1237 1001 τῶν
1270 949 1580 1019 προσόντων
1612 949 1797 1010 αὐτοῖς
1826 947 1980 1001 ἀδελ-

409 1042 616 1111 φάτων,
685 1042 781 1095 καὶ
834 1041 927 1094 τὸν
981 1040 1082 1108 τῆς
1125 1041 1475 1104 διδασκαλίας
1530 1040 1910 1111 ὑπεισερχόμεπ
1931 1056 1981 1091 οι

408 1131 565 1198 λόγον
595 1130 690 1183 καὶ
741 1131 842 1202 τὴν
894 1131 1226 1184 τελειοποιὺν
1260 1132 1413 1196 τάξιν
1454 1131 1848 1201 ἀναδεξάμενοι
1887 1130 1984 1181 καὶ

409 1221 518 1274 τῶν
550 1223 644 1275 ἀπ’
683 1222 907 1277 ἐκείνων
935 1224 1216 1285 προσόδων
1248 1223 1752 1291 κατεξουσιάσουσ-ι,
1789 1222 1981 1291 μέχρις

410 1313 476 1367 διν
499 1316 681 1369 ἄνεσιν
709 1315 948 1379 λάϐοιεν,
967 1317 1061 1368 καὶ
1092 1315 1199 1367 ἀπὸ
1223 1302 1319 1386 τῆς
1342 1317 1437 1370 νῦν
1461 1315 1790 1385 δυσκληρίας
1814 1331 1980 1367 κατα-

414 1409 596 1459 σταῖεν
623 1407 756 1477 πρὸς
782 1408 1099 1477 εὖκληρίαν,
1128 1408 1236 1461 τῶν
1269 1408 1643 1479 ψηφισθεισῶν
1668 1411 1852 1471 αὐτοῖς
1886 1409 1980 1460 ἐκ-

413 1499 673 1570 κλησιῶν,
700 1500 775 1562 ὡς
797 1500 1038 1571 εἴρηται,
1071 1501 1290 1553 ἀϐάτων
1321 1500 1498 1553 οὐσῶν
1536 1499 1746 1563 τούτοις
1778 1501 1851 1562 ὡς
1878 1498 1981 1551 ὑπὸ

410 1591 520 1642 τῶν
550 1590 813 1659 ἐχθίστων
836 1592 1216 1662 κατεχομένων
1248 1592 1479 1662 ἐχθρῶν.
1500 1592 1644 1663 Πλὴν
1658 1593 1725 1646 τὰ
1749 1590 1981 1645 ἐνταῦθα

2084 486 2244 541 moda
2301 486 2534 556 quadam
2581 485 3009 556 dispensationis
3056 486 3268 540 ratione
3310 484 3647 555 disponens,

2084 578 2275 634 statuit
2304 593 2375 634 ne
2425 579 2718 649 quisquam
2754 579 3003 648 ipsorum
3037 588 3325 649 prapterea
3364 578 3651 649 pontifica-

2085 679 2172 726 tus
2192 673 2381 743 jugum
2408 672 2594 727 subire
2626 681 2860 726 recuset.
2886 670 2952 726 Ili
2987 674 3132 726 enim
3157 688 3347 726 omnes
3372 688 3565 727 rursus
3596 673 3649 727 in

2084 773 2364 831 posterum
2422 761 2591 815 semel
2652 760 2940 829 acquisitis
2978 759 3236 814 fruentur
3299 759 3561 824 abbatiis,
3597 768 3653 812 et

2079 853 2677 917 administrationibus,
2713 852 3036 921 exterisque
3082 852 3425 912 ministeriis.
3458 863 3513 907 et
3542 869 3655 906 mu-

2084 947 2330 1008 neribus,
2386 954 2443 1000 et
2483 945 2701 1010 ofliciis,
2755 955 2811 1000 et
2854 946 3184 1015 adelpbatis,
3226 962 3347 1015 quae
3399 946 3652 1000 habent:

2085 1053 2319 1105 eumque
2348 1037 2579 1092 docendi
2628 1037 3020 1107 professionem
3074 1038 3364 1103 subibunt,
3417 1053 3656 1107 eumque

2085 1135 2388 1201 suscipient
2426 1131 2699 1194 ordinem,
2724 1133 2818 1203 qui
2861 1133 3112 1188 homines
3157 1134 3223 1187 ad
3261 1133 3652 1202 perfectionem

2084 1224 2348 1290 deducit;
2385 1224 2550 1279 etiam
2589 1226 2981 1294 provenientcs
3009 1240 3075 1278 ex
3112 1225 3199 1278 bis
3231 1224 3440 1278 reditus
3474 1224 3528 1276 in
3557 1238 3654 1291 po-

2086 1323 2279 1370 testate
2311 1330 2409 1369 sua
2449 1315 2789 1373 retinebunt.
2825 1316 3004 1368 donec
3058 1315 3382 1369 levationem
3415 1313 3652 1382 aliquam

2083 1416 2514 1477 consequantur,
2586 1414 2643 1461 et
2702 1406 3081 1461 infelicitatem
3143 1412 3468 1475 praesentem
3529 1417 3654 1456 cum

2081 1502 2452 1556 Ecelcsiarum
2488 1499 2591 1553 sibi
2630 1499 2975 1553 decreturum
3000 1497 3360 1567 prosperitate
3403 1512 3655 1550 comma-

2084 1603 2238 1658 teut;
2266 1610 2385 1664 qum
2416 1608 2584 1659 nunc,
2629 1592 2706 1646 uti
2738 1591 2945 1646 dictum
2993 1599 3098 1652 est,
3130 1589 3198 1642 ab
3226 1589 3308 1643 eis
3349 1588 3487 1642 adiri
3524 1603 3655 1654 pro-

409 1682 745 1752 διωρισμένα
794 1683 943 1753 παρὰ
986 1684 1085 1753 τῆς
1130 1683 1408 1753 βασιλείας
1456 1702 1556 1755 μου
1590 1686 1690 1738 ούκ
1736 1685 1831 1736 ἐπὶ
1868 1684 1979 1739 τῶν

2089 1697 2270 1756 pterea
2324 1693 2627 1754 nequeunt.
2680 1682 2827 1753 quod
2869 1682 2937 1737 ab
2973 1681 3229 1737 hostibus
3282 1678 3658 1733 infestissimis

408 1772 769 1841 ἀρχοντικίων
806 1775 1077 1844 κρατήσει
1111 1775 1206 1827 καὶ
1264 1774 1371 1827 τῶν
1404 1774 1626 1845 βαθμῶν
1645 1777 1754 1830 τῶν
1784 1776 1975 1845 ἱερέων

408 1879 466 1914 τε
503 1863 597 1915 καὶ
642 1863 910 1917 διακόνων
964 1866 1059 1917 καὶ
1111 1866 1221 1918 τῶν
1254 1864 1459 1920 λοιπῶν
1497 1865 1593 1920 τοῦ
1648 1867 1849 1938 κλήρου
1881 1869 1979 1939 τῆς

408 1953 501 2007 τοῦ
540 1953 674 2007 Θεοῦ
716 1956 973 2026 Μεγάλης
1012 1956 1356 2028 Ἑκκλησίας.

481 2217 885 2288 Κατάστρωσον
936 2219 1030 2274 οὖν
1094 2220 1156 2274 τὸ
1201 2223 1376 2293 παρὸν
1418 2226 1702 2281 πιττάκιον
1760 2229 1819 2281 ὲν
1866 2231 1977 2292 τοῖς

411 2308 601 2373 mare.
651 2309 745 2363 τοῦ
783 2313 1221 2383 χαρτοφυλακίου
1258 2317 1359 2387 τῆς
1403 2316 1498 2371 τοῦ
1533 2318 1670 2373 Θεοῦ
1714 2321 1977 2390 Μεγάλης

424 2398 765 2471 Ἐκκλησίας.

2082 1779 2452 1833 detineantur.
2500 1776 2621 1830 Non
2659 1785 2839 1829 tamen
2893 1788 2958 1829 ea
3014 1790 3135 1845 quae
3167 1773 3257 1828 hic
3300 1789 3329 1827 a
3366 1775 3652 1844 majestate

2086 1886 2206 1923 mea
2232 1869 2440 1923 saucita
2476 1877 2625 1933 sunt,
2655 1868 2818 1922 etiam
2848 1868 3028 1922 locum
3064 1867 3346 1921 habebunt
3379 1868 3432 1920 in
3464 1882 3656 1920 mune-

2087 1961 2241 2015 ribus
2268 1961 2443 2015 olIicia
2480 1962 2656 2029 prima
2697 1961 3029 2030 gerentiu-u,
3082 1966 3137 2015 et
3179 1959 3440 2027 gradibus
3467 1975 3651 2014 sacer-

2084 2052 2303 2120 dotum,
2339 2068 2403 2108 ac
2428 2053 2808 2116 diaeonorum,
2840 2052 3289 2121 reliquorumque
3320 2051 3651 2106 clericorum

2095 2145 2314 2217 Majoris
2350 2145 2610 2201 Ecclesiae
2634 2146 2753 2201 Dei.

2154 2236 2505 2308 Quapropter
2555 2246 2884 2307 praesentem
2927 2236 3153 2292 brevem
3186 2235 3374 2293 scrinii
3428 2234 3651 2306 Majoris

2086 2330 2343 2385 Ecclesia:
2377 2331 2472 2385 Dei
2511 2331 2799 2387 codicibus
2830 2331 3074 2389 inserito.

1977 2529 2118 2584 XIII.

1104 2637 1247 2710 Imp.
1279 2639 1457 2697 Alexii
1486 2640 1740 2699 Conmeni
1768 2646 2081 2715 rescriptum
2124 2645 2196 2700 ad
2215 2646 2497 2702 Nicoiaum
2529 2649 2891 2717 patriar-cltum
2920 2649 3057 2721 (ἢεί).

1548 2757 1743 2818 (Exstat
1763 2772 1909 2821 supra
1932 2761 1984 2809 in
2004 2767 2108 2809 uot.
2134 2762 2194 2811 ad
2219 2762 2402 2812 novell.
2426 2762 2499 2824 7.)

1982 2889 2123 2945 XIV.

1074 2995 1215 3069 Imp.
1249 2997 1423 3054 Alexii
1454 3000 1707 3056 Comneni
1736 3017 1901 3056 aurea
1927 3002 2073 3057 bulla
2110 3002 2321 3059 Pisanis
2350 3020 2593 3059 concessa
2629 3007 2713 3075 (Α.
2753 3006 2938 3081 Il”),

717 3106 1061 3171 (Verbolenus
1080 3109 1269 3161 inserta
1291 3119 1545 3175 reperitur
1566 3124 1733 3161 aurea:
1749 3109 1901 3161 bullae
1929 3109 2098 3161 leascii
2120 3112 2305 3175 Angeli
2327 3127 2416 3177 pro
2433 3115 2610 3165 iisdem
2635 3114 2851 3166 Pisanis.
2883 3116 3004 3168 Vide
3025 3119 3178 3169 adan.
3206 3120 3369 3178 1193.)

1982 3240 2098 3299 ιν.

415 3353 554 3423 Imp.
578 3352 750 3408 Alexii
779 3352 1035 3409 Comneni
1064 3353 1272 3408 novella
1321 3355 1621 3409 constitutio
1642 3354 1706 3407 de
1728 3355 1856 3424 jure
1887 3359 2207 3426 patriarcha:
2241 3360 2377 3413 circa
2401 3360 2746 3414 monasteria.
2788 3358 2875 3429 (A.
2911 3359 3049 3415 1082
3075 3361 3158 3416 vel
3183 3363 3321 3418 1097
3359 3365 3442 3419 vel
3477 3368 3613 3423 Illi
3642 3375 3660 3441 )

1002 3471 1060 3525 '0
1089 3472 1273 3526 Βαλσα
1282 3470 1418 3541 μών.

416 3588 598 3656 Χάριν
635 3586 754 3640 τῶν
795 3584 1212 3654 προσενέεεων
1241 3584 1347 3656 καί
1368 3583 1587 3656 ἐτέρων
1617 3583 1985 3656 ἐκκλησιασ-

489 3654 670 3711 immr-
685 3656 930 3710 δικαίων
945 3658 1218 3721 ἀπελύθη
1235 3655 1563 3721 πρόσταξις
1582 3655 1690 3709 τοῦ
1709 3654 1984 3721 ἀοιδίμου

485 3727 793 3792 ,βασιλέως
838 3726 1027 3794 κυροῦ
1070 3725 1343 3788 Ἀλεξίου
1379 3725 1485 3779 τοῦ
1515 3723 1854 3793 Κομνηνοῦ,
1888 3722 1985 3776 ἐπὶ

483 3794 825 3864 ὑπομνήσει
880 3794 1064 3850 τινῶν
1111 3794 1646 3864 ἐκκλησιαστικῶνί
1685 3795 1986 3864 διακόνων

484 3862 954 3934 ἀναδεξαμένων
978 3864 1062 3930 τῷ
1098 3868 1233 3918 τότε
1267 3865 1382 3930 τὴν
1408 3863 1698 3934 φροντίδα
1725 3862 1844 3916 τῶν
1872 3879 1983 3917 ,πα-

486 3932 842 4006 τριαρχικῶν
883 3935 1309 4003 μοναστηρίων
1343 3932 1462 3988 ἀπὸ
1498 3932 1608 4002 τῆς
1644 3948 1986 4006 σεατριαρχι-

462 4003 602 4074 ικῆς
642 4003 1124 4074 μεγαλειότητος,
1161 4006 1555 4074 μηνολόγημα
1583 4003 1853 4073 φέρουσα
1879 4003 1986 4056 τὸν

485 4073 842 4145 Δεκέμϐριον
861 4074 1029 4144 μῆνα
1052 4075 1161 4141 τῆς
1193 4080 1239 4125 e'
1265 4073 1382 4128 ινδ.

486 4190 598 4260 Τὴν
625 4190 954 4261 ὲπιτήρησιν
984 4186 1077 4241 καὶ
1102 4185 1386 4256 διόρθωσιν
1415 4188 1522 4239 τῶν
1542 4186 1788 4257 ψυχικῶν
1820 4185 1988 4255 σφαλ-

418 4283 606 4350 μάτων
639 4280 1006 4353 άναμφίὸολον
1029 4280 1174 4350 ἔχειν
1192 4280 1281 4335 τὸν
1308 4280 1449 4332 κατὰ
1467 4280 1566 4350 τὴν
1585 4280 1798 4351 ἡμέραν
1818 4278 1988 4344 άγιώο

417 4390 579 4427 τατον
610 4374 958 4444 πατριάρχην
986 4373 1081 4425 ἐπὶ
1118 4375 1231 4435 τοῖς
1267 4372 1572 4442 ἐλευθέροις
1607 4370 1987 4443 μοναστηρίοις

423 4464 519 4518 καλ⁵
545 4466 637 4518 ἐπὶ
655 4468 767 4528 τοῖς
787 4464 1082 4518 ἑπιδοθεῖσι
1103 4464 1196 4515 καὶ
1224 4465 1315 4515 ἐπὶ
1333 4466 1442 4525 τοῖς
1472 4463 1759 4533 ῑωρηθείσι
1781 4464 1871 4516 καὶ
1896 4462 1990 4518 ἐπὶ

417 4557 528 4618 τοῖς
555 4556 679 4610 κατ’
701 4555 954 4625 ἐφορείαν
978 4558 1011 4628 ἢ
1035 4554 1350 4625 οἰκονομίαν
1382 4554 1584 4607 δοθεῖσι
1603 4572 1617 4586 ·
1645 4555 1851 4609 δίκαιον
1879 4555 1989 4626 γὰρ

420 4647 680 4717 κέκτηται
728 4648 1074 4719 εἰσέρχεσθαι
1125 4650 1217 4700 καὶ
1262 4646 1627 4718 ἀναψηλαφᾷν
1665 4648 1733 4699 τὰ
1780 4647 1988 4718 ψυχικά

421 4741 715 4810 σφάλματα
744 4742 838 4794 καὶ
880 4742 961 4803 είς
989 4744 1058 4794 τά
1093 4742 1332 4811 κοσμικά
1368 4741 1463 4793 καὶ
1494 4741 1569 4802 εἰς
1598 4739 1667 4792 τὰ
1699 4739 1792 4792 τοῦ
1822 4739 1989 4809 δημο-·

2008 3476 2054 3539 C

2713 3473 3023 3529 Balsamon.

2087 3585 2165 3640 De
2203 3586 2386 3642 allatis
2416 3590 2472 3643 in
2499 3591 2819 3643 monasterio
2868 3589 3033 3651 bonis,
3058 3600 3108 3645 et
3151 3593 3273 3647 aliis
3305 3594 3661 3654 erclesiasticis

2147 3659 2383 3737 j_urib_tts_,
2410 3658 2731 3737 publicatam
2788 3669 2868 3737 est
2896 3662 3120 3737 edictum
3162 3663 3347 3733 inclyti
3389 3670 3658 3737 principis,

2159 3729 2360 3807 domini
2386 3730 2562 3807 Διιπξὶ
2617 3729 2889 3807 Comneni,
2924 3731 2993 3785 ad
3020 3729 3664 3807 'diaconorum'quorum;

2156 3798 2282 3851 dam
2308 3801 2705 3872 suggestionem,
2729 3803 2819 3868 qui
2842 3818 3024 3856 curam
3059 3798 3531 3872 patriarclticorum
3552 3827 3664 3864 mo-

2160 3871 2512 3948 nasteriorum
2541 3871 2595 3923 id
2611 3872 2859 3948 temporis
2880 3874 2934 3948 in
2963 3889 3018 3948 se
3042 3871 3379 3942 recipiebant,
3394 3878 3523 3945 jure
3559 3898 3659 3948 pa-

2160 3939 2465 3997 triarchalis
2499 3943 2851 3995 auctoritatis.
2876 3942 3040 3995 (labet
3076 3939 3250 3995 autem
3290 3939 3480 3999 mensis
3523 3939 3661 4001 indi-

2160 4010 2445 4081 cationem,
2467 4011 2605 4080 quod
2632 4010 2824 4064 scilicet
2847 4013 3044 4080 factum
3063 4015 3127 4066 sit
3154 4013 3427 4073 Decembri
3456 4033 3656 4081 mense,

2158 4080 2445 4132 indictione
2471 4082 2678 4149 quinta.

2160 4189 2613 4245 Observationem
2654 4200 2710 4245 et
2739 4191 3136 4247 correctionem
3165 4194 3362 4250 animte
3402 4196 3655 4268 lapsnum

2087 4291 2305 4338 constat
2354 4283 2554 4336 habere
2612 4283 3023 4338 sanctissimum
3078 4287 3347 4356 enjusque
3397 4293 3659 4360 temporis

2093 4375 2488 4445 patriarcbam,
2538 4384 2644 4428 tam
2684 4375 2738 4429 in
2776 4375 2970 4431 liberis
3002 4382 3368 4446 monasteriis,
3395 4397 3558 4451 quam
3606 4386 3661 4440 in

2089 4465 2319 4520 elocatis
2345 4474 2402 4519 et
2424 4464 2664 4530 donatis,
2703 4476 2759 4521 et
2794 4467 2863 4520 iis
2894 4482 3017 4537 qure
3053 4469 3411 4537 iuspeetionis
3434 4474 3521 4528 vel
3555 4475 3661 4529 ad-

2093 4555 2513 4610 ministrationis
2546 4571 2708 4610 causa
2738 4570 3003 4612 concessa
3047 4565 3198 4613 sunt.
3227 4559 3327 4614 Jus
3353 4561 3503 4618 enim
3555 4562 3656 4617 ba-

2092 4647 2185 4700 bet
2235 4646 2532 4713 subeundi,
2568 4656 2624 4700 et
2657 4646 3034 4703 contrectandi
3075 4648 3275 4705 delicta
3304 4651 3521 4716 anima),
3549 4660 3658 4706 tam

2092 4737 2149 4790 in
2178 4738 2532 4793 saecularibus
2560 4752 2724 4806 quam
2758 4737 2874 4793 fisci
2900 4739 3268 4803 monasteriis,
3314 4749 3370 4795 rt
3402 4749 3463 4795 ut
3492 4743 3662 4797 semel

423 4833 537 4884 σίου
582 4833 944 4902 μοναστήρια,
974 4833 1069 4887 καὶ
1118 4831 1306 4896 ἁπλῶς
1333 4833 1507 4885 εἰπεῖν
1555 4832 1635 4894 είς
1663 4832 1731 4885 τὰ
1760 4830 1865 4884 ὑπὸ
1892 4830 1984 4902 τὴν

2092 4828 2294 4890 dicam,
2319 4829 2502 4884 omnia
2527 4846 2649 4900 qum
2681 4839 2807 4884 sunt
2831 4829 2935 4885 sub
2963 4832 3083 4902 ejus
3120 4832 3366 4903 regione,
3404 4834 3518 4890 sive
3548 4834 3662 4889 sint

422 4922 638 4992 ὲνορὶαν
680 4922 846 4976 αὐτοῦ
876 4923 1076 4989 πάντα,
1106 4922 1207 4976 κάν
1238 4939 1297 4975 τε
1328 4922 1706 4994 πατριαρχικὰ
1731 4916 1859 4989 ὦσι,
1884 4924 1986 4977 κάν

372 5056 377 5060 .
417 5029 476 5065 τε
510 5013 764 5083 βασιλικὰ
791 5015 884 5066 καὶ
908 5013 1300 5069 αὐτοδέσποτα.
1328 5015 1438 5068 Καὶ
1461 5016 1540 5076 είς
1564 5014 1664 5084 μὲν
1694 5014 1763 5068 τὰ
1785 5015 1989 5079 οἰκεῖα,

416 5102 453 5156 ἃ
482 5104 583 5157 οὐκ
613 5101 857 5169 ὲξέδοντο
900 5106 950 5157 οί
984 5105 1177 5176 πρῴην
1208 5106 1546 5177 πατριάρχαι
1589 5108 1669 5169 εἰς
1701 5107 1989 5172 ἐπιδόσεις,

418 5197 715 5262 ἀκωλύτως
763 5199 894 5253 ὅταν
940 5199 1200 5271 βούληται
1244 5200 1633 5264 εἰσελεύσεται,
1683 5202 1792 5256 εἴτε
1831 5202 1993 5263 αύτῖς

415 5290 483 5343 δι’
536 5291 731 5344 ἑαυτοῦ
781 5293 893 5345 εἴτε
939 5292 1029 5347 διὰ
1080 5295 1397 5364 προτροπῆς
1433 5293 1596 5346 αὐτοῦ
1642 5293 1701 5345 δν
1742 5293 1807 5345 ἂν
1836 5284 1989 5355 οὗτος

417 5380 528 5434 ἀπὸ
558 5382 667 5434 τῶν
719 5383 1195 5455 ὲκκλησιαστικῶν
1240 5381 1559 5454 ἐπιλέξηται
1602 5384 1696 5436 καὶ
1739 5381 1991 5453 διακρίνῃ

418 5469 561 5529 εἶναι
593 5476 744 5544 ἄξιον
774 5476 869 5530 τοῦ
900 5479 1131 5551 ἑρευνᾷν
1172 5476 1365 5533 ταῦτα.
1410 5477 1505 5540 Εἰς
1534 5475 1590 5529 δὲ
1634 5476 1701 5530 τὰ
1730 5474 1994 5546 ἐλεύθερα

422 5568 519 5618 καὶ
551 5566 875 5633 αὐτεξούσια
910 5570 1269 5642 μοναστήρια,
1311 5570 1439 5624 ὅταν
1481 5583 1562 5631 τις
1594 5567 1866 5638 προσέλθῃ
1900 5570 1995 5622 καὶ

491 5681 606 5756 (23)
639 5683 797 5737 Anno
837 5682 995 5738 1099.

2095 4920 2498 4989 patriarchalia,
2530 4921 2643 4976 sive
2672 4920 3047 4990 imperatoria,
3079 4932 3136 4976 et
3164 4937 3286 4992 qua:
3313 4933 3443 4979 sunt
3470 4924 3554 4979 sui
3573 4926 3664 4995 ju-

2099 5010 2194 5065 ris.
2236 5013 2304 5066 l'lt
2336 5012 2390 5066 in
2421 5012 2640 5083 propria
2664 5013 2911 5082 quidem,
2945 5029 3068 5084 qua
3092 5016 3407 5083 superiores
3430 5016 3662 5086 patriar.
3709 5084 3713 5093 ο

2098 5104 2214 5158 chae
2242 5104 2309 5158 ad
2342 5104 2739 5159 incrementum
2771 5120 2880 5160 non
2907 5106 3215 5172 elocabant,
3248 5108 3455 5178 absque
3487 5109 3664 5177 impc-
3710 5096 3715 5104 ’

2100 5196 2368 5262 dimento,
2402 5194 2620 5265 quando
2655 5196 2821 5264 volet,
2873 5198 3216 5269 ingredietur
3246 5201 3363 5255 sive
3420 5202 3537 5271 ipse
3571 5216 3668 5270 per

2100 5302 2180 5355 se,
2217 5288 2334 5343 sive
2381 5288 2499 5357 ejus
2532 5289 2780 5356 hortatu,
2818 5307 2984 5361 quem
3016 5294 3132 5364 ipse
3176 5309 3246 5349 ex
3269 5294 3669 5351 ecclesiasticis

2100 5381 2351 5453 elegerit,
2379 5390 2435 5437 et
2465 5397 2529 5437 ea
2576 5383 2916 5453 perscrutari
2955 5383 3181 5456 dignum
3213 5400 3336 5444 esse
3385 5385 3664 5441 statuerit.

2102 5471 2302 5529 Libera
2329 5484 2512 5530 autem
2541 5486 2598 5531 et
2623 5474 2708 5530 sui
2750 5475 2896 5547 juris
2936 5479 3292 5545 monasteria,
3347 5477 3569 5548 quando
3597 5476 3669 5533 ad

2104 5568 2520 5625 sanctissimum
2557 5569 2841 5627 dominum
2878 5586 3061 5629 meum
3091 5579 3149 5629 et
3177 5571 3544 5642 patriarcham
3569 5567 3674 5626 de-
