4088 6214
483 240 594 304 943

1764 235 2029 297 ALEXII
2080 233 2427 297 COMNENI

3638 243 3751 306 944

480 337 676 411 lietum
714 354 769 409 in
803 353 1140 410 monasterio
1169 351 1372 407 factum
1430 352 1745 422 pervenerit
1779 354 1894 409 sive
1922 353 2055 409 alio-

2165 352 2296 425 εῐτῃ
2327 350 2408 421 τῷ
2437 350 2728 422 ἁγιωτάτῳ
2758 367 2860 421 μου
2886 349 3121 423 δεσπότῃ
3150 351 3243 404 καὶ
3268 352 3582 426 πατριάρχῃ
3608 358 3755 423 γινό⁹

477 449 572 519 qui
604 464 672 504 ex
696 446 838 502 fama
866 447 1202 515 aliquorum,
1232 444 1319 498 vel
1346 444 1514 498 etiam
1546 461 1716 499 unum
1753 446 2054 515 audiverit,

480 551 635 605 tunc,
667 549 727 592 ut
755 538 963 593 dictum
996 546 1107 601 est,
1133 535 1500 607 ingredietur,
1524 545 1580 590 et
1607 540 2050 606 perscrutabitur

476 634 675 689 delicta
709 632 926 692 animze,
954 627 1243 684 etiamsi‘is
1263 628 1356 699 qui
1386 628 1524 683 dixit
1549 630 1681 683 nolit
1707 630 1895 684 subire
1928 647 2057 700 pro-

478 723 640 779 bandi
673 722 1000 792 periculum.
1034 722 1208 774 Homo
1240 719 1387 775 enim
1416 718 1790 785 Christianus,
1835 720 2057 790 quando

476 816 683 885 aliquid
738 813 939 869 factum
998 812 1294 878 audiverit,
1342 812 1505 867 debet
1545 812 1650 867 hoc
1680 806 2059 868 dicere‘com-

478 908 631 963 muni
659 906 800 977 patri
829 916 885 960 et
909 902 1457 960 antistiti.‘Fortasse
1484 904 1633 959 enim
1670 920 1782 959 non
1807 905 1927 958 vult
1953 905 2060 960 hoc

476 1000 664 1055 subire
694 998 1025 1069 periculum,
1060 1006 1116 1053 et
1142 1005 1368 1067 propter
1407 995 1678 1067 ejusmodi
1703 1013 1925 1052 causam
1959 998 2059 1053 de-

473 1093 604 1147 licta
630 1092 829 1146 animae
858 1090 1210 1144 inobservata
1239 1097 1295 1142 et
1342 1087 1657 1143 incorrecta
1713 1089 2055 1159 relinquere,

473 1185 691 1239 esthoc
720 1183 881 1238 valde
916 1180 1243 1246 absurdum,
1277 1181 1430 1235 nullo
1480 1196 1819 1251 quocunque
1850 1184 2058 1253 scripto

477 1277 839 1347 imperatorio
871 1275 955 1329 vel
1003 1273 1359 1344 patriarchali
1407 1273 1513 1327 hoc
1559 1274 1909 1342 prohibente.
1953 1274 2059 1328 Sed

477 1366 811 1423 monasteria
868 1365 1093 1435 quidem
1161 1365 1362 1419 debent
1395 1363 1629 1427 illibata,
1686 1366 1940 1420 nimirum
2000 1374 2061 1421 ut

476 1476 656 1516 novus
693 1474 815 1514 mos
868 1473 979 1513 non
1015 1458 1430 1522 introducatur,
1465 1456 1778 1511 conservari
1834 1456 1889 1510 in
1935 1472 2059 1527 per-

478 1552 910 1609 scrutationibus
960 1565 1177 1617 eorum,
1218 1548 1313 1618 qui
1375 1548 1884 1614 mittuntur,nullo
1933 1549 2060 1604 inde

479 1654 706 1714 sumptu
756 1642 906 1698 dato.
953 1640 1109 1696 Tunc
1158 1642 1304 1697 enim
1338 1641 1536 1695 animae
1577 1640 1905 1696 delictorum
1942 1658 2063 1696 cor-

478 1736 653 1791 rectio
671 1734 851 1799 facile,
871 1734 916 1788 si
941 1732 1085 1787 Deus
1106 1733 1273 1797 volet,
1293 1731 1404 1786 fiet.
1424 1732 1483 1786 In
1505 1732 1852 1788 monasteriis
1876 1743 2059 1787 autem

481 1842 579 1897 per
609 1826 939 1881 locationem
985 1822 1284 1887 concessis,
1319 1830 1376 1877 et
1406 1821 1765 1891 inspectionis
1816 1821 2060 1897 nomine,

477 1919 561 1975 vel
613 1903 1126 1981 administrationis,
1180 1915 1264 1970 vel
1310 1914 1367 1969 in
1424 1916 1649 1969 omnino
1694 1914 1906 1979 liberis,
1949 1931 2060 1969 non

480 2012 657 2069 solum
708 2009 811 2063 alia
836 2009 1032 2063 animae
1067 2007 1264 2063 delicta
1318 2006 1579 2076 inquiret,
1631 2007 1727 2060 sed
1763 2006 1933 2060 etiam
1997 2022 2066 2061 an

480 2108 757 2163 destructa
779 2106 909 2171 sint,
940 2104 1025 2159 vel
1049 2102 1424 2167 destruantur,
1454 2116 1519 2155 ex
1550 2109 1725 2171 parte,
1754 2099 1841 2156 vel
1863 2099 1917 2153 in
1941 2099 2064 2153 uni-

479 2197 806 2261 versum,ab
840 2196 904 2250 iis
943 2195 1038 2265 qui
1067 2210 1130 2249 ea
1162 2209 1445 2264 accepere.
1471 2194 1539 2247 Et
1560 2193 1604 2246 si
1637 2192 1879 2247 inveniet
1906 2194 1964 2245 in
1998 2191 2066 2246 iis

479 2291 693 2359 aliquas
710 2288 827 2342 fieri
857 2286 1444 2354 diminutiones,coget
1462 2300 1554 2338 eos
1575 2284 1670 2353 qui
1700 2298 1764 2337 ea
1790 2283 2061 2351 detinent,

483 2380 799 2445 restituere,
831 2376 1297 2448 quemadmodum
1327 2389 1610 2446 accepere,
1669 2382 1726 2429 et
1757 2374 2059 2430 secundum

484 2471 805 2526 monasterii
837 2470 1147 2524 facultates.
1174 2468 1233 2522 ln
1263 2468 1371 2522 illis
1400 2476 1586 2522 tamen
1619 2483 1741 2537 quae
1775 2467 2055 2522 defectum

483 2564 707 2631 habent,
744 2563 811 2618 ad
861 2578 991 2617 eum
1033 2577 1122 2616 res
1155 2559 1484 2615 reducendae
1515 2569 1647 2615 sunt
1683 2568 1911 2623 statum,
1947 2574 2057 2629 quo

482 2657 605 2711 illas
635 2670 930 2726 accepere;
977 2668 1098 2723 quas
1154 2667 1289 2707 vero
1333 2662 1465 2707 sunt
1515 2651 1712 2707 eﬂ‘ecta
1748 2651 1977 2706 meliora
2007 2660 2064 2706 et

482 2757 663 2809 aucta,
700 2761 822 2801 cum
857 2755 1008 2800 recte
1038 2759 1096 2800 se
1123 2744 1385 2811 habeant,
1418 2759 1529 2798 non
1578 2743 1921 2812 minuentur,
1962 2745 2060 2799 sed

488 2839 788 2894 manebunt
835 2848 898 2892 ut
932 2854 991 2892 se
1034 2838 1261 2892 habent.
1305 2836 1408 2903 Qui
1436 2845 1622 2891 autem
1664 2852 1729 2891 ea
1782 2837 2056 2903 detinent,

483 2946 604 3001 qua:
629 2937 756 2986 sunt
788 2928 897 2983 illis
926 2928 1124 2982 tradita
1143 2967 1157 2993 ,
1185 2936 1240 2981 ut
1269 2928 1515 2998 regimen
1544 2938 1601 2983 et
1621 2928 2057 2985 administratio—

484 3038 608 3078 nem
633 3022 701 3077 ad
734 3029 950 3091 tempus
971 3019 1296 3089 suscipiant,
1320 3028 1377 3074 ct
1393 3020 1475 3075 eis
1497 3018 1758 3076 damnum
1783 3023 2022 3078 alterunt
2045 3064 2060 3089 ,

480 3116 525 3171 si
561 3115 742 3169 nolint
778 3115 833 3169 in
876 3128 1027 3175 eum,
1062 3126 1228 3181 quem
1262 3121 1618 3181 acceperunt,
1649 3124 1853 3169 Statum
1877 3131 1942 3171 ea
1974 3131 2061 3171 re-

480 3207 733 3273 stituere,
768 3207 850 3263 eis
905 3205 1250 3272 auferantur,
1294 3220 1399 3260 nec
1447 3205 1518 3261 ab
1577 3206 1645 3262 iis
1680 3224 1802 3277 qua:
1854 3208 2061 3266 habent

474 3300 699 3370 scriptis
723 3300 1007 3370 juventur,
1044 3298 1125 3353 eis
1177 3297 1305 3353 dato
1359 3300 1715 3355 convenienti
1751 3301 1839 3356 die
1871 3302 2056 3373 praeti-

478 3391 617 3447 nito.
657 3392 884 3447 'Interea
947 3401 1154 3457 autem,
1207 3390 1340 3447 dum
1402 3393 1607 3462 pendet
1657 3393 1931 3449 terminus
1961 3395 2058 3466 qui

478 3482 759 3540 observari
796 3485 985 3549 debet,
1028 3484 1161 3554 ipsis
1197 3483 1359 3540 factis
1390 3487 1618 3542 solliciti
1657 3496 1826 3543 erunt
1861 3487 2059 3543 de‘eo-

477 3591 602 3630 rum
643 3578 697 3630 in
723 3578 998 3646 integrum
1028 3577 1411 3641 restitutione,
1441 3587 1503 3632 ut
1531 3578 1742 3632 dictum
1768 3588 1873 3634 est.
1898 3580 2057 3635 Tunc

476 3668 625 3721 enim
656 3668 821 3722 etiam
853 3666 1122 3722 terminus
1155 3669 1492 3724 servabitur.
1529 3671 1759 3723 Przemia
1792 3670 2057 3725 dimisso-

477 3758 560 3812 ria
590 3766 799 3821 autem,
832 3758 1095 3826 quoniam
1124 3770 1327 3828 przeter
1354 3776 1598 3815 canones
1624 3761 1828 3815 dantur
1875 3772 1932 3816 et
1966 3777 2058 3818 ac-

479 3850 779 3919 cipiuntur,
819 3849 1046 3904 omnino
1077 3853 1374 3905 cessabunt
1406 3868 1420 3903 :
1453 3858 1511 3905 et
1555 3852 1652 3920 qui
1684 3855 1939 3923 accipere
1970 3855 2057 3910 vel

478 3942 611 3999 dare
643 3943 901 3998 inventus
953 3941 1158 4009 fuerit,
1197 3943 1242 3998 si
1306 3953 1393 3998 est
1452 3944 1675 4014 quidem
1735 3947 2058 4002 monasterii

478 4036 791 4105 praefectus,
822 4052 887 4091 ex
907 4035 1229 4106 praefectura
1254 4037 1562 4107 expellatur
1590 4056 1603 4091 :
1637 4038 1721 4092 sin
1754 4049 1937 4093 autem
1964 4039 2060 4095 be-

476 4129 816 4192 neficiarius,
867 4144 898 4185 e
932 4133 1275 4184 monasterio
1322 4130 1652 4201 expelletur.
1691 4131 1822 4199 Quae
1869 4142 2056 4188 autem

476 4220 547 4274 ab
582 4221 647 4275 iis
684 4220 779 4289 qui
809 4220 876 4274 ad
918 4231 1202 4276 tonsuram
1232 4223 1483 4288 veniunt,
1515 4221 1655 4277 fiunt
1701 4224 2054 4282 offerentium

477 4321 779 4380 spontanee
846 4312 1128 4367 voluntate
1193 4313 1523 4379 oblationes,
1567 4313 1944 4384 suscipientur
2000 4326 2056 4371 et

477 4402 865 4457 deseribentur
917 4404 971 4457 in
1010 4403 1290 4459 breviario
1333 4406 1684 4471 monasterii,
1722 4405 1789 4460 de
1818 4407 1899 4461 iis
1933 4422 2054 4476 quae

476 4495 802 4559 afferentur,
845 4496 1011 4550 etiam
1055 4496 1411 4551 sanctissimo
1466 4497 1792 4563 patriarchas
1853 4498 2047 4567 cogni-

476 4586 626 4640 tione
663 4586 788 4641 data
828 4587 1084 4642 :etiamsi
1114 4586 1150 4640 ii
1195 4586 1289 4656 qui
1320 4586 1527 4641 habent
1554 4588 1908 4652 monasteria,
1947 4588 2049 4642 do-

475 4687 732 4733 cumenta
768 4677 1007 4733 habeant
1035 4678 1103 4731 de
1139 4677 1480 4747 accipiendis
1526 4679 1767 4747 praemiis
1800 4677 2049 4732 dimisso-

477 4769 573 4823 riis
601 4779 655 4822 et
694 4768 858 4823 rebus
909 4769 966 4823 in
1016 4769 1414 4823 monasterium
1448 4770 1654 4834 allatis,
1689 4782 1744 4825 et
1777 4770 1844 4823 iis
1878 4769 2052 4824 lueri-

471 4862 785 4916 faciendis:
847 4862 950 4916 hoc
990 4863 1136 4916 enim
1205 4878 1421 4917 cessare
1461 4880 1490 4915 a
1549 4878 1697 4916 nunc
1754 4862 1941 4927 debet,
1997 4872 2052 4918 et

473 4953 590 5007 fieri
619 4953 1082 5022 quemadmodum
1112 4953 1319 5007 dictum
1350 4953 1722 5021 estsuperins.
1750 4952 1857 5007 Sed
1883 4955 2048 5010 etiam

456 5060 597 5117 ‘quze
620 5045 809 5099 adhuc
842 5053 1061 5099 exstant
1091 5045 1402 5101 oblationes
1435 5062 1544 5101 non
1580 5046 1785 5101 debent
1821 5048 2049 5103 alienari

473 5144 741 5203 praetextu
780 5136 1259 5191 documentorum.
1297 5137 1468 5193 Porro
1516 5147 1700 5192 autem
1732 5154 1842 5192 non
1872 5140 2049 5194 solum

473 5238 605 5277 cura
644 5225 949 5279 animarum
988 5227 1401 5292 monachorum,
1454 5228 1550 5283 sed
1592 5227 1756 5283 etiam
1802 5228 2045 5305 ipsorum

474 5313 842 5377 saecularium,
894 5314 1166 5368 incumbit
1216 5316 1565 5371 sanctissimo
1594 5318 1961 5387 patriarchae;
1992 5327 2047 5373 et

474 5403 696 5470 quando
731 5404 934 5459 viderit
961 5405 1199 5472 aliquem
1226 5407 1572 5462 saacularium
1603 5408 1880 5463 sitientem
1916 5426 2046 5477 pro-

472 5495 647 5564 priam
678 5497 931 5564 salutem,
985 5499 1263 5568 quomodo
1296 5501 1579 5571 continget
1638 5502 1916 5571 prohiberi
1962 5519 2050 5572 pa-

475 5585 793 5654 triarcham,
847 5590 1144 5658 quominus
1174 5590 1227 5644 in
1260 5591 1597 5646 monasterio
1624 5607 1750 5646 eum
1785 5592 2042 5657 collocet,

471 5673 538 5728 ad
569 5677 801 5735 salutem
858 5680 1054 5736 animae
1082 5681 1202 5751 ejus
1254 5680 1348 5751 qui
1389 5681 1642 5739 accedit?
1689 5681 1835 5738 Citra
1874 5684 2045 5739 ullum

2168 462 2328 514 μενον
2360 445 2585 514 σφάλμα
2638 446 2719 508 εἰς
2776 445 3166 516 μοναστήριον,
3207 445 3240 516 ἢ
3278 448 3373 499 καὶ
3419 446 3597 511 ἄλλως
3648 449 3758 503 ἀπὸ

2164 536 2356 605 φήμης
2388 535 2552 590 τινῶν
2592 536 2624 605 ἢ
2682 537 2775 588 καὶ
2808 536 2926 598 evil;
2964 536 3199 607 ἀκούσῃ,
3231 536 3353 588 τότε
3386 537 3760 591 εἰσελεύσεται

2161 624 2237 687 ὡς
2293 625 2509 695 εἴρηται
2569 626 2662 678 καὶ
2716 626 3003 696 ἐρευνήσει
3055 627 3125 679 τὰ
3170 626 3381 698 ψυχικά
3433 629 3757 699 σφάλματα,

2164 717 2269 768 κᾶν
2306 718 2381 788 μὴ
2411 720 2439 770 ὁ
2493 716 2665 771 εἰπὼν
2718 716 2978 788 βούληται
3028 718 3370 772 ύπεισελθεῖν
3401 721 3591 787 ἀγῶνα
3621 723 3757 773 ἀπο-

2165 809 2409 873 δείξεως.
2456 808 2516 861 Ὀ
2567 807 2676 882 γάρ
2710 788 3039 879 Χριστιανός
3087 811 3375 880 ἄνθρωπος
3405 811 3564 881 χρέος
3621 811 3757 880 ἔχει,

2163 902 2291 955 ὅταν
2319 920 2373 954 τι
2404 902 2617 975 ἀκούσῃ
2648 903 2943 973 γενόμενον
2974 905 3237 967 ἐναντίον,
3269 903 3453 971 λέγειν
3489 902 3655 956 τοῦτο
3683 904 3760 973 τῷ

2164 994 2328 1064 κοινῷ
2363 997 2723 1066 πνευματικῷ
2756 998 2927 1068 πατρὶ
2976 1000 3068 1051 καὶ
3112 998 3392 1068 άρχιερεί’
3430 998 3560 1062 ἴσως
3605 999 3667 1052 δὲ
3697 1001 3757 1052 ού

2167 1088 2241 1158 μὴ
2280 1087 2534 1158 βούλεται
2567 1089 2911 1142 ὑπεισελθεῖν
2948 1091 3040 1143 τὸν
3074 1091 3263 1159 ἀγῶνα
3308 1091 3531 1145 τοῦτον*
3576 1092 3759 1146 καὶτὸ

2164 1180 2674 1250 καταλιμπάνεσθαι
2703 1180 2793 1233 διὸι
2824 1182 2924 1252 τὴν
2947 1182 3204 1252 τοιαύτην
3238 1183 3420 1237 αἰτίαν
3448 1182 3517 1236 τά
3543 1184 3758 1254 ψυχικά

2166 1272 2463 1342 σφάλματα
2509 1274 2888 1344 ἀνεπιτήρητα
2922 1274 3018 1327 καὶ
3055 1275 3382 1345 ἀδιόρθωτα,
3427 1276 3546 1328 ἐστι
3597 1276 3758 1329 τοῦτο

2164 1366 2340 1435 πάντη
2374 1366 2594 1430 ἄτοπον,
2627 1366 2855 1435 μηδενὸς
2888 1368 3170 1437 ἐγγράφου
3213 1369 3546 1438 οἱουδήτινος
3595 1367 3757 1438 βασι-

2162 1455 2317 1509 λικοῦ
2349 1456 2381 1527 ἢ
2410 1458 2814 1529 πατριαρχικοῦ
2847 1458 3151 1521 κωλύοντος
3180 1464 3260 1523 εἰς
3290 1460 3468 1515 τοῦτο.
3510 1462 3668 1530 Πλὴν
3691 1462 3759 1515 τά

2168 1546 2505 1615 μοναστήρια
2537 1546 2815 1615 ὀφείλουσι
2842 1548 3222 1619 διατηρετσθαι
3254 1551 3676 1621 ἀκαινοτόμητα
3702 1554 3757 1603 ἐν

2163 1639 2286 1699 ταῖς
2325 1638 2576 1708 ἐρεύναις
2627 1641 2736 1693 τῶν
2770 1635 3281 1710 ἀποστελλομένων,
3333 1644 3616 1715 μηδεμιᾶς
3664 1648 3754 1698 ἐν·

2165 1731 2356 1783 τεῦθεν
2384 1732 2670 1803 διδομένης
2700 1733 2980 1807 δαπάνης·
3019 1735 3141 1788 τότε
3173 1736 3282 1804 γάρ
3325 1739 3418 1789 καί
3443 1739 3476 1807 ἡ
3515 1738 3755 1807 διόρθω-

2166 1840 2249 1884 σις
2302 1823 2412 1876 τῶν
2480 1824 2727 1894 ψυχικῶν
2783 1826 3122 1897 σφαλμάτων
3182 1827 3421 1887 εὐκόλως
3478 1829 3581 1882 σὺν
3636 1830 3755 1897 Θεῷ

2157 1917 2473 1987 γενήσεται.
2500 1918 2625 1970 Ἐπὶ
2642 1918 2697 1971 δέ
2721 1935 2784 1987 γε
2812 1920 2922 1982 τοῖς
2951 1919 3071 1972 κατ’
3090 1920 3328 1973 ἐπίδοσιν
3355 1919 3554 1973 δοθεῖσι
3582 1939 3756 1989 μονα-

2165 2010 2409 2080 στηρίοις
2452 2010 2545 2063 καλ⁵
2581 2010 2702 2065 κατ’
2735 2012 2990 2081 ἐφορείαν
3019 2013 3050 2083 ἢ
3082 2013 3394 2081 οἰκονομίαν
3431 2013 3463 2084 ἢ
3505 2014 3753 2084 παντελῆ

2162 2100 2483 2173 ἐλευθερίαν
2516 2104 2576 2156 οὑ
2611 2104 2771 2173 μενον
2796 2106 2863 2175 τᾲ
2893 2104 3029 2158 ἄλλα
3059 2104 3266 2175 ψυχικὰ
3300 2106 3599 2175 σφάλματα
3633 2109 3754 2160 ἐπιο

2164 2192 2417 2263 ζητήσει,
2458 2194 2593 2248 ἀλλὰ
2648 2197 2743 2250 καὶ
2781 2195 3243 2270 είκατελύθησαν
3295 2199 3328 2268 ἢ
3384 2201 3754 2253 καταλύονται

2167 2285 2410 2354 μερικῶς
2443 2285 2473 2355 ἢ
2505 2285 2738 2341 καθόλου
2771 2287 2922 2358 παρὰ
2957 2288 3063 2341 τῶν
3097 2289 3374 2342 λαϐόντων
3405 2289 3611 2344 ταῦτα.
3647 2291 3755 2344 Καὶ

2163 2376 2213 2428 εί
2264 2376 2488 2446 εὑρήσει
2554 2376 2707 2439 τινὰς
2771 2375 3027 2446 μειώσεις
3075 2379 3132 2430 ὲν
3188 2378 3372 2440 αὐτοῖς
3432 2379 3751 2446 γινομένας,

2167 2464 2577 2532 καταναγκάσει
2660 2467 2786 2528 τοὺς
2860 2465 3031 2520 ταῦτα
3091 2468 3421 2538 κατέχοντας
3479 2470 3754 2522 ἀποκαθιο

2170 2557 2301 2627 στᾷν
2357 2555 2570 2624 ταῦτα,
2653 2557 2837 2622 καθὼς
2901 2560 3213 2631 παρέλαϐον
3283 2562 3377 2613 καὶ⁵
3450 2564 3597 2615 κατὰ
3660 2561 3753 2633 τὴν

2165 2649 2428 2719 εὐπορίαν
2467 2650 2561 2703 τοῦ
2614 2651 2980 2722 μοναστηρίου
3006 2666 3022 2682 ·
3056 2653 3197 2723 πλὴν
3234 2654 3321 2705 ἐπ’
3361 2653 3595 2717 ἐκείνοις
3647 2658 3752 2717 τοῖς

2168 2743 2360 2806 ἐνδεῶς
2389 2741 2572 2814 ἔχουσι
2623 2745 2761 2816 πρὸς
2788 2745 2887 2816 τὴν
2943 2745 3299 2812 κατάστασιν,
3345 2748 3465 2800 καθ’
3489 2748 3557 2817 ἦν
3576 2748 3751 2801 ταῦτα

2171 2834 2500 2905 παρέλαϐον.
2539 2837 2619 2889 Τά
2649 2837 2704 2889 δέ
2747 2854 2811 2906 γε
2853 2837 3215 2909 βελτιωθέντα
3247 2840 3343 2893 καὶ
3370 2840 3752 2910 ἐπαυξηθέντα

2166 2927 2347 2991 καλῶς
2400 2928 2589 2999 ἔχοντα
2619 2931 2719 2984 ούκ
2770 2932 3261 3003 ὲλαττωθήσονται,
3318 2933 3455 2987 ἀλλᾶ
3494 2935 3752 3004 μενοῦσιν

2088 3024 2136 3088 c
2160 3017 2241 3081 ὼς
2276 3017 2513 3089 ἔχουσιν.
2549 3022 2611 3074 Οἱ
2633 3021 2687 3074 δὲ
2720 3023 2840 3075 κατ’
2863 3024 3116 3095 ἐφορείαν
3148 3025 3405 3097 καιρικὴν
3436 3028 3529 3078 καὶ
3553 3027 3749 3098 ἑτέραν

2163 3109 2481 3179 οἰκονομίαν
2516 3112 2806 3166 ἐκδοθέντα
2854 3116 3177 3185 κατέχοντες
3219 3117 3315 3170 καὶ
3360 3118 3750 3189 καταλυμηνάι

2167 3216 2320 3270 μενοι
2342 3200 2538 3266 ταῦτα,
2571 3206 2620 3256 εί
2653 3203 2727 3275 μὴ
2758 3203 3038 3274 βούλονται
3060 3207 3435 3279 άποκαθιστᾷν
3458 3208 3641 3265 ταῦτα
3673 3213 3750 3273 είς

2162 3289 2191 3343 ὃ
2223 3292 2532 3363 παρέλαϐον
2573 3296 2777 3365 σχῆμα,
2821 3296 2910 3350 ἵνα
2938 3299 3307 3369 ἀφαιρῶνται,
3335 3299 3409 3370 μὴ
3431 3299 3751 3373 ὠφελούμε-

2164 3398 2244 3435 νοι
2276 3382 2371 3452 ἀφ’
2404 3378 2480 3440 ὧν
2532 3384 2749 3458 ἔχουσιν
2786 3389 3105 3459 ἐγγράφων,
3158 3392 3500 3461 προθεσμίας
3532 3393 3748 3464 διδομέ-

2162 3490 2261 3543 νης
2293 3476 2478 3539 αὐτοῖς
2499 3477 2847 3550 ἁρμοζούσης
2867 3494 2883 3509 ·
2923 3481 3126 3550 μεταξὺ
3160 3481 3215 3534 δὲ
3247 3482 3347 3552 τῆς
3376 3485 3744 3557 προθεσμίας,

2165 3566 2491 3638 ὀφειλούσης
2514 3571 2917 3641 ἐπιτηρεῖσθαι,
2942 3574 3327 3643 φροντίσουσιν
3351 3576 3535 3647 ἔργοις
3559 3581 3747 3644 αὐτοῖς

2165 3657 2426 3727 περὶτῆς
2476 3660 2557 3719 εἰς
2594 3660 2655 3712 τὸ
2702 3663 2929 3732 ἀρχαῖον
2979 3665 3161 3718 αὐτῶν
3216 3670 3626 3739 καταστάσεως,
3675 3673 3746 3736 ὡς

2161 3746 2460 3818 δεδήλωται
2481 3764 2496 3779 '
2530 3750 2652 3803 τότε
2673 3753 2782 3824 γὰρ
2808 3758 2899 3808 καὶ
2924 3757 2955 3827 ὴ
2979 3757 3287 3829 προθεσμία
3312 3761 3742 3834 φυλαχθήσεται.

2162 3839 2229 3893 Ai
2276 3840 2334 3893 δὲ
2374 3842 2670 3912 ἀποταγαὶ,
2706 3847 2830 3900 ἐπεὶ
2878 3850 3031 3921 παρὰ
3068 3852 3306 3916 κανόνας
3358 3854 3594 3908 δίδονται
3656 3859 3747 3911 καί⁵

2163 3932 2557 4004 λαμϐάνονται,
2612 3939 2940 4009 σχολάσουσι
2988 3943 3272 4008 παντελῶς
3318 3946 3425 4000 ἀπὸ
3476 3948 3570 4000 τοῦ
3628 3949 3743 4002 νῦν.

2164 4027 2276 4081 Καὶ
2303 4030 2330 4081 ὁ
2361 4029 2749 4100 εὑρισκόμενος
2796 4032 3151 4107 λαμϐάνωνῆ
3194 4037 3286 4088 καὶ
3311 4037 3506 4103 διδοὺς,
3553 4042 3601 4093 εἰ
3648 4042 3746 4113 μέν

2162 4121 2312 4175 ἐστιν
2346 4123 2674 4192 ἡγούμενος,
2720 4125 2809 4177 ἵνα
2842 4125 3174 4198 ἐκδιὼκηται
3223 4131 3331 4183 ἀπὸ
3364 4131 3463 4200 τῆς
3499 4135 3743 4207 ἡγουμεο

2162 4213 2341 4274 νείας·
2377 4215 2426 4265 εί
2459 4215 2515 4266 δὲ
2548 4218 2990 4286 χαριστικάριος.
3030 4221 3462 4293 ἐκδιωχθήσεται
3496 4227 3603 4279 ἀπὸ
3645 4229 3741 4299 τῆς

2165 4304 2355 4373 μονῆς.
2384 4304 2449 4355 Δί
2480 4304 2534 4355 δὲ
2564 4305 2671 4358 άπδ
2692 4306 2800 4360 τῶν
2835 4312 3291 4381 προσερχομένων
3325 4316 3403 4378 είς
3434 4315 3741 4387 άπόκαρσιν

2163 4397 2444 4465 γινόμεναι
2472 4398 2735 4462 ἑκουσίως
2761 4405 2902 4456 κατὰ
2933 4404 3160 4476 γνώμην
3184 4407 3293 4461 τῶν
3320 4390 3740 4482 προσφερόντων

2165 4490 2537 4559 προσενέξεις,
2571 4495 3069 4568 προσδεχθήσονται
3110 4501 3208 4554 καλ⁵
3251 4504 3738 4576 ἀπογραφήσονται

2161 4580 2220 4631 ἐν
2250 4581 2325 4649 τῷ
2358 4580 2560 4654 βρεϐίῳ
2590 4586 2688 4654 τῆς
2743 4590 2934 4659 μονῆς,
2988 4593 3247 4663 είδήσεως
3278 4595 3562 4666 διδομένης
3609 4601 3739 4670 περὶ

2161 4673 2270 4725 τῶν
2309 4677 2773 4747 προσφερομένων
2818 4683 2912 4734 καλ⁸
2942 4682 3021 4753 τῷ
3066 4686 3358 4757 ἁγιωτάτῳ
3399 4689 3735 4762 πατριάρχῃ.

2162 4764 2266 4817 κᾶν
2298 4766 2347 4819 οἱ
2372 4768 2440 4820 τὰ
2472 4771 2812 4841 μοναστήρια
2853 4771 3070 4843 ἔχοντες
3102 4778 3469 4849 ὑπομνήματα
3512 4782 3739 4851 κέκτην-

2158 4872 2249 4909 ται
2273 4858 2403 4929 περ).
2421 4858 2515 4911 τοῦ
2539 4858 2838 4930 λαμϐάνειν
2863 4864 3144 4934 ἀποταγὰς
3168 4869 3264 4920 καὶ
3285 4870 3629 4939 προσενέξεις
3646 4874 3739 4925 καὶ

2157 4948 2577 5020 ἀποκερδαίνειν
2632 4952 2873 5016 ταύτας·
2931 4954 3091 5009 τοῦτο
3151 4959 3260 5030 γὰρ
3328 4962 3435 5014 ἀπὸ
3491 4962 3585 5015 τού
3642 4964 3761 5017 νῦν,

2158 5040 2363 5109 ὀφείλει
2386 5043 2646 5113 σχολάσαι
2671 5046 2763 5098 καὶ
2787 5046 3033 5114 γίνεσθαι
3059 5050 3241 5114 καθὼς
3266 5051 3471 5105 ἄνωθεν
3499 5056 3734 5126 εἴρηται.

2170 5132 2332 5186 Ἀλλὰ
2363 5137 2457 5187 καὶ
2487 5137 2541 5188 αί
2585 5137 2898 5208 σωζόμεναι
2931 5143 3278 5212 προσενέξεις
3306 5145 3406 5197 οὐκ
3433 5146 3734 5215 ὀφείλουσιν

2159 5224 2523 5297 ἐκποιηθῆναι
2578 5233 2645 5300 τῇ
2714 5235 2938 5304 ἀφορμῇ
3004 5234 3114 5287 τῶν
3172 5236 3603 5308 ὑπομνημάτων.
3669 5240 3732 5292 ἰι

2160 5319 2346 5386 μέντοι
2378 5323 2601 5391 φροντὶς
2643 5325 2704 5377 ού
2744 5327 2904 5395 μόνον
2935 5327 3043 5380 τῶν
3078 5329 3266 5400 ψυχῶν
3311 5331 3420 5384 τῶν
3460 5333 3730 5403 μοναχῶν,

2156 5407 2295 5461 ἀλλὰ
2328 5414 2422 5464 κοιλ¹
2468 5413 2650 5466 αὐτῶν
2680 5417 2788 5468 τῶν
2831 5420 3134 5488 κοσμικῶν,
3184 5421 3259 5492 τῷ
3306 5423 3595 5496 ἁγιωτάτῳ
3629 5443 3731 5477 πα-

2157 5503 2403 5576 τριάρχῃ,
2430 5505 2704 5561 ἐπίκειται
2724 5524 2739 5540 ·
2775 5511 2868 5563 καὶ
2891 5513 3018 5565 ὅταν
3048 5512 3310 5584 θεάσηταί
3343 5533 3463 5569 τινα
3501 5517 3610 5571 τῶν
3640 5534 3728 5570 κο-

2159 5596 2370 5663 σμικῶν
2398 5596 2637 5667 διψῶντα
2663 5599 2761 5672 τὴν
2789 5602 2995 5658 οἰκείαν
3041 5606 3336 5676 σωτηρίαν,
3367 5608 3485 5671 πῶς
3514 5609 3726 5678 ἐνδέχε-

2158 5703 2243 5740 ται
2278 5687 2362 5743 ἵνα
2391 5689 2667 5761 κωλύηται
2691 5691 2785 5745 τοῦ
2812 5694 3033 5748 τάσσειν
3057 5696 3115 5750 ἐν
3146 5700 3210 5767 τῇ
3240 5701 3374 5771 μονῇ
3410 5698 3505 5754 ἐπὶ
3525 5698 3722 5771 ψυχιῖιῇ
