4088 6214
392 324 501 385 9ίὸ

1464 324 1507 381 Ν
1520 321 1837 383 ΟνΕιιΑῑ
1878 321 2446 381 CONSTlTUTION
2458 320 2568 380 ES.

3546 316 3653 377 046

393 431 640 501 σωτηρία
669 432 762 484 τοῦ
810 431 1292 502 προσερχομένου;
1347 429 1458 494 ἕξει
1489 431 1599 501 γάρ
1640 429 1919 484 ἀκώλυτον
1946 432 1973 482 ὁ

2103 430 2227 483 enim
2266 428 2721 499 impedimentum
2758 426 3109 481 sanctissimo
3132 425 3459 494 patriarcha:
3487 427 3662 497 magis

396 521 698 586 ἁγιώτατος
733 522 1080 592 πατριάρχης
1114 520 1175 573 τὸ
1200 521 1443 587 τάσσειν,
1481 521 1625 590 ἤπερ
1645 519 1693 573 oi
1722 536 1969 591 χαριστι-

391 613 596 680 κάριοι.
633 610 739 663 κᾶν
774 612 1151 682 ὑπομνήματα
1182 611 1371 681 ἔχωσι.
1416 609 1563 680 Πλὴν
1609 611 1659 663 εί
1699 609 1910 663 κελεύει
1945 609 1974 661 ὁ

391 702 700 770 ἀγιώτατός
735 721 838 773 μου
872 704 1141 773 δεσπότης
1168 703 1471 773 λαμϐάνειν
1509 704 1700 774 χρείαν
1741 702 1974 769 ἀδελφά-

392 812 487 848 του
536 794 661 848 τινά
704 795 967 864 κοσμικὸν
1011 795 1144 849 ὄντα
1176 794 1208 865 ἢ
1244 799 1338 849 καὶ
1377 795 1613 865 μοναχὸν
1642 793 1752 848 ἀπὸ
1780 795 1969 864 ἑτέρου

396 888 762 958 μοναστηρίου
810 886 1161 958 διαφέροντος
1200 887 1371 957 αὐτῷ,
1404 889 1490 941 ἵνα
1532 887 1608 957 μὴ
1658 887 1843 941 δίδωσι
1879 903 1971 938 κο-

397 978 582 1047 σμικῷ
633 977 668 1049 ἢ
727 976 944 1048 μοναχῷ
978 977 1394 1046 ὲξωμονίτατον,
1441 978 1517 1042 ὡς
1552 977 1618 1031 ἂν
1668 977 1743 1049 μὴ
1782 977 1976 1030 ἐπιϐα-

399 1063 685 1134 ρύνηταιή
721 1065 856 1135 μονὴ
893 1065 1001 1118 ἀπὸ
1030 1064 1125 1118 τοῦ
1173 1067 1476 1134 ἁδελφάτου
1498 1082 1513 1098 ·
1563 1068 1611 1119 εἰ
1639 1067 1750 1137 γὰρ
1781 1065 1976 1119 ἐπιϐα-

398 1152 649 1235 ρύνηταξ,
694 1153 872 1223 λείψει
914 1155 1133 1218 πάντως
1162 1155 1258 1209 καλ⁸
1301 1155 1362 1208 τὸ
1408 1157 1835 1226 ὲσωμονίτατον,
1882 1154 1978 1208 καὶ

394 1245 607 1313 γίνεται
641 1246 764 1298 άντὶ
798 1246 994 1316 μισθοῦ
1039 1248 1235 1317 κρίμα.
1270 1249 1333 1301 Ei
1365 1248 1411 1301 δ’
1445 1249 1577 1312 ἴσως
1611 1248 1977 1318 προσέρχεταί

396 1354 482 1400 τις
510 1338 616 1390 τῶν
646 1338 850 1391 λαῖκῶν
878 1339 1141 1404 ἀδύνατος
1172 1341 1350 1412 πάντη
1382 1342 1477 1396 καὶ¹
1517 1342 1688 1413 πένης
1713 1341 1791 1413 τῷ
1819 1344 1980 1410 ἁγίων

397 1429 546 1498 τάτῳ
583 1445 685 1497 μου
719 1429 980 1504 δεσπότῃ,
1031 1432 1063 1501 ἢ
1114 1434 1208 1485 καὶ
1237 1434 1343 1485 ἀπὸ
1374 1433 1482 1486 τῶν
1520 1434 1822 1505 ἀρχιερέων
1868 1435 1979 1487 τῶν

393 1517 782 1572 ἀπολεσάντων
812 1521 938 1582 τοὺς
967 1521 1189 1591 θρόνους
1223 1523 1402 1577 αὐτῶν
1431 1523 1524 1577 καλ.
1557 1525 1850 1595 δεομένων,
1885 1528 1980 1579 καὶ

397 1608 619 1682 θελήσει
650 1610 857 1665 τυποῦν
901 1613 1067 1666 αὐτὸν
1113 1613 1418 1684 λαμϐάνειν
1455 1616 1647 1687 χρείαν
1689 1617 1799 1670 άπό
1838 1634 1981 1680 τινος

396 1699 506 1754 τῶν
532 1701 926 1782 εὐπορωτέρων
948 1704 1351 1777 μοναστηρίων,
1373 1708 1594 1778 ποιήσει
1617 1708 1776 1761 τοῦτο
1799 1709 1982 1771 καλῶς

2082 522 2247 576 etiam
2282 520 2793 583 licebitcollocare,
2824 534 2989 589 quam
3041 518 3439 573 charisticariis
3469 516 3665 589 [benc-

2087 611 2354 685 ﬁciariis],
2389 613 2520 667 licet
2561 612 2895 666 documenta
2925 611 3181 665 habeant.
3216 611 3589 678 Praeterquam
3617 610 3664 665 si

2079 704 2642 775 jubetsanctissimus
2672 719 2828 758 meus
2862 703 3122 757 dominus
3152 702 3415 757 fraternae
3452 703 3667 773 portio-

2083 797 2171 850 nis
2202 810 2361 850 usum
2393 796 2645 863 accipere
2691 794 3013 849 smcularem
3059 794 3325 862 aliquem,
3369 794 3455 848 vel
3501 791 3669 847 etiam

2085 886 2415 942 monachum
2446 902 2511 941 ex
2541 885 2651 940 alio
2679 885 3015 940 monasterio
3050 885 3194 955 quod
3241 885 3307 938 ad
3338 885 3514 955 ipsum
3544 901 3671 954 per-

2088 977 2271 1031 tinet:
2316 994 2384 1032 ne
2419 977 2513 1032 det
2556 977 2825 1041 smculari,
2877 977 2960 1031 vel
2997 977 3270 1032 monacho
3314 978 3666 1046 praebendam

2084 1066 2330 1120 extranei
2367 1067 2708 1131 monasterii,
2739 1076 2799 1121 ut
2829 1082 2938 1121 non
2970 1076 3229 1139 gravetur
3270 1068 3677 1121 monasterium-

2087 1158 2400 1228 adelphato.
2436 1159 2492 1214 Si
2519 1159 2666 1213 enim
2700 1168 2981 1229 gravetur,
3025 1159 3251 1219 omnino
3274 1159 3453 1214 deerit
3486 1174 3671 1213 mona-

2087 1248 2227 1315 chis,
2264 1250 2355 1319 qui
2396 1259 2526 1305 sunt
2557 1248 2729 1315 intus,
2756 1260 2811 1304 et
2846 1266 2944 1319 pro
2978 1250 3230 1305 mercede
3262 1249 3668 1320 lietjudicium.

2088 1342 2145 1398 Si
2176 1353 2360 1399 autem
2393 1343 2611 1399 accedit
2637 1344 2906 1397 laieorum
2959 1343 3256 1412 quispiam,
3289 1342 3381 1411 qui
3434 1350 3518 1396 est
3547 1356 3670 1395 om-

2088 1437 2222 1490 nino
2255 1436 2414 1505 inops
2443 1443 2499 1490 et
2528 1449 2757 1506 pauper,
2796 1433 2864 1488 ad
2906 1435 3317 1487 sanctissimum
3353 1450 3534 1488 meum
3570 1433 3672 1488 do-

2090 1528 2323 1592 minum,
2360 1528 2442 1582 vel
2475 1542 2542 1582 ex
2570 1527 2930 1593 antistitibus,
2959 1527 3053 1596 qui
3086 1541 3217 1581 suos
3269 1527 3497 1581 thronos
3545 1542 3671 1596 per-

2090 1621 2377 1687 diderunt,
2405 1628 2460 1674 et
2490 1628 2621 1675 sunt
2656 1621 2873 1689 inopes,
2914 1629 2971 1674 et
3019 1620 3261 1675 voluerit
3295 1629 3560 1682 statuere,
3614 1633 3676 1673 ut

2093 1713 2140 1767 is
2167 1713 2371 1767 victum
2407 1712 2587 1782 capiat
2620 1728 2651 1768 e
2702 1712 2891 1767 ditiori
2926 1712 3112 1782 aliquo
3153 1712 3531 1778 monasterio;
3570 1713 3676 1766 hoc

401 1789 479 1859 μὴ
515 1791 656 1863 ὑπὲρ
686 1793 788 1864 τὴν
819 1793 1053 1867 δύναμιν
1102 1800 1202 1866 τῆς
1245 1798 1414 1868 μονῆς
1450 1797 1543 1850 τοῦ
1590 1797 1831 1870 ἀριθμοῦ
1878 1800 1985 1852 τῶν

2103 1818 2243 1864 recte
2268 1808 2451 1874 faciet,
2490 1809 2655 1864 modo
2708 1822 2975 1863 numerus
3009 1824 3227 1875 eorum,
3266 1810 3361 1878 qui
3403 1809 3674 1862 ordinan-

400 1882 757 1952 τασσομένων
804 1884 979 1949 ὄντος.
1045 1888 1444 1959 Προτιμότεροι
1509 1888 1619 1960 γὰρ
1678 1890 1985 1959 ὀφείλουσιν

400 1969 543 2025 εἶναι
581 1972 632 2026 oi
660 1975 991 2045 ὲσωμονίται
1014 1975 1125 2030 τῶν
1152 1977 1328 2032 ἄλλων
1360 1978 1616 2035 ἁπάντων
1650 1981 1730 2045 είς
1759 1981 1821 2035 τὸ
1843 1982 1986 2054 λαμο

404 2063 589 2118 δάνειν
623 2066 722 2131 τὰς
747 2066 937 2138 χρείας
964 2067 1170 2125 αὐτῶν.

1130 2253 1249 2323 ις’.

401 2384 600 2464 Νεαρὰ
622 2389 948 2464 νοιίοάεσία
984 2388 1228 2464 (εὶητοῦ
1249 2393 1563 2462 ,βασιλέως
1596 2396 1784 2464 κυροῦ
1822 2399 1989 2451 Ἀλε-

476 2456 612 2535 ξίου
642 2457 749 2512 τοῦ
788 2461 1131 2535 Κρμξρηνοῦ,
1188 2456 1570 2535 διατυποῦσα
1610 2456 1685 2521 τᾶ
1710 2466 1843 2535 περὶ
1874 2467 1993 2521 τῶν

476 2526 743 2607 ψήφων-,⁸
758 2526 883 2583 καῖ
903 2526 1155 2607 ὁποίους
1193 2532 1285 2607 δεῖ
1308 2531 1463 2607 εἶναι
1499 2536 1645 2607 τοὺς
1674 2526 1992 2607 avrai-taxo?)

475 2597 813 2677 ᾀρχιερςδῖς,
859 2600 1005 2677 πρὸς
1052 2597 1140 2677 se
1184 2604 1283 2657 καί
1321 2606 1466 2672 τοὺς
1512 2597 1707 2675 ιερέῖς,
1753 2608 1822 2660 ἐν
1863 2597 1993 2674 ’ἑαῖς

478 2669 815 2805 ἕξιίὲρῶίὲις,
848 2669 949 2724 καὶ
980 2672 1112 2737 ταῖς
1130 2669 1677 2744 μητροπόλεσίκαῐ
1696 2669 1835 2743 ταῖς
1862 2669 1993 2732 ἐστιὲ

2094 1909 2207 1966 tur,
2259 1901 2565 1956 mansionis
2615 1900 2903 1955 facultates
2961 1915 3069 1954 non
3114 1899 3367 1957 excedat.
3418 1899 3672 1954 Monaehi

2093 1993 2241 2048 enim
2275 1993 2370 2063 qui
2410 2000 2540 2048 sunt
2571 1992 2741 2059 intus,
2774 1991 2980 2046 debent
3025 1990 3273 2061 praeferri
3321 1990 3537 2046 caeteris
3561 2006 3678 2047 om-

2096 2083 2263 2140 nibus
2285 2084 2361 2140 ad
2385 2099 2447 2140 ea
2480 2099 2603 2155 quae
2634 2092 2762 2139 sunt
2788 2082 2891 2139 sibi
2924 2084 3239 2138 necessaria
3264 2082 3554 2154 capienda.

2815 2263 2956 2321 XVI.

2088 2403 2311 2460 Novella
2337 2404 2421 2459 lea:
2460 2404 2796 2475 imperatoris
2826 2399 3035 2475 Domini
3068 2397 3678 2475 AlexiiComneniJanj

2162 2476 2303 2533 ciens
2342 2475 2408 2528 de
2442 2466 2798 2534 eleétionibus,
2834 2470 3121 2543 qualesque
3167 2485 3276 2523 esse
3313 2474 3554 2543 Oporteat
3587 2466 3679 2543 ί]ρὶ

2162 2562 2254 2615 per
2269 2547 2444 2599 orbem
2485 2554 2607 2599 sunt
2646 2537 2939 2615 pontiﬁces,
2993 2537 3221 2615 itemque
3259 2537 3597 2615 Δδαείη-(10168,
3622 2538 3674 2589 in

2166 2611 2465 2685 prouinciis,
2495 2611 2868 2687 metropoiibus
2898 2625 2945 2670 et
2983 2611 3387 2683 episcopalibus.

709 2882 877 2946 (Anno
914 2886 1053 2939 1107.
1074 2912 1137 2924 -
1159 2888 1305 2952 Apud
1328 2889 1472 2940 Joan.
1494 2891 1638 2943 Baut.
1673 2888 1985 2943 Cotelerium
2009 2895 2063 2943 in
2089 2888 2413 2944 Monumenlis
2443 2889 2676 2943 Ecclesia:
2705 2893 2911 2950 Graece,
2937 2896 3051 2941 tom.
3080 2889 3141 2949 ll,
3166 2902 3214 2952 p.
3245 2888 3376 2951 178.)
3400 2941 3406 2948 ,

493 3043 795 3112 ⁹Αγιώτιιτέ,
825 3063 927 3116 μου
954 3049 1223 3116 Δέσποτα,
1249 3021 1344 3104 καὶ
1374 3053 1408 3123 ἡ
1435 3052 1557 3107 θεία
1588 3055 1682 3108 καὶ
1707 3055 1830 3126 ἱερὰ
1866 3055 1993 3111 σύν-

414 3138 533 3200 οδος
558 3153 572 3168 ο
604 3139 653 3191 εί
703 3139 798 3192 καὶ
851 3140 1255 3212 ἀφρονέστερός
1311 3144 1429 3214 είμι
1485 3145 1728 3210 πάντων,
1761 3146 1900 3201 ἀλλά
1930 3164 1994 3216 γε

2177 3053 2534 3113 Sanctissime
2572 3051 2803 3107 Domine
2848 3048 2945 3113 mi,
2987 3047 3174 3123 divina
3216 3057 3482 3113 sacraque
3523 3055 3692 3113 syno-

2106 3150 2255 3205 dus:
2295 3146 2547 3218 quamvis
2576 3143 2834 3199 omnibus
2879 3137 3229 3207 insipientior
3263 3136 3388 3198 sim,
3445 3143 3689 3187 attamen

416 3231 509 3282 ἐπὶ
536 3233 601 3301 τῇ
635 3200 1028 3302 ὑποθέσει-τῆς
1082 3200 1411 3305 Ἐιίκλησίάς
1441 3237 1517 3307 μὴ
1543 3236 1619 3300 ὡς
1666 3200 1882 3308 άιρρονά

2104 3240 2161 3294 in
2183 3200 2441 3293 Ecclesia:
2467 3240 2798 3303 argumento
2826 3230 2996 3284 nolite
3028 3244 3115 3282 me
3140 3236 3402 3295 tanquam
3432 3224 3693 3292 insipien-

415 3320 733 3395 λογίσησθε.
764 3323 982 3393 Ἥψατο
1008 3325 1118 3396 γὰρ
1153 3326 1250 3394 τῆς
1286 3327 1517 3397 καρδίας
1549 3345 1650 3397 μου
1682 3332 1709 3383 ὁ
1738 3330 1836 3398 τῆς
1865 3328 1998 3382 Ἐκ-

416 3412 646 3482 κλησίας
670 3415 772 3485 ἤδη
807 3417 1159 3485 ὑφορώμενος
1195 3416 1462 3479 κίνδυνος.
1508 3418 1643 3470 Ἰδοὺ
1675 3419 1785 3489 γὰρ
1813 3419 2000 3472 κινδυ-

419 3504 668 3557 νεύουσιν
701 3507 757 3557 αί
806 3503 977 3576 ψυχαὶ
1006 3505 1115 3558 τῶν
1147 3505 1471 3577 ὀρθοδόξων,
1527 3508 1622 3561 καὶ
1663 3509 1864 3579 μᾶλλον
1894 3509 2002 3565 τῶν

424 3593 849 3665 ἁπλουστέρων·
910 3596 1034 3648 ἐπεὶ
1098 3598 1309 3668 κεφαλή
1365 3602 1483 3653 ἐστι
1522 3600 1631 3654 τῶν
1659 3602 2003 3671 ὀρθοδόξωνὸ

425 3685 701 3755 ίερατικὸς
743 3686 1004 3756 σύλλογος
1031 3705 1045 3719 ο
1079 3691 1172 3742 καὶ
1200 3690 1382 3751 καλῶς
1427 3691 1526 3761 μὲν
1557 3691 1771 3762 ἔχοντος
1812 3694 2000 3762 αὑτοῦ,

424 3777 545 3831 ὅλον
570 3779 630 3831 τὸ
652 3779 810 3851 σῶμα
835 3781 927 3834 καὶ
968 3781 1145 3835 πάντα
1173 3782 1240 3834 τὰ
1291 3782 1432 3853 μέλη
1471 3784 1637 3838 αὑτοῦ
1677 3786 1813 3856 πρὶς
1848 3786 2006 3852 ἀξίαν

423 3872 650 3939 ἄγονται
673 3887 686 3901 ·
728 3873 919 3927 τούτου
947 3874 1004 3928 δὲ
1039 3875 1201 3929 πάλιν
1224 3876 1580 3947 νοσήσαντος,
1621 3878 1717 3932 καὶ
1749 3879 1811 3932 τὸ
1847 3880 2006 3951 σῶμα

427 3965 560 4029 πάν,
592 3964 730 4037 πρὸς
757 3966 997 4035 παντελῆ
1031 3966 1252 4038 δλεθρον
1279 3969 1482 4040 ἀφορᾷ.
1529 3969 1662 4025 Ἰδοὺ
1689 3970 1867 4024 τοίνυν
1892 3989 2006 4025 κιν-

427 4058 637 4113 δυνεύει
666 4063 695 4114 ὁ
723 4062 1177 4131 Χριστιανισμξς,
1208 4063 1307 4130 τῆς
1340 4064 1808 4136 ὲκκλησιαστικῆς
1841 4084 2008 4122 κατα-

431 4153 673 4217 στάσεως
711 4154 803 4207 ἐπὶ
846 4153 906 4206 τὸ
938 4153 1160 4207 ἔλαττον
1214 4155 1562 4213 καθεκάστην
1592 4159 2007 4231 ὑποχωρούσης,

431 4246 527 4297 καὶ
552 4245 683 4309 Θεὸς
708 4245 1128 4317 παροργίζεται·
1156 4248 1342 4317 χαίρει
1378 4250 1433 4301 δὲ
1464 4252 1491 4302 ὁ
1526 4251 1894 4323 παμπόνηρος
1919 4254 2012 4306 καὶ

434 4339 728 4407 μισοκαλος
780 4338 1013 4408 δαίμων,
1070 4339 1097 4390 ὁ
1127 4341 1240 4401 τοῖς
1273 4339 1498 4407 ἀγαθοῖς
1551 4341 1637 4393 ἀεὶ
1675 4341 2007 4411 βασκαίνων.

502 4429 775 4486 Αίτιονδὲ
805 4430 903 4499 τῆς
954 4430 1216 4499 τοιαύτης
1248 4430 1480 4493 ἀτοπίας
1517 4434 1668 4486 οὐδὲν
1700 4433 1827 4486 ἄλλο
1863 4437 2010 4488 ἐστὶν

433 4522 467 4592 ἦ
507 4522 696 4592 χρονία
721 4522 967 4595 ῥᾳθυμία
988 4522 1083 4575 καὶ
1106 4523 1356 4592 ἀμέλεια,
1377 4525 1439 4574 ὲκ
1475 4525 1689 4593 μακροῦ
1715 4524 1814 4594 μὲν
1844 4526 2014 4597 ἀρξα-

438 4613 599 4682 μένη,
633 4613 899 4682 προϊοῦσα
956 4613 1013 4666 δὲ
1070 4615 1235 4683 μέχρι
1267 4615 1359 4666 καὶ
1394 4613 1511 4667 νῦν.
1540 4612 1690 4683 Λῦτη
1724 4616 1833 4686 γὰρ
1875 4634 2015 4687 παρ-

436 4704 699 4756 εσκεύασε
745 4705 806 4758 τὸ
851 4706 1018 4758 κακὸν
1056 4705 1214 4757 τοῦτο
1254 4705 1355 4775 ἤδη
1392 4706 1486 4756 καὶ
1537 4704 1614 4768 ὼς
1663 4704 1827 4774 νόμον
1878 4702 2016 4761 εἶναι

437 4810 588 4849 tua:
626 4796 720 4849 καὶ
751 4797 1074 4866 πράττεται,
1100 4797 1198 4866 οὐχ
1232 4797 1308 4859 ὡς
1339 4798 1537 4860 κακὸν,
1566 4797 1681 4849 ἀλλ’
1704 4796 1779 4858 ὡς
1812 4798 2016 4864 ἀγαθὸν

439 4888 533 4938 καὶ
559 4889 844 4958 σωτήριον,
863 4891 911 4941 εί
939 4893 1030 4940 καὶ
1053 4888 1297 4957 ὀλέθριον
1322 4890 1501 4957 πάντη
1536 4887 1685 4941 ὲστίν
1707 4904 1722 4920 ⁶
1747 4889 2016 4959 ὀλέθριον,

440 4978 562 5047 οὐχὶ
592 4979 841 5049 σώμασιν
886 4977 1011 5032 οὔτε
1041 4980 1120 5042 είς
1153 4978 1503 5048 χρηματικήν
1534 4977 1742 5048 ζημίαν
1776 4978 2017 5048 ἀφορῶν,

442 5069 580 5124 ἀλλὰ
613 5068 873 5142 ψυχικὴν,
901 5072 995 5124 καὶ
1022 5072 1101 5133 είς
1125 5068 1402 5122 ἀπώλειαν
1437 5069 1783 5139 Χριστιανῶν
1817 5087 2023 5122 καταν-

440 5160 571 5216 τῶν.
611 5163 775 5217 Ποίαν
814 5161 909 5218 οὖν
939 5160 1235 5230 ἀπολογίαν
1272 5161 1571 5229 ποιήσομεν
1604 5162 1659 5213 ὲν
1688 5160 1872 5232 ἡμέρᾳ
1899 5160 2024 5229 κρί-

2107 3339 2216 3384 tem
2248 3336 2526 3398 reputare.
2558 3325 2694 3379 Nam
2740 3322 2919 3392 tetigit
2953 3335 3051 3375 cor
3080 3334 3262 3373 meum
3294 3316 3554 3372 Ecclesia:
3590 3330 3689 3383 pec

2106 3418 2366 3483 riculum,
2404 3415 2551 3486 quod
2594 3415 2708 3486 jam
2756 3411 3082 3481 despicitur.
3116 3408 3257 3463 Ecce
3291 3407 3436 3461 enim
3472 3406 3695 3475 pericli-

2107 3522 2293 3570 tantur
2309 3511 2505 3568 animae
2526 3508 2991 3569 orthodoxorum,
3008 3493 3691 3571 maxinie‘simpliciorum,

2107 3604 2557 3677 quandoquidem
2595 3611 2749 3658 recte
2793 3599 3155 3655 sentientium
3197 3601 3362 3665 caput
3395 3603 3480 3649 est
3508 3608 3693 3648 sacer-

2108 3699 2292 3756 dotale
2323 3696 2616 3768 collegium
2653 3712 2666 3749 :
2696 3708 2808 3764 quo
2840 3694 2979 3747 bene
3000 3692 3259 3754 habente,
3292 3697 3464 3743 totum
3491 3700 3694 3755 corpus

2110 3795 2409 3862 omniaque
2461 3788 2711 3844 membra
2755 3787 2882 3857 ejus
2916 3794 3081 3855 prout
3111 3799 3212 3852 par
3243 3789 3328 3836 est
3376 3780 3692 3851 ducuntur;

2111 3900 2223 3957 quo
2256 3892 2449 3939 contra
2475 3889 2799 3953 aegrotante,
2842 3879 3161 3934 universum
3191 3888 3394 3942 corpus
3420 3872 3487 3926 ad
3518 3872 3697 3926 omni-

2112 3977 2336 4033 modum
2372 3974 2658 4030 interitum
2692 3972 2887 4042 vergit.
2927 3970 3068 4023 Ecce
3094 3967 3259 4036 igitur
3291 3964 3346 4017 in
3382 3964 3698 4033 periculum

2112 4066 2264 4123 venit
2288 4064 2768 4123 Christianismus,
2804 4060 2932 4129 quia
2961 4057 3368 4112 ecclesiasticus
3397 4052 3534 4108 ordo
3560 4068 3698 4123 quo-

2118 4157 2250 4213 tidie
2284 4154 2527 4209 declinat
2554 4153 2607 4207 in
2644 4152 2799 4221 pejus
2834 4165 2850 4203 :
2886 4149 3034 4202 Deus
3063 4153 3395 4216 provocatur
3420 4143 3488 4197 ad
3526 4144 3694 4207 iram;

2114 4246 2318 4319 gaudet
2348 4244 2500 4299 omni
2532 4240 2741 4295 malitia
2783 4241 2981 4310 plenus
3013 4239 3254 4308 bonique
3297 4253 3426 4293 osor
3460 4236 3696 4300 daemon,

2117 4339 2210 4409 qui
2246 4334 2408 4391 bonis
2438 4348 2655 4402 semper
2696 4330 2929 4385 invidet.

2190 4430 2364 4500 llujus
2396 4435 2582 4482 autem
2629 4420 2990 4479 absurditatis
3037 4422 3185 4476 nulla
3237 4421 3345 4475 alia
3380 4433 3543 4474 causa
3588 4427 3695 4484 est,

2118 4528 2318 4592 praeter
2347 4518 2667 4573 diuturnam
2702 4514 2995 4585 segnitiem
3036 4528 3100 4568 ac
3132 4511 3542 4580 negligentiam,
3577 4524 3699 4578 qua:

2112 4614 2225 4685 jam
2254 4610 2468 4681 pridem
2502 4609 2660 4664 initio
2690 4616 2935 4677 accepto,
2956 4605 3025 4660 ad
3055 4618 3297 4674 praesens
3330 4611 3545 4671 tempus
3571 4616 3700 4669 pro-

2121 4704 2309 4759 cessit.
2337 4704 2428 4757 Illa
2455 4701 2663 4763 eﬂ‘ccit,
2698 4709 2757 4753 ut
2786 4697 3056 4769 ejusmodi
3086 4696 3289 4750 malum
3333 4692 3495 4747 modo
3527 4693 3699 4747 instar

2119 4796 2256 4863 legis
2288 4798 2395 4861 sit;
2427 4805 2480 4849 et
2503 4800 2872 4863 perpetratur,
2914 4806 3023 4844 non
3058 4799 3312 4858 tauquam
3349 4787 3574 4850 malum,
3602 4785 3701 4840 sed

2123 4897 2381 4956 tanquam
2403 4885 2792 4951 bonumatque
2810 4880 3069 4940 salutare,
3094 4879 3227 4937 licet
3263 4877 3556 4931 exitiosum
3606 4890 3700 4943 pe-

2122 4978 2272 5033 nitus
2315 4976 2580 5031 exsistat:
2611 4973 2927 5035 exitiosum,
2973 4987 3080 5024 non
3124 4968 3473 5038 corporibus,
3524 4981 3703 5035 neque

2125 5077 2379 5137 respectu
2404 5064 2587 5120 dainui
2608 5062 2935 5134 pecuniarii,
2951 5076 3140 5116 verum
3155 5060 3341 5115 damni
3360 5059 3664 5113 animarum
3688 5075 3702 5119 ;

2127 5174 2342 5215 necnon
2395 5158 2452 5212 in
2502 5155 2948 5212 Christianorum
3002 5153 3365 5228 perditionem
3423 5151 3703 5207 desinens.

1810 5323 2109 5387 Cotelerii
2169 5332 2350 5388 notua.

530 5478 743 5550 (26-27)
778 5475 1101 5550 Theodorus
1158 5474 1443 5550 Balsamon
1475 5475 1544 5550 ad
1572 5473 1896 5550 Trullanum
1926 5489 2022 5529 ca.-

450 5542 651 5615 uouem
678 5547 743 5603 i9
775 5546 1126 5615 εΣημείωσαι
1153 5542 1245 5598 οὖν
1286 5545 1393 5599 άπὸ
1453 5544 1547 5615 τοῦ
1605 5545 1872 5615 παρόντος
1926 5562 2026 5596 κα-

450 5614 621 5685 νόνος.
649 5621 731 5673 ὅτι
760 5619 820 5670 τὸ
848 5614 1121 5670 διδάσκειν
1148 5616 1240 5668 τὸν
1274 5616 1419 5677 λαὸν,
1456 5614 1637 5681 μόνοις
1670 5614 1888 5685 ἐνεδόθη
1910 5616 2025 5685 τοῖς

451 5684 774 5752 ἐπισκόποις
798 5704 811 5717 ·
841 5689 935 5741 καὶ
961 5688 1011 5739 οἱ
1032 5685 1342 5740 διδάσκαλοι
1375 5686 1474 5755 τῆς
1498 5685 1759 5755 Μεγάλης
1792 5684 2023 5755 Ἐκκλη-

459 5766 599 5830 σίας,
632 5760 823 5830 δικαίῳ
845 5758 935 5812 τοῦ
964 5759 1304 5830 πατριάρχου
1319 5754 1653 5810 διδάσκουσι.
1683 5754 2021 5823 Παρίσταται

2128 5476 2187 5531 δὲ
2217 5476 2378 5530 τοῦτο
2399 5475 2493 5529 καὶ
2513 5473 2621 5527 άπὸ
2648 5472 2749 5540 τῆς
2772 5470 2989 5541 νεαρᾶς
3019 5466 3112 5541 τοῦ
3146 5464 3393 5541 ἀοιδίμου
3439 5460 3706 5541 βασιλέως

2128 5548 2298 5617 κυροῠ
2341 5545 2576 5609 Ἀλεξίου
2619 5532 2744 5617 acii:
2786 5532 3109 5617 Κομνηνοῖέ,
3150 5538 3255 5617 τῆς
3305 5532 3707 5617 ,ὑποτυπούρης

2128 5605 2279 5680 ὅπως
2305 5617 2401 5670 καὶ
2428 5605 2574 5677 τίνες
2607 5605 3237 5681 ὀφείλουσῖψηφίζεσθαι
3270 5606 3350 5667 είς
3376 5606 3470 5667 τὰς
3497 5605 3707 5670 ἐκκλη-

2131 5689 2274 5754 σίας,
2309 5688 2406 5741 καὶ
2433 5685 2788 5755 τυπωσάσης,
2811 5691 2919 5737 etc.
