4104 6200
478 343 579 404 947

1795 342 1836 398 Α
1848 339 2061 399 LEXII
2100 340 2410 402 COMNEN
2424 342 2445 400 ί

3626 347 3728 411 94δ

474 454 702 521 Qualem
726 469 859 524 ergo
877 452 1283 508 excusationem
1310 452 1362 506 in
1386 452 1685 523 dicjudicii
1711 452 2058 525 proferemus

2167 466 2305 514 σεως
2330 451 2408 523 τῷ
2441 452 2761 524 δημιουργῷ
2795 451 2887 506 καὶ
2923 453 3136 524 πλάστῃ
3167 454 3289 527 Θεῷ
3319 456 3376 509 οἴ
3408 473 3468 509 τε
3494 450 3729 516 βασιλείς

480 544 717 600 creatori
744 543 1037 613 Opiﬁcique
1066 542 1328 606 Deo,cum
1356 543 1737 614 imperatores,
1768 554 1881 598 tum
1915 558 2056 613 pon-

483 636 674 700 tiﬁces,
695 636 738 689 si
768 634 1108 689 Christianos
1132 635 1384 690 homines
1414 652 1553 706 quos
1574 638 1840 707 regendos
1866 652 2057 691 susce-

485 724 902 794 pimus,Satan:e
922 724 1311 779 tradiderimus
1324 735 1546 796 propter
1563 727 1876 782 voluntates
1894 727 2057 796 plane

482 818 767 876 humanas,
790 832 911 886 qua:
940 817 1355 887 temporarium,
1383 818 1492 873 imo
1511 834 1610 873 nec
1640 821 2055 889 temporarium,

479 908 573 963 Sed
596 923 759 977 quam
780 908 1107 963 brevissimo
1130 911 1392 979 temporis
1407 912 1583 982 spatio
1619 912 1824 967 durans
1854 913 2059 968 habent

478 1000 758 1060 solatium,
789 1009 897 1054 tam
920 1016 1112 1055 eorum
1138 1003 1232 1072 qui
1258 1003 1468 1073 eligunt
1495 1013 1551 1058 et
1580 1005 1841 1059 ordinant
1893 1022 2055 1076 quam

477 1109 670 1147 eorum
687 1094 779 1163 qui
806 1110 902 1165 per
921 1095 1046 1150 illos
1067 1106 1600 1165 promoventur,non
1624 1098 1972 1153 solummodo
1990 1099 2059 1154 ad

478 1185 846 1256 pontiﬁcium,
864 1187 961 1243 sed
985 1187 1151 1243 etiam
1183 1188 1250 1243 ad
1273 1189 1441 1244 alium
1470 1190 1761 1245 sacerdotii
1786 1191 2061 1262 gradum?

549 1363 708 1419 Omni
739 1381 869 1420 sane
899 1367 1211 1422 carebimus
1238 1368 1581 1435 defensione,
1616 1370 1720 1425 nisi
1751 1371 2060 1426 excitemur

479 1458 685 1516 cuncti,
711 1466 765 1511 et
794 1459 1001 1512 malum
1035 1460 1396 1529 corrigamus,
1434 1472 1600 1531 atque
1631 1463 1941 1532 neglectum
1973 1465 2059 1518 in-

480 1559 793 1604 stauremus
849 1551 1089 1618 bonum,
1147 1552 1348 1608 bonum
1398 1556 1533 1609 citra
1588 1559 2058 1626 comparationem

479 1639 742 1695 omnibus
780 1642 939 1696 bonis
972 1645 1349 1713 prmstantius,
1383 1655 1443 1701 ut
1475 1656 1600 1715 pote
1636 1647 1749 1702 Deo
1777 1664 1878 1704 nos
1922 1666 2059 1705 con-

479 1730 712 1797 cilians,
747 1734 893 1803 quod
933 1750 1033 1803 per
1085 1736 1308 1808 longum
1352 1739 1660 1809 neglectum
1690 1741 1801 1811 jam
1841 1741 2064 1796 oblitte-

482 1832 659 1877 ratum
692 1833 796 1879 est.
828 1826 923 1881 Dei
953 1828 1156 1898 quippe
1180 1830 1356 1900 gratia
1397 1847 1590 1888 omnes
1634 1832 1931 1889 Christiani
1962 1850 2048 1889 su-

480 1932 621 1981 mus,
652 1916 768 1973 sive
804 1918 1186 1989 imperatores,
1208 1921 1325 1977 sive
1356 1924 1666 1992 pontiﬁces.
1699 1926 2058 1981 sacerdotalis

479 2010 661 2065 omnis
683 2014 1057 2083 congregatio,
1084 2022 1140 2070 et
1173 2015 1355 2085 plebs,
1388 2016 1569 2072 adhuc
1608 2018 1853 2073 contenti
1900 2020 2057 2074 colli-

479 2103 699 2174 gatique
735 2106 790 2160 in
826 2107 953 2173 ﬁde,
984 2124 1084 2179 per
1114 2109 1309 2166 beatos
1351 2111 1475 2166 illos
1514 2113 1803 2183 pontifices
1844 2130 1909 2169 ac
1956 2115 2060 2170 do-

477 2207 682 2261 ctores,
744 2199 1098 2271 reliquosque
1142 2202 1385 2258 deiferos
1431 2206 1645 2267 Patres,
1695 2221 1912 2261 necnon
1962 2224 2065 2277 per

479 2290 828 2346 sanctitatem
895 2304 1082 2360 tuam,
1141 2296 1273 2351 item
1338 2299 1636 2354 nonnullos
1678 2315 1709 2355 e
1758 2300 2061 2370 pontiﬁrali

479 2391 651 2450 coetu,
675 2384 768 2454 qui
800 2395 1028 2443 caeteros
1066 2387 1318 2444 doctrina
1350 2390 1666 2461 virtuteque
1697 2392 2058 2448 antecellunt.

546 2561 627 2617 De
669 2563 885 2634 reliquo
919 2575 1134 2635 oportet
1177 2583 1276 2623 nos
1328 2577 1389 2624 ut
1429 2568 1775 2627 Christianos
1811 2587 1912 2641 per
1961 2570 2059 2628 Dei

478 2656 715 2725 gratiam
734 2656 1184 2728 disquisitionem
1228 2662 1360 2717 boni
1396 2662 1706 2719 instituere.
1743 2662 1886 2731 Quid
1906 2665 2055 2720 enim

480 2748 662 2801 vetat?
690 2747 847 2814 Quod
881 2750 925 2804 si
962 2766 1072 2806 non
1096 2752 1297 2806 factum
1323 2753 1512 2821 fuerit,
1547 2771 1649 2810 nec
1678 2772 1767 2810 res
1791 2756 1858 2810 ad
1895 2756 2060 2811 recti-

482 2837 729 2892 tndinem
763 2839 942 2894 fuerit‘
962 2843 1213 2911 reducta,
1249 2847 1473 2901 omnino
1512 2848 1734 2916 expedit
1765 2850 1931 2903 etiam
1951 2864 2054 2905 no-

481 2931 588 2994 bis,
607 2941 665 2984 ut
705 2932 851 3009 circa
876 2936 1146 3006 cujusque
1174 2938 1375 2991 collum
1398 2939 1602 3009 ligetur
1626 2943 1768 2997 mola
1794 2944 2056 3012 asinaria,

479 3031 536 3079 et
585 3025 941 3094 projiciamur
984 3028 1037 3082 in
1083 3044 1232 3085 mare
1264 3031 1301 3083 ί.
1332 3030 1640 3089 Conveniet
1688 3034 1855 3090 etiam
1893 3037 2058 3093 nobis

2161 542 2257 597 καὶ
2279 544 2579 614 ἀρχιερεῖς,
2621 545 2779 615 εἴπερ
2801 545 3165 615 Χριστιανοὺς
3189 546 3518 616 ἀνθρώπους
3553 566 3732 621 παρα-

2159 636 2436 702 λαϐόντες,
2484 636 2887 708 παραδιδόαμεν
2946 639 3172 702 τούτους
3226 639 3305 710 τῷ
3353 641 3592 712 Σατανᾷ,
3647 643 3735 696 διὰ

2161 728 2443 800 θελήματα
2478 729 2699 792 πάντως
2730 728 3071 800 ἀνθρώπινα,
3137 730 3474 802 πρόσκαιρον
3525 733 3736 802 ἔχοντα,

2162 823 2255 875 καὶ
2293 822 2415 875 οὐδὲ
2470 823 2830 894 πρόσκαιρον,
2882 822 2999 876 ἀλλ’
3057 825 3151 877 ἐπὶ
3207 823 3553 894 βραχύτατον
3598 826 3737 877 πάνυ

2162 912 2356 982 χρόνον
2385 898 2737 983 διαρκοῦσαν,
2791 910 2892 982 τὴν
2927 911 3228 983 θεραπείαν
3260 913 3370 966 τῶν
3398 929 3460 966 τε
3492 912 3591 975 τὰς
3631 912 3737 982 ψη.

2161 1023 2297 1075 φους
2328 1006 2422 1060 καὶ
2455 1005 2556 1067 τὰς
2587 1004 2925 1076 χειροτονίας
2957 1004 3278 1069 ποιούντων,
3320 1005 3414 1058 καὶ
3466 1002 3576 1057 τῶν
3606 1021 3738 1073 προ-

2161 1096 2557 1169 χειριζομένων
2589 1097 2720 1167 παρ’
2751 1094 2955 1159 αὐτῶν,
3013 1096 3074 1148 οὐ
3108 1095 3269 1163 μόνον
3299 1096 3381 1158 είς
3429 1094 3529 1166 τὴν
3559 1096 3740 1165 ἀρχιεο

2165 1193 2437 1263 ρωσύνην,
2480 1189 2616 1243 ἀλλὰ
2662 1188 2758 1242 καὶ
2809 1189 2888 1251 είς
2947 1187 3037 1240 τὸν
3095 1188 3254 1242 ἄλλον
3286 1187 3388 1258 τῆς
3439 1187 3743 1258 ἱερωσύνης

2163 1285 2467 1353 κατάλογον
2490 1303 2506 1349 ;

2232 1380 2344 1449 Οὐχ
2378 1378 2574 1448 ἕξομεν
2606 1378 2823 1439 πάντως
2853 1375 3156 1441 ἀπολογίαν
3185 1374 3329 1437 τινὰ,
3360 1374 3409 1425 εί
3434 1372 3511 1443 μὴ
3537 1371 3748 1443 διεγερ-

2165 1471 2350 1542 Οῶμεν
2377 1471 2602 1536 πάντες,
2625 1468 2721 1522 καὶ
2747 1468 3034 1539 διόρθωσιν
3054 1466 3150 1521 τοῦ
3174 1464 3346 1520 κακοῦ
3377 1464 3744 1535 ποιησόμεθα.

2163 1562 2609 1626 ἀνακαινίζοντες
2634 1561 2692 1614 τὸ
2726 1558 3144 1631 καταφρονηθὲν
3173 1558 3362 1623 καλὸν,
3393 1557 3455 1610 τὸ
3479 1555 3749 1626 ἀσυγκρί-

2163 1674 2271 1718 τως
2304 1657 2488 1727 μεῖζον
2525 1656 2745 1708 πάντων
2791 1654 2901 1708 τῶν
2957 1652 3176 1707 καλῶν’
3221 1653 3283 1705 τὸ
3334 1649 3576 1704 οἰκειοῦν
3599 1651 3749 1721 ἡμᾶς

2165 1749 2407 1819 δηλονότι
2434 1748 2511 1818 τῷ
2545 1747 2685 1817 Θεῷ,
2711 1746 2774 1800 τὸ
2802 1747 2892 1800 διὰ
2916 1745 3142 1818 χρονίας
3174 1745 3277 1818 ἠδη
3323 1743 3746 1815 ἀμαυρούμενον

2166 1842 2449 1914 ἀμελείας.
2485 1839 2622 1893 Θεοῦ
2643 1839 2755 1912 γὰρ
2775 1838 2963 1909 χάριτι
2988 1839 3189 1900 πάντες
3210 1836 3531 1908 Χριστιανοί
3556 1838 3748 1905 ἐσμεν,

2166 1934 2219 1988 οἵ
2244 1950 2303 1985 τε
2335 1930 2597 2003 βασιλεῖς,
2627 1932 2675 1983 οἱ
2711 1932 3014 2000 ἀρχιερεῖς,
3051 1930 3081 1982 ό
3115 1929 3396 1997 ἱερατικὸς
3442 1926 3590 1987 ἅπας
3625 1926 3752 1978 σύλ-

2166 2024 2346 2093 λογος,
2384 2022 2481 2077 καὶ
2507 2024 2535 2076 ό
2562 2020 2687 2085 λαός
2717 2036 2732 2052 ’
2764 2020 2847 2074 ἔτι
2881 2021 3235 2091 συνεχόμενοι
3284 2019 3382 2073 καὶ
3409 2018 3752 2088 συνδεόμενοι

2170 2120 2229 2171 ὲν
2253 2119 2319 2188 τῇ
2356 2117 2540 2169 πίστει
2574 2115 2664 2169 διὰ
2692 2114 2802 2167 τῶν
2845 2114 3134 2183 μακαρίων
3167 2113 3395 2166 ἐκείνων
3443 2112 3753 2183 ἀρχιερέων

2168 2209 2261 2262 καὶ
2290 2204 2649 2270 διδασκάλων,
2668 2205 2765 2258 καὶ
2794 2204 2902 2257 τῶν
2933 2202 3137 2256 λοιπῶν
3159 2202 3434 2272 θεοφόρων
3465 2202 3751 2272 Πατέρων,

2168 2302 2263 2356 καὶ
2294 2303 2395 2370 τῆς
2416 2316 2474 2354 τε
2507 2300 2605 2369 σῆς
2621 2296 2929 2367 ἁγιότητος,
2972 2294 3066 2350 καί
3101 2312 3266 2349 τινων
3301 2298 3365 2348 ἐκ
3406 2295 3504 2362 τῆς
3528 2293 3628 2345 νῦν
3660 2294 3756 2362 ἀρ·

2166 2394 2487 2465 χιερατικῆς
2510 2388 2859 2461 ὁμηγύρεως,
2887 2387 2966 2459 τῷ
2993 2387 3138 2458 λόγῳ
3163 2387 3259 2440 καὶ
3292 2386 3463 2456 ἀρετῇ
3491 2385 3622 2446 τοὺς
3647 2382 3752 2438 ἆλ-

2166 2486 2294 2549 λους
2327 2481 2777 2555 ὑπερϐαλλόντων

2240 2577 2445 2633 Λοιπὸν
2474 2570 2567 2630 οὖν
2601 2574 2684 2628 δεῖ
2711 2574 2862 2644 ἡμᾶς
2893 2575 2970 2636 ὡς
2992 2569 3362 2643 Χριστιανοὺς
3388 2566 3525 2621 Θεοῦ
3567 2567 3753 2636 χάριτι

2167 2672 2269 2742 τὴν
2298 2669 2637 2740 ἀναζήτησιν
2674 2664 2770 2719 τοῦ
2804 2662 2974 2718 καλοῦ
3006 2663 3255 2733 ποιῆσαι.
3289 2660 3363 2713 Τὸ
3390 2658 3500 2728 γὰρ
3522 2655 3753 2728 ἐμποδί-

2171 2762 2265 2829 ζον
2292 2761 2395 2815 οὐκ
2426 2760 2595 2813 ἔστιν.
2643 2758 2735 2819 Ὠς
2766 2757 2814 2809 εί
2842 2757 2918 2827 μὴ
2945 2755 3089 2808 οὕτω
3109 2752 3356 2822 γένηται,
3398 2752 3494 2804 καὶ
3520 2749 3579 2802 τὸ
3608 2749 3753 2819 πρᾶ-

2170 2872 2289 2927 γμα
2320 2851 2606 2924 διόρθωσιν
2640 2848 2882 2920 δέξηται,
2919 2846 3194 2918 συμφέρει
3243 2846 3337 2898 καὶ
3365 2844 3498 2913 ἡμῖν
3528 2841 3754 2901 πάντως

2168 2949 2232 3002 τὸ
2259 2945 2479 3015 δεθῆναι
2510 2941 2639 3014 περὶ
2661 2943 2756 2994 τὸν
2783 2941 3060 3012 τρᾶχηλον
3084 2937 3319 2992 ἑκάστου
3353 2934 3521 3006 μύλον
3548 2932 3754 2995 ὀνικὸν,

2170 3040 2267 3095 καὶ
2312 3036 2538 3109 ῥιφῆναι
2566 3036 2647 3098 είς
2673 3032 2772 3103 τὴν
2820 3032 3116 3086 θάλασσαν.
3166 3029 3425 3099 Ἀρμόσοι
3472 3025 3529 3079 δὲ
3559 3024 3629 3077 ἂν
3672 3022 3756 3092 ἐφ’

482 3117 616 3171 illud
650 3119 896 3173 :Bonum
924 3130 1044 3175 erat
1093 3122 1141 3176 si
1188 3124 1302 3178 nati
1341 3140 1449 3179 non
1491 3116 1787 3183 fuissemus
1808 3129 1851 3185 ².
1883 3129 2056 3201 quue

2167 3133 2296 3199 ἧμϊν
2324 3129 2421 3182 καὶ
2453 3128 2534 3192 τὸ,
2576 3124 2757 3179 Καλὸν
2806 3118 2874 3194 ἦν
2934 3124 2984 3177 εί
3036 3122 3137 3174 οὐκ
3191 3117 3613 3214 ἐγεννήθημεν..
3647 3115 3756 3168 Καὶ

479 3211 589 3266 erit
622 3211 1016 3269 lamentatione
1051 3215 1302 3286 dignum,
1335 3217 1734 3275 lamentatione
1784 3237 1892 3276 non
1938 3221 2064 3277 fon-

481 3304 633 3361 tibus
669 3306 1064 3378 lacrymarum,
1095 3308 1192 3364 sed
1219 3308 1353 3365 rivis
1376 3311 1662 3382 sanguinis
1695 3313 1957 3383 compleri
1983 3314 2070 3371 di-

478 3412 605 3469 gna,
636 3399 783 3469 quod
802 3416 922 3455 eam
946 3401 1020 3457 ob
1053 3417 1169 3457 rem
1199 3403 1284 3457 vel
1315 3404 1497 3462 solum
1518 3420 1627 3459 non
1651 3405 2021 3464 lamentemur
2049 3427 2061 3464 :

481 3494 945 3569 quemadmodum
998 3496 1092 3566 qui
1152 3497 1377 3567 navigio
1423 3498 1736 3566 vehuntur,
1778 3502 1914 3557 etin
1950 3518 2066 3558 me-

480 3585 575 3639 dio
614 3585 751 3639 mari
794 3593 1122 3655 tempestate
1146 3590 1445 3657 agitantur,
1465 3604 1569 3645 nec
1590 3589 1798 3646 habent
1823 3593 2062 3649 clavum.

483 3675 754 3744 aliterque
781 3691 892 3731 non
916 3677 1103 3731 valent
1129 3678 1376 3750 eﬁ‘ugere
1409 3681 1707 3738 imminens
1730 3684 2060 3753 periculum,

483 3769 550 3823 ad
595 3769 773 3823 solum
811 3784 947 3824 vero
990 3771 1164 3825 Deum
1209 3773 1515 3842 respiciunt
1568 3776 1985 3844 miserabiliter,
2035 3795 2067 3834 a

480 3874 594 3930 quo
622 3859 854 3915 salutem
879 3876 1035 3916 suam
1065 3861 1365 3932 postulant.

552 4042 607 4099 Si
648 4042 759 4098 hoc
788 4043 855 4098 ad
886 4060 1016 4099 eum
1052 4044 1274 4100 modum
1314 4049 1728 4118 agnoverimus,
1780 4051 2065 4108 hominum

2169 3222 2372 3293 θρήνου
2441 3219 2735 3288 γενήσεται
2775 3213 2924 3280 ἄξιον
2972 3211 3153 3277 τοῦτο,
3198 3214 3295 3264 καὶ
3325 3208 3527 3281 θρήνου
3559 3206 3622 3259 οὐ
3656 3224 3761 3275 πη-

2167 3317 2293 3385 γαῖς
2326 3310 2602 3383 δακρύων,
2653 3307 2792 3361 ἀλλὰ
2825 3307 3076 3376 κρουνοῖς
3119 3303 3371 3373 αἱμάτων
3406 3297 3760 3370 συμπληρουσ

2172 3407 2359 3482 μένου,
2416 3403 2547 3474 περὶ
2581 3400 2777 3456 τούτου
2833 3398 2928 3451 καὶ
2959 3394 3187 3467 μονονοῦ
3350 3393 3511 3463 μόνον
3543 3388 3633 3462 οὐ]
3669 3389 3757 3443 τὸν

2169 3503 2370 3574 θρῆνον
2416 3496 2751 3567 ποιήσασθαι
2779 3510 2793 3526 ο
2852 3492 3039 3563 ὥσπερ
3092 3492 3141 3544 οἱ
3183 3490 3241 3543 ἐν
3272 3488 3543 3557 σκάφεσιν
3576 3486 3755 3546 ὄντες.

2168 3599 2266 3653 καὶ
2299 3598 2357 3649 ὲν
2415 3593 2566 3664 μέσιρ
2600 3587 2876 3655 πελάγους
2936 3581 3351 3655 χειμαζόμενοι,
3390 3579 3486 3633 καὶ
3519 3575 3759 3647 πηδάλια

2173 3689 2248 3760 μὴ
2288 3687 2527 3758 ἔχοντες,
2550 3682 2646 3735 καὶ
2674 3678 2852 3741 ἄλλως
2886 3677 3082 3746 φυγεῖν
3113 3673 3203 3727 τὸν
3232 3670 3616 3743 ἐπηρτημένον
3646 3670 3759 3722 κίν-

2167 3782 2323 3835 δυνον
2354 3777 2428 3849 μὴ
2458 3774 2771 3842 δυνάμενοι,
2804 3769 2940 3841 πρὸς
2983 3768 3143 3839 μόνον
3171 3766 3228 3820 δὲ
3264 3765 3400 3818 Θεὸν
3439 3761 3759 3833 ἀφορῶντες

2169 3869 2445 3934 ἐλεεινῶς,
2480 3867 2576 3920 καὶ
2610 3861 2763 3932 παρὰ
2788 3859 2980 3913 τούτου
3007 3859 3106 3928 τὴν
3146 3857 3356 3911 ἑαυτῶν
3380 3852 3759 3923 ἐξαιτούμενοι

2171 3960 2470 4032 σωτηρίαν.

2241 4052 2304 4107 Εἰ
2332 4052 2492 4106 τοῦτο
2529 4049 2703 4113 οὕτως
2750 4042 3198 4114 ἐπιγνωσόμεθα,
3241 4040 3461 4101 πάντως
3499 4037 3527 4089 ὁ
3562 4034 3759 4104 φιλάν-

481 4151 672 4192 amans
694 4137 840 4192 Deus
858 4139 1022 4206 plane
1040 4139 1183 4193 viam
1210 4141 1524 4211 corrigendi
1554 4143 1682 4198 mali
1706 4145 2060 4215 pontiﬁcibus

2169 4146 2389 4217 θρωπος
2430 4142 2564 4204 Θεὸς
2612 4141 2713 4211 τὴν
2766 4138 2993 4207 ὁδηγίαν
3026 4135 3163 4203 πρὶς
3191 4132 3289 4201 τὴν
3338 4126 3633 4199 διόρθωσιν
3667 4124 3757 4178 τοῦ

480 4226 758 4288 ostendet,
779 4230 1102 4298 cunctisque
1128 4229 1222 4300 qui
1250 4230 1437 4286 forsan
1460 4232 1729 4289 hactenus
1746 4236 1893 4306 quod
1925 4254 2060 4308 pra:-

2167 4238 2341 4294 κακοῦ
2367 4233 2598 4306 παρέξει
2622 4234 2737 4294 τοῖς
2775 4247 2836 4282 τε
2873 4225 3194 4298 ἀρχιερεῦσι
3223 4225 3318 4277 καὶ
3345 4225 3479 4274 πᾶσι
3511 4222 3625 4281 τοῖς
3656 4218 3758 4279 ἕως

479 4319 697 4373 clarum
733 4329 852 4374 erat
901 4320 1297 4391 ignoraverunt
1331 4342 1343 4378 :
1381 4333 1444 4378 ut
1475 4325 1623 4394 quod
1671 4337 1799 4382 ante
1841 4328 2060 4399 aliquod

2167 4331 2260 4385 τοῦ
2319 4328 2415 4381 νῦν
2467 4327 2596 4387 ἴσως
2648 4322 2950 4393 ἁγνοήσασι
3005 4319 3066 4371 τὸ
3119 4315 3280 4369 καλόν
3314 4314 3433 4379 ’ὡς
3464 4314 3529 4366 ἂν
3552 4312 3611 4364 τὸ
3656 4309 3760 4380 τρὸ

481 4419 700 4480 tempus
734 4426 845 4480 pne
884 4411 1228 4482 indiligentia
1275 4414 1542 4471 abolitum
1573 4425 1659 4471 est
1706 4417 1936 4483 bonum,
1974 4436 2065 4476 re-

2169 4420 2377 4491 χρόνων
2405 4415 2569 4470 τινῶν
2599 4414 2658 4478 ἐξ
2684 4410 2949 4483 ἀμελείας
2980 4405 3314 4478 ἀμαυρωθὲν
3338 4400 3565 4471 ἀγαθὸν,
3624 4402 3760 4455 dva-

482 4508 718 4555 novetur
743 4516 891 4557 nunc
931 4503 1139 4572 absque
1182 4504 1291 4558 ulla
1328 4504 1626 4573 dilatione;
1670 4522 1780 4577 quo
1815 4508 1927 4564 Deo
1974 4526 2060 4564 sa-

2173 4510 2428 4580 καινισθῇ
2468 4505 2567 4561 νῦν
2597 4506 2727 4560 ἄνευ
2760 4500 3109 4573 ὑπερθέσεως
3155 4515 3301 4562 τινος
3332 4511 3345 4524 ·
3406 4498 3557 4558 ὅπως
3598 4493 3762 4565 θερα-

479 4590 668 4656 tisﬁat,
722 4592 789 4647 ad
826 4602 1037 4648 rectum
1082 4603 1342 4649 revocata
1389 4596 1763 4653 ecclesiastica
1806 4610 1862 4654 et
1898 4601 2063 4655 Chri-

479 4687 655 4741 stiana
684 4686 996 4757 disciplina,
1029 4687 1335 4743 secundum
1361 4687 1677 4744 divinorum
1695 4705 2067 4746 summorum-

479 4793 588 4847 que
609 4779 1220 4850 apostolorum,quique
1246 4780 1369 4836 illos
1386 4783 1668 4857 consecuti
1693 4789 1822 4838 sunt
1843 4794 2063 4840 sancto-

480 4887 600 4925 rum
650 4887 714 4927 ac
763 4876 992 4927 numine
1063 4872 1369 4928 afﬂatorum
1421 4873 1646 4929 Patrum
1699 4876 2065 4943 traditiones,

479 4979 643 5033 quam
671 4963 1021 5035 disciplinam
1046 4966 1204 5037 longa
1236 4976 1425 5022 nostra
1456 4968 1706 5039 eorrupit
1739 4969 1978 5040 ignavia.

547 5054 663 5109 Nec
693 5056 893 5111 mirum
941 5057 1116 5113 videri
1149 5058 1337 5123 debet,
1379 5060 1424 5116 si
1459 5059 1666 5115 bonum
1696 5061 1802 5117 hoc
1831 5071 1887 5117 et
1914 5062 2066 5117 salu-

479 5160 598 5205 tare
629 5166 789 5221 opus,
821 5155 966 5223 quod
995 5154 1098 5224 ipsi
1123 5155 1380 5226 discipuli
1406 5157 1644 5222 Domini,
1670 5167 1905 5228 postque
1942 5157 2065 5214 illos

480 5242 679 5312 reliqui
704 5246 882 5298 sancti
912 5246 1103 5301 Patres
1136 5247 1484 5304 tradiderunt
1507 5248 1765 5304 Ecclesiae
1790 5249 2058 5315 ﬁdelium,

479 5337 796 5405 corruperit
826 5346 1059 5408 tempus.
1091 5338 1229 5394 Cum
1260 5342 1408 5395 enim
1437 5342 1692 5399 homines
1714 5344 2059 5414 corruptioni

481 5424 705 5480 obnoxii
735 5427 930 5494 simus,
970 5428 1246 5498 rebusque
1283 5434 1663 5489 materialibus
1685 5450 1783 5504 per
1812 5435 2061 5506 singulos

480 5514 598 5570 dies
620 5531 977 5590 occupemur,
1011 5522 1077 5577 ad
1105 5522 1212 5577 has
1251 5526 1563 5597 przecipites
1584 5527 1835 5585 ferimur.
1871 5528 2064 5599 Siqui-

482 5604 606 5662 dem
634 5612 916 5668 sensibilia
952 5614 1079 5681 ista,
1109 5631 1328 5674 necnon
1361 5618 1431 5674 ad
1454 5633 1519 5675 ea
1552 5620 1803 5689 aﬁ'ectus,
1836 5621 2064 5678 turbant

552 5793 570 5825 ¹
614 5792 748 5851 Luc.
781 5811 914 5866 xm,
948 5798 1003 5853 2.
1079 5802 1099 5833 ²
1134 5798 1326 5855 Matth.
1371 5815 1512 5868 xm,
1541 5801 1632 5857 2i.

2176 4601 2353 4674 πευθῇ
2383 4603 2411 4654 ό
2432 4598 2587 4663 Θεὸς,
2611 4592 3007 4673 διορθουμένης
3039 4593 3139 4661 τῆς
3168 4586 3632 4659 ὲκκλησιαστικῆς
3666 4585 3759 4638 καὶ

2174 4690 2571 4763 Χριστιανικῆς
2602 4687 3016 4748 καταστάσεως,
3088 4682 3231 4735 κατὰ
3282 4681 3381 4742 τὰς
3427 4679 3759 4748 παραδόσεις

2173 4784 2283 4838 τῶν
2306 4783 2466 4837 θείων
2501 4779 2599 4833 καὶ
2634 4773 2949 4848 κορυφαίων
2992 4769 3327 4830 ἀποστόλων,
3361 4767 3454 4820 καὶ
3499 4765 3611 4817 τῶν
3641 4763 3759 4835 μετ’

2173 4877 2371 4940 αὐτοὺς
2399 4873 2570 4943 ἁγίων
2604 4872 2698 4925 καὶ
2723 4867 2999 4937 θεοφόρων
3021 4864 3302 4934 Πατέρων,
3356 4860 3424 4930 ῆν
3475 4860 3510 4929 ή
3567 4855 3759 4928 χρονία

2170 4969 2328 5039 ἡμῶν
2362 4965 2610 5038 ῥᾳθυμία
2639 4960 2938 5031 διέφθειρε.

2237 5060 2345 5113 Καὶ
2371 5057 2526 5112 οὐδὲν
2553 5051 2866 5124 θαυμαστὸν
2913 5051 3002 5117 ἂν,
3034 5052 3082 5103 εί
3112 5047 3210 5102 καὶ
3259 5048 3320 5100 τὸ
3351 5044 3555 5113 ἀγαθὸν
3600 5040 3759 5096 τοῦτο

2170 5156 2266 5209 καὶ
2299 5153 2566 5224 σωτήριον
2598 5150 2783 5221 ἔργον,
2812 5148 2950 5216 ὅπερ
2981 5144 3133 5198 αὐτοὶ⁵
3160 5143 3212 5196 oi
3246 5138 3488 5212 μαθηταὶ
3516 5137 3610 5190 τοῦ
3640 5136 3760 5220 Κυτ

2176 5248 2290 5319 ρίου
2324 5249 2389 5317 τῇ
2431 5245 2541 5298 τῶν
2566 5242 2774 5296 πιστῶν
2818 5237 3118 5308 Ἐκκλησία
3139 5236 3486 5306 παρέδωκαν,
3518 5230 3612 5284 καὶ
3636 5229 3759 5300 μετ’

2170 5341 2411 5402 ἐκείνους
2441 5341 2490 5391 οἱ
2520 5338 2699 5391 λοιποὶ
2725 5337 2873 5403 ἅγιοι
2903 5332 3166 5402 Πατέρες,
3195 5332 3224 5382 ὁ
3267 5328 3463 5399 χρόνος
3522 5322 3760 5391 διέφθει-

2172 5453 2285 5507 ρεν.
2318 5434 2628 5501 Ἄνθρωποι
2655 5429 2764 5500 γὰρ
2791 5424 3024 5497 φθαρτοὶ
3052 5425 3225 5487 ὄντες,
3253 5421 3350 5475 καὶ
3377 5420 3495 5481 τοῖς
3549 5414 3758 5507 ὑλικοῖς

2172 5506 2466 5596 πράγμασι
2493 5519 2614 5576 καθ’
2647 5521 2885 5589 ἑκάστην
2913 5514 3385 5587 ἑνασχολούμενοι,
3416 5511 3555 5583 πρὸς
3581 5506 3757 5561 ταῦτα

2174 5618 2270 5675 καὶ
2300 5613 2737 5690 κρημνιζόμεθα.
2773 5609 3134 5682 Θολοῦσιγὰρ
3184 5608 3250 5664 τὰ
3300 5604 3537 5678 αἰσθητὰ
3583 5600 3757 5657 ταῦτα
