4104 6200
470 208 576 277 951

1812 242 2079 304 ALEXII
2122 247 2469 318 COMNENI

3647 273 3753 338 952

470 336 557 376 me
571 322 717 378 "tium
748 328 1041 385 retulerint
1065 335 1211 401 quod
1232 335 1380 407 digni
1402 351 1588 397 essent
1607 347 1855 416 quolibet
1883 368 2028 408 sacer

471 414 627 453 (Inlin
705 434 896 453 rnunpn
957 432 1136 453 manu...
1194 432 1445 453 ...ι-...ηιμ
1488 443 1526 453 ι,
1732 441 1767 453 ..
1879 445 1890 453 .

2133 405 2137 413 .
2166 366 2294 433 πῆς.
2327 367 2437 420 Καὶ
2464 370 2512 423 εξ
2536 372 2627 424 καὶ
2651 372 2853 435 πάντες
2879 373 3019 440 ἄξιοι
3046 349 3229 442 πάσης
3255 374 3554 449 ἱερωσύνης
3574 378 3743 453 ἔμαρ-

388 466 399 471 ,
471 414 649 481 (lotio,
705 434 896 474 revera
957 432 1137 479 tamen
1193 432 1445 486 nonnulli
1486 443 1595 491 tam
1646 441 2055 503 ordinariorum

469 522 636 575 quam
672 512 1099 570 redundantium
1141 518 1282 575 forte
1315 525 1450 580 tales
1489 545 1597 585 non
1641 544 1769 590 sunt
1804 555 1816 590 :
1866 540 1962 593 sed
1997 550 2057 595 ut

469 600 656 655 l‘orsan
685 603 793 658 vita
825 616 1095 662 ornentur
1121 612 1328 682 proba;
1364 623 1827 688 quemadmodum
1861 640 2057 687 tenen-

474 702 564 746 tur
598 694 901 752 Christiani
932 714 1146 768 omnes,
1174 721 1398 765 servare
1437 716 1691 772 mandata
1728 720 1847 788 Dei,
1879 726 2054 781 multo

469 782 641 852 magis
661 785 802 838 sacri
826 788 1041 845 ordinis
1064 793 1346 863 homines;
1369 817 1551 860 sermo
1581 816 1761 865 tamen
1787 813 2053 877 doctrinae

467 889 497 925 ιι
530 875 717 930 multis
751 877 928 935 abest.
949 882 1026 938 Ac
1056 889 1245 943 nescio
1271 908 1337 946 an
1373 894 1426 949 in
1454 910 1796 959 sacratorum
1817 909 2051 977 quibus~

466 963 594 1020 dam
636 966 743 1052 hoc
766 985 987 1043 quoque
1018 991 1128 1032 non
1165 979 1634 1051 deprehendetur.

532 1144 636 1212 Qui
663 1163 799 1218 ergo
823 1154 1036 1221 praediti
1069 1169 1200 1215 sunt
1234 1164 1498 1223 laudabili
1526 1171 1657 1236 vita,
1706 1192 1919 1235 necnon
1951 1184 2047 1237 do-

461 1237 621 1291 cendi
647 1242 903 1309 peritiam
936 1245 1162 1315 habent,
1205 1255 1472 1314 ordinarii
1510 1265 1717 1331 pariter
1744 1284 1808 1323 ac
1842 1273 2046 1328 redun-

462 1327 688 1398 dantes,
739 1337 1186 1409 quandoquidem
1222 1355 1278 1401 et
1322 1349 1376 1403 hi
1409 1364 1462 1405 et
1506 1327 1584 1408 illi
1612 1360 2042 1421 ecclesiasticum

460 1420 830 1480 ministerium
862 1432 1171 1500 complent;
1196 1437 1361 1491 etiam
1399 1444 1777 1511 provehantur
1810 1453 1877 1506 ad
1909 1470 2045 1523 pon-

460 1512 751 1579 tificatum,
783 1519 854 1573 ad
885 1520 1061 1577 ollicia
1107 1540 1171 1582 ac
1204 1527 1520 1600 dignitates,
1568 1538 1778 1610 absque
1805 1512 2044 1614 impedi-

457 1614 665 1670 mento,
691 1618 748 1662 ut
780 1610 1017 1668 dicetur.
1044 1616 1266 1689 Reliqui
1301 1639 1452 1690 vero,
1481 1641 1603 1682 cum
1635 1635 2040 1704 quamplurima

456 1713 585 1753 cura
620 1704 978 1762 connitantur
1001 1711 1067 1765 ad
1094 1713 1260 1769 vitam
1295 1717 1350 1772 in
1385 1721 1583 1778 melius
1614 1724 1957 1797 dirigendam
1986 1743 2041 1788 et
2080 1713 2119 1766 Β

455 1791 522 1845 ad
563 1798 955 1865 acquirendam
1005 1804 1238 1862 docendi
1280 1810 1597 1870 facultatem
1626 1859 1641 1885 ,
1697 1828 1936 1892 tuncque
1983 1825 2037 1879 in

452 1885 831 1944 ecclesiastico
884 1894 1080 1950 ordine
1135 1898 1354 1956 illorum
1399 1906 1634 1978 quisque
1682 1926 2037 1984 progressum

454 1975 641 2039 faciat,
668 1982 890 2049 quando
928 1985 1106 2055 ipsum
1141 2006 1200 2045 se
1231 1993 1285 2047 in
1318 1975 1558 2069 utroque
1597 1975 1821 2074 dig—num
1851 2009 2038 2066 reddi-

453 2067 616 2124 derit.
674 2072 935 2140 Quamvis
993 2080 1141 2136 enim
1194 2100 1295 2153 per
1355 2067 1795 2153 testificationem
1856 2101 2038 2159 dictus

454 2159 622 2217 fuerit
668 2165 868 2237 dignus
900 2173 1098 2240 quovis
1139 2181 1471 2249 sacerdotio,
1505 2186 1741 2260 ideoque
1778 2194 2039 2253 Ecclesiae

451 2252 621 2310 fuerit
647 2273 1001 2320 consecratus
1026 2305 1041 2330 ,
1069 2283 1453 2332 verumtamen
1480 2279 1617 2337 falso
1647 2286 1869 2354 quidem
1909 2293 2037 2348 testi

451 2347 615 2417 culpa
649 2346 1019 2423 'aspergetur;
1083 2359 1401 2431 hujusmodi
1474 2386 1604 2426 vero
1660 2379 2034 2436 testimonium

449 2443 659 2496 carenti
687 2459 943 2503 sermone
960 2449 1229 2510 doctrinae
1258 2458 1477 2530 vitaque
1500 2462 1890 2535 irreprehensa
1915 2475 2036 2528 nul-

450 2528 666 2590 latenus
697 2539 968 2607 proderit,
1021 2553 1080 2599 ut
1106 2548 1175 2601 ad
1209 2528 1472 2621 majorem
1526 2559 1756 2627 gradum
1811 2580 2035 2633 promo-

450 2635 666 2682 ventur.
697 2629 832 2685 Nam
860 2632 1112 2692 doctrina
1142 2638 1468 2701 destitutum
1497 2629 1849 2723 nequaquam
1871 2656 2032 2727 juva-

449 2716 532 2772 bit
557 2722 779 2776 testatio
813 2724 983 2790 illius.
1013 2729 1107 2800 qui
1134 2731 1201 2787 de
1227 2734 1493 2795 doctrinae
1508 2743 1558 2797 vi
1591 2716 1784 2813 ignaro
1804 2716 2032 2804 attesta-

451 2819 541 2865 tus
568 2820 672 2878 est,
700 2830 881 2886 neque
906 2821 1283 2881 testimonium
1317 2830 1518 2902 adepto
1544 2837 1779 2893 sulliciet
1807 2840 1876 2894 ad
1903 2856 2030 2896 sus-

442 2900 760 2971 cipiendum
794 2908 1038 2969 doctoris
1065 2917 1316 2984 gradum.

514 3081 659 3150 Quid
681 3101 814 3158 ergo
855 3090 923 3146 de
951 3091 1037 3147 bis
1058 3093 1314 3166 disponet
1353 3116 1703 3164 sacrosancta
1743 3111 2023 3183 synodus?

442 3173 624 3231 Eosne
656 3179 860 3248 quibus
906 3198 1018 3239 non
1062 3185 1204 3244 bene
1253 3193 1632 3253 testimonium
1680 3173 1868 3258 datum
1917 3206 2025 3261 fuit

440 3268 698 3337 expellet,
744 3287 1195 3350 unumquemque
1238 3297 1269 3338 e
1299 3287 1474 3355 gradu
1523 3306 1688 3361 quem
1740 3295 2023 3355 obtinuit?

440 3358 554 3415 Sed
580 3361 686 3419 boc
728 3364 977 3424 dolorem
1012 3373 1308 3453 allaturum
1344 3389 1428 3436 est
1468 3358 1664 3440 eorum
1698 3390 1899 3447 animis
1924 3395 2021 3464 qui

432 3451 551 3523 jam
580 3461 888 3515 consecrati
910 3473 1039 3519 sunt
1070 3451 1434 3528 sanctissimae
1470 3475 1568 3533 Dei
1598 3478 1882 3538 Ecclesiae.
1907 3486 2022 3542 Ad-

438 3544 619 3601 mittat
650 3548 818 3619 igitur
860 3568 1014 3609 saera
1046 3566 1103 3611 et
1131 3570 1320 3617 sancta
1362 3568 1625 3637 synodus,
1657 3587 1721 3628 ac
1743 3590 1865 3645 pra:
1887 3592 2023 3633 cun-

438 3638 544 3693 etis
579 3642 849 3697 sanctitas
881 3653 998 3709 tua,
1022 3649 1093 3702 mi
1124 3652 1346 3709 domine
1380 3661 1748 3731 sanctissime,
1776 3682 2024 3725 commu—

434 3729 521 3783 nis
548 3730 1025 3805 Patcrdoctorque
1049 3741 1547 3816 orbis,promptum
1566 3754 1810 3812 animum
1826 3774 2019 3816 eorum

436 3819 533 3886 qui
558 3820 672 3890 jam
704 3825 901 3879 sacrati
927 3838 1077 3896 sunt,
1115 3843 1171 3888 et
1210 3838 1547 3896 voluntatem
1583 3860 1747 3915 quam
1793 3850 2017 3922 habent,

433 3927 500 3966 ex
540 3921 652 3968 tota
680 3915 862 3973 anima
890 3921 1262 3982 ministrandi'
1287 3943 1489 3990 sancta:
1520 3937 1815 4010 Ecclesiae;
1856 3954 2021 4017 atque

434 4007 582 4074 quod
617 4009 754 4079 ipsis
779 4010 958 4079 deest,
980 4020 1305 4089 suppleatur
1327 4041 1425 4095 per
1448 4038 1595 4085 tuam
1643 4007 2017 4109 sanctitatem,

431 4114 555 4168 quae
583 4102 828 4159 studium
866 4123 1208 4181 exsuperans
1236 4119 1507 4176 ostendat.
1552 4124 1877 4198 Hujusmodi
1922 4151 2020 4190 au-

434 4199 545 4245 tem
577 4192 932 4253 sit.studium
963 4211 1019 4256 et
1043 4220 1174 4260 cura
1206 4211 1468 4277 prmclare
1495 4192 1778 4287 dispositae
1810 4229 2017 4284 sancti-

432 4282 560 4337 tatis
606 4293 732 4352 tum,
772 4288 903 4344 boni
930 4308 1094 4363 supra
1127 4309 1354 4358 ceteros
1391 4282 1622 4377 cupidae.

498 4368 642 4427 Ante
678 4389 842 4430 omne
871 4379 1044 4447 aliud,
1079 4392 1390 4446 communis
1425 4394 1517 4451 fiat
1559 4411 1887 4462 cunctorum
1912 4410 2013 4465 de-

430 4464 680 4534 scriptio,
717 4476 823 4523 tam
848 4486 1041 4530 eorum
1068 4479 1161 4546 qui
1193 4482 1304 4551 jam
1330 4487 1561 4553 perfecti
1592 4503 1741 4558 sunt,
1773 4498 1923 4568 digni
1956 4502 2013 4557 in

431 4566 689 4628 utroque,
718 4559 972 4620 doctrina
1003 4582 1199 4639 nempe
1232 4582 1289 4627 et
1316 4576 1449 4641 vita,
1473 4595 1639 4648 quam
1667 4598 1859 4642 eorum
1892 4593 2015 4661 qui.

426 4649 534 4705 bus
560 4651 815 4710 fortassis
849 4672 916 4712 ex
947 4658 1446 4737 alterutroaliquid
1470 4671 1795 4733 deestunc
1827 4649 2009 4737 aut-em

426 4741 748 4812 descriptio,
784 4762 892 4802 non
926 4750 1254 4821 simpliciter
1281 4773 1346 4812 ac
1369 4767 1574 4818 temere
1608 4764 1720 4831 ﬂat,
1753 4771 1850 4825 sed
1884 4788 2008 4829 cum

426 4837 764 4894 scrutatione
807 4841 1066 4908 maxima,
1094 4850 1437 4908 scrutatione
1467 4857 1671 4924 praevia
1713 4863 1916 4919 eruditi
1952 4867 2006 4921 in

426 4939 761 4999 unoquoque
794 4937 1089 5001 sermonis,
1114 4937 1496 5014 bonorumque
1528 4963 1764 5007 morum.
1789 4955 1855 5009 Et
1880 4972 2005 5013 eum

422 5016 517 5086 qui
553 5020 759 5088 probos
788 5039 972 5081 mores
1011 5029 1346 5103 doctumque
1383 5052 1696 5098 sermonem
1739 5046 2007 5105 exhibue-

423 5108 763 5173 rit,adnotet
782 5119 1046 5177 sanctitas
1073 5131 1185 5189 tua,
1201 5127 1370 5182 veluti
1395 5131 1517 5187 aliis
1537 5138 2000 5203 prmstantiorem.

423 5198 539 5254 "0e
567 5205 774 5274 quippe
808 5211 994 5277 modo,
1042 5225 1099 5269 et
1147 5219 1241 5286 qui
1278 5198 1844 5295 nondum—perfectus
1894 5245 1999 5299 est,

419 5294 768 5352 aemulatione
791 5300 917 5369 jam,
940 5304 1184 5363 deuotati
1209 5315 1531 5386 caeteristh
1566 5294 1796 5388 praelati,
1836 5326 2001 5393 perli-

419 5382 618 5443 cietur.

488 5476 626 5545 Quia
672 5501 807 5540 vero
852 5504 1017 5559 supra
1051 5492 1311 5566 diximus,
1357 5514 1635 5574 acceptam
1664 5509 1855 5565 haberi
1900 5511 1997 5568 de-

418 5566 551 5628 bere
590 5574 930 5635 alacritatem
979 5599 1172 5643 eorum
1209 5592 1303 5660 qui
1354 5596 1624 5664 ejusmodi
1678 5618 1789 5657 non
1840 5616 1989 5671 sunt,

416 5665 679 5730 quoniam
709 5669 874 5726 alacri
904 5676 1089 5733 animo
1118 5683 1343 5748 cupiunt
1373 5703 1693 5754 permanere
1721 5694 1774 5748 in
1807 5696 1991 5753 Eccle-

2169 458 2509 529 τυρήθησαν,
2543 462 2659 516 ἀλλ’
2681 463 2831 535 ἔργῳ
2866 466 2958 518 καὶ
2988 466 3220 539 ἀληθείᾳ
3241 468 3383 530 τινὲς
3404 469 3513 522 τῶν
3541 487 3600 524 τε
3653 476 3747 543 ἑμ-

2167 546 2416 618 6άθμων,
2450 554 2544 607 καὶ
2581 555 2686 608 τῶν
2716 558 2992 627 περισσῶν
3028 560 3158 623 ἴσως
3178 560 3406 616 τοιοῦτοι
3436 560 3537 616 οῦκ
3567 567 3699 619 εἰσιν
3729 584 3742 597 ·

2166 635 2303 689 ἀλλὰ
2362 640 2452 695 τὸν
2497 642 2599 712 μὲν
2644 646 2904 717 ἐνάρετον
2962 648 3075 718 βίον
3136 651 3264 714 ἴσως
3303 652 3391 705 ἵνα
3421 653 3637 724 ἔχωσιν,
3675 658 3746 721 ὡς

2164 727 2517 799 ὀφειλόμενον
2551 737 2687 788 πᾶσι
2719 740 2835 800 τοῖς
2893 740 3248 810 Χριστιανοῖς
3304 743 3592 813 φυλάττειν
3650 747 3748 811 τὰς

2163 819 2385 884 ἐντολάς
2420 823 2514 877 τοῦ
2534 825 2696 890 Θεοῦ,
2725 831 2818 883 καὶ
2848 831 3049 901 μᾶλλον
3080 836 3192 898 τοῖς
3229 836 3550 907 ἱερωμένοις
3568 877 3584 902 ,
3613 839 3747 892 ἀλλά

2157 926 2219 974 γε
2249 912 2277 963 ὑ
2305 912 2689 981 διδασκαλικὸς
2724 919 2883 989 λόγος
2921 922 3024 975 οὑκ
3047 922 3163 977 ἔστι
3196 927 3349 997 παρά
3373 931 3485 992 τοῖς
3511 929 3741 994 πολλοῖς.

2164 1003 2273 1055 Καὶ
2308 1004 2439 1070 ἴσως
2468 1007 2627 1061 τοῦτο
2674 1012 2770 1064 καὶ
2802 1014 2894 1067 ἐπὶ
2934 1015 3048 1069 τισὶ
3081 1017 3190 1071 τῶν
3225 1019 3539 1090 ἱερωμένων
3590 1022 3736 1093 εὑρε-

2162 1092 2408 1158 θήσεται.

2230 1188 2295 1240 Oi
2326 1190 2427 1259 μὲν
2458 1190 2550 1247 οῦν
2581 1194 2797 1264 ἔχοντες
2820 1199 2916 1251 καὶ
2951 1198 3042 1252 τὸν
3069 1201 3355 1257 ἐπαινετὸν
3389 1206 3505 1277 βίον
3533 1207 3630 1261 καὶ
3657 1208 3743 1264 τὸν

2155 1277 2538 1338 διδασκαλικὸν
2566 1285 2746 1355 λόγον,
2782 1288 3059 1361 ἔμδαθμοί
3084 1311 3143 1346 τε
3169 1296 3369 1364 ὁμοίως
3396 1299 3492 1352 καὶ
3549 1317 3740 1369 περισ-

2156 1370 2261 1434 σοὶ,
2323 1373 2446 1426 ἐπεὶ
2513 1377 2610 1430 καὶ
2671 1373 2821 1434 οὗτοι
2865 1383 3109 1439 κάκεῖνοι
3150 1386 3248 1457 τὴν
3281 1388 3742 1463 ἐκκλησιαστικὴν

2154 1460 2461 1531 ὑπηρεσίαν
2491 1467 2784 1539 πληροῦσι,
2825 1473 2921 1525 καὶ
2953 1478 3412 1543 προκοπτέτωσαν
3447 1481 3528 1543 εἷς
3548 1500 3610 1534 τε
3644 1484 3740 1553 τὴν

2153 1553 2570 1630 ἀρχιερωσύνην
2601 1563 2695 1615 καὶ
2721 1562 2790 1616 τὰ
2815 1566 3163 1635 ἁρχοντξκια,
3187 1569 3373 1649 καθὼς
3430 1572 3738 1643 εἰρήσεται,

2151 1646 2469 1712 ἀκωλύτως.
2497 1653 2562 1705 Οἱ
2587 1655 2644 1707 δέ
2675 1673 2739 1724 γε
2767 1656 2971 1722 λοιποὶ,
2992 1659 3452 1727 ἀγωνιζὲσθωσαν
3478 1665 3601 1733 μετ’
3621 1668 3742 1718 ἐπι-

2152 1738 2375 1806 μελείας
2412 1745 2494 1796 ὅτι
2532 1747 2756 1818 πολλῆς,
2784 1750 2872 1803 ἵνα
2889 1751 2986 1803 καὶ
3005 1753 3097 1805 τὸν
3130 1752 3245 1821 βίον
3277 1755 3370 1806 ἐπὶ
3391 1755 3450 1808 τὸ
3483 1760 3738 1827 κρεῖττον

2148 1832 2580 1904 ρυθμίζωσι,καὶ
2609 1841 2697 1895 τὸν
2725 1843 3107 1897 διδασκαλικὸν
3134 1844 3291 1913 λόγον
3314 1849 3699 1917 καρπίζωνται
3724 1869 3738 1884 ·

2145 1921 2265 1975 τότε
2301 1925 2357 1979 δὲ
2378 1928 2478 1999 τῆς
2501 1931 2558 1983 ὲν
2575 1935 2641 2003 τῇ
2664 1933 3092 2007 ὲκκλητιαστικῇ
3115 1936 3264 2002 τάξει
3288 1941 3576 2010 προκοπῆς
3600 1960 3736 2009 τυγ-

2145 2021 2461 2082 χανέτωσαν
2486 2024 2719 2087 ἕκαστος
2751 2027 2981 2093 τούτων,
3001 2028 3090 2081 ὅτε
3116 2030 3266 2093 ἄξιον
3299 2031 3421 2083 κατ’
3448 2033 3737 2107 ἀμφότερα

2144 2116 2337 2171 ἑαυτὸν
2370 2117 2766 2187 ἀπεργάσεται.
2804 2120 2868 2171 Ei
2897 2121 3006 2190 γὰρ
3038 2121 3135 2175 καὶ
3191 2124 3549 2193 ἐμαρτυρήθη
3585 2125 3738 2190 ἄξιος

2142 2212 2326 2282 πάσης
2352 2212 2681 2282 ἱερωσύνης,
2713 2213 2807 2263 καὶ
2837 2211 2923 2265 διὰ
2952 2213 3109 2266 τοῦτο
3140 2218 3204 2285 τῇ
3231 2215 3534 2288 Ἐκκλησία
3560 2235 3734 2289 προσ-

2146 2303 2370 2374 ιερώθη,
2414 2302 2552 2356 ἀλλὰ
2595 2302 2674 2372 τῷ
2704 2303 2802 2373 μὲν
2835 2304 3045 2373 ψευδῶς
3069 2309 3489 2378 μαρτυρήσαντι
3522 2310 3734 2381 μέμψις

2145 2395 2651 2467 προστριὸήσεται’
2693 2397 2726 2465 ἡ
2773 2395 2829 2447 δὲ
2892 2394 3119 2466 τοιαύτη
3185 2400 3463 2471 μαρτυρία
3517 2400 3600 2471 τῷ
3657 2403 3729 2472 μὴ

2141 2486 2319 2557 ἔχοντι
2348 2487 2439 2540 τὸν
2463 2486 2841 2540 διδασκαλικὸν
2882 2486 3041 2556 λόγον
3067 2495 3165 2542 σὺν
3223 2490 3302 2560 τῷ
3346 2493 3724 2564 ἀνεπιλήπτῳ,

2139 2581 2199 2633 οὑ
2246 2579 2503 2651 βοηθήσει
2543 2580 2667 2633 ὅσον
2710 2579 2847 2642 τέως
2906 2580 2987 2643 ei;
3042 2579 3141 2650 τὴν
3192 2582 3283 2634 ἐπὶ
3318 2584 3446 2645 τοὺς
3471 2584 3728 2654 μείζονας

2143 2673 2389 2744 βαθμοὺς
2426 2671 2675 2741 πρόοδον.
2712 2670 2849 2724 Οῦτε
2889 2674 3000 2740 γὰρ
3058 2672 3151 2726 τὸν
3196 2674 3550 2734 διδασκαλίας
3608 2676 3726 2730 δεό-

2142 2776 2305 2829 μενον
2334 2759 2609 2829 ὠφελήσει
2636 2758 2852 2823 πάντως
2879 2762 2912 2831 ἡ
2943 2763 3221 2833 μαρτυρία
3246 2764 3342 2816 τοῦ
3368 2781 3727 2837 προσμαρτυ-

2140 2851 2408 2923 ρήσαντος
2470 2849 2568 2921 τὴν
2624 2851 2720 2904 τοῦ
2769 2852 3081 2907 διδακτικοῦ
3139 2854 3371 2925 δύναμιν
3415 2857 3492 2925 τῷ
3522 2854 3726 2929 ταύτης

2139 2943 2416 3014 ἀμετὸχῳ,
2450 2942 2573 2995 οὕτε
2600 2942 2678 3013 τῷ
2733 2947 3148 3017 μαρτυρηθέντι
3195 2949 3424 3019 ἀρκέσει
3478 2951 3614 3021 πρὸς
3670 2954 3727 3006 τὸ

2059 3059 2104 3119 ο
2138 3034 2502 3101 ἀναδέξασθαι
2534 3035 2744 3106 βαθμὸν
2777 3036 3208 3112 διδασκαλικόνη

2198 3132 2263 3186 Τί
2281 3130 2374 3185 οὖν
2394 3131 2851 3202 οἰκονομήσειὲπὶ
2863 3132 3073 3197 τούτοις
3096 3134 3268 3205 ὴῐερά
3297 3137 3391 3189 καὶ
3415 3137 3544 3205 ἁγία
3591 3139 3723 3192 σύν-

2127 3224 2286 3292 οδος;
2312 3223 2437 3287 τοὺς
2465 3222 2542 3294 μὴ
2569 3222 2753 3287 καλῶς
2774 3225 3225 3296 μαρτυρηθέντας
3245 3226 3433 3290 ὲξὼσει
3454 3222 3516 3284 οὑ
3530 3228 3724 3299 ἔτυχεν

2126 3317 2358 3378 ἕκαστος
2383 3314 2592 3386 βαθμοῦ
2615 3314 2784 3382 ;ἀλλά
2804 3314 2963 3368 τοῦτο
2993 3317 3172 3387 λύπην
3203 3318 3445 3386 ἐντίθησι
3471 3323 3592 3381 ταῖς
3620 3326 3725 3390 ψυ-

2127 3411 2251 3481 χαῖς
2270 3408 2380 3463 τῶν
2401 3408 2504 3479 ἠδη
2520 3406 2938 3478 ἀφιερωθέντων
2953 3411 3016 3479 τῇ
3034 3410 3313 3482 ἁγιωτάτῃ
3333 3411 3426 3463 τοῦ
3440 3412 3573 3465 Θεοῦ
3597 3413 3725 3491 Ἐκ-

2126 3502 2347 3573 κλησῖᾳ.
2365 3500 2742 3566 Ἀποδεξάσθω
2758 3496 2852 3554 οὖν
2875 3503 2908 3572 ἡ
2940 3502 3059 3572 ἱερὰ
3087 3504 3177 3556 καὶ
3196 3503 3326 3571 ἁγία
3354 3504 3592 3567 σύνοδος,
3629 3505 3720 3558 καὶ

2127 3593 2233 3663 πρὸ
2247 3594 2461 3647 πάντων
2476 3595 2510 3661 ἡ
2532 3594 2813 3663 ἀγιωσύνη
2838 3611 2933 3648 σου
2954 3594 3045 3648 τοῦ
3069 3596 3374 3663 ἀγιωτάτου
3399 3615 3501 3667 μου
3520 3597 3721 3651 6567:5-

2124 3702 2219 3738 του
2244 3685 2336 3737 καὶ
2360 3685 2539 3737 κοινοῦ
2566 3686 2778 3757 [ἰατρὸς
2798 3690 2891 3741 καὶ
2912 3688 3234 3743 διδασκάλου
3250 3690 3350 3759 τῆς
3364 3691 3716 3762 οἰκουμένης,

2124 3774 2185 3828 τὸ
2198 3774 2479 3847 πρόθυμον
2495 3778 2603 3832 τῶν
2620 3779 2721 3851 ἤδη
2741 3779 3207 3851 καθιερωθέντων,
3231 3784 3401 3837 καὶτὸ
3422 3783 3596 3837 θέλειν
3614 3786 3716 3837 αὑο

2124 3869 2254 3932 τοὺς
2284 3869 2563 3941 ὁλοψύχως
2585 3873 2881 3942 ὑπηρετεῖν
2906 3877 2969 3943 τῇ
2998 3875 3129 3946 ἁγέᾳ
3172 3876 3492 3947 Ἐκκλησία,
3530 3880 3627 3932 καὶ
3657 3880 3717 3932 τὸ

2123 3962 2373 4016 ἐλλεῖπον
2396 3964 2610 4028 τούτοις
2646 3965 2861 4035 ἀναπλη
2873 3966 3102 4037 ρωθήτω
3131 3968 3284 4040 παρά
3300 3971 3397 4041 τῆς
3421 3972 3523 4039 σῆς
3552 3973 3715 4040 ἀγιόο

2122 4071 2304 4124 τητος,
2355 4056 2593 4121 σπουδὴν
2632 4056 3081 4124 ὑπερϐάλλουσαν
3131 4061 3571 4133 ἐνδεικνυμένης.
3651 4064 3714 4117 'll

2122 4144 2180 4198 δὲ
2209 4146 2414 4216 σπουδὴ
2437 4146 2578 4200 ἔστω
2602 4146 2825 4208 τοιαύτη
2865 4149 3048 4213 καλῶς
3072 4152 3304 4222 ἐχούσης
3333 4157 3432 4223 τῆς
3466 4156 3712 4222 ἁγιωσύ-

2123 4255 2223 4307 νης
2255 4254 2348 4290 σου
2374 4238 2450 4301 ὡς
2476 4238 2536 4291 τὸ
2563 4237 2728 4292 καλὸν
2760 4243 3012 4310 κρεῖττον
3077 4242 3298 4298 πάντων
3349 4244 3706 4316 βουλομένης.

2194 4328 2307 4397 Πρὸ
2339 4328 2439 4397 μὲν
2470 4331 2672 4392 παντὸς
2699 4330 2860 4383 ἄλλου
2893 4332 3182 4402 ἀδνούμιον
3232 4334 3410 4389 κοινὸν
3463 4337 3711 4402 γενέσθω

2047 4413 2089 4467 D
2119 4418 2226 4471 τῶν
2255 4418 2412 4482 ὅλων,
2444 4419 2552 4472 τῶν
2573 4437 2630 4473 τε
2668 4421 2768 4491 ἤδη
2825 4425 3296 4493 κατηρτισμένων,
3353 4425 3518 4491 ἀξίων
3583 4427 3708 4480 κατ’

2119 4508 2308 4578 ἄμφω,
2357 4508 2516 4576 λόγον
2557 4526 2616 4562 τε
2673 4509 2915 4574 δηλονότι
2968 4518 3062 4565 καὶ
3119 4514 3257 4583 βίον,
3299 4516 3395 4568 καὶ
3423 4516 3532 4570 τῶν
3573 4518 3705 4598 ἴσως

2117 4600 2261 4652 κατὰ
2297 4617 2350 4652 τι
2384 4600 2592 4655 τούτων
2611 4601 2973 4671 λειπομένων.
3023 4605 3094 4656 Τὸ
3131 4604 3188 4658 δὲ
3219 4607 3458 4661 τοιοῦτον
3512 4608 3704 4661 ἀδνού-

2119 4708 2264 4758 μιον,
2296 4692 2371 4763 μὴ
2400 4693 2589 4755 ἁπλῶς
2615 4693 2710 4747 καὶ
2735 4680 2815 4758 ὦς
2849 4694 3006 4764 ἔτυχε
3060 4696 3313 4769 γένηται,
3371 4699 3507 4753 ἀλλὰ
3559 4701 3698 4769 μετά

2112 4783 2343 4855 ἐρεύνης
2403 4784 2684 4855 μεγίστης,
2735 4786 2962 4857 ἐρεύνης
3015 4791 3444 4861 προηγουμένως
3485 4791 3583 4846 τοῦ
3642 4797 3699 4845 ὲν

2112 4875 2330 4947 ἑκάστῳ
2362 4877 2749 4932 διδασκαλικοῦ
2785 4878 2945 4948 λόγου
2982 4883 3199 4936 καὶτοῦ
3230 4884 3472 4954 χρηστοῦ
3508 4887 3696 4957 ἤθους.

2113 4968 2222 5020 Καὶ
2250 4967 2343 5020 τὸν
2379 4968 2478 5039 μὲν
2506 4969 2698 5040 ἔχοντα
2731 4970 2824 5023 καὶ
2880 4966 3012 5042 ἦθος
3064 4975 3323 5043 χρηστὸν,
3391 4977 3488 5029 καὶ⁵
3539 4976 3697 5044 λόγον

2107 5058 2510 5125 διδασκαλικὸν,
2539 5061 2956 5133 σημειωθήτωὴ
2988 5063 3270 5134 ἁγιωσὺνη
3298 5082 3416 5129 σου,
3452 5067 3528 5130 ὡς
3566 5068 3695 5137 ἐξῖΓ

2110 5151 2347 5220 ρημένον
2367 5152 2474 5205 τῶν
2502 5153 2696 5208 ἄλλων.
2722 5155 2909 5226 Τούτῳ
2938 5156 3048 5226 γὰρ
3076 5156 3154 5227 τῷ
3181 5158 3368 5229 τρόπῳ
3398 5160 3490 5212 καὶ
3519 5160 3547 5211 ὁ
3581 5162 3689 5228 μή-

2106 5237 2194 5296 πω
2223 5245 2611 5313 καταρτισθεὶς
2642 5248 3168 5318 καταρτισθήσεται,
3224 5250 3374 5322 ζήλῳ
3437 5252 3533 5306 τοῦ
3585 5253 3686 5323 ἤδη

2105 5337 2503 5406 σημειωθέντος
2531 5339 2625 5392 καὶ
2645 5340 2755 5392 τῶν
2779 5340 2956 5394 ἄλλων
2983 5342 3395 5412 προκριθέντος.

2181 5516 2331 5570 Ἐπεὶ
2389 5519 2446 5572 δὲ
2500 5520 2601 5590 ἤδη
2651 5521 2856 5575 ἄνωθεν
2904 5525 3135 5596 εἴπομεν
3182 5527 3292 5581 δεῖν
3346 5528 3677 5583 ἀποδεκτῶν

2097 5609 2415 5678 λογισθῆναι
2440 5611 2540 5683 τὴν
2578 5614 2890 5685 προθυμίαν
2951 5618 3058 5672 τῶν
3119 5619 3194 5691 μὴ
3259 5620 3539 5688 τοιούτων,
3590 5621 3672 5674 ὅτι

2096 5700 2397 5773 προθύμως
2449 5703 2629 5775 ἔχουσι
2682 5712 3113 5781 προσκαρτερεῖν
3183 5716 3248 5786 τῇ
3300 5714 3518 5788 δουλεῖα
3571 5714 3670 5782 τῆς
