4088 6214
333 257 441 325 953

336 457 441 511 ποῦ
474 458 841 529 ἐπιμελῶνται
872 461 969 512 καὶ
996 459 1156 531 λόγου
1195 460 1289 513 καὶ
1319 463 1540 532 ἀρετῆς.
1600 463 1711 516 Kal
1744 461 1920 526 οὕτως

337 549 396 601 ἐν
426 548 625 617 γνώσει
652 549 928 618 γινόμενοι
974 549 1069 603 τοῦ
1127 553 1467 617 συνοίσοντος
1516 552 1605 605 διὰ
1659 553 1761 623 τῆς
1820 556 1921 623 σῆς

339 640 583 709 χρηστῆς
615 639 833 710 ὁμιλίας
864 641 959 694 καὶ
984 643 1406 712 ὲπιφωνητικῆς
1435 644 1832 715 παραγγελίας,
1862 644 1923 697 τὸ

341 728 619 797 πρόθυμον
641 730 822 783 αὐτῶν
852 730 999 784 ἅπαν
1028 732 1508 786 κατακενώσουσιν
1538 735 1619 796 εἰς
1637 732 1696 785 τὸ
1728 732 1922 801 μαθεῖν

338 819 583 887 ἀκριϐῶς
610 822 705 874 καὶ
730 822 798 875 τὰ
824 821 947 875 θεῖα
977 824 1289 893 διδάγματα
1333 824 1589 888 ἕκαστον,
1640 826 1735 878 καὶ
1787 824 1925 895 πρὸς

342 911 402 961 τὸ
450 912 821 982 χρηστότερον
873 913 963 966 τὸν
1019 913 1134 984 βίον
1187 914 1398 969 ἑαυτῶν
1450 917 1922 986 καταστήσασθαι,

344 1003 437 1054 καὶ
470 1000 621 1066 ἄξιον
650 1003 842 1056 ἑαυτὸν
869 1004 1175 1074 ἀπαρτίσαι
1210 1007 1394 1077 πάσης
1442 1009 1764 1080 ἱερωσύνης,
1829 1011 1925 1064 καὶ

341 1093 517 1156 οὓτως
555 1095 836 1163 ἀποδεῖξαι
864 1095 964 1167 τὴν
999 1097 1137 1169 ὑπὲρ
1158 1098 1325 1152 αὑτοῦ
1376 1103 1684 1172 μαρτυρίαν
1742 1101 1927 1171 ἔργοις

343 1184 527 1245 αὐτοῖς
562 1183 618 1254 βε
627 1184 803 1240 ϐαίαν.

352 1350 355 1351 ν
419 1275 529 1328 Καὶ
571 1277 646 1346 μὴ
671 1275 820 1341 ἅπαξ
847 1278 1279 1349 ήὲπιφωνητικὴ
1308 1279 1451 1352 αὕτη
1487 1282 1675 1352 ὁμιλία
1726 1300 1788 1337 τε
1831 1284 1927 1338 καὶ

347 1367 692 1441 παραγγελία
721 1369 968 1438 γένηται,
997 1371 1134 1424 ἀλλὰ
1166 1374 1260 1427 καὶ
1302 1373 1567 1440 πολλάκις
1626 1376 1874 1443 γενέσθω
1906 1391 1924 1409 ⁶

347 1458 443 1512 καὶ
470 1458 807 1511 ἀπαιτείσθω
828 1459 1066 1524 ἕκαστος
1115 1464 1269 1535 παρὰ
1300 1466 1400 1532 τῆς
1455 1468 1556 1536 σῆς
1616 1468 1930 1541 ἁγιότητος,

345 1549 398 1602 τί
440 1548 582 1616 μετὰ
603 1550 701 1613 τὰς
750 1552 1170 1623 ὲπιφωνητικὰς
1230 1558 1609 1627 παραγγελίας
1666 1560 1928 1631 ἐκαρπώε-

349 1657 500 1695 σατο.
527 1642 637 1696 Καὶ
656 1643 684 1695 ὁ
710 1643 923 1714 καρπὸν
956 1645 1351 1719 εὐθαλέστερον
1373 1649 1482 1703 τῶν
1529 1650 1706 1706 ἄλλων
1756 1669 1930 1723 προσ-

347 1730 613 1800 ενεγκὼν,
651 1733 949 1799 ἀποδεκτδς
979 1737 1129 1808 παρὰ
1157 1738 1257 1808 τῆς
1282 1742 1379 1807 σῆς
1412 1742 1697 1813 ἁγιότητος
1721 1742 1932 1812 λογιζέ-

350 1823 482 1890 σθω,
515 1827 609 1879 καὶ
647 1827 1013 1896 ἐγκρινέσθω,
1051 1832 1144 1883 καὶ
1171 1832 1421 1901 μείζονος
1471 1835 1622 1905 παρὰ
1653 1836 1781 1899 τοὺς
1838 1836 1932 1890 ἄλ-

349 1916 474 1980 λους
511 1920 674 1987 τιμῆς
698 1918 992 1993 ἀξιούσθω⁹
1020 1922 1105 1975 ὅτι
1136 1923 1477 1994 ηὐπείθησεν
1515 1919 1671 1989 οὗτος
1695 1925 1774 1994 τῷ
1818 1928 1934 1980 Ku-

354 2009 526 2078 ριακῷ
565 2012 1014 2081 παραγγέλματι.
1053 2014 1226 2078 Αὐτὸς
1255 2016 1365 2086 γὰρ
1389 2012 1544 2071 εἶπεν
1596 2020 1624 2072 ό
1681 2018 1887 2089 Κύριος
1919 2035 1932 2048 ·

350 2099 598 2165 Αἰτεῖτε,
654 2102 750 2155 καὶ
772 2101 1095 2169 δοθήσεται
1114 2106 1259 2175 ὑμῖν
1288 2123 1303 2139 ο
1334 2106 1578 2174 ζητεῖτε,
1631 2111 1728 2163 καὶ
1763 2109 1939 2179 εὑρή-

350 2206 493 2245 σετε
512 2209 525 2221 ·
570 2195 835 2261 κρούετε,
864 2197 961 2249 καί
989 2196 1382 2267 ἀνοιγήσεται
1416 2201 1582 2269 ὑμῖν.
1607 2201 1735 2268 Πᾶς
1759 2201 1872 2271 γὰρ
1906 2205 1939 2257 d

354 2286 537 2339 αἰτῶν
563 2286 877 2367 λαμϐάνει,
938 2287 1031 2342 καὶ
1076 2291 1108 2343 ό
1149 2287 1337 2357 ζητῶν
1380 2293 1669 2358 εὑρίσκει,
1710 2292 1810 2346 καί
1858 2290 1941 2357 τῷ

355 2379 637 2445 κρούοντι
667 2379 1076 2448 ἀνοιγήσεται.
1111 2382 1221 2434 Καὶ
1256 2382 1285 2434 ό
1306 2383 1550 2446 τοιοῦτος
1584 2385 1706 2436 ἐπεὶ
1738 2384 1938 2454 ἐζήτη-

358 2479 449 2516 σεν
480 2459 660 2534 εὗρεν,
693 2467 865 2537 ᾔτησε
902 2470 998 2521 καὶ
1048 2468 1261 2533 ἔλασεν,
1318 2471 1546 2541 ἔκρουσε
1608 2475 1701 2525 καὶ
1746 2472 1939 2544 ἠνοίγη

357 2558 528 2628 αὐτῷ.
554 2557 658 2614 Τὸν
691 2555 783 2613 οὖν
810 2563 873 2615 ὲκ
899 2562 1033 2615 Θεοῦ
1066 2560 1305 2617 λαϐόντα
1333 2564 1592 2635 τοιαύτην
1636 2566 1803 2636 τιμὴν
1853 2565 1944 2619 διὰ

358 2653 458 2721 τῆς
479 2653 685 2717 οἰκείας
717 2654 977 2722 σπουδῆς,
1000 2654 1085 2707 δεῖ
1115 2656 1210 2709 καὶ
1235 2656 1337 2726 τὴν
1358 2656 1673 2728 ἁγιωσύνην
1716 2675 1810 2711 σου
1844 2660 1944 2728 τῆς

362 2742 748 2813 προσηκούσης
799 2744 969 2815 τιμῆς
1026 2743 1235 2812 ἀξιοῦν,
1279 2748 1375 2801 καὶ
1427 2749 1493 2818 τῇ
1554 2746 1806 2819 βασιλείᾳ
1841 2764 1942 2818 μου

362 2835 630 2906 γνωρίσαι
664 2835 867 2903 μᾶλλον
901 2837 1086 2902 αὐτὸν,
1120 2839 1206 2891 ἵνα
1239 2839 1335 2891 καὶ
1387 2837 1528 2909 αὕτη
1588 2838 1723 2910 πρὸς
1782 2840 1945 2893 αὐτὸν

362 2924 463 2991 τὴν
487 2926 875 2996 προσήκουσαν
902 2927 1043 2980 κατὰ
1077 2928 1140 2981 τὸ
1164 2928 1393 2983 δυνατὸν
1438 2931 1606 3000 τιμὴν
1665 2930 1944 3000 ἐπιδείξη-

1393 262 1764 327 NOVELLAE
1792 262 2473 326 CONSTITUTIONES.

346 348 696 438 Ἐκκλησίας,
722 368 1264 440 παραγγελθήτωσαν
1290 362 1437 424 οὗτοι
1470 372 1547 434 ὡς
1575 370 1642 425 ἂν
1666 370 1761 424 τοῦ
1806 371 1918 424 λοι-

2045 370 2119 425 sine
2142 372 2401 438 servitio;
2426 372 2830 428 admoneamur
2853 372 2954 439 illi,
2974 382 3034 429 ut
3061 374 3323 447 deinceps
3345 375 3610 433 doctrinae

3498 269 3609 333 954

2024 462 2354 532 virtutisque
2385 479 2578 517 curam
2621 474 2837 535 gerant.
2871 464 2963 520 Sic
3009 468 3157 520 enim
3205 467 3398 521 notitia
3437 468 3609 523 futuri

2022 553 2382 608 emolumenti
2410 565 2634 624 accepta
2657 571 2755 625 per
2773 555 3067 625 benignum
3097 565 3249 610 tuum
3274 558 3610 627 colloquium

2026 646 2582 715 inclamaloriumque
2644 647 2975 710 hortamen,
3046 657 3213 702 totam
3270 650 3611 704 alacritatem

2028 755 2181 795 suam
2208 739 2408 808 singuli
2450 738 2771 808 impendent
2811 749 2924 793 tum
2963 740 3016 793 in
3047 751 3305 795 accurate
3329 742 3612 796 discendis

2027 833 2230 887 divinis
2266 832 2637 892 documentis,
2691 840 2804 882 tum
2848 831 2903 884 in
2934 832 3045 885 vita
3078 831 3145 885 ad
3178 832 3463 886 meliorem
3499 841 3612 886 sta—

2029 935 2145 978 tum
2218 923 2561 993 redigenda,
2616 935 2785 993 utque
2841 924 3224 992 unusquisque
3275 924 3500 993 dignum
3556 939 3615 977 se

2032 1018 2228 1072 reddat
2251 1017 2497 1086 quolibet
2523 1016 2859 1075 sacerdotio.
2880 1031 3119 1084 eumque
3152 1016 3206 1068 in
3239 1015 3461 1067 modum
3481 1013 3616 1081 ipsis

2030 1109 2299 1180 operibus
2356 1109 2575 1163 ﬁrmum
2630 1107 2893 1180 ostendat.
2936 1106 3310 1162 testimonium
3360 1103 3508 1173 quod
3562 1103 3617 1155 in

2028 1203 2261 1275 gratiam
2300 1202 2471 1271 ipsius
2509 1202 2683 1255 latum
2713 1198 2840 1253 fuit.

2100 1297 2212 1351 Nec
2241 1296 2411 1351 semel
2445 1302 2653 1349 tantum
2680 1290 3065 1348 acelamatoria
3090 1290 3319 1344 homilia
3346 1287 3621 1343 etexhor-

2032 1389 2169 1444 talio
2207 1387 2337 1454 ﬂat;
2390 1385 2487 1440 sed
2536 1383 2737 1453 saepius
2772 1401 2786 1436 :
2823 1382 2967 1447 item
3017 1379 3329 1449 postuletur
3383 1376 3620 1444 quisque

2031 1498 2129 1552 per
2156 1490 2304 1536 tuam
2337 1476 2784 1541 sanctimoniam,
2815 1488 2980 1544 quem
3023 1479 3145 1541 post
3176 1470 3394 1523 vocales
3421 1467 3623 1521 adhor-

2034 1574 2274 1629 tationes
2306 1572 2549 1626 fructum
2575 1564 3031 1639 pereeperit.Qui
3056 1578 3189 1617 vero
3222 1561 3459 1615 fructum
3489 1558 3623 1611 ube-

1962 1691 2007 1751 B
2037 1667 2240 1721 riorem
2283 1663 2498 1720 czeteris
2534 1662 2753 1724 oll'eret,
2796 1655 3188 1727 suscipiendus
3228 1669 3258 1707 a
3290 1662 3381 1708 tua
3415 1650 3623 1706 sancti-

2040 1763 2149 1812 tate
2177 1761 2494 1815 censeatur,
2516 1748 2932 1818 comprobetnr,
2961 1744 3157 1815 majori
3176 1758 3342 1812 supra
3380 1742 3625 1809 reliquos

2037 1848 2276 1900 donetur
2318 1843 2564 1904 honore;
2616 1839 2746 1908 quia
2796 1833 3207 1904 obtemperavit
3261 1832 3308 1886 is
3336 1828 3624 1885 Dominico

2039 1935 2269 1989 monito.
2314 1932 2436 2001 Ipse
2471 1943 2709 1997 namque
2752 1925 2889 1979 dixit
2931 1923 3202 1977 Dominus
3237 1921 3257 1952 ⁸
3298 1937 3311 1974 :
3348 1919 3533 1981 Petita,
3574 1924 3626 1969 et

2039 2028 2251 2081 dabitur
2273 2024 2445 2087 vobis;
2477 2021 2716 2091 quazrite,
2752 2026 2800 2071 et
2831 2014 3136 2078 invenietis;
3174 2011 3401 2083 pulsate,
3428 2018 3477 2062 et
3500 2024 3627 2079 ape-

2041 2123 2208 2174 rietur
2239 2118 2403 2172 vobis.
2439 2113 2618 2168 Omnis
2669 2112 2810 2165 enim
2851 2111 2941 2179 qui
2991 2108 3140 2177 petit,
3196 2104 3423 2173 accipit;
3451 2110 3500 2154 et
3539 2100 3629 2169 qui

2041 2213 2251 2285 (μιαίνει,
2275 2211 2471 2263 invenit
2497 2222 2515 2269 ;
2552 2213 2601 2258 et
2624 2202 2861 2273 pulsanti
2891 2200 3185 2271 aperietur.
3218 2195 3334 2261 Ille,
3367 2193 3629 2264 quoniam

2042 2283 2316 2373 quaesivit,
2366 2296 2610 2358 invenit;
2660 2291 2840 2362 petiit,
2892 2297 2949 2345 et
2980 2288 3228 2358 accepit;
3276 2283 3536 2355 pulsavit,
3573 2290 3630 2335 et

2044 2402 2295 2463 apertum
2325 2396 2410 2443 est
2432 2386 2505 2442 ei.
2532 2386 2671 2440 Eum
2699 2398 2831 2456 ergo
2862 2382 2956 2451 qui
2989 2396 3088 2451 per
3122 2376 3469 2448 diligentiam
3503 2383 3633 2463 pro-

2044 2486 2224 2557 priam
2273 2484 2418 2537 hunc
2449 2496 2479 2534 a
2531 2480 2644 2533 Deo
2690 2475 2905 2546 accepit
2957 2475 3249 2535 honorem,
3297 2474 3518 2540 Oportet
3575 2473 3634 2518 ut
3722 2526 3726 2530 ,

2049 2556 2317 2632 sanctitas
2349 2581 2441 2627 tua
2469 2567 2821 2626 convenienti
2853 2567 3065 2620 honore
3111 2563 3404 2632 dignetur;
3435 2556 3635 2628 magis-

2047 2685 2155 2741 que
2187 2665 2463 2739 majestati
2501 2679 2636 2720 mea:
2661 2660 2941 2731 cognitum
2970 2659 3154 2723 faciat,
3180 2671 3292 2727 quo
3318 2657 3434 2725 ipsa
3463 2653 3634 2709 etiam

2048 2767 2452 2830 competentem
2487 2770 2618 2826 erga
2654 2755 2829 2819 illum,
2867 2762 2927 2807 ut
2959 2751 3077 2806 ﬁeri
3126 2748 3350 2820 poterit,
3371 2761 3634 2803 reveren-

2053 2855 2182 2908 tiam
2208 2851 2467 2922 przebeat.
2498 2845 2812 2903 Istiusmodi
2843 2845 3009 2898 homo
3038 2843 3138 2896 toti
3172 2839 3431 2895 Ecclesiae
3467 2845 3639 2891 notus

2054 2947 2168 3012 ﬁet,
2196 2945 2264 2999 ad
2298 2944 2589 2999 utilitatem
2633 2954 2745 2993 non
2787 2951 2967 2991 solum
3020 2934 3215 3005 ipsius,
3261 2931 3355 2987 sed
3401 2931 3636 2984 aliorum

363 3034 475 3072 ται.
508 3018 618 3070 Καὶ
640 3019 668 3070 ὁ
696 3017 935 3080 τοιοῦτος
962 3018 1244 3089 γνώριμος
1305 3022 1603 3091 γενήσεται
1660 3020 1812 3091 πάσῃ
1879 3023 1943 3089 τῇ

2055 3051 2277 3108 quoque
2320 3035 2585 3105 plurium.
2623 3028 2967 3085 Din‘unditur
2999 3027 3146 3081 enim
3181 3024 3420 3085 bonum;
3453 3020 3639 3091 qualia

375 3109 697 3179 Ἐκκλησία,
733 3110 813 3172 είς
842 3109 1112 3176 ὠφέλειαν
1159 3111 1260 3182 οὐχ
1305 3113 1501 3166 ἑαυτοῦ
1564 3113 1745 3183 μόνον,
1812 3113 1949 3167 ἀλλὰ

364 3206 461 3257 καὶ
506 3202 681 3257 ἄλλων
737 3202 969 3257 πολλῶν.
1016 3204 1379 3259 Μεταδίδοται
1440 3206 1550 3276 γὰρ
1607 3206 1667 3259 τὸ
1720 3206 1947 3274 ἀγαθὸν,

365 3300 518 3351 ποῖον
558 3298 759 3370 πράξις
787 3300 883 3352 καὶ
911 3300 1091 3368 λόγος,
1116 3293 1191 3353 ὧν
1224 3300 1395 3369 χωρὶς
1430 3300 1608 3361 οὐδεὶς
1629 3299 1825 3368 ὄψεται
1857 3301 1951 3352 τὸν

366 3390 597 3460 Κύριον.
1147 3448 1154 3454 ,
1324 3444 1329 3450 .

440 3485 501 3535 Εἰ
532 3484 588 3536 δέ
612 3500 719 3547 τις,
742 3483 881 3553 ὅπερ
911 3482 972 3535 οὐ
1007 3482 1156 3534 δοκεῖ
1186 3483 1253 3551 τῇ
1290 3479 1544 3551 βασιλείᾳ
1578 3497 1701 3549 μου,
1759 3480 1953 3534 τοσοῦ-

367 3591 460 3628 τον
484 3575 678 3641 γέγονε
734 3574 1000 3643 ῥᾴθυμος,
1035 3571 1174 3625 ὥστε
1215 3570 1349 3642 μηδὲ
1392 3572 1528 3642 μετὰ
1553 3572 1950 3643 παραγγελίαν,

371 3665 509 3734 μηδὲ
579 3666 719 3735 μετὰ
749 3664 942 3735 χρόνον
979 3663 1376 3734 καρπώσασθαι
1422 3682 1474 3718 τι
1522 3665 1705 3730 καλὸν,
1745 3665 1953 3733 μενέτω

371 3759 467 3810 κοιλ⁵
510 3757 674 3820 αὐτὸς
700 3754 1047 3825 αἰτιώμενος.
1080 3758 1186 3809 Καὶ
1222 3756 1427 3826 μᾶλλον
1458 3753 1617 3820 αὖθις
1658 3757 1795 3826 μετὰ
1822 3758 1953 3827 χρό-

369 3865 459 3901 νον
484 3847 606 3901 τινὰ
627 3847 1050 3917 ὲπιφωνηθήτω,
1080 3847 1156 3910 ὡς
1192 3850 1240 3901 εί
1275 3847 1368 3901 καὶ
1402 3847 1483 3900 ἔτι
1528 3851 1593 3917 τῇ
1629 3847 1803 3902 αὐτοῦ
1854 3851 1955 3919 (δᾳ-

371 3939 545 4010 θυμία
570 3939 845 4009 ὲμμείνοι,
883 3939 982 3993 καὶ
1011 3938 1106 3992 τοῦ
1139 3938 1423 4010 ἱερατικοῦ
1455 3939 1756 4007 καταλόγου
1816 3956 1957 3992 παν-

371 4031 542 4094 τελῶς
568 4032 909 4086 ἐκπεσεῖται.
942 4032 1112 4085 Τοῦτο
1154 4033 1212 4086 δὲ
1246 4033 1305 4085 οὐ
1361 4035 1491 4101 περὶ
1550 4032 1659 4086 τῶν
1712 4033 1958 4102 ἐσχάτως

372 4124 765 4193 γεγηρακότων
803 4124 900 4177 καὶ
923 4125 1023 4187 τὰς
1060 4123 1343 4193 αἰσθήσεις
1394 4124 1496 4195 ήδη
1537 4121 1957 4191 ἀσθενησάντων

374 4216 524 4284 λέγει
550 4217 584 4285 ἠ
616 4215 864 4285 βασιλεία
899 4233 1025 4285 μου.
1084 4216 1224 4278 Τοὺς
1252 4216 1530 4278 τοιούτους
1556 4216 1666 4285 γὰρ
1696 4216 1725 4267 ὁ
1765 4214 1960 4285 χρόνος

294 4358 299 4367 ,
375 4308 518 4373 ἁξιοί
556 4308 910 4377 συγγνώμης,
939 4308 1062 4361 ὅσον
1079 4307 1172 4360 ἐπὶ
1205 4308 1284 4379 τῷ
1318 4310 1390 4378 μὴ
1414 4310 1672 4362 ἐκπεσεῖν
1725 4308 1821 4362 τοῦ
1875 4310 1955 4360 οί-

2053 3139 2183 3184 sunt
2205 3143 2344 3196 opus
2386 3134 2443 3181 et
2474 3139 2680 3186 sermo,
2712 3122 2831 3176 sine
2865 3121 3068 3190 quibus
3098 3134 3263 3173 nemo
3288 3115 3495 3171 videbit
3536 3114 3642 3167 Do-

2055 3232 2290 3273 mtuum.

2128 3485 2224 3541 Sin
2259 3498 2393 3538 vero
2440 3480 2586 3553 quis,
2626 3477 2772 3549 quod
2818 3492 2932 3533 non
2963 3474 3186 3530 videtur
3233 3472 3465 3543 imperio
3496 3483 3643 3535 meo,

2056 3579 2241 3651 segnis
2280 3577 2420 3632 adeo
2442 3574 2629 3637 fuerit,
2658 3581 2719 3627 ut
2744 3585 2924 3641 neque
2955 3577 3080 3639 post
3104 3567 3517 3629 admissionem,
3547 3579 3647 3619 ne-

2056 3688 2164 3743 que
2216 3678 2343 3740 post
2386 3676 2624 3737 tempus,
2679 3661 2889 3732 aliquid
2936 3661 3096 3716 bonae
3138 3657 3315 3727 frugis
3360 3655 3643 3718 exhibeat,

2056 3770 2279 3819 maneat
2298 3762 2413 3831 ipse
2438 3760 2715 3829 culpatus.
2739 3754 3019 3826 Magisque
3048 3754 3271 3817 iterum,
3292 3759 3486 3809 exacto
3508 3762 3648 3817 quo-

2058 3857 2185 3913 dam
2214 3864 2483 3923 tempore,
2510 3852 2870 3915 inclametur;
2892 3845 3040 3917 quod
3068 3845 3115 3899 si
3140 3844 3228 3898 vel
3256 3842 3440 3929 adhu'c
3463 3841 3520 3894 in
3550 3853 3649 3893 ne-

2059 3949 2321 4022 gligentia
2370 3962 2473 4001 sua
2526 3942 2858 4014 perstiterit,
2908 3956 2940 3994 a
2991 3934 3320 3993 sacerdotali
3378 3930 3649 3986 latercqu

2062 4021 2286 4115 penitus
2306 4037 2543 4095 excidat.
2570 4036 2631 4091 Id
2661 4047 2826 4104 porro
2850 4047 2960 4086 non
2982 4028 3119 4083 dicit
3144 4027 3402 4096 majestas
3427 4038 3548 4076 mea
3580 4021 3650 4077 de

2063 4114 2417 4202 capularibus
2463 4126 2708 4187 senibus,
2737 4124 2961 4194 jamque
3015 4132 3283 4173 sensuum
3329 4114 3650 4169 inﬁrmitate

2062 4201 2470 4278 laborantibus.
2502 4214 2787 4286 Ejusmodi
2842 4212 3072 4281 quippe,
3133 4218 3349 4275 tempus
3397 4201 3651 4258 concedit

2065 4314 2305 4376 veniam,
2329 4317 2597 4380 quantum
2618 4305 2687 4361 ad
2710 4319 2822 4359 non
2845 4299 3212 4357 excidendum
3236 4296 3456 4368 proprio
3472 4294 3645 4366 gradu

378 4401 528 4453 κείου
567 4398 798 4469 βαθμοῦ,
825 4398 911 4451 διὰ
938 4398 998 4451 τὸ
1024 4398 1099 4467 μὴ
1126 4377 1534 4468 ἀπαρτισθῆναι
1573 4398 1717 4452 κατὰ
1749 4398 1841 4451 τδν
1874 4398 1943 4451 δι-

2064 4408 2135 4462 ob
2176 4377 2558 4474 imperiectmn
2590 4397 2856 4454 doctrinae
2890 4407 3224 4450 sermonem.
3256 4390 3510 4445 Attamen
3543 4385 3648 4457 ipsi

377 4490 707 4545 δασκαλικὸν
743 4490 922 4558 λόγον.
987 4490 1180 4573 Ὅμως
1229 4490 1418 4558 μέντοι
1468 4489 1563 4544 καὶ
1628 4492 1780 4544 αὐτοὶ
1837 4492 1960 4561 βε).-

381 4582 528 4645 τίους
556 4582 880 4652 γενήσονται
916 4581 965 4634 εί
998 4580 1243 4644 δυνατῶς
1283 4581 1465 4650 ἔχουσι
1526 4582 1733 4649 γνῶναι
1761 4600 1774 4615 ·
1823 4583 1962 4646 τέως

380 4675 512 4742 γοῦν
535 4674 637 4726 οὐκ
674 4673 1134 4744 ὲκδιωχθήσονται
1157 4672 1264 4725 τῶν
1287 4673 1502 4727 οἰκείων
1526 4673 1754 4743 βαθμῶν
1770 4656 1804 4703 ’⁸
1828 4675 1876 4726 οἱ
1906 4674 1964 4727 δὲ

382 4768 673 4838 δυνάμενοι
701 4771 795 4821 καὶ
830 4766 904 4838 μὴ
928 4766 1340 4836 ἐπιμελόμενοι,
1374 4767 1602 4828 ἑαυτοὺς
1651 4764 1966 4831 ἐκδιώξουσι

386 4862 526 4931 μετὰ
549 4862 642 4915 τὸν
672 4862 1022 4932 προσήκοντα
1050 4860 1246 4929 χρόνον
1275 4860 1323 4912 εί
1360 4859 1681 4929 ἁδιόρθωτοι
1714 4855 1960 4926 μείνωσι.

383 4952 494 5006 Kal
515 4952 699 5006 ἔκτοτε
732 4953 955 5013 ἑαυτοὺς
983 4950 1372 5015 αἰτιάσθωσαν,
1400 4952 1495 5002 καὶ
1525 4949 1663 5017 μήτε
1690 4947 1788 5018 τὴν
1814 4947 1967 5017 βασι-

383 5042 533 5096 λείαν
562 5060 687 5113 μου,
717 5042 856 5112 μήτε
886 5041 984 5109 τὴν
1019 5041 1122 5109 σὴν
1168 5038 1453 5107 ἁγιότητα,
1502 5038 1643 5106 μήτε
1675 5036 1776 5108 τὴν
1807 5038 1961 5107 ἱερὰν

386 5136 483 5188 καὶ
504 5136 666 5202 ἁγίαν
692 5135 931 5188 σύνοδον.
961 5131 1165 5201 Καιρὸς
1189 5132 1299 5201 γὰρ
1324 5129 1701 5196 ὑφαπλούσθω
1727 5131 1913 5192 αὐτοῖς
1936 5128 1963 5180 ὀ

388 5230 703 5297 προσήκων,
732 5227 830 5279 καὶ
878 5225 1176 5296 πρόφασιν,
1205 5225 1254 5275 εἰ
1282 5221 1556 5293 βούλοιντο
1579 5221 1964 5293 βελτιωθῆναι,

386 5323 488 5376 οὐκ
513 5322 717 5392 ἔχουσι.

461 5414 572 5468 Kal
612 5411 785 5465 ταῦτα
815 5411 915 5482 μὶν
951 5411 1078 5482 περὶ
1114 5411 1211 5465 τοῦ
1240 5408 1334 5463 νῦν
1387 5410 1541 5475 ὄντος
1597 5409 1966 5482 πληρώματος

387 5503 489 5573 τῆς
521 5500 866 5573 Ἐκκλησίας.
916 5501 981 5554 Ἡ
1011 5502 1067 5555 δὲ
1125 5503 1191 5556 ὲκ
1220 5502 1328 5557 τῶν
1358 5501 1557 5568 ἔξωθεν
1585 5505 1664 5566 είς
1709 5502 1801 5557 τὸν
1830 5500 1966 5571 κλῆ-

484 5685 719 5741 ‘llIatth.
752 5702 849 5753 νυ,
880 5686 931 5753 7,
963 5684 1018 5740 8.

1991 4558 1995 4567 ,
2064 4514 2283 4571 quoque
2321 4495 2628 4567 proﬁcient,
2657 4492 2704 4548 si
2736 4488 3107 4560 adipiscenda:
3133 4483 3383 4541 Scientiae
3418 4493 3652 4550 capaces

2067 4570 2219 4648 sunt.
2250 4590 2470 4665 Interim
2512 4602 2622 4640 non
2658 4584 3005 4653 expellentur
3034 4596 3064 4634 a
3106 4577 3223 4633 suis
3256 4573 3540 4645 gradibus.
3586 4570 3656 4623 At

2070 4686 2164 4756 qui
2196 4690 2448 4754 possunt,
2496 4692 2676 4748 neque
2709 4675 2979 4730 adhibent
3007 4668 3370 4742 diligentiam,
3412 4666 3565 4734 ipsos
3598 4676 3658 4715 se
3744 4706 3752 4713 .

2071 4755 2317 4848 ejicient,
2353 4780 2478 4842 post
2508 4780 2723 4838 tempus
2752 4779 3079 4836 congruum,
3106 4762 3150 4817 si
3180 4755 3475 4815 incorrecti
3498 4769 3658 4808 man-

2072 4868 2269 4923 serint.
2318 4863 2473 4921 Unde
2501 4878 2569 4917 ex
2612 4869 2743 4915 tunc
2793 4857 3007 4926 seipsos
3054 4859 3336 4914 accusent,
3371 4862 3485 4904 non
3528 4860 3660 4900 vero

2074 4958 2365 5028 imperium
2388 4968 2594 5017 meum,
2624 4966 2729 5005 nec
2750 4952 3099 5003 sanctitatem
3128 4953 3417 5006 tuam,nec
3447 4950 3658 4993 sacram

2074 5027 2433 5116 sanctamque
2490 5043 2781 5116 synodum.
2831 5039 3075 5107 Tempus
3122 5041 3271 5090 certe
3321 5027 3659 5086 conveniens

2075 5137 2436 5210 protendatur
2467 5134 2579 5209 eis;
2606 5143 2660 5187 et
2683 5138 3035 5202 praetextum,
3066 5128 3111 5182 si
3151 5123 3432 5180 voluerint
3459 5118 3656 5174 melio-

2073 5245 2166 5285 res
2200 5227 2338 5292 lieri,
2374 5240 2484 5280 non
2510 5223 2768 5278 habeant.

2144 5409 2322 5480 Atque
2353 5407 2470 5462 haec
2505 5403 2728 5476 quidem
2756 5402 2826 5458 de
2846 5399 3101 5472 praesenti
3130 5396 3391 5454 Ecclesiae
3414 5391 3657 5464 plenitu»

2075 5501 2225 5558 dine.
2262 5500 2344 5556 Ad
2377 5500 2589 5556 clerum
2624 5511 2756 5553 vero
2787 5494 3125 5551 introductio
3162 5500 3546 5553 externorum,
3587 5482 3656 5538 1b
