4104 6200
473 335 584 392 959

1767 316 2035 380 ALEXII
2075 312 2418 373 COMNENI

3622 305 3728 367 960

476 440 533 492 in
561 451 755 505 magna
791 435 924 488 urbe
962 439 1180 504 gerunt,
1213 431 1435 500 quando
1464 429 1722 485 videlicet
1761 428 2044 498 negotium

2172 439 2230 474 ,ει
2266 419 2603 480 διοικούντας
2645 417 2840 488 ἀρχὰς,
2873 419 2960 471 ὅτε
3001 420 3094 471 καὶ
3125 414 3308 486 χειρὸς
3347 414 3592 484 δηλονότι
3636 419 3729 472 καὶ

475 543 695 581 manum
741 533 1179 594 potestatemque
1233 523 1449 576 civilem
1506 522 1775 591 requiret.
1831 521 2046 574 Debent

475 618 642 670 etiam
691 615 966 668 visitando
1013 614 1302 684 populum,
1355 613 1584 668 omnino
1636 620 1798 666 notos
1839 611 2046 666 habere

473 715 654 774 patres
681 705 898 758 illorum
928 703 1240 772 spiritales,
1278 712 1336 756 ut
1365 719 1434 757 ne
1465 718 1566 772 pro
1589 703 1904 772 pastoribus
1930 701 2046 770 lupi

473 797 824 866 reperiantur
856 796 1079 864 quidam
1111 811 1176 848 ex
1210 795 1278 848 iis
1312 796 1405 864 qui
1463 795 1838 848 confessiones
1871 793 2049 846 homi-

477 903 608 941 num
665 887 970 954 excipiunt.
1005 885 1086 938 Ad
1151 887 1265 940 lucc
1323 886 1486 940 iidem
1535 885 1812 950 doctores,
1849 892 1910 938 ut
1944 883 2049 938 fide

472 977 620 1046 digni
655 976 847 1038 habiti,
880 993 988 1030 non
1015 977 1170 1030 laicis
1209 977 1475 1030 duntaxat
1503 977 1799 1030 utilitatem
1831 975 2046 1044 przebe-

473 1069 628 1129 bunt,
670 1085 861 1122 verum
893 1069 1058 1122 etiam
1089 1069 1394 1122 monachis.
1434 1068 1593 1138 Apud
1629 1071 1726 1123 hos
1755 1069 1901 1124 enim
1931 1068 2048 1138 pari

393 1184 406 1195 -
475 1159 638 1213 modo
667 1158 916 1228 quaedam
959 1158 1208 1229 indigent
1233 1157 1601 1213 correctione.

554 1335 825 1390 Czcterum
885 1335 1069 1389 nullus
1131 1334 1204 1388 ita
1268 1333 1664 1403 condignorum
1741 1331 2050 1396 doctorum,

487 1426 676 1480 tardus
701 1425 774 1481 sit
816 1425 885 1480 ad
933 1425 1330 1480 sacerdotalem
1361 1425 1588 1496 gradum
1613 1424 2052 1493 suscipiendum,

479 1531 589 1585 quo
635 1518 715 1571 sie
749 1517 896 1586 plebi
949 1532 1263 1572 sermonem
1324 1517 1589 1571 doctrinm
1643 1516 1939 1586 impertiat,
1990 1533 2055 1570 ex

481 1610 692 1662 monito
723 1609 905 1678 magni
935 1609 1249 1678 pontificis;
1283 1608 1378 1662 sed
1415 1608 1596 1678 potius
1618 1609 1875 1662 alacriter
1909 1607 1976 1661 ad
2001 1607 2053 1661 id

484 1699 712 1762 feratur,
748 1710 1006 1769 tanquam
1035 1701 1101 1754 ad
1131 1716 1246 1755 rem
1289 1715 1412 1770 quae
1439 1715 1505 1754 ex
1537 1699 1734 1754 ordine
1761 1698 1994 1753 ecclesia
2024 1727 2040 1740 -

483 1789 636 1842 stica:
665 1788 972 1856 disciplina:
1017 1787 1096 1849 fit,
1145 1788 1279 1842 Nam
1327 1786 1455 1841 licet
1513 1787 1751 1841 humano
1802 1795 2055 1856 respectu

484 1877 738 1932 videatur
775 1895 923 1933 nunc
953 1879 1272 1934 nonnullam
1307 1879 1732 1933 submissionem
1773 1880 2058 1932 continere

483 1969 880 2033 sacerdotium,
929 1979 1172 2026 attamen
1207 1986 1317 2024 non
1371 1971 1444 2024 ita
1473 1969 1678 2024 veritas
1713 1969 1910 2034 habet;
1963 1969 2060 2022 sed

485 2066 921 2122 irrationabilem
943 2067 1168 2136 penitus
1185 2065 1642 2120 consuetudinem
1665 2075 1890 2118 secutus
1911 2064 2056 2132 quis.

485 2157 752 2212 honorem
805 2173 904 2228 pro
955 2158 1452 2212 dehonestamento
1490 2157 1663 2210 ducit.
1717 2156 1851 2222 Quis
1908 2157 2056 2210 enim

488 2262 642 2306 recte
681 2250 947 2316 sentiens,
986 2267 1096 2306 non
1148 2261 1412 2322 agnoscat
1451 2252 1809 2306 excelsiorem
1857 2251 2061 2306 sai-rati

485 2349 660 2396 enatus
676 2342 1104 2412 gradum?quod
1126 2344 1270 2398 sicut
1297 2344 1542 2414 pontifex
1567 2343 1861 2398 sacerdote
1887 2345 2062 2414 major

485 2443 588 2496 est,
633 2435 704 2488 ita
739 2433 999 2488 sacerdos
1037 2435 1292 2489 diacono.
1337 2435 1576 2490 Tametsi
1631 2435 2062 2505 protodiaconus

486 2525 684 2594 aliquis
725 2528 970 2589 exsistat,
1013 2527 1227 2596 primus
1260 2527 1484 2596 quidem
1531 2527 1890 2583 diaconorum
1940 2537 2058 2594 est,

487 2623 542 2669 at
587 2615 862 2684 posterior
912 2623 1188 2685 postremo
1220 2617 1594 2672 sacerdotum.
1629 2617 1897 2672 Sacerdos
1955 2633 2062 2671 una

489 2721 612 2758 eum
639 2707 896 2775 pontifice
929 2707 1084 2763 sedet
1127 2726 1142 2762 :
1177 2709 1444 2764 diaconus
1477 2720 1620 2765 astat
1671 2711 2060 2764 et-ministrat.

491 2797 726 2852 l‘roinde
765 2802 857 2868 qui
897 2801 1097 2870 dignus
1135 2813 1220 2858 est
1249 2803 1538 2866 diaconus,
1571 2813 1832 2874 prompto
1878 2806 2064 2859 animo

488 2887 568 2956 ad.
591 2889 1027 2960 presbyteratum
1067 2893 1314 2948 accedet.

561 2977 782 3034 Tribuit
824 2991 1008 3036 autem
1060 2985 1321 3054 majestas
1366 3001 1486 3040 mea
1529 2986 1684 3041 hisce
1741 2987 2067 3044 doctoribus

2149 513 2402 578 ἐξουσίας
2432 512 2602 564 δεῖται
2626 510 2687 563 τὸ
2719 512 2949 580 πρᾶγμα
2983 509 3285 575 πολιτικῆς.
3321 511 3413 560 Δεῖ
3444 507 3501 560 δὲ
3534 509 3729 573 αὐτοὺς

2152 602 2656 673 ὲπισκεπτομένους
2694 601 2786 655 τὸν
2811 602 2960 666 λαὸν,
2988 601 3082 654 καὶ
3113 601 3200 652 ἶνα
3237 600 3437 662 πάντες
3475 599 3568 671 [an
3597 602 3734 653 πάν-

2150 715 2259 759 τως
2281 695 2325 768 ⁸2]
2347 695 2657 764 γνωρίμους
2691 694 2856 764 ἔχωσι
2882 695 3006 756 τοὺς
3038 693 3446 756 πνευματικοίις
3481 694 3733 760 Πατέρας

2153 789 2352 854 αὐτῶν,
2393 788 2477 840 ἵνα
2513 789 2586 856 μὴ
2631 787 2752 838 ἀντὶ
2786 787 3064 854 ποιμένων
3097 783 3250 837 λύκοι
3293 785 3563 852 εύρεθῶσί
3593 801 3734 848 τινες

2151 881 2277 944 τοὺς
2317 880 2614 950 λογισμοὺς
2645 878 2754 931 τῶν
2797 877 3102 948 ἀνθρώπων
3135 877 3542 944 ἀναδεχόμεναι.
3580 877 3644 928 Ol
3679 875 3737 928 δὲ

2155 973 2311 1026 αὐτοὶ
2337 971 2648 1024 διδάσκαλοι
2675 971 2734 1023 οὐ
2773 969 2932 1040 μόνον
2963 969 3040 1032 ὡς
3062 969 3122 1022 τὸ
3154 967 3469 1033 ἀξιόπιστον
3498 967 3736 1037 ἔχοντες,

2154 1065 2266 1124 τοῖς
2290 1061 2498 1124 λαῖκοίς
2525 1060 2621 1131 τὴν
2651 1061 2918 1130 ὠφέλειαν
2965 1058 3318 1129 παρέξουσιν,
3349 1058 3483 1110 ἀλλὰ
3509 1058 3603 1110 καὶ
3627 1060 3740 1120 τοῖς

2161 1156 2431 1223 μοναχοῖς.
2466 1155 2645 1204 Δεῖται
2673 1153 2783 1222 γὰρ
2813 1151 2906 1203 καὶ
2938 1151 3046 1203 τῶν
3077 1148 3198 1202 κατ’
3222 1148 3418 1210 αύτοὺς
3450 1148 3568 1202 ἔνια
3592 1147 3739 1216 διορ-

2159 1243 2397 1306 θὼσεως.

2230 1335 2434 1404 Μηδεὶς
2471 1335 2527 1387 δὲ
2562 1334 2672 1386 τῶν
2711 1332 2884 1396 οὕτως
2929 1333 3096 1398 ἀξίων
3127 1331 3464 1384 διδασκάλων
3501 1330 3744 1402 ἀπρόθυ-

2161 1443 2260 1496 μος
2319 1427 2472 1478 ἔσται
2513 1429 2591 1489 είς
2641 1426 2701 1478 τὺ
2740 1425 2995 1493 γενέσθαι
3053 1425 3254 1493 ἱερεὺς,
3291 1425 3386 1476 καὶ
3425 1423 3599 1486 οἱτως
3647 1439 3746 1491 με-

2157 1516 2425 1570 ταδιδόναι
2486 1517 2564 1586 τῷ
2623 1517 2741 1584 λαῷ
2795 1516 2890 1570 τοῦ
2938 1515 3320 1570 διδασκαλικοῦ
3383 1515 3543 1580 λόγου
3601 1515 3745 1566 κατᾶ

2151 1610 2476 1680 ,προτροπὴν
2519 1611 2614 1662 τοῦ
2668 1611 2924 1680 μεγίστου
2978 1609 3304 1680 ἀρχιερέως,
3353 1607 3492 1660 ἀλλὰ
3546 1606 3747 1676 μᾶλλον

2163 1705 2550 1776 προθυμείσθω
2584 1707 2662 1768 είς
2691 1705 2850 1758 τοῦτο
2877 1705 2952 1767 ὡς
2985 1703 3126 1757 κατὰ
3153 1702 3250 1773 τὴν
3285 1701 3612 1755 ἀκολουθίαν
3646 1700 3748 1768 τῆς

2164 1795 2628 1864 έκκλησιαστικῆς
2687 1793 2944 1859 εὐταξίας
2997 1791 3308 1860 γινόμενον.
3368 1791 3430 1842 El
3487 1789 3599 1858 γὰρ
3649 1787 3746 1840 καὶ

2163 1875 2388 1940 κατὰτὸ
2419 1886 2756 1958 ἀνθρώπινον
2777 1885 2922 1948 ἔδοξε
2955 1883 3048 1936 νῦν
3090 1884 3234 1954 ἔχειν
3267 1881 3587 1936 ὑπόπτωσίν
3625 1898 3750 1934 τινα

2165 1982 2198 2050 ἡ
2229 1981 2520 2052 ἱερωσύνη,
2550 1978 2688 2049 πλὴν
2719 1979 2818 2048 ούχ
2852 1977 3028 2040 οὕτως
3053 1977 3164 2046 ἔχει
3191 1975 3285 2029 καὶ
3323 1977 3356 2044 ἠ
3392 1973 3623 2044 ἀλήθεια
3644 1989 3656 2002 ·
3682 1975 3749 2042 τῇ

2164 2074 2220 2128 δὲ
2251 2073 2548 2144 παραλόγῳ
2581 2069 2842 2141 συνηθείᾳ
2886 2071 3105 2132 πάντως
3141 2066 3454 2122 ἀκολουθῶν
3489 2083 3594 2126 τις,
3630 2065 3754 2133 κρί-

2165 2181 2245 2216 νει
2276 2165 2374 2232 τὴν
2400 2165 2566 2232 τιμὴν
2597 2161 2841 2232 ἀτιμίαν.
2886 2161 2980 2221 Τίς
3020 2159 3130 2229 γὰρ
3176 2157 3285 2210 τῶν
3318 2152 3374 2209 εὗ
3411 2154 3752 2226 φρονούντων

2166 2255 2266 2305 ούκ
2297 2237 2656 2320 ἐπιγινώσκει
2688 2252 2781 2304 τὸν
2810 2251 3145 2320 ὑψηλότερον
3171 2246 3378 2318 βαθμὸν
3407 2245 3502 2300 τοῦ
3539 2249 3751 2316 ἱερατι-

2167 2345 2264 2398 κοῦ
2315 2343 2654 2412 καταλόγους
2685 2343 2769 2396 ὅτι
2798 2342 2989 2412 ὥσπερ
3034 2341 3062 2392 6
3085 2341 3375 2410 ἀρχιερεὺς
3409 2337 3610 2408 μείζων
3639 2339 3754 2390 ἐστὶ

2167 2437 2262 2490 τοῦ
2299 2437 2520 2506 ἱερέως,
2572 2433 2716 2488 οὕτω
2743 2435 2840 2488 καὶ
2889 2435 2916 2484 6
2948 2433 3132 2504 ίερεὺς
3177 2431 3269 2484 τοῦ
3319 2429 3598 2484 διακόνου.
3635 2429 3756 2482 Κᾶν

2175 2529 2612 2600 πρωτοδιάκονός
2658 2543 2743 2591 τις
2789 2527 2897 2596 εἴη.
2943 2524 3159 2596 πρῶτος
3201 2525 3299 2593 μὲν
3329 2525 3438 2575 τῶν
3487 2523 3754 2576 διακόνων

2168 2623 2336 2684 ἐστὶν,
2382 2620 2605 2690 ἔσχατος
2638 2620 2696 2672 δὲ
2737 2619 2828 2672 τοῦ
2869 2619 3102 2688 ἐσχάτου
3138 2617 3248 2670 τῶν
3313 2617 3508 2682 ίερέωθ
3541 2632 3556 2647 '
3598 2615 3628 2666 6
3655 2615 3755 2684 μὲν

2167 2712 2277 2782 γὰρ
2309 2712 2486 2781 ἱερεὺς
2513 2710 2853 2782 συνεδριάζει
2877 2710 2956 2780 τῷ
2985 2709 3235 2781 ἀρχιερεῖ
3257 2723 3272 2738 ·
3301 2709 3329 2760 ό
3349 2707 3406 2760 δὲ
3437 2707 3753 2776 παρέστηκε

2169 2803 2267 2858 καὶ
2305 2803 2591 2872 ὑπηρετεῖ.
2642 2801 2844 2856 Λοιπὸν
2876 2799 3174 2872 προθύμως
3205 2797 3297 2852 καὶ
3329 2797 3479 2862 ἄξιος
3507 2798 3753 2860 διάκονος

2170 2896 2250 2958 είς
2283 2893 2344 2946 τὸ
2377 2893 2801 2964 πρεσϐυτερεῖον
2838 2893 3228 2947 εἰσελεύσεται.

2255 2985 2549 3054 Ἀπονέμει
2593 2984 2650 3037 δὲ
2679 2987 2791 3047 τοῖς
2827 2984 3089 3048 τοιούτοις
3139 2983 3483 3046 διδασκάλοις
3519 2983 3633 3044 τοῖς
3663 2999 3759 3049 γε·

493 3070 588 3138 qui
642 3071 960 3128 sacerdotes
1005 3074 1243 3131 ordinati
1309 3076 1540 3144 fuerint,
1582 3079 1844 3149 majorem
1897 3095 2064 3134 anno-

2172 3077 2422 3148 νομένοις
2483 3075 2720 3146 ἱερεῦσιν
2770 3078 2802 3148 ἡ
2847 3077 3097 3146 βασιλεία
3151 3093 3252 3147 μου
3301 3074 3397 3130 καὶ
3452 3075 3639 3145 μεῖζον
3693 3075 3760 3126 τὸ

492 3178 638 3230 nam,
682 3165 940 3221 nimirum
981 3168 1212 3239 singulis
1261 3170 1634 3226 solidorum...
1679 3170 1783 3238 Qui
1809 3187 1938 3226 vero
1967 3172 2058 3227 ad-

494 3252 604 3309 huc
659 3259 1040 3313 recusaverint
1089 3259 1362 3314 excelsam
1425 3261 1719 3317 sacerdotii
1787 3262 2068 3333 suscipere

495 3346 817 3416 dignitatem
843 3391 858 3414 ,
891 3360 948 3404 et
1004 3351 1221 3408 diaconi
1274 3353 1608 3418 exstiterint,
1638 3353 1932 3408 admittant
1974 3354 2072 3410 do-

494 3439 686 3494 ctrina:
755 3441 1162 3508 ministerium,
1215 3443 1378 3499 modo
1447 3446 1657 3500 scilicet
1713 3446 1896 3501 idonei
1959 3447 2072 3501 sint

495 3530 552 3583 in
609 3547 864 3587 sermone
899 3548 962 3587 ac
1016 3535 1247 3590 virtute.
1314 3537 1604 3604 Accipient
1661 3553 1825 3606 porro
1859 3539 1948 3594 isti
1989 3539 2068 3594 di-

496 3631 644 3675 ctum
691 3639 856 3690 supra
905 3620 1162 3678 sola'tium
1202 3626 1410 3681 laboris
1461 3627 1567 3692 sui,
1625 3627 1682 3682 in
1736 3629 2070 3684 stationibus

495 3722 662 3780 atque
693 3713 748 3766 in
782 3714 1122 3784 ingressibus
1166 3718 1420 3786 proprios
1475 3719 1679 3788 gradus
1707 3735 1916 3790 suaque
1951 3720 2070 3775 loca

498 3803 838 3858 retinentes;
871 3799 1142 3860 Caeterum
1176 3808 1269 3876 qui
1303 3809 1600 3878 coeptandi
1633 3819 1762 3864 sunt
1795 3810 1850 3864 in
1876 3811 2072 3866 doeto-

497 3909 607 3959 res,
654 3911 752 3966 per
781 3896 1058 3953 delectum
1110 3900 1676 3971 promoveridebent,
1704 3913 1764 3956 ut
1793 3903 2071 3958 sincerum

497 3987 764 4044 doctrinae
852 4004 1162 4045 sermonem
1255 3991 1536 4062 vitamque
1628 3995 2073 4066 irreprebensam

497 4080 804 4136 obtineant.
848 4083 988 4137 Dum
1021 4085 1168 4139 enim
1215 4086 1414 4156 dignus
1446 4089 1779 4158 praeteritur,
1813 4091 2072 4163 indignus

495 4173 845 4241 provehitur,
874 4175 978 4230 hoc
1022 4178 1282 4232 conciliat
1311 4189 1427 4234 tum
1472 4179 1989 4238 condemnationem
2021 4186 2073 4240 ei

497 4263 590 4332 qui
649 4265 892 4332 praetulit
955 4265 1262 4340 indignum,
1325 4270 1552 4340 dignum
1607 4271 1882 4342 despexit,
1953 4284 2071 4328 tum

499 4355 696 4410 anima:
743 4356 1088 4415 intolerabile
1143 4361 1405 4415 damnum
1447 4362 1516 4417 iis
1552 4356 1758 4432 quibus
1812 4365 2074 4436 indignus

2179 3170 2487 3242 σιτηρέσιον
2519 3170 2850 3242 (⁸51),ήγουν
2895 3171 3114 3241 ἑκάστῳ
3165 3170 3541 3240 νομισμάτων.
3591 3169 3655 3222 Οἱ
3698 3169 3757 3221 δὲ

2181 3267 2256 3336 μὴ
2317 3264 2758 3338 προθυμούμενοι
2803 3264 2882 3320 ἔτι
2931 3265 2992 3316 τὸ
3045 3266 3144 3334 τῆς
3203 3263 3505 3333 ἱερωσύνης
3551 3261 3759 3331 ὑψηλὸν

2178 3359 2398 3428 ἀξίωμα
2447 3356 2722 3422 δέξασθαι,
2746 3358 2840 3410 καὶ
2881 3360 2938 3408 ἐν
2971 3355 3244 3418 διακόνοις
3287 3355 3460 3418 ὅντες,
3502 3355 3764 3424 ἀναδεχέ-

2184 3447 2400 3500 σθωσαν
2435 3445 2534 3518 τὴν
2580 3448 2678 3516 τῆς
2717 3445 3067 3508 διδασκαλίας
3103 3445 3408 3508 διακονίαν,
3443 3445 3619 3498 ἱκανοὶ
3667 3446 3762 3516 δη-

2178 3539 2356 3594 λονότι
2386 3541 2529 3593 κατά
2565 3555 2625 3591 τε
2675 3539 2836 3607 λόγον
2884 3537 3036 3601 ὄντες
3080 3538 3174 3590 καὶ
3223 3537 3447 3608 ἀρετήν.
3487 3535 3762 3607 Λήψονται

2179 3634 2236 3688 δὲ
2274 3627 2425 3686 οὗτοι
2479 3633 2580 3700 τὴν
2617 3633 2880 3704 ἀνωτέρω
2929 3632 3230 3704 εἰρημένην
3283 3631 3640 3703 παραμυθίαν
3670 3633 3762 3684 τοῦ

2182 3724 2356 3777 κόπου
2404 3723 2590 3777 αὐτῶν
2621 3726 2681 3775 ἐν
2714 3725 2832 3784 ταῖς
2883 3723 3106 3775 στάσεσι
3157 3722 3250 3775 καὶ
3301 3724 3503 3783 ἐνταῖς
3537 3721 3764 3784 εἰσόδοις

2178 3816 2306 3879 τοὺς
2337 3816 2570 3878 οἰκείους
2608 3814 2851 3885 βαθμοὺς
2891 3819 2984 3868 καὶ
3015 3816 3212 3878 τόπους
3249 3815 3487 3886 ἔχοντες.
3515 3815 3578 3867 Οί
3611 3815 3766 3884 ὀφεί-

2181 3907 2367 3972 λοντες
2395 3908 2451 3961 δὲ
2488 3905 2930 3978 προχειρίζεσθαι
2979 3907 3309 3970 διδάσκαλοι,
3355 3907 3476 3961 κατ’
3504 3907 3766 3978 ἐπιλογὴν

2181 3998 2461 4067 ὀφείλουσι
2513 3997 2978 4069 προχειρίζεσθαι,
3026 3999 3113 4051 ἵνα
3141 4001 3232 4052 καὶ
3264 4001 3358 4052 τὸν
3387 3999 3766 4052 διδασκαλικὸν

2181 4093 2340 4161 λόγον
2390 4091 2673 4162 ἀκέραιον,
2709 4093 2804 4144 καὶ
2841 4091 2932 4144 τὸν
2979 4091 3094 4162 βίον
3133 4091 3330 4163 ἔχωσιν
3373 4091 3766 4162 ἀνεπίληπτον.

2184 4186 2245 4238 El
2281 4187 2388 4256 γὰρ
2413 4187 2441 4237 6
2465 4185 2617 4251 ἄξιος
2660 4185 2992 4254 παρορᾶται,
3039 4185 3132 4238 καὶ
3169 4187 3198 4238 6
3251 4185 3471 4250 ἀνάξιος
3497 4184 3768 4255 προδιδα-

2183 4277 2356 4343 ζεται,
2381 4279 2559 4347 κρίμα
2585 4277 2837 4346 προξενεῖ
2865 4275 3024 4328 τοῦτο
3052 4275 3130 4346 τῷ
3171 4277 3528 4348 προκρίναντι
3556 4279 3657 4346 μὲν
3678 4277 3770 4330 τὸν

2183 4367 2421 4434 ἀνάξιον,
2459 4368 2774 4438 παρορῶντι
2803 4366 2860 4420 δὲ
2893 4367 2983 4419 τὸν
3030 4367 3204 4433 ἄξιον,
3233 4368 3328 4419 καὶ
3374 4366 3579 4435 ζημίαν
3609 4368 3772 4437 ψυχιο

500 4447 695 4502 doctor
721 4459 937 4518 praeest.
963 4451 1251 4508 Ductorem
1279 4453 1490 4522 quippe
1531 4453 1828 4524 imperium
1865 4473 2064 4523 meum,

2182 4459 2282 4530 κῆν
2315 4459 2590 4530 ἀφόρητον
2621 4453 2704 4522 οἷς
2735 4461 2763 4512 6
2796 4457 2873 4528 μὴ
2921 4457 3069 4524 ἄξιος
3108 4457 3424 4520 διδάσκαλος
3457 4458 3769 4526 ἐφίσταται.

502 4547 563 4593 ιιι
585 4541 842 4610 superius
870 4543 1077 4598 dictum
1111 4555 1216 4607 est,
1254 4545 1482 4616 dignum
1515 4549 1764 4604 nominat
1796 4556 1852 4604 et
1882 4549 2072 4606 decer-

500 4631 602 4696 nit,
635 4647 834 4704 nempe
883 4636 1098 4690 creteris
1144 4639 1606 4706 praestantiorem,
1648 4655 1759 4695 non
1794 4657 1924 4696 vero
1977 4641 2074 4712 qui

501 4723 626 4778 talis
665 4741 772 4779 non
803 4735 907 4782 est.

575 4815 644 4872 Ut
673 4826 856 4872 autem
906 4819 1090 4891 dignis
1134 4821 1502 4890 abundemus,
1529 4824 1577 4878 si
1618 4824 1763 4878 inter
1789 4825 1962 4880 laieos
1992 4827 2078 4881 vel

505 4909 805 4963 monachos
839 4911 1097 4967 inventus
1148 4913 1316 4968 fuerit
1362 4915 1562 4984 aliquis
1597 4917 1951 4986 praeceptoris
1977 4917 2076 4973 do-

504 5000 682 5055 ctrina
709 5001 930 5072 vitaque
961 5005 1238 5074 inculpata
1261 5007 1586 5074 instructus,
1609 5019 1669 5062 ut
1700 5009 1836 5064 nihil
1862 5012 1914 5066 ei
1935 4991 2080 5067 desit

501 5091 570 5145 ad
601 5095 999 5160 sacerdotium,
1041 5107 1272 5152 vocetur
1307 5114 1371 5155 ae
1409 5111 1820 5169 promoveatur,
1855 5105 2076 5172 quando

503 5184 763 5239 nimirum
794 5188 1186 5244 ecclesiasticis
1207 5191 1312 5246 erit
1345 5193 1802 5249 commendatior.
1845 5194 1914 5248 Et
1947 5211 2079 5251 vero

505 5277 760 5332 monachi
805 5279 944 5333 nihil
1001 5281 1338 5349 interfuerit,
1391 5301 1494 5340 nec
1536 5286 1604 5340 de
1663 5285 1816 5351 sede,
1866 5301 1968 5341 nec
2011 5288 2080 5343 de

506 5369 760 5435 statione,
814 5380 911 5424 aut
953 5372 1204 5429 introitu.
1241 5375 1514 5432 Cazterum
1568 5377 1750 5432 forsan
1803 5394 2083 5434 nonnemo

2183 4551 2516 4604 Διδάσκαλον
2544 4550 2652 4622 γὰρ
2674 4551 2707 4620 ἡ
2729 4549 2972 4620 βασιλεία
3007 4565 3108 4619 μου
3132 4551 3223 4602 τὸν
3261 4550 3432 4614 ἀξιον,
3466 4549 3540 4612 ὼς
3563 4550 3772 4604 ἄνωθεν

2185 4644 2421 4715 εἴρηται,
2466 4625 2821 4714 ὀνομάζειπε
2859 4643 2952 4697 καὶ
2986 4645 3170 4702 τυποῖ,
3213 4643 3306 4695 τὸν
3343 4643 3635 4713 κρείττονα
3667 4643 3768 4711 δη-

2183 4733 2356 4788 λονότι
2383 4733 2492 4786 τῶν
2519 4734 2717 4795 ἄλλων,
2746 4732 2806 4783 οὐ
2845 4731 2952 4800 μὴν
2981 4732 3072 4783 τὸν
3109 4735 3183 4802 μὴ
3205 4731 3466 4784 τοιοῦτον.

2261 4826 2378 4879 Ἵνα
2415 4825 2472 4879 δὲ
2501 4825 2586 4894 εἴη
2627 4823 2855 4894 εὐπορία
2891 4823 3000 4876 τῶν
3042 4823 3228 4888 ἀξίων,
3259 4823 3354 4877 καὶ
3381 4822 3490 4876 ἀπὸ
3529 4823 3638 4875 τῶν
3660 4821 3777 4874 λαῖ-

2189 4921 2324 4982 κῶν,
2358 4920 2452 4972 καὶ
2481 4918 2592 4972 ἀπδ
2619 4917 2727 4970 τῶν
2763 4915 3013 4987 μοναχῶν
3045 4915 3142 4969 ἐὰν
3175 4915 3374 4987 εὑρεθῇ
3403 4934 3486 4980 τις
3511 4915 3651 4986 έχων
3675 4915 3774 4968 καὶ

2185 5010 2278 5064 τὸν
2323 5007 2700 5064 διδασκαλικὸν
2739 5008 2897 5075 λόγον
2945 5007 3042 5062 καί⁵
3091 5008 3182 5062 τὸν
3238 5009 3608 5078 ἀνεπίληπτον
3656 5006 3775 5076 βίον

2187 5101 2328 5155 ὥστε
2387 5101 2461 5172 μὴ
2511 5099 2821 5154 κωλύεσθαι
2850 5101 2930 5162 είς
2981 5099 3306 5170 ἱερωσύνην,
3364 5099 3638 5154 καλείσθω
3677 5099 3774 5151 καὶ

2191 5192 2647 5265 προχειριςέσθω,
2676 5192 2764 5248 ὅτε
2801 5191 3227 5262 ἀξιολογώτερος
3253 5191 3498 5261 δηλονότι
3524 5191 3640 5244 ἐστι
3664 5187 3776 5243 τῶν

2187 5288 2286 5356 τῆς
2332 5283 2681 5352 Ἐκκλησίας.
2709 5283 2799 5354 Τῷ
2825 5301 2890 5352 γε
2925 5285 3030 5355 μὴν
3065 5282 3285 5354 μοναχῷ
3315 5283 3470 5337 οὐδὲν
3495 5281 3616 5336 οὒτε
3642 5283 3773 5350 περὶ

2191 5374 2458 5442 καθέδρας
2479 5372 2604 5426 οὔτε
2640 5375 2768 5444 περὶ
2803 5375 3043 5438 στάσεως
3068 5373 3101 5445 ἢ
3129 5373 3338 5428 είσὸδου
3367 5372 3584 5427 διοίσει.
3611 5371 3771 5424 Εἴποι

1897 5491 2202 5554 Cotelerii
2275 5496 2464 5548 notae.

579 5603 692 5674 (51)
729 5604 852 5684 Με.,
887 5609 1210 5681 σιτορέσιον,
1244 5593 1300 5667 et
1333 5628 1521 5683 supra,
1553 5630 1660 5684 ρεσΔ
1685 5631 1843 5682 μετρ.
1906 5623 1966 5667 ιιι
2012 5613 2084 5670 sit

513 5684 604 5729 aut
658 5678 1018 5752 σιτηρέσιον(
1055 5691 1149 5736 aut
1199 5678 1565 5752 σιτομέτριονζ
1619 5678 1740 5737 mox
1790 5678 1843 5738 si
1894 5684 2086 5738 demas

508 5760 791 5817 numeros,
834 5749 992 5808 facile
1015 5753 1119 5810 erit
1154 5749 1407 5808 lacunam
1430 5749 1742 5819 complere,
1779 5770 1843 5808 ex
1876 5753 1942 5808 iis
1963 5771 2082 5819 quae

2191 5611 2337 5666 dicta
2375 5616 2505 5664 sunt
2534 5609 2700 5680 paulo
2725 5608 2964 5680 anteiad
2997 5607 3368 5680 superiorem,
3402 5600 3659 5680 ponendo
3679 5597 3767 5680 ni:

2193 5682 2363 5754 mium
2414 5670 2772 5754 νομισμάτων
2827 5679 3036 5750 λίτρας,
3068 5670 3161 5732 καὶ
3218 5678 3367 5731 σίτου
3402 5670 3638 5745 ’μοδίους
3683 5670 3770 5726 vel

2197 5751 2370 5818 μόδια.
