4104 6200
487 258 593 323 961

1779 253 2047 314 ALEXII
2089 250 2434 313 COMNENI

3621 246 3733 311 968

487 371 598 427 nisi
633 383 731 439 per
773 365 971 422 factam
1015 363 1069 418 in
1102 377 1263 419 carne
1308 362 1773 432 dispensationem
1818 379 1913 418 seu
1968 378 2064 433 per

2180 366 2217 439 si
2249 364 2324 434 μὴ
2375 362 2464 416 διὰ
2519 362 2616 431 τῆς
2669 358 2937 430 ἐνσάρκου
2980 356 3292 427 οἰκονομίας
3346 356 3442 411 τοῦ
3486 357 3747 430 Σωτῆρος

491 457 935 516 incarnationem
966 453 1276 508 Servatoris
1307 455 1485 509 nostri
1520 454 1653 509 Jesu
1688 454 1891 509 Christi
1926 469 2064 508 con-

495 551 671 606 secuti
694 563 942 604 essemus
977 544 1409 614 redemptionem
1452 556 1802 615 peccatorum
1845 554 2064 599 nostro-

498 657 619 696 rum
649 650 704 695 et
736 638 1226 699 resurrectionem,
1252 647 1485 692 cunctos
1516 638 1678 692 simul
1709 637 1879 691 fuisse
1911 636 2063 706 peri-

497 741 652 784 turos
673 747 686 794 ;
709 738 971 798 praeterea
990 727 1114 782 ideo
1130 742 1356 782 necesse
1375 727 1398 781 f
1400 728 1569 782 uissei
1577 743 1734 797 psum
1750 728 2062 791 Dominum,

400 806 410 821 λ’
494 820 634 874 bene
666 818 865 888 placito
898 817 1075 871 Patris
1114 825 1170 871 et
1203 817 1587 886 cooperatione
1619 817 1857 885 Spiritus
1890 816 2066 870 sancti

492 908 797 971 incarnari,
852 917 1065 978 gestare
1102 923 1346 972 carnem,
1377 923 1546 962 carne
1590 908 1702 977 pati
1732 916 1786 961 et
1814 907 1976 971 mori,
2006 915 2068 960 ut

492 1002 749 1057 liberaret
763 1017 863 1055 nos
885 1002 952 1055 ab
971 1001 1197 1055 interitu
1224 1000 1288 1054 ad
1309 1014 1471 1068 quem
1494 999 1778 1054 fueramus
1798 999 2063 1055 damnati.

566 1094 622 1150 Si
656 1096 794 1157 haec,
829 1094 1073 1160 inquam,
1119 1092 1452 1161 agnoveritis
1479 1130 1493 1152 ,
1530 1105 1745 1144 necnon
1800 1090 1856 1144 in
1879 1091 2065 1159 cujus-

494 1185 642 1238 inodi
665 1185 865 1237 malum
911 1182 1273 1251 compellatur
1298 1179 1546 1248 pontifex
1575 1182 1670 1249 qui
1692 1189 1895 1235 rectam
1925 1196 2063 1249 pra:-

495 1276 829 1331 dicationem
861 1291 970 1329 non
1007 1274 1347 1327 transfundit
1389 1274 1444 1327 in
1476 1288 1693 1343 gregem
1754 1273 1858 1327 sibi
1886 1273 2068 1343 subje-

498 1379 671 1429 ctum,
717 1381 997 1434 nunquam
1058 1365 1304 1418 laborem
1355 1365 1603 1419 censebit
1653 1364 1942 1433 quisquam
1970 1380 2065 1418 ve-

497 1469 692 1523 strum,
726 1458 843 1527 ipse
867 1472 966 1526 per
998 1472 1056 1510 se
1083 1466 1248 1510 totam
1278 1456 1380 1509 sub
1407 1472 1466 1510 se
1496 1458 1734 1525 positam
1785 1457 2062 1525 regionem

495 1566 792 1619 peragrare
847 1548 1214 1616 frequentius,
1248 1560 1305 1602 et
1353 1563 1544 1617 puram
1584 1549 1638 1602 in
1687 1549 1854 1603 Deum
1902 1548 2064 1603 fidem

2169 437 2325 524 ἡμῶν
2361 451 2536 524 Ἰησοῦ
2561 448 2822 522 Χριστοῦ,
2850 449 2951 518 τῆς
2976 447 3405 519 ἀπολυτρώσεως
3430 448 3541 502 τῶν
3561 450 3747 521 ἀμαρ-

2166 548 2299 599 τιῶν
2330 544 2489 615 ἡμῶν
2537 541 2631 596 καὶ
2676 544 2775 612 τῆς
2810 540 3157 602 ἀναστάσεως
3207 538 3496 610 ἐτύχομεν,
3544 542 3745 605 πάντες

2169 638 2305 709 ὁμοῦ
2334 636 2711 706 ἀπολλόμεθα·
2756 635 2850 688 καὶ
2888 635 2969 688 ὅτι
3006 635 3092 688 διὰ
3123 633 3279 687 τοῦτο
3320 633 3535 702 ἐδέησεν
3581 634 3745 687 αὐτὸν

2166 731 2257 783 τὸν
2289 728 2496 800 Κύριον
2528 727 2749 797 εὐδοκία
2781 725 2874 779 τοῦ
2922 726 3137 796 Πατρὶς
3168 727 3264 778 καὶ
3313 725 3608 797 συνεργείᾳ
3648 725 3742 778 τοῦ

2170 823 2325 888 ἀγίου
2360 821 2677 889 Πνεύματος
2716 819 3136 889 ἐνανθρωπῆσαι
3160 818 3254 871 καὶ
3289 817 3468 887 σάρκα
3515 817 3744 886 φορέσαι

2169 916 2263 969 καὶ
2301 914 2467 985 σαρκὶ
2490 914 2681 966 παθεῖν
2713 913 2809 966 καὶ
2843 913 3160 976 ἀποθανεῖν,
3199 911 3286 963 ἴνα
3318 910 3565 978 ἐξέληται
3593 910 3746 979 ἡμᾶς

2167 1009 2268 1077 τῆς
2294 1007 2498 1077 φθορᾶς
2527 1005 2594 1076 ἢν
2624 1004 3053 1075 κατεκρίθημεν.

2239 1102 2302 1153 Εἰ
2345 1098 2515 1153 ταῦτα
2546 1096 2638 1149 οῦν
2678 1097 2964 1161 ὲπιγνῶτε,
3017 1096 3110 1149 καὶ
3136 1096 3216 1159 είς
3250 1091 3361 1149 οἷον
3395 1094 3563 1148 κακὸν
3618 1110 3745 1146 συν⁶

2172 1196 2458 1248 ελαύνεται
2493 1198 2520 1248 ὁ
2548 1196 2837 1265 ἀρχιερεὺς
2865 1193 2940 1264 μὴ
2971 1193 3233 1253 διαδιδοὺς
3257 1191 3315 1244 τὸ
3337 1189 3617 1261 ὀρθόδοξον
3639 1190 3743 1260 κή-

2173 1306 2354 1359 ρυγμα
2382 1284 2448 1359 τῇ
2482 1288 2571 1341 ὑπ’
2597 1288 2762 1341 αὐτὸν
2794 1290 3020 1355 ποίμνῃ,
3054 1284 3310 1337 οὐδέποτε
3344 1283 3513 1336 κόπον
3542 1282 3746 1352 ἡγήσε-

2171 1382 2260 1431 ταξ
2297 1396 2379 1441 τις
2420 1379 2573 1447 ὑμῶν
2601 1377 2681 1442 τὸ,
2713 1377 2873 1440 αὐτὸς
2901 1376 2967 1429 δι’
2998 1375 3190 1427 ἑαυτοῦ
3220 1374 3529 1444 διέρχεσθαι
3561 1373 3743 1425 πᾶσαν

2172 1470 2272 1539 τὴν
2303 1470 2394 1522 ὑπ’
2436 1470 2599 1522 αὑτὸν
2645 1468 2861 1538 ἐνορίαν
2905 1466 3290 1537 συνεχέστερον
3333 1466 3427 1519 καὶ
3469 1464 3743 1518 διδάσκειν

2171 1563 2271 1631 τὴν
2304 1563 2441 1632 πρὸς
2472 1561 2560 1613 τὸν
2600 1561 2731 1614 Θεὸν
2763 1561 3009 1630 καθαρὰν
3050 1560 3232 1611 πίστιν
3266 1560 3359 1610 καὶ
3399 1557 3493 1609 τὸν
3547 1555 3745 1625 σεμνὸν

498 1651 855 1709 sanctamque
888 1641 1053 1694 vitam
1104 1640 1303 1695 docere
1337 1658 1350 1694 :
1385 1641 1482 1695 sed
1530 1641 1686 1695 labor
1736 1642 1832 1697 ille
1881 1642 2067 1711 potius

2180 1653 2308 1721 βίον,
2374 1652 2491 1706 ἀλλ’
2521 1653 2551 1705 ό
2603 1653 2769 1715 κόπος
2799 1646 2954 1713 οὗτος
3008 1649 3207 1719 μᾶλλον
3254 1648 3559 1707 ἀνάπαυσις
3598 1645 3747 1713 αὐτῷ

499 1732 604 1801 ipsi
637 1732 958 1786 censebitur
988 1732 1229 1801 requies,
1270 1744 1329 1786 ut
1362 1733 1457 1801 qui
1492 1734 1687 1787 animm
1717 1748 1828 1787 suae
1854 1748 2066 1801 suoque

2180 1694 2308 1721 νη..
2374 1694 2471 1706 ......
2523 1694 2549 1705 ν
2605 1694 2767 1715 ..-πη
2802 1694 2951 1713 --ην
3008 1694 3201 1719 rw".--
3255 1694 3557 1707 w-_--_---,
3602 1694 3657 1698 ν-

2180 1745 2576 1815 λογισθήσεται,
2609 1742 2684 1805 ὡς
2712 1744 2806 1795 καὶ
2829 1743 3136 1795 ἀνάπαυσιν
3162 1742 3226 1809 τῇ
3254 1737 3445 1791 ἑαυτοῦ
3476 1737 3622 1806 ψυχῇ
3653 1736 3748 1788 καὶ

500 1825 702 1893 p0pulo
739 1824 977 1894 quietem
1020 1824 1298 1879 conciliet.
1355 1823 1513 1878 Nam
1547 1825 1726 1879 oilicio
1777 1824 2066 1890 satisfacit,

497 1917 765 1986 siquidem
807 1917 1026 1986 penitus
1071 1919 1335 1973 rationem
1390 1918 1709 1971 redditurus
1742 1926 1827 1971 est
1874 1916 1929 1970 in
1961 1926 2070 1971 tre-

499 2007 700 2062 mendo
721 2006 915 2079 judicii
948 2008 1037 2062 die
1065 2024 1163 2077 pro
1185 2008 1446 2063 rationali
1481 2009 1609 2063 ovili
1638 2023 1758 2063 suo.

572 2197 713 2265 Quid
757 2214 889 2253 vero
942 2200 1038 2268 qui
1092 2198 1231 2254 forte
1269 2199 1514 2267 pontifex
1556 2199 1799 2253 noluerit
1844 2199 2074 2270 hujusce

500 2289 582 2344 rei
623 2305 810 2342 curam
863 2305 1075 2359 gerere,
1110 2288 1461 2359 excogitabit,
1508 2298 1598 2342 aut
1642 2304 1805 2358 quam
1842 2304 2073 2343 excusa-

506 2381 710 2435 tionem
758 2380 1003 2444 hahehit,
1043 2391 1102 2435 ut
1150 2396 1266 2436 rem
1302 2379 1590 2449 protrahat
1621 2388 1677 2433 et
1703 2380 1960 2433 ditl‘erat?
1991 2380 2073 2434 An

502 2473 702 2527 iterum
751 2474 913 2527 aliam
960 2474 1072 2528 ﬁeri
1111 2472 1463 2543 exspectabit
1512 2472 1635 2526 Filii
1677 2472 1952 2541 Verbiq‘ue
1978 2472 2075 2526 Dei

504 2564 941 2618 incarnationem
962 2566 983 2617 ?
1012 2565 1124 2619 IIoc
1144 2580 1324 2633 neque
1344 2564 1398 2617 in
1419 2563 1805 2634 cogitationem
1839 2564 2077 2618 hominis

505 2655 766 2710 ascendet
819 2674 831 2708 :
871 2656 963 2710 sed
1017 2656 1200 2710 veniet
1244 2655 1470 2710 omnino
1516 2670 1680 2709 verus
1732 2654 1982 2710 Christus
2022 2663 2079 2710 et

505 2745 650 2799 Deus
677 2756 887 2809 noster,
920 2746 1247 2800 redditurus
1271 2747 1568 2816 unicuique
1587 2747 1890 2801 secundum
1908 2761 2078 2814 opera

507 2850 626 2890 sua.
659 2838 845 2906 Itaque
889 2854 999 2891 non
1026 2839 1269 2893 admittit
1304 2855 1513 2893 moram
1544 2853 1722 2907 neque
1780 2837 2078 2907 procrasti-

505 2927 787 2983 nationem
821 2944 1066 2999 prtcseus
1086 2944 1269 2984 causa.

2170 1835 2265 1890 τοῦ
2323 1834 2527 1887 οίκείου
2582 1833 2710 1885 λαοῦ
2750 1831 3047 1904 προξενῶν.
3101 1831 3174 1883 Τὸ
3230 1830 3337 1897 γάρ
3397 1826 3748 1895 όφειλόμενον

2174 1928 2390 1997 πληροῖ,
2423 1925 2610 1995 ἐπειδὴ
2678 1924 2777 1977 καὶ
2833 1923 3026 1990 λόγους
3072 1922 3271 1975 διδόναι
3308 1920 3485 1989 μέλλει
3531 1917 3747 1978 πάντως

2171 2020 2230 2071 ἐν
2261 2022 2325 2090 τῇ
2372 2017 2579 2088 φοϐερᾷ
2612 2016 2794 2087 ἡμέρᾳ
2827 2015 2924 2084 τῆς
2965 2013 3201 2084 κρίσεως
3240 2012 3381 2081 ὑπὲρ
3414 2009 3504 2063 τοῦ
3538 2008 3749 2062 ὑπἀὐ-

2170 2106 2264 2158 τδν
2296 2104 2515 2172 λογικοῦ
2551 2110 2826 2173 ποιμνίου.

2246 2198 2311 2249 Ti
2340 2197 2394 2249 δὲ
2427 2198 2456 2249 ό
2482 2196 2613 2260 ἴσως
2656 2196 2729 2267 μὴ
2767 2195 3047 2264 βουληθεὶς
3080 2194 3510 2264 ἐπιμελήσεσθαι
3557 2196 3747 2265 ἀρχιεο

2180 2289 2308 2359 ρεὺς
2334 2286 2433 2356 τῆς
2462 2284 2717 2355 τοιαύτης
2759 2284 3068 2346 ὑποθέσεως
3112 2284 3472 2354 διανοήσεται,
3505 2283 3538 2353 ἢ
3588 2286 3751 2339 ποίαν

2179 2379 2451 2449 πρόφασιν
2481 2378 2591 2443 ἕξει
2622 2378 2699 2440 είς
2733 2377 2792 2431 τὸ
2824 2377 3060 2447 ἀναϐολῇ
3086 2376 3272 2430 δοῦναι
3302 2378 3361 2431 τὸ
3394 2380 3624 2448 πρᾶγμα
3655 2379 3751 2432 καὶ

2180 2468 2466 2538 ὑπερθέσει
2490 2466 2749 2536 ςΈτέραν
2771 2465 2931 2519 πάλιν
2961 2466 3119 2518 ἐνανθ
3129 2465 3374 2537 ρώπησιν
3397 2467 3490 2519 τοῦ
3508 2467 3638 2519 Υίοῦ
3659 2468 3752 2519 καὶ

2178 2559 2352 2627 Λόγου
2383 2559 2479 2613 τοῦ
2509 2558 2644 2611 Θεοῦ
2686 2558 3050 2628 προσδοκήσει
3096 2558 3383 2625 γενέσθαι;
3418 2559 3587 2613 Τοῦτο
3629 2560 3753 2612 οὐδὲ

2179 2653 2272 2705 ἐπὶ
2302 2650 2561 2719 λογισμὸν
2595 2649 2889 2719 ἀνθρώπου
2923 2648 3291 2720 ἀναδήσεται·
3326 2650 3441 2704 ἀλλ’
3469 2650 3751 2707 ἐλεύσεται

2181 2744 2400 2804 πάντως
2429 2743 2457 2794 ό
2490 2740 2742 2810 ἀληθινὸς
2775 2740 3013 2810 Χριστὸς
3055 2742 3149 2795 καλ⁵
3178 2741 3308 2803 Θεὸς
3337 2742 3497 2811 ἡμῶν
3542 2742 3755 2795 ἀποδῶ·

2185 2851 2294 2886 σων
2331 2832 2546 2903 ἑκάστῳ
2584 2834 2725 2886 κατά
2754 2833 2825 2886 τὰ
2855 2834 2993 2905 ἔργα
3021 2833 3207 2887 αὑτοῦ.
3246 2834 3446 2887 Λοιπὸν
3489 2835 3548 2888 οὐ
3579 2834 3751 2890 δεῖται

2182 2925 2454 2995 ἀναϐολῆς
2481 2925 2600 2978 οὐδὲ
2633 2925 2981 2996 ὑπερθέσεως
3016 2929 3047 2999 ἡ
3079 2928 3330 3000 παροῦσα
3365 2927 3640 2993 ὑπόθεσις.

2062 3095 2225 3153 XVII.

506 3200 646 3273 Imp.
680 3198 850 3257 Alexii
878 3199 1131 3257 Comneni
1170 3203 1432 3279 decretum
1462 3206 1516 3259 in
1567 3223 1728 3279 causa
1783 3205 2050 3279 Eustratii

2180 3210 2312 3279 scopi
2339 3207 2564 3262 Nicami.
2602 3208 2677 3279 Ση
2688 3206 2904 3279 μείωμα
2952 3205 3190 3279 Ἀλεξίου
3219 3204 3313 3259 τοῦ
3343 3202 3629 3276 Κομνηνοῦ
3658 3202 3754 3256 ἐπὶ

1129 3277 1197 3345 τῇ
1227 3275 1486 3328 ὑποθέσει
1518 3275 1614 3329 τοῦ
1644 3277 1881 3340 Νικαίας
1916 3275 2485 3349 ΚυροῦἘὺστρατίου.
2523 3275 2779 3344 ,ςΧιιΕλ
2813 3275 2867 3331 id
2892 3285 2969 3332 est
3000 3278 3158 3332 1117.

1676 3391 1874 3454 (Exstat
1903 3392 1953 3443 in
1978 3391 2148 3443 codice
2169 3395 2441 3444 Bodleiano
2462 3393 2595 3456 205.)

2058 3525 2248 3581 XVIII.

1035 3633 1179 3705 Imp.
1221 3635 1390 3691 Alexii
1421 3637 1677 3693 Comncni
1706 3639 1922 3694 Decreta
1953 3641 2056 3693 duo
2091 3640 2155 3692 de
2192 3637 2601 3708 possessionibus
2632 3636 2942 3689 monasterii
2970 3634 3259 3689 Dochiarii.

1029 3751 1207 3812 .(Anno
1235 3752 1443 3805 ll18.--
1468 3755 1680 3805 lnedita.
1704 3754 1829 3807 Vide
1850 3757 1997 3806 Zach.
2023 3772 2052 3807 a
2076 3754 2343 3818 Lingeuth.
2377 3756 2429 3804 in
2449 3753 2555 3803 suis
2576 3752 2974 3816 Prolegomenis,
2995 3766 3047 3816 p.
3079 3752 3208 3817 xxx.)

2084 3893 2230 3950 XIX.

516 3999 659 4082 Imp.
687 4003 858 4057 Alea‘ii
879 4003 1152 4082 Δ(Ῑοιιιιιιεηὶ
1175 4006 1420 4082 -ηουριιω
1449 4010 1839 4082 constitutiones
1869 4028 1886 4066 :
1921 4011 1974 4064 i.
2016 4012 2080 4064 de
2119 4014 2441 4082 exemptione
2491 4011 2681 4065 montis
2711 4012 2842 4064 Atho
2872 4027 2903 4062 a
2933 4010 3277 4082 patriarcha;
3310 4011 3365 4066 2.
3399 4009 3469 4082 Ιζε
3503 4011 3761 4082 immuni-

584 4080 692 4126 tate
727 4077 915 4129 montis
964 4078 1129 4140 Atho;
1175 4076 1226 4128 5.
1281 4077 1344 4128 de
1399 4079 1763 4131 emendatione
1802 4088 2176 4136 monachorum
2198 4076 2470 4136 in'monte
2499 4083 2632 4134 Atho
2666 4076 2973 4135 seditionem
2997 4081 3335 4133 excitandum
3364 4099 3381 4144 ,-
3412 4080 3463 4132 4.
3487 4081 3550 4131 de
3574 4097 3764 4132 mona-

584 4145 690 4196 chis
728 4147 919 4222 montis
951 4146 1086 4222 Atho
1139 4143 1347 4215 Cpolim
1378 4146 1826 4216 proﬁciscentibus
1845 4167 1865 4215 ;
1897 4151 1949 4222 5.
1985 4154 2047 4205 de
2092 4153 2349 4222 dignitate
2372 4152 2560 4222 montis
2606 4153 2778 4222 Atho;
2808 4153 2861 4204 ti.
2895 4153 2957 4201 de
2980 4150 3311 4222 ordinatione
3334 4152 3764 4222 hieromonucho-

585 4229 706 4265 rum
768 4226 817 4266 et
860 4216 1346 4269 hierodiaconorum
1384 4234 1439 4270 in
1491 4229 1666 4273 monte
1705 4223 1841 4274 Atho
1868 4221 1958 4284 ;7.
1980 4225 2044 4274 de
2062 4216 2379 4275 monasterio
2424 4221 2736 4275 Latinorum
2759 4220 2814 4274 in
2860 4228 3034 4276 monte
3061 4220 3195 4275 Atho
3222 4236 3241 4284 ;
3270 4221 3324 4274 8.
3351 4220 3415 4272 de
3444 4219 3624 4272 eodem
3645 4235 3762 4272 mo-

584 4286 834 4337 nasterio.

1964 4382 2109 4447 (Vide
2136 4382 2284 4441 ibid.)

1331 4534 1446 4590 XX.

516 4642 595 4697 De
621 4642 971 4710 chartulario,
998 4652 1047 4698 et
1076 4646 1214 4713 quod
1238 4648 1551 4714 proferendi
1588 4649 1693 4701 sint
1724 4651 1778 4702 in
1811 4650 2084 4704 electioni-

1054 4716 1144 4767 bus
1171 4717 1261 4784 qui
1286 4716 1588 4785 dignisunt.

594 4828 968 4885 Ecclesiastiei
1010 4827 1228 4881 decoris
1291 4844 1479 4882 curam
1538 4830 1795 4901 maiestas
1845 4847 1964 4887 mea
1992 4848 2087 4903 ge-

518 4932 667 4982 rens,
695 4927 752 4972 et
792 4934 915 4973 cum
953 4918 1005 4971 in
1042 4916 1191 4970 omni
1229 4918 1377 4971 civili
1421 4929 1567 4974 statu
1599 4920 1803 4974 bonum
1834 4921 2087 4977 ordinem

518 5009 831 5077 requirens,
864 5000 978 5061 tum
1010 5007 1064 5061 in
1098 5007 1203 5061 hoc
1236 5008 1535 5064 studiosius
1578 5010 1924 5077 incumbens,
1958 5021 2017 5066 ut
2044 5012 2091 5066 is

521 5099 693 5167 magis
727 5099 893 5152 etiam
931 5098 1102 5152 sacris
1132 5098 1187 5150 in
1221 5098 1389 5153 rebus
1416 5099 1779 5165 observetur;
1808 5100 2089 5170 privilegia

522 5190 722 5257 cuique
748 5189 1015 5258 graduum
1046 5189 1549 5245 ecclesiasticarum
1562 5192 1675 5262 jam
1701 5192 1832 5246 olim
1860 5192 2088 5259 t’ributa,

519 5296 758 5349 eumque
788 5290 991 5335 statum
1027 5282 1119 5349 qui
1169 5282 1436 5338 hactenus
1469 5285 1523 5338 in
1572 5285 1654 5340 eis
1698 5286 1892 5354 viguit,
1924 5287 2091 5341 etiam

525 5369 787 5440 deinceps
838 5371 1229 5426 immutabilem
1296 5376 1595 5430 subsistere
1655 5391 1719 5430 ac
1768 5391 2092 5445 permanere

522 5461 695 5528 cupit,
732 5472 788 5514 et
813 5476 1028 5529 aequum
1056 5474 1265 5527 censet,
1298 5468 1639 5522 sanctissime
1667 5468 1911 5535 domine,
1940 5472 2090 5525 velut

523 5565 554 5602 ιι
596 5559 676 5603 tot
703 5551 860 5605 annis
881 5563 1191 5623 acceptum,
1216 5568 1270 5610 et
1320 5558 1483 5628 longo
1517 5559 1630 5628 jam
1663 5560 1843 5629 spatio
1874 5568 2086 5632 tempo—

529 5639 603 5694 ris
634 5640 1005 5711 obscrvatum,
1068 5654 1123 5700 et
1178 5649 1459 5717 perpetuis
1511 5650 1579 5704 ab
1613 5666 1722 5707 uno
1753 5660 2002 5723 tempore
2029 5655 2086 5710 in

2926 4536 3011 4588 K’.

2187 4647 2326 4716 Περί
2346 4646 2453 4701 τοῦ
2482 4645 2964 4716 χαρτοφύλμκος,
2997 4645 3097 4716 καί
3125 4645 3213 4698 ὅτι
3248 4645 3391 4711 τοὺς
3435 4645 3647 4712 ἀξίους
3674 4645 3777 4699 δεῖ

2554 4714 2851 4785 προτιμᾷν
2876 4716 2947 4769 ἐν
2976 4715 3106 4781 ταῖς
3127 4716 3377 4783 ψήφοις.

2269 4831 2334 4884 Ἦ
2375 4830 2619 4901 βασιλεία
2656 4846 2758 4899 μου
2800 4828 2901 4898 τῆς
2946 4828 3412 4900 ἐκκλησιαστικῆς
3461 4829 3765 4895 εὐκοσμίας

2195 4921 2579 4993 φροντίζουσα,
2610 4920 2706 4973 καὶ
2738 4919 2799 4971 τὸ
2824 4917 3088 4971 εὔτακτον
3129 4919 3225 4971 καὶ
3256 4922 3315 4971 ὲν
3346 4921 3508 4972 παντὶ
3541 4920 3641 4990 μὲν
3668 4919 3769 4989 ζη-

2195 5016 2360 5068 τοῦσα
2409 5013 2487 5084 τῷ
2543 5012 2935 5082 πολιτεύματι,
2978 5012 3072 5064 ἐπὶ
3122 5012 3282 5064 πλέον
3331 5012 3387 5064 δὲ
3438 5012 3552 5075 τοῖς
3600 5013 3770 5076 θείοις

2193 5106 2349 5159 τοῦτο
2376 5103 2830 5175 ἐμπολιτεύεσθαι
2857 5103 2947 5157 διὰ
2982 5102 3223 5173 σπουδῆς
3250 5103 3533 5173 τιθεμένη,
3568 5105 3637 5156 τά
3665 5106 3771 5174 ἀρε

2195 5196 2360 5267 χῆθεν
2394 5195 2849 5266 ἀπονενεμημένα
2876 5194 3148 5265 προνόμια
3172 5196 3388 5264 ἑκάστῳ
3424 5194 3531 5247 τῶν
3569 5195 3773 5265 ἐκκλη-

2197 5289 2491 5342 σιαστικῶν
2521 5288 2765 5357 βαθμῶν,
2798 5285 2893 5340 καὶ
2918 5286 3015 5356 τὴν
3046 5285 3175 5358 ἄχρι
3211 5286 3305 5340 καὶ
3343 5286 3504 5358 δεῦρο
3530 5288 3769 5359 ἐπικρα-

2199 5381 2445 5449 τήσασαν
2473 5383 2531 5431 ἐν
2557 5379 2769 5441 τούτοις
2792 5379 3130 5432 κατάστασιν
3157 5378 3298 5431 κατὰ
3320 5379 3381 5431 τὸ
3410 5378 3771 5432 ἀναλλοίωτον

2203 5472 2297 5526 καὶ
2334 5473 2413 5533 εἰς
2444 5470 2504 5523 τὸ
2533 5470 2659 5540 ἑξῆς
2681 5466 2822 5525 εἶναι
2852 5470 2946 5523 καί⁵
2978 5471 3256 5540 διαμένειν
3301 5470 3551 5540 βούλεταί
3582 5487 3640 5523 τε
3675 5471 3776 5523 καὶ

2201 5560 2428 5624 εὐδοκεῖ,
2456 5557 2727 5626 ἀγιώτατε
2756 5559 3022 5623 δέσποτα,
3070 5560 3146 5623 ὡς
3194 5560 3289 5613 καὶ
3333 5558 3774 5631 παραδεχθεῖσαν

2200 5651 2288 5707 διά
2330 5652 2600 5707 τοσούτων
2647 5651 2782 5708 ἐτῶν
2816 5653 2909 5706 καὶ
2949 5652 3026 5723 τῷ
3078 5652 3272 5724 μακρῷ
3322 5653 3499 5724 χρόνῳ
3544 5651 3771 5724 ἐμπολι-
