4104 6200
349 345 458 408 969

1423 338 1787 404 NOVELLIE
1821 333 2384 397 CONSTITUTIUN
2393 334 2500 395 ES.

3508 338 3612 399 970

349 451 721 523 τευσαμένην,
752 447 844 502 καὶ
884 448 1004 512 ταῖς
1033 447 1128 501 ἀπ’
1159 447 1320 502 ἄλλου
1374 450 1456 513 είς
1490 449 1649 504 ἄλλον
1696 448 1838 502 κατά
1875 446 1936 499 τὸ

2063 444 2190 499 ιὶἱιιὰ
2217 441 2700 515 progressionibus
2727 442 2832 498 huc
2869 455 3042 513 usque
3065 428 3215 498 citra
3249 442 3613 502 mutationem

351 545 750 610 ἀνεξάλλακτον
807 541 912 603 ἕως
961 539 1056 594 τοῦ
1103 539 1199 595 νῦν
1244 541 1614 611 μεταϐάσεσιν
1655 541 1935 610 ἐπικυρω-

352 636 542 689 θεῖσαν
571 635 662 688 καὶ
700 632 1097 696 βεὸαιωθεῖσαν
1130 632 1331 697 καλῶς.

437 726 593 780 Ἐπεὶ
621 726 676 778 δὲ
700 725 794 778 νῦν
829 725 863 795 ἡ
892 724 1143 795 βασιλεία
1174 743 1276 796 μου
1308 727 1493 796 μάθοι.
1547 725 1624 789 ὥς
1659 742 1804 789 τινες
1829 724 1938 777 τῶν

352 817 654 887 ἀρχιερέων
677 817 1252 887 ἀντιφιλοτιμούμενοι
1281 819 1579 888 πειρῶνται
1604 819 1666 872 τὸ
1685 816 1781 871 τοῦ
1807 833 1941 888 χαρ-

352 911 660 979 τοφύλακος
695 911 1034 966 ὑποῦιὸάσαι
1088 910 1405 982 προνόμιον,
1441 911 1539 966 καὶ
1583 912 1817 974 κανόνας
1860 911 1938 972 είς

358 1003 521 1071 μέσον
562 1002 937 1074 προφέροντες
995 1002 1084 1055 διὰ
1140 1000 1349 1056 τούτων
1402 1002 1812 1073 φιλονεικοῦσι,
1867 1001 1942 1073 μὴ

355 1093 744 1164 προκαθῆσθαι
793 1093 958 1147 αὐτὸν
1004 1094 1113 1148 τῶν
1162 1094 1471 1165 ἀρχιερέων
1490 1117 1510 1159 ,·
1549 1097 1786 1170 ὁπηνίκα
1832 1092 1942 1148 δέοι

359 1185 585 1248 τούτους
636 1184 992 1255 συνέρχεσθαι
1041 1186 1180 1240 κατά
1235 1202 1357 1237 τινα
1408 1187 1598 1258 χρείαν
1651 1185 1746 1240 καὶ
1786 1202 1937 1238 συνε-

355 1274 600 1343 δριάζειν
657 1273 798 1327 κατά
837 1275 1034 1327 ταύτὸν
1067 1275 1173 1346 πρὸ
1211 1279 1310 1348 τῆς
1357 1280 1437 1340 είς
1483 1277 1583 1347 τὴν
1628 1276 1942 1344 ἁγιωσύνην

361 1383 456 1417 σου
513 1365 887 1429 εἰσελεύσεως,
925 1367 1026 1419 οὐκ
1074 1369 1370 1440 ἀνασχετὸν
1421 1373 1487 1440 τῇ
1539 1367 1788 1438 βασιλεία
1841 1383 1942 1436 μου

359 1457 546 1524 ἔδοξε,
613 1459 844 1529 πρᾶγμα
901 1457 992 1510 διὰ
1046 1459 1304 1515 τοσούτου
1353 1463 1546 1532 χρόνου
1619 1458 1944 1532 βασανισοέν

360 1550 457 1602 καὶ
494 1551 604 1610 τοῖς
636 1549 766 1618 πρὶν
797 1551 1167 1621 πατριάρχαις
1192 1554 1286 1604 καὶ
1307 1556 1419 1616 τοῖς
1446 1552 1628 1616 ἄλλοις
1655 1553 1946 1624 ἀρχιερεῦο

363 1659 470 1706 σιν,
508 1639 642 1692 ἀλλὰ
697 1638 762 1709 δὴ
807 1640 903 1694 καὶ
948 1641 1132 1705 αύτοῖς
1162 1645 1276 1706 τοῖς
1321 1643 1418 1697 νῦν
1467 1645 1568 1698 οῦκ
1619 1643 1707 1696 ἐπ’
1739 1643 1946 1714 εὐλόγῳ

363 1733 612 1804 ἐρίζουσι
649 1733 939 1804 πράγματι
975 1735 1064 1787 διὰ
1092 1735 1187 1804 τῆς
1216 1735 1563 1807 πολυημέρου
1595 1735 1780 1806 δεχθὲν
1815 1752 1944 1788 σιω-

2039 537 2304 604 praeclare
2343 537 2728 591 conﬁrmatum
2761 549 2825 589 ac
2859 533 3197 590 stab-ilitum.

2113 717 2250 785 Quia
2284 733 2418 772 vero
2451 731 2599 772 nunc
2628 716 2884 786 maiestas
2933 731 3054 772 mea
3091 716 3308 783 didicit,
3349 718 3618 787 quosdam

2043 809 2355 879 pontiﬁces,
2414 807 2719 862 ambitione
2757 808 2993 877 quadam
3021 808 3306 879 impulsos,
3347 811 3624 867 chartula-

2047 902 2112 956 rii
2148 901 2474 972 dignitatem
2518 899 2830 968 deprimere
2854 901 3017 968 velle,
3047 912 3259 972 perque
3293 919 3536 959 canones
3563 904 3620 959 in

2047 993 2289 1048 medium
2324 991 2625 1062 productos
2661 992 3020 1055 contendere,
3059 1010 3170 1048 non
3202 996 3277 1050 illi
3309 998 3618 1053 sessionem

2047 1101 2211 1155 supra
2249 1083 2542 1154 pontiﬁces
2594 1093 2936 1154 competere,
2991 1086 3211 1154 quoties
3261 1089 3344 1142 eis
3388 1089 3624 1159 alicuius

2048 1177 2251 1248 negotii
2282 1191 2446 1231 causa
2474 1175 2918 1232 conveniendum
2951 1178 3045 1240 sit,
3083 1185 3140 1233 et
3171 1193 3278 1232 una
3329 1178 3595 1233 considen

2055 1271 2184 1324 dum
2216 1270 2268 1323 in
2290 1278 2506 1328 senatu.
2532 1276 2658 1323 ante
2685 1283 2966 1323 accessum
2990 1270 3056 1324 ad
3080 1272 3425 1326 sanctitatem
3455 1283 3625 1336 tuam,

2049 1362 2276 1415 minime
2349 1362 2639 1417 ferendum
2690 1367 2964 1437 maiestati
3025 1384 3158 1423 mea:
3197 1371 3376 1426 visum
3427 1381 3530 1433 est,
3568 1382 3628 1425 ut

2051 1468 2139 1507 res
2179 1455 2461 1524 tantoiam
2495 1462 2742 1525 tempore
2774 1457 3030 1526 probata,
3086 1469 3141 1514 et
3171 1476 3202 1514 a
3239 1460 3629 1529 superioribus

2051 1545 2382 1614 patriarchis
2417 1560 2484 1600 ac
2534 1547 2891 1616 pontiﬁcibus
2941 1550 3086 1614 aliis,
3138 1561 3302 1620 atque
3351 1553 3458 1606 illis
3494 1553 3628 1622 ipsis

2052 1637 2189 1690 adeo
2214 1637 2307 1706 qui
2329 1638 2440 1709 iam
2467 1653 2577 1693 non
2603 1639 2749 1711 iusta
2769 1639 2836 1694 de
2860 1657 3026 1696 causa
3054 1642 3326 1708 rixantur,
3361 1643 3627 1700 diuturno

2053 1729 2271 1782 silentio
2309 1738 2548 1799 recepta,
2587 1746 2733 1786 nunc
2780 1743 3009 1802 urgente
3044 1735 3192 1788 nulla
3247 1736 3455 1790 ratione
3490 1737 3626 1791 abo—

368 1783 418 1804 ’r
464 1783 481 1796 '
502 1783 506 1784 ⁷
530 1783 541 1785 ⁷
567 1783 577 1784 ί
598 1783 606 1785 “
656 1783 708 1803 ’Ἰ
736 1783 788 1800 vl
809 1783 936 1804 r"”‘
980 1783 1063 1787 "V'
1102 1783 1186 1804 ⁷⁷1⁷
1222 1783 1560 1807 ⁷⁷⁷’”’ῚΓ“Τ“’
1600 1783 1772 1806 ⁷⁷Λ⁷“’
1819 1783 1910 1788 ””

361 1826 489 1894 πῆς,
542 1824 686 1878 κατά
730 1824 791 1876 τὸ
839 1824 1112 1895 παρέλκον
1161 1825 1498 1896 ἁθετηθῆναι
1525 1828 1619 1880 καὶ
1646 1826 1722 1890 ὥς
1754 1845 1806 1880 τι
1835 1826 1943 1879 τῶν

2063 1824 2252 1887 leatur,
2298 1831 2354 1877 et
2399 1823 2553 1892 quasi
2634 1825 2944 1894 neglectum
3006 1827 3212 1897 aliquid
3265 1829 3628 1883 convellatur.

359 1917 722 1986 ἠμελημένων
774 1917 1183 1986 παρασυρῆναι.
1248 1917 1442 1970 Τοίνυν
1503 1919 1598 1971 καὶ
1651 1917 1946 1988 διορίζεται

363 2010 598 2079 πρᾶγμά
635 2026 688 2062 τι
718 2007 940 2078 εὔλογον
969 2011 1063 2062 καὶ
1107 2010 1248 2064 πάνυ
1291 2009 1498 2064 δίκαιον
1527 2011 1709 2066 τοῦτο.
1745 2012 1808 2064 Εἰ
1850 2013 1948 2084 μὲν

364 2105 471 2172 γὰρ
504 2104 743 2174 αἱροῖντο
784 2103 876 2157 καὶ¹
926 2103 1090 2156 πάλιν
1139 2105 1187 2156 οἱ
1235 2103 1514 2173 ἀρχιερεῖς
1566 2101 1640 2173 μὴ
1677 2104 1846 2156 κινεῖν
1882 2103 1948 2157 τά

365 2194 620 2264 ἀκίνητα,
669 2193 802 2263 μηδὲ
852 2194 924 2246 τά
973 2195 1087 2256 τοῖς
1124 2194 1252 2262 πρὶν
1304 2193 1602 2262 δεδογμένα
1643 2194 1946 2263 Πατράσιν,

367 2283 506 2338 ἀλλά
539 2284 606 2355 δὴ
655 2286 752 2338 καὶ
810 2284 996 2348 αὐτοῖς
1044 2285 1133 2339 διὰ
1191 2286 1292 2352 τῆς
1348 2286 1566 2355 μακρᾶς
1623 2285 1951 2350 συνδόξαντα

371 2376 586 2445 σιωπῆς
611 2377 702 2429 καὶ
732 2376 832 2445 τῆς
859 2377 965 2440 ἕως
997 2376 1090 2430 τοῦ
1131 2377 1226 2429 νῦν
1265 2377 1466 2446 ἀνοχῆς
1495 2378 1559 2429 ἐκ
1589 2376 1952 2447 παλιμϐολίας

369 2466 559 2538 ὥσπερ
589 2469 970 2535 ἀιιαπαλαίειν,
1009 2468 1068 2523 εῦ
1121 2469 1186 2523 ἂν
1237 2469 1371 2540 ἔχοι,
1421 2470 1516 2523 καὶ
1560 2469 1740 2540 χάρις,
1774 2471 1855 2522 ὅτι
1893 2470 1953 2522 τὸ

372 2560 615 2630 μάχιμον
653 2560 1022 2630 καταθέμενοι
1054 2560 1113 2613 τὸ
1136 2563 1414 2632 εἰρηναῖον
1454 2560 1951 2630 προτετιμήκασιν.

372 2651 435 2702 Εἰ
468 2651 525 2703 δὲ
549 2649 642 2702 καὶ
671 2649 752 2703 ἔτι
781 2651 990 2704 τούτων
1009 2651 1155 2714 τινὲς
1177 2652 1284 2704 τῶν
1310 2650 1403 2704 τοῦ
1435 2651 1660 2713 κανόνος
1692 2650 1954 2721 ῥημάτων

374 2743 810 2820 ἀντιποιούμενοι
842 2744 962 2814 (τῆς
993 2745 1102 2814 γὰρ
1137 2743 1347 2806 ἐννοίας
1390 2743 1581 2814 πόρρω
1629 2743 1954 2814 ἀποδιεστή-

377 2835 523 2903 κατι)
563 2833 865 2904 πειρῶνται
911 2834 974 2886 τὸ
1023 2835 1224 2886 οἰκεῖον
1277 2836 1544 2905 συστῆσαι
1578 2831 1811 2902 θέλημα,
1861 2834 1956 2886 καὶ

377 2923 470 2974 ἐπὶ
505 2922 563 2975 τὸ
590 2922 829 2976 ἄτακτον
857 2923 918 2976 ού
949 2922 1130 2986 καλῶς
1156 2923 1256 2993 τὴν
1288 2923 1442 2987 τάξιν
1474 2921 1953 2991 μεταϐιϐάζουσιν,

377 3014 441 3083 ἐᾷ
470 3013 566 3083 μὲν
595 3012 691 3067 νῦν
731 3015 764 3084 ἡ
803 3013 1053 3084 βασιλεία
1103 3031 1205 3084 μου
1234 3016 1335 3084 τὴν
1379 3012 1474 3066 τοῦ
1519 3013 1742 3076 κανόνος
1778 3013 1957 3084 ἐρμη-

378 3101 566 3156 νεῦσαι
597 3104 695 3155 καὶ
735 3103 1035 3173 σαφηνίσαι
1062 3103 1227 3173 ὑφὴν,
1276 3104 1483 3174 ῥᾴστην
1513 3098 1682 3156 οὖσαν
1716 3102 1956 3172 καταληο
1987 3131 2027 3184 C

377 3193 580 3264 φθῆναι
605 3195 702 3246 καὶ
734 3194 1140 3264 διαγνωσθῆναι
1176 3193 1358 3256 καλῶς
1406 3195 1518 3256 τοῖς
1548 3192 1843 3262 βάπτουσιν
1879 3194 1959 3256 εἰς

377 3288 666 3358 ἀκρίϐειαν
694 3289 790 3342 καὶ
816 3288 1112 3358 κανονικῆς
1156 3289 1366 3351 ἐννοίας
1413 3289 1788 3357 θιγγάνουσιν,
1827 3287 1962 3341 αὐτὸ

380 3377 438 3431 δὲ
460 3377 620 3432 τοῦτο
649 3381 761 3442 τοῖς
791 3378 1145 3450 ἀρχιερεῦσιν
1198 3378 1449 3448 ἐπιτιμᾷ,
1507 3377 1560 3430 τί
1610 3377 1814 3446 δήποτε
1869 3375 1962 3428 τὸν

381 3470 584 3523 κανόνα
617 3471 818 3535 εἰδότες
843 3473 937 3525 καὶ
957 3471 1027 3524 τὰ
1055 3473 1275 3541 ῥήματα
1298 3470 1490 3522 τούτου
1514 3466 1963 3538 ἐξακριϐούμενοι

385 3559 486 3630 τὴν
526 3559 736 3614 ἑαυτῶν
791 3559 1099 3631 συνείδησιν
1149 3557 1460 3626 άνευλόγως
1509 3557 1815 3628 ἐπάτησαν,
1869 3556 1964 3609 καὶ

383 3651 480 3704 τοῦ
537 3652 757 3715 κανόνος
810 3652 1338 3726 παραῤῥιπτομένου
1399 3650 1678 3721 ἠνείχοντο
1701 3648 1822 3703 ,καὶ
1866 3649 1966 3722 τὴν

348 3771 352 3780 -
387 3743 649 3813 ὑφεδρίαν
682 3745 774 3798 ἐπὶ
811 3745 922 3798 τῶν
959 3745 1090 3816 πρὶν
1134 3742 1570 3815 χαρτοφυλάκων
1615 3740 1964 3812 ὴσπάζοντος

386 3836 485 3890 καὶ
524 3836 715 3905 μισθὸν
734 3835 947 3899 τούτοις
975 3836 1073 3905 τῆς
1123 3834 1234 3888 τῶν
1291 3835 1454 3906 ἱερῶν
1514 3833 1755 3887 κανόνων
1809 3849 1966 3903 περι-

385 3927 701 3997 φρονήσεως
733 3928 834 3997 τὴν
868 3928 963 3980 ἐπὶ
994 3926 1092 3990 τὰς
1135 3925 1404 3995 λαχούσας
1433 3922 1630 3986 αὐτοὺς
1672 3920 1968 3992 ἐκκλησίας

387 4016 654 4070 ἀπέλασιν
683 4016 895 4082 δίδωσι,
925 4016 1112 4070 κανόνι
1145 4015 1437 4086 στοιχοῦσα
1460 4012 1740 4069 κάνταῦθα
1765 4011 1968 4080 ἐκκληο

386 4107 690 4178 σιαστικῷ,
746 4107 842 4160 καὶ
891 4111 1004 4171 τοῖς
1065 4108 1499 4178 περιφρονηταῖς
1559 4103 1669 4157 τῶν
1726 4102 1970 4156 κανόνων

382 4199 628 4264 ἐκείνους
683 4200 884 4264 αὐτοὺς
933 4203 1061 4264 τοὺς
1114 4201 1298 4271 ἱεροὺς
1353 4198 1584 4260 κανόνας
1623 4197 1706 4261 είς
1757 4195 1970 4266 ἄμυναν

383 4295 773 4364 ἀντεξάγουσα.
805 4296 945 4349 Οὐδέ
973 4298 1083 4367 γάρ
1126 4297 1192 4348 ἂν
1238 4296 1412 4365 ἔχοιεν
1452 4295 1633 4362 λέγειν
1661 4293 1709 4346 οἱ
1739 4292 1851 4344 τῶν
1877 4289 1968 4342 δυ-

382 4389 553 4441 τικῶν
581 4389 923 4459 προεστῶτες
955 4389 1254 4458 ἀρχιερεῖς,
1281 4388 1374 4438 ἐπὶ
1398 4387 1587 4455 χρόνον
1628 4384 1837 4454 μακρὸν
1858 4379 1968 4434 τῶν

385 4479 863 4550 ἐμπιστευθέντων
909 4480 1093 4541 αὐτοῖς
1151 4477 1226 4548 μὴ
1264 4479 1650 4544 φροντίσαντες
1699 4473 1958 4544 ποιμνίων

2077 4467 2303 4521 ovilium
2331 4483 2521 4522 curam
2555 4468 2761 4523 nullam
2801 4485 3043 4540 gessere,
3081 4487 3186 4527 nec
3217 4473 3320 4543 (uti
3359 4478 3655 4532 convenie-
3747 4528 3754 4534 .

392 4571 514 4641 μηδ’
548 4571 624 4633 ὡς
667 4572 834 4642 ἐχρῆν
861 4572 916 4623 ἐν
955 4569 1168 4630 τούτοις
1195 4567 1680 4635 ἐπιστατήσαντες,
1700 4565 1775 4627 ὠς
1801 4567 1835 4634 ἡ
1865 4568 1967 4634 τὴν

388 4662 464 4715 ’ἑω
488 4663 900 4731 κατατρέχουσα
929 4660 1037 4712 τῶν
1075 4658 1290 4728 ἐχθρῶν
1334 4657 1511 4710 λύσσα
1554 4655 1828 4726 προσέστη
1873 4655 1966 4707 καὶ

386 4755 617 4818 τούτοις,
653 4757 746 4807 καὶ
795 4753 893 4825 τὴν
935 4753 1241 4822 ἐπισκοπὴν
1287 4748 1539 4803 ἐντεῦθεν
1589 4747 1697 4801 τῶν
1731 4745 1966 4814 λογικῶν

387 4847 682 4918 προϐάτων
712 4845 1144 4916 περιηρέθησαν.
1183 4843 1292 4896 Καὶ
1323 4843 1384 4896 τὺ
1415 4843 1513 4905 μὲν
1559 4839 1731 4902 οὕτως
1764 4841 1968 4892 οἰκονο-

391 4937 562 5007 μησὲν
607 4936 761 5006 παρὰ
807 4937 905 5003 τῆς
949 4934 1225 5005 βασιλείας
1261 4951 1365 5002 μου
1411 4931 1510 5002 τὴν
1563 4932 1744 5002 κρίσιν
1785 4931 1968 4993 αὐτοῖς

388 5026 484 5080 τοῦ
512 5025 956 5094 ἀποτελέσματος
989 5041 1057 5077 πε
1068 5025 1400 5096 ριλέλοιπεν.

471 5119 624 5170 Ἐπεὶ
653 5118 710 5170 δὲ
741 5118 836 5169 καὶ
862 5117 1018 5169 τοῦτο
1053 5120 1132 5178 εἰς
1166 5117 1335 5178 άκοὲς
1367 5112 1642 5184 ἀνηνέχθη
1677 5111 1869 5180 αὐτῆς,
1896 5108 1971 5170 ὦς

385 5225 532 5270 τινες
561 5207 640 5260 τῶ
659 5207 787 5276 ντῆς
821 5207 1149 5277 Ἑκκλησίας
1173 5205 1417 5273 λογάδων
1435 5206 1493 5256 ὲν
1517 5205 1638 5264 ταῖς
1660 5203 1971 5272 γινομέναις

388 5299 592 5370 ψήφοις
646 5298 1179 5363 καταλιμπάνονται,
1232 5294 1613 5367 προτιμῶνται
1657 5293 1712 5345 δέ
1762 5291 1970 5344 τούτων

391 5393 524 5445 ἔνιοι
558 5391 964 5460 ὐποδεδηκότες
995 5392 1124 5452 ἴσως
1157 5390 1251 5442 καὶ
1289 5390 1467 5460 χρόνῳ
1513 5387 1609 5441 καὶ
1640 5384 1972 5439 καταστάσει

392 5483 508 5555 βίου
531 5485 596 5552 τῇ
615 5483 884 5554 κρείττονι
900 5483 995 5534 καὶ
1019 5480 1152 5551 μηδὲ
1175 5480 1345 5533 πολλὰ
1370 5480 1497 5550 περὶ
1521 5481 1618 5549 τῆς
1642 5475 1974 5544 Ἐκκλησίας

393 5575 752 5642 πονήσαντες,
808 5572 1008 5626 οῦκουν
1038 5571 1218 5635 ἔδοξεν
1275 5571 1586 5626 οὐδὲτοῦτο
1632 5569 1692 5622 τὺ
1744 5569 1976 5638 πρᾶγμα

395 5667 494 5734 τῆς
549 5665 702 5733 ἱερᾶς
735 5664 960 5717 συνόδου
1011 5663 1120 5716 τῶν
1158 5663 1461 5732 ἀρχιερέων
1509 5659 1753 5724 ἐπάξιον.
1808 5659 1973 5711 Ὅθεν

398 5757 492 5808 καὶ
525 5757 856 5825 ἐπισκήπτει
888 5755 1025 5806 πᾶσι
1053 5752 1317 5820 φιλοθὲως
1347 5751 1484 5820 ὁμιοῦ
1527 5751 1625 5830 καὶ
1654 5749 1968 5818 βασιλικῶς,

727 5851 764 5908 Ρ
781 5863 993 5908 triton.
1033 5851 1149 5909 Gn.
1184 5845 1377 5909 CXXV
1403 5844 1472 5902 ll.

2049 1916 2394 1986 Quaproitter
2419 1915 2680 1986 quiddam
2717 1917 2917 1972 rationi
2977 1919 3133 1975 valde
3188 1933 3623 1974 consentaneum

2048 2017 2103 2062 et
2137 2023 2353 2079 :nquum
2387 2009 2602 2063 statuit.
2649 2008 2863 2080 Quippe
2894 2011 2938 2064 si
2975 2011 3159 2066 adhuc
3203 2011 3491 2082 pontiﬁces
3523 2013 3626 2067 im-

2050 2110 2197 2154 mota
2226 2116 2335 2154 non
2367 2116 2589 2156 movere
2613 2101 2837 2168 vellent,
2876 2117 2981 2158 nec
3025 2119 3147 2172 quae
3180 2104 3436 2173 placuere
3462 2120 3631 2173 supe-

2051 2192 2216 2247 rioris
2249 2194 2528 2248 memoria:
2560 2193 2817 2248 Patribus
2845 2203 2900 2248 et
2935 2194 3184 2266 ipsismet
3219 2195 3382 2266 longo
3410 2195 3634 2251 silentio

2053 2283 2427 2355 patientiaque
2481 2286 2548 2339 ad
2589 2285 2922 2343 hodiernum
2980 2302 3158 2358 usque
3191 2287 3337 2343 diem
3373 2303 3631 2359 compro-

2056 2379 2179 2432 bata
2237 2378 2483 2443 fuerunt,
2538 2395 2603 2434 ex
2661 2381 3034 2436 inconstantia
3088 2382 3238 2437 velut
3292 2397 3632 2453 Oppugnare,

2056 2479 2203 2524 recte
2226 2469 2493 2535 facerent,
2524 2479 2580 2526 et
2611 2472 2878 2528 habendae
2911 2473 3044 2544 ipsis
3069 2474 3256 2543 gratia:
3284 2474 3453 2546 quod,
3479 2475 3634 2548 abie-

2053 2569 2142 2613 cto
2180 2562 2455 2630 pugnandi
2486 2561 2696 2628 studio,
2728 2579 2920 2633 pacem
2946 2565 3130 2634 potius
3151 2565 3394 2634 amplexi
3425 2577 3631 2624 essent.

2054 2645 2123 2699 At
2156 2661 2287 2701 vero
2310 2647 2358 2702 si
2391 2649 2613 2714 quidam
2645 2650 2826 2708 adhuc
2871 2652 3039 2707 verba
3086 2655 3315 2709 canonis
3352 2671 3634 2726 usurpan-

2059 2743 2139 2792 tes
2181 2737 2478 2810 (quandoa
2531 2743 2805 2798 sententia
2848 2743 3008 2813 longe
3072 2745 3294 2816 absunt)
3347 2746 3634 2803 libidinem

2057 2842 2209 2882 suam
2244 2831 2473 2899 prol‘are
2535 2832 2808 2899 nituntur,
2868 2834 3235 2906 ordinemque
3289 2838 3546 2908 nequiter
3579 2839 3634 2894 in

2057 2922 2442 2978 confusionem
2492 2925 2866 2982 inordinatam
2925 2938 3272 2986 commutant
3332 2949 3347 2985 :
3409 2933 3641 2988 canonis

2059 3016 2282 3086 quidem
2325 3019 2581 3090 maiestas
2636 3037 2756 3076 mea
2804 3033 3125 3078 contextum
3185 3024 3542 3096 interpretari
3574 3042 3640 3081 ac

2059 3103 2342 3160 declarare
2371 3107 2561 3171 mittit,
2603 3119 2865 3180 perceptu
2903 3120 2959 3166 et
2992 3113 3277 3168 intellectu
3311 3115 3636 3171 facillimum

2064 3189 2133 3244 iis
2155 3191 2254 3260 qui
2285 3193 2590 3250 subtilitate
2615 3207 2743 3251 sunt
2770 3198 2994 3264 imbuti,
3020 3211 3380 3271 mentemque
3411 3208 3640 3262 canonis

2062 3283 2340 3353 attingunt
2379 3302 2392 3338 :
2427 3301 2618 3340 verum
2655 3287 2760 3342 hoc
2787 3289 2840 3342 in
2861 3290 3217 3359 pontificibus
3244 3295 3638 3363 reprehendit,

2062 3373 2209 3441 quod
2235 3389 2363 3428 cum
2415 3390 2682 3430 canonem
2705 3387 2952 3445 nossent,
2973 3381 3205 3451 eiusque
3233 3382 3399 3438 verba
3439 3400 3642 3454 perac-

2066 3472 2256 3518 curate
2289 3473 2563 3530 tenerent,
2595 3481 2751 3522 suam
2782 3469 3026 3538 ipsorum
3063 3472 3460 3529 conscientiam
3486 3492 3638 3546 pra:-

2068 3564 2150 3608 ter
2175 3555 2443 3612 rationem
2471 3560 2875 3626 conculcarint,
2906 3573 2962 3618 et
2997 3565 3149 3635 rejici
3191 3580 3460 3620 canonem
3495 3569 3644 3638 passi

2065 3643 2198 3710 sint,
2233 3661 2300 3700 ac
2336 3645 2655 3704 inferiorem
2682 3649 2986 3706 sessionem
3024 3653 3129 3708 sub
3176 3656 3455 3711 memoria:
3479 3672 3646 3728 supe-

2069 3734 2234 3791 rioris
2272 3737 2624 3795 chartulariis
2681 3743 2917 3812 amplexi
2968 3743 3196 3800 fuerint.
3259 3747 3498 3818 [deoque
3542 3765 3647 3820 pro

2067 3843 2348 3884 sacrorum
2383 3845 2656 3886 canonum
2683 3837 3007 3904 contemptu
3045 3837 3353 3892 mercedem
3395 3837 3540 3894 hanc
3565 3840 3650 3897 eis

2070 3919 2351 3991 [maiestas
2371 3922 2520 3994 mea]
2553 3924 2768 3989 tribuit,
2790 3934 2851 3979 ut
2879 3941 3006 3980 suas
3034 3927 3100 3981 ad
3125 3928 3390 3982 ecclesias
3418 3929 3646 4000 abigan-

2073 4021 2197 4078 tur;
2233 4014 2596 4072 ecclesiastici
2622 4018 2852 4072 canonis
2881 4019 3046 4073 etiam
3077 4019 3180 4073 hac
3210 4019 3264 4072 in
3291 4029 3445 4089 parte
3477 4021 3646 4076 vesti-

2069 4106 2172 4174 giis
2203 4107 2481 4171 insistens,
2515 4117 2573 4162 et
2602 4109 2867 4164 adversus
2909 4125 3183 4164 canonum
3213 4119 3647 4184 contemptores,

2073 4192 2221 4256 ipsos
2246 4207 2487 4248 canones
2508 4208 2697 4249 saeros
2731 4195 2785 4249 in
2819 4195 3131 4251 subsidium
3169 4199 3498 4269 producens.
3541 4203 3654 4260 Nec

2071 4285 2218 4340 enim
2250 4285 2538 4355 pontiﬁces
2566 4287 2603 4340 ii
2626 4290 2720 4357 qui
2757 4289 3195 4347 occidentalibus
3225 4295 3476 4352 ecclesiis
3510 4313 3652 4367 [ιι-ιιι·

2074 4383 2223 4440 sunt,
2255 4382 2312 4430 et
2334 4390 2365 4429 a
2401 4377 2575 4431 multo
2601 4377 2711 4447 iam
2735 4386 2982 4448 tempore
3022 4379 3149 4435 ﬁdei
3174 4397 3286 4437 suae
3307 4384 3650 4440 creditorum

2074 4557 2188 4627 bat)
2222 4558 2290 4612 iis
2326 4559 2684 4628 praefuerunt,
2726 4561 2911 4617 dicere
2963 4572 3246 4633 poterunt,
3301 4566 3506 4620 rabiem
3559 4568 3655 4622 h0-

2075 4652 2282 4714 stilem,
2319 4669 2440 4722 quae
2490 4669 2590 4723 per
2628 4654 2898 4709 orientem
2937 4666 3186 4726 grassata
3217 4657 3343 4720 fuit,
3387 4658 3455 4712 ad
3508 4658 3655 4729 ipsos

2077 4744 2385 4814 pertigisse,
2415 4752 2579 4814 atque
2611 4745 2716 4801 hoc
2733 4748 2896 4801 modo
2920 4748 3023 4803 sibi
3048 4751 3233 4804 ovium
3266 4751 3480 4805 ratione
3514 4768 3654 4822 pra:-

2077 4835 2317 4890 ditarum
2352 4836 2746 4906 inspectionem
2781 4839 3090 4909 ademptam
3123 4857 3264 4896 esse.
3299 4843 3366 4896 Et
3395 4843 3499 4897 hoc
3533 4845 3657 4914 qui-

2078 4925 2204 4980 dem
2244 4927 2296 4980 in
2326 4928 2472 4981 hunc
2523 4929 2746 4983 modum
2800 4947 2828 4984 a
2859 4933 3142 5001 maiestate
3171 4948 3290 4986 mea
3330 4932 3657 5004 dispositum

2079 5026 2309 5070 eventus
2339 5018 2419 5072 eis
2453 5019 2718 5088 judicium
2751 5022 3032 5092 relinquit.

2151 5106 2289 5172 Quia
2320 5122 2451 5160 vero
2497 5119 2557 5162 et
2615 5111 2746 5164 illud
2785 5112 2852 5165 ad
2895 5128 3061 5168 aures
3111 5115 3231 5185 eius
3265 5115 3496 5169 relatum
3553 5124 3658 5176 est.

2081 5199 2346 5266 quosdam
2375 5200 2585 5255 scilicet
2609 5201 2865 5257 Ecclesiae
2890 5221 3150 5274 proceres
3175 5206 3406 5262 eximios
3434 5215 3663 5276 pr:eter-

2083 5290 2170 5354 iri,
2213 5307 2337 5346 cum
2363 5292 2665 5348 electiones
2710 5294 2869 5360 liunt,
2909 5297 3099 5367 eisque
3136 5299 3384 5369 prtelerri
3419 5301 3661 5354 nonnul-

2083 5383 2186 5444 los,
2217 5393 2324 5438 tam
2355 5393 2514 5440 relate
2559 5401 2729 5455 quam
2773 5389 3091 5446 conditione
3122 5393 3246 5448 vitae
3287 5392 3660 5450 melioris-in-

2085 5474 2339 5542 feriores,
2362 5477 2568 5547 quique
2596 5493 2704 5534 non
2759 5497 2984 5552 magnos
3023 5499 3122 5554 pro
3155 5485 3396 5541 Ecclesia
3441 5487 3664 5544 labores

2085 5569 2486 5633 sustinuerunt,
2525 5586 2594 5626 ne
2628 5571 2718 5626 illa
2751 5573 2973 5649 quidem
3021 5592 3109 5630 res
3138 5592 3294 5632 sacra
3334 5579 3661 5648 pontiﬁcum

2089 5659 2298 5730 synodo
2329 5661 2488 5715 nobis
2517 5661 2678 5733 digna
2734 5669 2846 5719 visa
2868 5675 2972 5720 est.
3026 5667 3376 5739 QuaprOpter
3402 5670 3666 5724 omnibus

2091 5751 2342 5821 religiose
2372 5753 2583 5822 pariter
2615 5764 2672 5811 et
2698 5756 2967 5827 imperiali
2999 5773 3126 5812 cum
3152 5761 3482 5816 auctoritate
3511 5773 3667 5812 man-

3148 5849 3221 5910 31
3446 5857 3481 5893 '
