4092 6202
517 305 621 371 971

1790 307 2053 368 ALEXII
2095 306 2440 369 COMNENI
2544 362 2571 375 ρ

3677 308 3797 372 972

518 423 634 485 dat,
657 435 728 477 ne
751 418 943 474 ludant
974 417 1026 471 in
1063 415 1290 472 minime
1318 414 1567 483 ludicris,
1607 432 1710 474 nec
1744 418 1966 475 all'ectui
2014 417 2098 471 di-

2214 421 2278 488 μὴ
2312 417 2528 482 παίζειν
2566 418 2620 470 ὲν
2651 416 2763 480 τοῖς
2788 415 2847 468 οὐ
2886 416 3155 480 παικτοῖς,
3188 416 3325 488 μηδὲ
3358 418 3522 473 πάθει
3564 422 3697 490 περὶ
3720 422 3795 475 τὰ

518 514 662 571 vinis
689 514 743 568 in
769 511 934 567 rebus
968 507 1314 580 indulgeant.
1348 509 1484 565 Nam
1509 509 1601 565 ubi
1629 511 1811 566 anima
1842 520 2094 567 versatur

519 611 573 663 in
602 604 869 677 periculo,
899 602 1060 671 cujus
1104 615 1291 670 quaeso
1337 601 1416 656 rei
1460 601 1642 671 potior
1681 601 1935 656 habenda
1960 615 2093 654 cura

518 697 636 753 est?
663 695 788 749 Illos
828 702 1010 746 autem
1036 691 1329 761 praeferant
1369 691 1514 759 aliis,
1547 702 1605 748 et
1637 692 1848 748 honore
1889 690 2093 746 suﬁ'ra-

517 790 731 861 giorum
762 784 1082 857 dignentur,
1114 798 1257 854 quos
1301 784 1578 855 inculpata
1619 786 1728 840 vita
1759 792 1959 854 praeter
1997 783 2095 837 do-

518 876 775 941 rtrinam,
829 882 1032 929 ornat:
1070 884 1167 928 aut
1199 874 1255 928 in
1300 875 1505 945 quibus
1546 874 1590 929 si
1644 874 1897 930 doctrina
1954 872 2095 928 forte

517 968 758 1033 vacillet,
792 967 937 1037 longi
971 965 1237 1036 temporis
1264 981 1419 1031 usus,
1442 965 1499 1022 et
1526 966 1683 1020 multi
1712 980 1812 1035 pro
1846 964 2098 1019 Ecclesia

522 1064 740 1118 labores
762 1060 1045 1123 exantlati,
1080 1058 1229 1129 quod
1272 1058 1447 1123 deest,
1502 1058 1782 1127 supplent.
1826 1056 1919 1112 Sic
1945 1056 2094 1110 enim

522 1154 798 1227 sull‘ragiis
820 1154 935 1209 suis
968 1161 1119 1208 recte
1140 1151 1599 1217 moderabuntur,
1625 1159 1681 1206 et
1710 1165 1741 1202 τι
1769 1151 1879 1205 Deo
1906 1150 1960 1204 in
1987 1163 2102 1202 sua:

522 1247 718 1301 animae
791 1244 1304 1302 condemnationem
1357 1242 1659 1298 sententias
1717 1241 1922 1296 dixisse
1987 1255 2098 1294 non

523 1343 845 1406 arguantur.
1228 1384 1233 1387 .
1504 1352 1505 1355 ‘

2203 510 2322 562 θεῖα
2350 507 2692 581 χαρίζεσθαι,
2733 501 2817 578 (οῦ
2848 508 2959 576 γὰρ
3006 507 3153 578 ψυχὴ
3202 509 3264 562 τὸ
3302 510 3793 581 κινδυνευόμενον,

2200 601 2344 664 τίνος
2378 600 2729 671 φροντιστέον
2767 600 3019 673 ἑτέρου;)
3064 600 3307 664 ἐκείνους
3357 598 3416 655 δὲ
3468 603 3796 674 προτιθέναι

2201 692 2309 745 τῶν
2331 691 2530 756 ἄλλων,
2563 693 2656 745 καὶ
2696 692 2794 763 τὴν
2825 694 2883 745 ἐν
2913 693 3031 756 ταῖς
3065 691 3270 763 ψήφοις
3306 694 3590 764 ἐπιτιμίαν
3631 695 3799 765 χαρί-

2205 781 2418 848 ζεσθαι,
2451 782 2546 846 οὓς
2595 781 2733 852 μετὰ
2762 782 2856 835 τοῦ
2896 781 3056 851 λόγου
3091 784 3188 837 καὶ
3220 783 3334 854 βίος
3363 786 3560 852 κοσμεῖ
3589 785 3798 838 ἀνεπί-

2204 875 2430 945 ληπτος,
2456 876 2488 947 ἦ
2514 875 2604 929 τοῦ
2634 876 2791 944 λόγου
2819 875 3114 940 σκάζοντος
3152 877 3285 939 ἴσως
3311 879 3340 930 ὁ
3361 876 3572 948 μακρὸς
3592 878 3796 948 χρόνος

2207 970 2301 1021 καὶ
2334 969 2394 1020 τὸ
2442 967 2572 1037 περὶ
2620 966 2719 1039 τὴν
2762 967 3061 1037 ἐκκλησίαν
3119 969 3421 1023 πολύπονον
3467 969 3801 1038 ὲπαναπλη-

2210 1059 2360 1129 ροῦσι
2390 1058 2450 1112 τὸ
2480 1058 2716 1122 ἐλλιπές.
2751 1057 2910 1111 Οῦτω
2940 1059 3050 1129 γὰρ
3085 1060 3151 1113 ἂν
3179 1063 3299 1122 ταῖς
3347 1060 3554 1130 ψήφοις
3607 1062 3798 1123 καλῶς

2206 1150 2564 1220 διαιτήσουσι,
2599 1152 2693 1204 καὶ
2723 1150 2819 1204 ἐπὶ⁵
2848 1151 3078 1221 κρίματι
3100 1150 3198 1221 τῆς
3233 1151 3446 1204 ἑαυτῶν
3477 1152 3660 1223 ψυχῆς
3697 1153 3798 1205 οὐκ

2211 1243 2276 1297 ἂν
2306 1244 2483 1296 ἁλοῖεν
2519 1241 2972 1314 ψηφοφοροῦντες
2999 1243 3076 1315 τῷ
3099 1242 3237 1314 Θεῷ.

2089 1469 2228 1524 XXI.

1126 1590 1264 1662 Imp.
1305 1591 1747 1646 AlexiiComneni
1776 1588 1979 1645 novella
2013 1590 2315 1644 constitutio
2343 1590 2406 1642 de
2436 1592 2736 1662 episcopatu
2778 1590 3192 1662 Soterinpoleos.

1886 1706 2011 1769 (Non
2040 1710 2207 1757 exstat
2229 1705 2380 1771 [57].)

2085 1842 2251 1898 XXil.

527 1962 656 2016 Actu
690 1958 964 2028 cujusdam
1000 1959 1185 2081 εἴησαι
1215 1957 1676 2031 Constantinopoli
1702 1968 2034 2030 congregata:
2055 1975 2151 2012 suo
2173 1960 2380 2040 .Atexio
2405 1959 2693 2025 Camneno,
2732 1981 2750 2014 ι
2783 1972 2838 2016 ut
2862 1962 3133 2017 tolleretur
3163 1960 3557 2031 offendiculum.
3594 1980 3609 2013 ι

774 2028 913 2081 stola
955 2045 986 2081 a
1059 2044 1206 2081 eone.
1243 2028 1657 2081 Chalcedonensi
1684 2029 2042 2081 metronolita.
2081 2039 2278 2081 scrmta
2327 2032 2396 2081 ad
2432 2031 2712 2081 Nicolaum
2743 2034 3042 2081 enismnum
3097 2032 3539 2081 Adriannnoleos.

774 2028 913 2083 stola
955 2045 986 2081 a
1015 2028 1206 2095 Leone,
1243 2028 1657 2084 Chalcedonensi
1684 2028 2042 2101 metropolita,
2081 2030 2278 2100 scripta
2327 2032 2396 2085 ad
2432 2031 2712 2087 Nicolaum
2743 2034 3042 2104 episcopum
3097 2028 3539 2102 Adrianepoleos.

530 2148 623 2222 (ΕΞ
649 2149 756 2222 cod.
787 2144 986 2221 coislin.
1020 2146 1241 2220 XXXV],
1276 2150 1384 2218 qui~
1398 2148 1500 2222 fuit,
1532 2146 1651 2222 olim
1693 2146 2335 2222 catechumencrum'laurw
2438 2150 2720 2212 Athanasii,
2770 2150 3035 2222 inumonje.
3061 2152 3210 2222 Atho,
3244 2152 3499 2222 ut_i_n_line
3518 2152 3759 2202 scribitur
3780 2188 3794 2200 .

590 2212 776 2259 Βιϐλίον
800 2212 894 2257 τῶν
913 2208 1279 2271 κατηχουμένων
1302 2208 1389 2257 τοῦ
1423 2211 1559 2258 ὁσίου
1584 2211 1769 2273 Πατρός
1788 2211 1925 2272 ἡμῶν
1956 2209 2108 2259 Ἀθανε

2214 2227 2255 2260 υ.
2281 2208 2720 2274 -Μοκι-ιτιιυεοκ,
2777 2213 2903 2264 Bibl.
2950 2208 3266 2276 Coislt'nu'p.
3308 2214 3434 2275 102.)

529 2332 826 2420 chtIeltth
842 2332 1038 2414 editum
1075 2334 1217 2420 circa
1245 2336 1490 2416 unionem
1529 2336 1714 2420 synodi
1763 2354 1880 2420 cum
1933 2337 2103 2420 ιτευιιε

2214 2338 2286 2393 Τὸ
2316 2342 2625 2420 ρἠμείωμᾳ
2640 2342 2705 2396 τὸ
2737 2344 2983 2420 reg-ard;-
3008 2343 3106 2420 ἐίτὶ
3158 2340 3536 2420 ςῇμπροᾷᾴσῃ
3573 2342 3793 2420 egebas;

600 2401 1034 2465 Cltalcedonensi,
1057 2411 1103 2456 et
1136 2404 1273 2456 circa
1305 2405 1448 2473 piam
1473 2401 1785 2460 sententiam
1806 2409 1869 2462 de
1902 2410 2100 2461 adora-

604 2474 744 2545 tioue
789 2480 1095 2525 sanctarum
1130 2474 1444 2545 imaginum,
1496 2478 1560 2527 ab
1611 2477 1808 2545 optimo
1845 2486 1892 2531 et
1920 2486 2103 2530 sancto

601 2543 919 2618 imperatore
942 2551 1119 2618 nostra
1140 2543 1350 2595 domino
1378 2542 1875 2618 AlexioACAomneno,
1895 2548 1983 2618 qui
2010 2562 2105 2615 per

603 2613 696 2663 Uei
728 2612 959 2678 gratiam
996 2613 1188 2680 pietate
1214 2615 1521 2684 conspicuus
1548 2615 1667 2684 fuit.

607 2875 951 2946 ltcscriptum
977 2877 1044 2931 ad
1078 2878 1360 2933 Nicolaum
1382 2880 1935 2952 Adrianopolitanum
1971 2884 2105 2939 mis-

536 2987 657 3026 sum
690 2985 719 3025 a
747 2970 949 3037 Leone,
983 2971 1078 3041 qui
1099 2970 1320 3026 dicitur
1347 2973 1697 3043 metropolita
1719 2973 2104 3039 Chalcedonis,

536 3075 733 3134 pneter
788 3063 926 3118 alios
956 3062 1010 3117 in
1039 3077 1274 3133 quorum
1303 3079 1501 3119 manus
1527 3065 1698 3132 venit,
1749 3065 1989 3122 delatum
2024 3076 2108 3122 est

534 3153 699 3209 etiam
716 3152 784 3207 ad
800 3163 1076 3223 potentem
1091 3162 1147 3209 et
1163 3164 1412 3210 sanctum
1431 3154 1818 3226 imperatorem
1832 3166 2105 3215 nostrum.

536 3243 605 3297 Et
660 3251 947 3313 postquam
1012 3243 1217 3299 lectum
1280 3245 1495 3312 fuisset,
1564 3246 1967 3317 deprehensum
2023 3260 2110 3306 est

520 3317 706 3389 multa
760 3333 964 3390 habere
1002 3335 1148 3391 circa
1183 3347 1502 3394 sanctarum
1569 3340 1870 3411 imaginum
1910 3342 2108 3398 adora-

541 3426 765 3493 tionem,
799 3437 1113 3483 sanctorum
1140 3427 1362 3484 Patrum
1381 3430 1646 3486 doctrina:
1675 3433 1972 3488 contraria.
1992 3433 2108 3501 Qua

537 3517 607 3572 de
635 3534 693 3573 re
724 3518 919 3573 oborta
959 3519 1365 3589 disputatione,
1395 3522 1664 3578 serenitas
1688 3526 1806 3595 ejus
1838 3542 1962 3581 eum
1999 3542 2108 3582 non

538 3614 824 3675 pateretur
873 3622 971 3662 eos
996 3609 1091 3677 qui
1164 3609 1217 3662 id
1269 3611 1602 3681 reperissent
1646 3620 1703 3666 et
1748 3614 2009 3685 legissent
2049 3618 2103 3670 in

2278 2412 2387 2477 τῆς
2423 2413 2690 2466 συνόδου
2727 2413 2826 2466 καὶ
2871 2413 3060 2468 αὐτοῦ
3092 2414 3198 2467 τοῦ
3220 2413 3339 2467 ἀπὸ
3399 2412 3794 2477 Χαικηδόνες

2278 2481 2536 2547 Λέοντος
2563 2482 2662 2535 καὶ
2696 2482 2939 2537 εὐσεϐεῖ
2970 2482 3269 2551 ἀποφάσει
3291 2482 3422 2548 περὶ
3464 2480 3574 2547 τῆς
3593 2499 3791 2550 προσ-

2274 2551 2611 2622 κυνήσεως
2640 2550 2760 2605 τῶν
2816 2554 3001 2622 ἁγίων
3036 2550 3286 2606 εἰκόνων
3324 2550 3481 2615 παρὰ
3510 2552 3618 2622 τοῦ
3654 2568 3793 2619 κρα-

2274 2622 2487 2674 τίστου
2520 2621 2616 2674 καὶ
2648 2622 2823 2690 ἁγίου
2859 2621 3026 2690 ήμῶν
3047 2622 3357 2688 ,ϐασιλέως
3388 2621 3589 2687 Κυροῦ
3626 2622 3791 2677 Ἀλε-

2278 2691 2414 2754 ξιόυ
2445 2690 2553 2743 τοῦ
2581 2692 2921 2759 Κομνηνοῦ,
2955 2693 3064 2746 τοῦ
3084 2693 3183 2746 καὶ
3215 2692 3307 2745 ἐπ’
3331 2691 3609 2759 εὐσεϐείᾳ
3638 2692 3790 2745 Θεοῦ

2275 2759 2467 2828 χάριτι
2495 2759 2971 2830 διαλάμψαντος.

2280 2874 2470 2949 Γραφὴ
2502 2876 2637 2947 πρὸς
2675 2876 2769 2930 τὸν
2807 2877 3322 2949 Ἀδριανουπολετην
3350 2878 3620 2932 Νικόλαον
3644 2895 3790 2948 πεμ-

2187 2967 2410 3038 ⁹ιροεῖσα
2440 2967 2595 3036 παρὰ
2617 2967 2712 3021 τοῦ
2734 2970 3177 3041 χρηματίσαντος
3202 2972 3605 3042 μητροπολιτου
3634 2972 3785 3025 Χαλ-

2209 3056 2431 3127 κηδόνος
2461 3058 2717 3122 Λέοντος,
2760 3059 2896 3128 πρὸς
2920 3062 3032 3123 τοῖς
3061 3050 3240 3124 ἄλλοις
3270 3064 3404 3132 παρ’
3431 3062 3576 3124 ὅσοις
3599 3063 3787 3131 ὲγένε-

2208 3164 2289 3209 το,
2316 3147 2553 3217 ἔφθασεν
2585 3148 2757 3203 ἐλθεῖν
2787 3148 2883 3202 καὶ
2935 3148 3076 3220 πρὸς
3095 3151 3184 3204 τὸν
3216 3153 3476 3221 κραταιὸν
3507 3153 3603 3206 καὶ
3631 3153 3790 3221 ἅγιον

2211 3242 2368 3312 ἡμῶν
2419 3241 2659 3311 βασιλέα.
2704 3244 2814 3296 Καὶ
2862 3242 3272 3311 ἀναγνωσοεῖσα
3331 3244 3532 3315 εὑρέθη
3590 3244 3789 3315 ἔχουσα

2212 3327 2471 3398 περὶτῆς
2514 3328 2625 3382 τῶν
2656 3328 2829 3399 ἁγίων
2880 3330 3106 3384 εἰκόνιον
3140 3333 3565 3403 προσκυνήσεως
3615 3333 3786 3387 πολλὰ

2212 3418 2605 3490 ἐναντιούμενα
2631 3422 2748 3480 ταῖς
2774 3420 2880 3473 τῶν
2910 3421 3081 3488 ἁγίων
3108 3422 3369 3493 Πατέρων
3396 3421 3786 3486 διδασκαλίαις.

2214 3510 2326 3562 Καὶ
2364 3509 2696 3579 ἀμφιϐολίας
2721 3511 2807 3565 διὰ
2834 3510 3003 3566 ταῦτα
3031 3514 3401 3583 ἐμπεσούσης,
3428 3517 3461 3584 ή
3487 3514 3788 3586 γαληνῶης

2217 3598 2380 3652 αὑτοῦ
2434 3601 2509 3671 μὴ
2558 3603 2861 3674 ἀνεχομένη
2895 3604 3021 3666 τοὺς
3066 3604 3422 3675 εὑρίσκοντας
3476 3607 3648 3677 αὐτὴν
3698 3608 3788 3661 καὶ

539 3696 934 3754 οίΐειιιιὶοιιιιιιιι
984 3702 1201 3765 cadere,
1238 3711 1295 3756 et
1324 3717 1353 3756 a
1407 3712 1555 3759 recta
1597 3707 1867 3762 sententia
1910 3709 2105 3773 averti,

2214 3690 2689 3760 ἀναγινώσκοντας
2729 3696 3178 3763 σκανδαλίζεσθαι
3217 3699 3313 3753 καὶ
3347 3698 3438 3752 τοῦ
3486 3700 3673 3764 εὐθέος
3701 3702 3787 3754 ἑκ-

534 3788 701 3858 jussit
748 3791 1063 3861 congregari
1110 3802 1384 3860 senatum,
1440 3809 1691 3852 sanctum
1741 3800 2109 3870 episcopalem

540 3882 813 3948 ordinem,
856 3892 911 3938 et
942 3886 1338 3941 monachorum
1388 3899 1612 3955 castum,
1655 3893 1957 3963 adesseque
2011 3910 2113 3947 au-

541 3986 749 4034 ctorem
777 3978 1059 4050 rescripti,
1090 3980 1278 4052 sicque
1307 3985 1490 4043 sedari
1530 3990 1983 4044 controversiam.
2030 3990 2112 4045 Ad

543 4067 691 4141 hunc
737 4068 960 4125 modum
1016 4073 1358 4143 congregatis
1385 4091 1449 4130 ex
1480 4088 1696 4144 senatu,
1731 4079 2113 4148 protosebasto

542 4167 599 4213 et
665 4176 862 4231 magno
925 4162 1252 4229 domestico,
1318 4166 1541 4222 sebasto
1601 4178 1657 4224 et
1714 4179 2114 4240 protostratore

544 4247 747 4303 domno
763 4248 1023 4306 Michaele
1039 4252 1203 4319 Duca,
1231 4254 1449 4311 sebasto
1463 4267 1519 4312 et
1540 4273 1737 4330 magno
1755 4260 1895 4316 duce
1913 4263 2114 4317 domno

543 4340 753 4395 Joanne
820 4342 988 4407 Duca,
1053 4345 1271 4401 sebasto
1342 4349 1547 4405 domno
1605 4350 1843 4422 Georgio
1904 4353 2112 4408 Palaeo-

546 4434 692 4502 logo,
729 4431 949 4489 sebasto
1007 4436 1211 4490 domno
1238 4439 1452 4494 Joanne
1483 4441 1773 4506 Taronita,
1819 4445 2038 4498 sebasto
2059 4455 2116 4498 et

546 4519 823 4590 logotheta
865 4522 1066 4579 domno
1125 4526 1408 4593 Michacle,
1461 4530 1680 4585 sebasto
1721 4531 1924 4587 domno
1968 4533 2114 4588 Con-

547 4611 789 4666 stantino
840 4611 1105 4680 Maniace,
1181 4616 1397 4672 Marino
1451 4619 1669 4675 sebasto
1733 4621 2113 4691 Neapolitano,

546 4702 907 4760 Constantino
939 4707 1200 4763 Umberto
1242 4709 1481 4775 sebasto,
1531 4712 1780 4767 Manuale
1836 4712 2116 4767 Philocalo

550 4796 1054 4864 protonobilissimo
1104 4800 1196 4870 qui
1244 4811 1364 4855 erat
1428 4817 1590 4871 super
1647 4803 1959 4858 caniculum
2018 4820 2115 4859 seu

548 4888 1026 4951 atramentarium.
1067 4890 1330 4945 Michaelc
1381 4892 1724 4948 nobilissimo
1778 4895 2007 4965 mystico
2061 4907 2116 4951 et

547 4981 810 5046 eparcho,
856 4980 1174 5034 Andronico
1204 4982 1711 5050 protouobilissimo
1740 4994 1795 5040 et
1838 4986 2114 5057 logotheta

549 5069 728 5124 dromi
781 5070 898 5127 sive
928 5086 1123 5127 cursus
1150 5071 1343 5139 Scleri,
1372 5073 1580 5131 lsaacio
1611 5077 2116 5145 protonobilissimo

538 5160 994 5231 Contostephano
1022 5205 1035 5227 ,
1071 5162 1348 5234 Stephano
1402 5167 1906 5236 protonobilissimo
1949 5169 2119 5226 fratre

538 5253 688 5322 pejus,
741 5251 977 5323 Georgio
1021 5258 1531 5324 protonobilissimo
1580 5260 1904 5331 Palaeologo,
1940 5261 2117 5316 Barda

552 5340 893 5395 nobilissimo
930 5340 1173 5411 lcanato,
1213 5344 1477 5400 Michaele
1517 5346 1857 5402 nobilissimo
1905 5348 2122 5401 Dalma—

554 5440 701 5496 tcno,
747 5432 956 5488 Joanne
1004 5433 1265 5490 Taronita
1327 5439 1801 5508 protocuropalata
1858 5448 1915 5493 et
1958 5454 2126 5507 super

552 5524 1072 5591 supplicationibus,
1112 5527 1377 5583 Michaele
1432 5529 1568 5599 Bury
1614 5530 2121 5599 protocuropalata,

2150 5025 2195 5083 D

2214 3786 2540 3858 τρέπεσθαι,
2580 3791 2874 3861 εὐδόκησεν
2901 3792 3257 3864 ἀθροισθῆναι
3287 3795 3386 3864 τὴν
3421 3796 3786 3866 συγκλητικὴν

2216 3879 2434 3948 βουλὴν,
2473 3882 2573 3954 τὴν
2611 3884 3006 3955 ἀρχιερατικὴν
3064 3886 3346 3956 ἁγιότητι,
3406 3887 3501 3941 καὶ
3532 3888 3654 3959 ,τὴν
3684 3890 3787 3943 τῶν

2218 3973 2466 4044 μοναχῶν
2494 3976 2787 4045 ὁμήγυριν,
2814 3978 3073 4045 παρεῖναι
3099 3976 3156 4030 δὲ
3189 3978 3285 4031 καὶ
3317 3979 3408 4035 τὸν
3446 3980 3545 4048 τῆς
3572 3981 3787 4051 γραφῆς

2216 4068 2408 4131 αἴτιον,
2452 4067 2548 4121 καὶ
2586 4067 2731 4121 οῦτω
2763 4069 2952 4122 πᾶσανΔ
2975 4069 3307 4140 ἀμφιϐολίαν
3354 4071 3602 4141 λυθῆναι.
3635 4072 3788 4128 Κατὰ

2215 4157 2348 4226 γοῦν
2388 4158 2562 4213 ταῦτα
2597 4159 2992 4230 ἀθροισθέντων
3025 4162 3134 4215 ἀπὸ
3168 4163 3268 4233 μὲν
3311 4163 3622 4234 συγκλήτου
3668 4163 3788 4233 βου-

2217 4250 2335 4319 λῆς,
2390 4251 2485 4303 τοῦ
2537 4252 2992 4321 πρωτοσεὸαστοῦ
3031 4255 3125 4307 καὶ
3157 4254 3396 4325 μεγάλου
3446 4255 3785 4326 δομεστίκου,

2215 4338 2311 4391 τοῦ
2362 4338 2627 4392 σεϐαστοῦ
2680 4340 2776 4394 καὶ
2810 4344 3312 4413 πρωτοστράτωρος
3356 4342 3526 4414 κυροῦ
3569 4342 3787 4413 Μιχαὴλ

2215 4428 2310 4483 τοῦ
2337 4431 2538 4494 Δούκα,
2571 4431 2667 4485 τοῦ
2699 4432 2962 4487 σεδαστοῦ
2996 4437 3090 4488 καὶ
3124 4435 3360 4504 μεγάλου
3389 4434 3577 4497 δουκδς
3620 4432 3787 4504 κυροῦ

2232 4521 2476 4575 Ἰωάννου
2502 4522 2595 4577 τοῦ
2626 4522 2828 4588 Δούκα,
2857 4521 2952 4578 τοῦ
3001 4524 3265 4579 σεϐαστοῦ
3302 4525 3471 4595 κυροῦ
3516 4523 3788 4595 Γεωργίου

2217 4611 2310 4665 τοῦ
2343 4613 2733 4683 Παλαιολόγου,
2762 4615 2856 4669 τοῦ
2891 4614 3158 4670 σεϐαστοῦ
3196 4615 3364 4688 κυροῦ
3391 4615 3641 4673 Ἰωάννου
3693 4610 3788 4667 τοῦ

2219 4707 2552 4779 Ταρωνίτου,
2587 4708 2681 4761 τοῦ
2718 4709 2982 4763 σεϐαστοῦ
3030 4710 3126 4763 καὶ
3155 4708 3440 4778 λογοθέτου
3486 4704 3654 4777 κυροῦ
3684 4705 3791 4758 Μι-

2218 4798 2380 4867 χαὴλ,
2414 4799 2507 4852 τοῦ
2542 4798 2809 4852 σεδαστοῦ
2861 4800 3031 4870 κυροῦ
3065 4798 3479 4853 Κωνσταντίνου
3533 4795 3631 4849 τοῦ
3670 4796 3794 4850 Μαι-

2220 4892 2400 4963 νιάκη.
2432 4894 2678 4963 Μαρίνου
2715 4893 2977 4947 σεϐαστοῦ
3003 4892 3098 4946 τοῦ
3119 4892 3481 4956 Νεαπολίτου,
3502 4891 3794 4944 Κωνσταν-

2221 4983 2368 5035 τίνου
2405 4981 2668 5035 σεδαστοῦ
2696 4981 2790 5035 τοῦ
2822 4981 3170 5053 Οὐμπέρτου,
3212 4980 3471 5052 Μανουὴλ
3500 4994 3791 5051 πρωτονω·

2227 5072 2540 5144 ϐελλισιμου
2589 5075 2683 5128 καὶ
2709 5075 2801 5128 ἐπὶ
2830 5075 2924 5128 τοῦ
2962 5073 3274 5129 κανικλείου
3323 5072 3416 5127 τοῦ
3473 5070 3791 5133 Φιλοκάλου,

2226 5164 2446 5235 Μιχαὴλ
2487 5164 2876 5235 νωϐελλισίμου
2913 5164 3178 5234 μυστικοῦ
3208 5164 3306 5218 καὶ
3357 5163 3626 5234 ἐπάρχου,
3672 5164 3794 5216 ’Δνο

2224 5255 2471 5325 δρονίκου
2500 5257 3076 5329 πρωτονωόελλισίμου
3109 5259 3204 5311 καὶ
3230 5256 3512 5325 λογοθέτου
3544 5253 3638 5309 τοῦ
3671 5252 3796 5325 δρό-

2226 5365 2327 5417 μου
2356 5347 2450 5401 τοῦ
2488 5348 2747 5419 σκληροῦ,
2796 5350 3066 5404 Ἰσιακίου
3100 5346 3680 5420 πρωτονωὸελλισῐμου
3701 5342 3792 5396 τοῦ

2224 5439 2689 5506 Κοντοστεφάνου,
2746 5440 3019 5510 Στεφάνου
3073 5438 3652 5514 πρωτονωόελλισίμου
3700 5432 3791 5488 τοῦ

2224 5530 2556 5601 αὐταδέλφου
2578 5531 2768 5599 αὑτοῦ,
2787 5534 3059 5605 Γεωργιῖου
3092 5529 3669 5605 πρωτονωὸελλισίμου
3698 5523 3791 5579 τοῦ

626 5708 736 5780 ιῦῗ)
771 5709 1044 5783 Laudatur
1072 5713 1137 5770 ad
1175 5712 1430 5782 Disposit.
1463 5714 1709 5770 tlu'onor.
1748 5714 1798 5770 in
1823 5715 1960 5771 Coll.
1990 5730 2109 5770 can.
2137 5714 2226 5770 ed.
2253 5714 2452 5784 lthalli,
2487 5716 2547 5785 V,
2572 5730 2624 5785 ι).
2662 5716 2784 5783 493,
2822 5725 2935 5770 not.
