4104 6200
406 331 513 398 973

1469 332 1832 395 ΝΟνΕιιΑῑ
1873 329 2554 392 CONSTITU'I‘IONES.

3549 341 3655 403 974

407 451 803 518 Παλαιολόγου,
857 450 1036 515 Βάρδα
1085 450 1476 521 νω6ε).λισίμου
1533 451 1627 503 τοῦ
1681 450 1975 511 Ἰκανάτου,

2094 447 2446 502 Constantino
2495 446 2818 503 Catacalonc
2872 450 3371 520 protocuropalata,
3432 453 3658 510 Nicolao

406 542 627 613 Μιχαὴλ
693 540 1087 612 νωϐελλισίμου
1145 543 1240 595 τοῦ
1291 543 1667 612 Δαλματηνοῦ,
1734 541 1980 594 Ἰωάννου

407 631 1000 701 πρωτοκουροπαλάτου
1022 634 1117 686 καὶ
1148 634 1240 686 ἐπὶ
1268 633 1375 686 τῶν
1408 634 1647 701 δεήσεων
1673 631 1765 683 τοῦ
1785 631 1979 699 Ταρω-

415 723 572 786 limo,
598 723 817 791 Μιχαὴλ
847 726 1443 794 πρωτοκουροπαλάτου
1469 723 1563 777 τοῦ
1591 723 1815 793 Βαρέος,
1835 725 1985 777 Κων-

404 815 687 868 σταντίνου
718 816 1315 885 πρωτοκουροπαλάτου
1354 817 1447 869 τοῦ
1492 814 1856 877 Κατακαλὼν,
1886 816 1982 869 Νι-

402 903 600 956 κολάου
632 905 1087 973 πρωτοπροέδρου
1130 909 1231 974 τῆς
1252 905 1569 976 συγκλήτου
1602 905 1696 958 καὶ
1737 906 1978 974 μεγάλου

400 994 776 1064 Δρουγγαρίου
808 995 906 1063 τῆς
955 995 1153 1062 Βίγλας
1179 996 1273 1048 τοῦ
1303 996 1710 1066 Μερμεντόλου,
1766 997 1982 1066 Ῥωμα-

400 1086 494 1139 νοῦ
520 1086 931 1158 κουροπαλάτου
958 1087 1054 1139 τοῦ
1089 1089 1207 1141 υἱοῦ
1242 1088 1336 1141 τοῦ
1366 1088 1758 1157 Παλαιοὶόγου,
1801 1089 1982 1142 Ἰωάν-

402 1194 495 1229 νου
554 1177 965 1245 κουροπαλάτου
1018 1176 1114 1229 τοῦ
1174 1177 1498 1248 Συναδηνοῦ,
1565 1178 1981 1231 Κωνσταντίνου

403 1268 810 1337 κουροπαλάτου
840 1269 935 1321 καὶ
961 1269 1198 1338 μεγάλου
1229 1269 1610 1338 ἑταιρειάρχου
1639 1268 1732 1321 τοῦ
1778 1267 1984 1321 Ἀντιό-

404 1375 521 1427 χου,
550 1358 644 1412 τοῦ
673 1359 1083 1426 κουροπαλάτου
1113 1360 1386 1430 Εὑθυμίου
1411 1361 1508 1412 καὶ
1524 1359 1737 1429 κριτοῦ,
1761 1359 1982 1429 Μιχαὴλ

405 1446 817 1517 κουροπαλὰτου
839 1448 932 1501 τοῦ
966 1450 1234 1520 Σκληροῦ,
1265 1449 1678 1504 Κωνσταντίνου
1704 1466 1980 1519 κουροπα-

404 1540 568 1592 λάτου
594 1536 689 1591 τοῦ
733 1538 982 1604 Ἱκέτου,
1013 1543 1428 1596 Κωνσταντίνου
1456 1541 1863 1613 κουροπαλάτου
1886 1541 1981 1593 τοῦ

403 1630 858 1699 χοιροσφακέλου,
914 1632 1173 1684 Τατικεου
1197 1633 1655 1703 πρωτοπροέδρου
1680 1632 1776 1687 καὶ⁸
1806 1632 1983 1702 μεγά-

401 1721 494 1773 λου
550 1722 915 1791 πριμικηρίου
959 1723 1080 1786 ,τῶν
1143 1723 1252 1777 ἔσω
1304 1724 1664 1797 βεστιαριτῶν
1691 1766 1706 1778 .
1742 1764 1755 1778 .
1786 1763 1801 1779 .
1831 1762 1848 1781 .
1884 1723 1981 1777 τοῦ

401 1812 521 1865 υἱοῦ
538 1783 632 1865 τοῦ
652 1783 1059 1883 Ἰαρχανιώτου,
1080 1783 1358 1885 Θεοδώρου
1393 1783 1853 1887 πρωτοπροέδρου
1885 1816 1980 1869 καὶ
2017 1783 2055 1838 Β

403 1906 612 1958 ὑπάτου
661 1905 770 1959 τῶν
827 1906 1133 1975 φιλοσόφων
1186 1907 1281 1961 τοῦ
1336 1909 1669 1979 Σμυρναίου,
1704 1908 1977 1979 Ιέωργίου

403 1997 851 2067 πρωτοπροέδρου
878 2000 973 2052 τοῦ
998 2000 1290 2070 Μαγγάνη,
1324 2001 1600 2070 Γεωργίου
1628 2002 1980 2072 πρωτοπροέ-

400 2087 528 2158 δρου
559 2088 654 2141 τοῦ
700 2090 999 2163 Βασιλάκη,
1045 2092 1462 2145 Κωνσταντινου
1521 2093 1977 2164 πρωτοπροέδρου

401 2177 497 2230 τοῦ
532 2179 726 2245 “arceo,
758 2182 972 2251 Νικὴτα
1004 2182 1455 2252 πρωτοπροέδρου
1480 2182 1577 2236 τοῦ
1629 2182 1976 2250 Κασταμονί-

400 2284 516 2333 του,
544 2271 791 2325 Ἰωάννου
823 2273 1089 2343 προέδρου
1113 2274 1206 2325 ml.
1231 2273 1648 2343 γραμματικοῦ,
1683 2273 1969 2327 Βασιλείου

404 2361 666 2431 προέδρου
699 2364 792 2415 τοῦ
826 2365 1062 2435 Μιίρου,
1103 2366 1321 2435 Μιχαὴλ
1353 2365 1617 2437 προέδρου
1657 2368 1750 2419 καὶ
1783 2363 1971 2438 κριτοῦ

2086 539 2443 592 Mermentolo
2472 540 2870 609 protoprocdro
2900 550 3123 597 senatus
3174 553 3227 598 ct
3265 557 3461 616 magno
3486 545 3660 600 drun—

2084 631 2237 700 gario
2291 630 2508 699 vigiliae.
2565 632 2813 686 Romano
2858 633 3175 701 curopalata
3208 634 3494 705 Palmologi
3523 638 3656 700 lilio,

2083 721 2291 776 Joanne
2323 722 2616 793 Synadcno
2669 725 3008 793 curopalata,
3041 724 3401 801 Constantino
3424 744 3658 798 europa-

2086 813 2194 868 lata
2247 822 2302 868 et
2355 830 2553 884 magno
2617 816 2978 871 hetmriarcha
3026 818 3307 880 Antiochi,
3367 820 3661 889 Euthymio

2085 906 2401 974 curopalala
2455 918 2513 960 ct
2553 907 2758 976 judice,
2798 907 3058 963 Michaele
3108 910 3426 979 curopalata
3464 910 3658 974 Scleri,

2084 995 2443 1051 Constantino
2493 999 2808 1068 curopalata
2860 999 3079 1065 Jasilae,
3130 1000 3493 1056 Constantino
3562 1016 3660 1055 cu-

2086 1089 2332 1159 ropalala
2384 1087 2854 1159 Chaerosphaceli,
2892 1091 3103 1145 Taticio
3153 1092 3572 1162 protoproedro,
3605 1100 3662 1147 et

2086 1195 2283 1250 magno
2308 1181 2626 1249 primicerio
2657 1183 3064 1238 vestiaritarum
3116 1184 3512 1239 interiorum...
3549 1184 3661 1238 [ilio

2085 1271 2488 1337 Tarchmiotae,
2522 1272 2812 1327 Theodoro
2850 1274 3131 1345 Smyrnaea
3183 1276 3579 1346 protOproedro
3607 1282 3664 1329 et

2085 1361 2313 1415 consule
2336 1362 2814 1432 philosophorum,
2837 1365 3071 1436 Georgio
3089 1367 3488 1437 prot0proedro
3508 1367 3661 1420 Man-

2086 1466 2244 1521 gane,
2284 1448 2521 1521 Georgio
2555 1455 2954 1522 protoproedro
2997 1456 3273 1520 Basilacaa,
3301 1455 3662 1511 Constantino

2087 1543 2487 1613 protOproedro
2538 1542 2662 1613 Opi,
2720 1545 2910 1600 Niceta
2946 1547 3346 1616 protOproedro
3376 1547 3661 1602 Castamo-

2086 1634 2237 1699 nitze,
2272 1635 2480 1691 Joanne
2507 1636 2745 1706 proedro
2776 1646 2835 1693 et
2867 1640 3246 1708 grammatico,
3280 1639 3481 1694 Basilio
3505 1654 3665 1708 proc-

2085 1726 2186 1783 dro
2215 1727 2386 1789 Matri.
2430 1728 2696 1785 Michaele
2752 1730 3056 1785 Autoriano
3113 1730 3348 1800 proedro
3380 1738 3436 1787 et
3476 1729 3664 1799 judice

2088 1820 2469 1889 Hippodromi,
2522 1822 2787 1892 Gregorio
2837 1823 3073 1892 proedro
3107 1823 3371 1887 Aristeni,
3431 1821 3665 1893 Georgio

2086 1912 2323 1981 proedro
2364 1911 2582 1982 Pyrrhi,
2625 1913 2888 1968 Michaele
2946 1914 3181 1982 proedro
3228 1924 3284 1968 et
3348 1912 3665 1982 primieerio

2086 2004 2494 2058 vestiaritarum
2545 2006 2884 2060 exteriorum
2922 2006 3200 2070 Antiochi,
3242 2005 3532 2060 Eustathio
3560 2004 3664 2060 Ca-

2090 2104 2267 2167 mytze
2290 2097 2528 2166 proedro
2551 2105 2607 2153 et
2624 2097 2959 2153 chartulario
2981 2099 3203 2162 stabuli,
3220 2099 3422 2154 Basilio
3448 2106 3675 2157 rectore,

2084 2194 2141 2243 et
2184 2186 2346 2255 Papia
2370 2187 2820 2252 Blachernarum,
2864 2189 3076 2244 Joanne
3102 2190 3395 2244 scutariate
3424 2198 3661 2249 rectore.

2089 2274 2384 2332 Theodoro
2418 2288 2636 2333 rectore
2666 2279 3054 2351 Pepagomeni,
3085 2280 3270 2335 Leone
3294 2279 3585 2335 vestarcho
3611 2286 3668 2341 et

2082 2370 2460 2436 grammatico,
2491 2369 2759 2424 Michaele
2798 2371 3179 2441 opheomacho
3209 2371 3519 2427 vestarcho.

421 2459 785 2529 ’ἱπποδρόμου
819 2460 914 2513 τοῦ
968 2461 1341 2532 Λύτωριανοῦ,
1380 2463 1689 2532 Γρηγορξου
1725 2462 1993 2533 προέδρου
2034 2463 2129 2515 τοῦ
2205 2465 2549 2535 Ἀριστηνοῦ,
2600 2466 2874 2536 Γεωργῐου
2926 2468 3192 2536 προέδρου
3281 2468 3377 2520 τοῦ
3425 2466 3665 2539 Πυρῤοὖ,

402 2550 624 2621 Μιχαὴλ
657 2553 919 2622 προέδρου
960 2556 1054 2606 καὶ
1089 2552 1456 2625 πριμικηρίου
1489 2553 1599 2605 τῶν
1632 2552 1737 2617 ἔξω
1766 2552 2131 2623 βεστιαριτῶν
2197 2555 2293 2607 τοῦ
2368 2557 2665 2626 Ἀντιόχου,
2722 2558 3021 2611 Εὑσταθιου
3062 2559 3326 2629 προέδρου
3394 2559 3488 2612 καὶ
3530 2577 3668 2630 χαρ-

402 2650 689 2720 τουλαρίου
745 2649 836 2701 τοῦ
919 2651 1152 2702 σταύλου
1207 2648 1317 2702 τῶν
1369 2647 1639 2718 Καμύτζη
1663 2688 1677 2714 ,
1733 2648 2017 2702 Βασιλεεου
2070 2648 2406 2722 Ῥαίκτωρος
2475 2653 2571 2706 καὶ
2614 2653 2820 2705 παπίου
2856 2652 2963 2707 τῶν
3014 2653 3352 2724 Βλαχερνῶν,
3420 2654 3668 2709 Ἰωάννου

417 2740 749 2813 Ῥαίκιωρος
778 2742 871 2794 τοῦ
899 2743 1320 2813 σκουταριάτου,
1342 2741 1621 2813 Θεοδώρου
1648 2742 1983 2811 Ῥαίκτωρος
2020 2743 2114 2797 τοῦ
2180 2745 2612 2814 Πεπαγωμένου,
2684 2746 2912 2810 Λέοντος
2944 2746 3244 2817 βεστάρχου
3276 2747 3369 2800 καὶ
3402 2761 3669 2817 γραμμαρ

402 2838 579 2901 τικοῦ,
604 2835 825 2905 Μιχαὴλ
849 2834 1148 2906 βεστάρχου
1181 2836 1273 2889 καί
1294 2833 1684 2905 γραμματικοῦ
1719 2832 1813 2886 τοῦ
1850 2835 2233 2906 Ὀφεωμάχου.

487 2932 623 2986 Ἀπὸ
653 2933 708 2985 δὲ
742 2931 836 2983 τοῦ
862 2930 1252 3002 ἀρχιερατικοῦ
1292 2931 1598 3000 καταλόγου
1633 2929 1970 2999 θεοιριλσεστά⁸

405 3044 513 3080 των
565 3023 1007 3095 μητροπολιτῶν,
1062 3023 1256 3092 Κοτμᾶ
1285 3024 1625 3093 Καισαρείας
1681 3021 1984 3075 Καππαδο-

408 3118 534 3180 κὶας
558 3134 654 3170 του
690 3115 1093 3187 πρωτοθρόνου,
1130 3117 1545 3172 Κωνσταντίνου
1593 3116 1985 3187 Νικομηδείας,

334 3264 353 3269 _
419 3205 664 3261 Ἰωάννου
698 3206 879 3278 Σίδης,
929 3207 1343 3261 Κωνσταντίνου
1379 3208 1626 3273 Τυάνων,
1665 3207 1986 3277 Νικηφόρου

403 3299 684 3369 Γάγγρας,
715 3299 1006 3353 Θεοδούλου
1054 3298 1480 3368 Θεσσαλονίκης,
1527 3298 1774 3352 Ἰωάννου
1805 3298 1987 3350 Κλαυ-

403 3389 755 3453 διουπόλεως,
793 3388 1094 3461 Γρηγορίου
1126 3388 1575 3457 Νεοκαισαρείας,
1608 3386 1826 3456 Μιχαὴλ
1846 3386 1987 3438 Λαο-

407 3482 637 3548 δικείας,
671 3481 964 3534 Εὐσταθίου
1006 3480 1230 3535 Ἰκονίου
1256 3520 1271 3543 ,
1301 3481 1516 3549 Νικήτα
1549 3479 1821 3541 Συνάδων,
1855 3478 1990 3547 Σερ-

407 3576 527 3642 γίου
576 3574 866 3645 Κορίνθου,
921 3575 1135 3645 Νικήτα
1175 3571 1440 3640 Ἀθηνῶν,
1478 3571 1684 3640 Πέτρου
1733 3568 1986 3637 Πατρῶν,

408 3666 692 3720 Βασιλείου
722 3664 1023 3737 Λαρίσσης,
1077 3664 1294 3734 Νικήτα
1321 3663 1658 3732 Μιτυλήνης,
1702 3658 1989 3714 Βασιλείου

408 3757 709 3827 ἱσὶὺχαῖτων,
736 3758 962 3828 Μιχαὴλ
996 3754 1525 3827 Πομπηϊουπόλεως,
1554 3752 1774 3824 Μιχαὴλ
1802 3751 1989 3817 Αἴνου,

410 3848 679 3902 Νικολάου
705 3848 1023 3918 Κερκύρας,
1075 3847 1170 3900 τοῦ
1202 3845 1576 3916 αὑτοκεφάλου
1633 3845 1988 3916 ἁρχιεπισκὸ-

410 3957 511 3994 που
543 3943 642 4011 τῆς
671 3940 933 4011 Κυπρίων
963 3941 1153 4011 νήσου,
1184 3940 1280 3993 καὶ
1311 3939 1515 4009 ἑτέρων
1538 3936 1991 4008 ἀρχιεπισκόπων

408 4032 516 4085 τῶν
549 4031 925 4103 ὑποκειμένων
948 4031 1025 4101 τῷ
1049 4024 1224 4101 θρόνῳ
1247 4029 1342 4083 τοῦ
1365 4030 1435 4099 ἀγ
1445 4029 1673 4082 ιωτάτου
1701 4029 1792 4082 καὶ⁹
1820 4032 1994 4081 οἰκου-

414 4124 639 4194 μενικοῦ
673 4124 1040 4195 πατριάρχου,
1076 4125 1306 4185 Λέοντος
1327 4123 1548 4193 Βιζύης,
1594 4121 1839 4175 Ἰωάννου
1872 4122 1993 4174 Κα-

417 4214 703 4284 ραδιζύης,
734 4215 1013 4290 Θεοδώρου
1060 4214 1369 4286 Χερσῶνος,
1415 4214 1508 4268 καὶ
1544 4211 1857 4267 ἐπισκόπων
1887 4212 1995 4265 τῶν

417 4306 523 4358 imo
549 4306 639 4359 τὸν
664 4308 850 4377 θρόνον
885 4306 1187 4362 τελούντων
1211 4306 1306 4360 τοῦ
1351 4304 1492 4359 κατὰ
1515 4306 1612 4371 τὴν
1640 4303 1867 4374 Κύπρον
1897 4303 1997 4370 ἀρ-

415 4396 777 4464 χιεπισκόπου
801 4415 813 4428 ·
848 4398 942 4451 καὶ
994 4398 1104 4450 ἀπὸ
1135 4396 1229 4449 τοῦ
1283 4393 1741 4465 ὲκκλησιαστικοῦ
1772 4390 1995 4461 πληρώο

421 4504 616 4557 ματος,
651 4489 969 4560 Νικηφόρου
1002 4489 1255 4542 διακόνου
1279 4488 1371 4540 τοῦ
1404 4488 1691 4555 γεγονότος
1724 4483 2000 4555 χαρτοφύ-

415 4581 606 4645 λακος,
639 4581 845 4652 Πέτρου
887 4581 1137 4634 διακόνου
1165 4581 1259 4633 καὶ
1286 4576 1698 4650 χαρτοφύλακος
1718 4618 1732 4642 ,
1780 4575 2000 4645 Νικήτα

2166 2934 2245 2989 Ex
2294 2934 2540 3004 catalogo
2612 2936 3067 3007 archiepiscopali
3135 2938 3674 3009 religiosissimorum

2093 3026 2596 3097 metropolitarum,
2626 3026 2821 3082 Cosma
2852 3028 3113 3083 Caesarea:
3142 3028 3499 3098 Cappadociae
3544 3042 3677 3097 prc-

2095 3118 2354 3172 tothrono
2413 3117 2529 3173 sive
2582 3118 2836 3188 primate,
2893 3117 3258 3174 Constantino
3312 3118 3666 3185 Nicomedia;

2092 3209 2304 3264 Joanne
2338 3207 2518 3273 Sides,
2574 3208 2937 3263 Constantino
2978 3209 3313 3279 Tyanorum,
3365 3211 3675 3278 Ncephoro

2091 3296 2342 3366 Gangrte,
2377 3296 2665 3351 Thcodulo
2708 3297 3131 3359 Thessalonicae,
3162 3297 3372 3352 Joanne
3413 3298 3674 3352 Claudio-

2094 3389 2257 3458 polis,
2297 3388 2564 3457 Gregorio
2606 3388 2995 3451 Neocaasareee,
3048 3389 3313 3444 Michaele
3361 3388 3670 3452 Laodiceae,

2093 3477 2382 3533 Eustathio
2427 3476 2621 3543 lconii,
2664 3477 2852 3531 Niceta
2924 3476 3290 3548 Synadorum,
3333 3477 3525 3548 Sergio
3565 3478 3677 3533 Co-

2094 3565 2287 3629 rinthi,
2327 3565 2518 3635 Niceta
2545 3566 2905 3632 Athenarum,
2935 3565 3105 3620 Petro
3135 3567 3443 3632 Patrarum,
3473 3567 3675 3621 Basilio

2094 3661 2343 3724 Larissae,
2366 3659 2555 3715 Niceta
2577 3658 2869 3731 Mitylenaa,
2900 3659 3101 3715 Basilio
3131 3659 3544 3726 Euchaitarum,
3570 3660 3672 3714 Mi-

2095 3752 2284 3807 chaele
2309 3751 2734 3821 Pompeiopoiis,
2779 3750 3046 3807 Michaele
3092 3750 3239 3816 Eni,
3283 3751 3506 3807 Nicolao
3535 3751 3675 3807 Cor-

2096 3858 2259 3915 cyras,
2287 3844 2704 3913 archiepiscopo
2745 3846 2981 3912 primate
3020 3843 3188 3917 Cypri
3221 3845 3433 3908 insulae,
3466 3852 3522 3897 et
3553 3844 3678 3897 ali's

2097 3936 2527 4006 archiepiscopis
2563 3937 2802 3992 subditis
2836 3939 3036 3994 throno
3081 3937 3408 3992 sanctissimi
3434 3945 3491 3991 et
3523 3950 3645 3992 meo

2099 4030 2298 4084 menici
2344 4029 2690 4099 patriarchae,
2753 4030 2937 4105 Leone
3002 4030 3214 4100 Bizyes,
3268 4029 3681 4083 Joanne.Cara-

2099 4120 2306 4191 bizyes,
2338 4121 2635 4176 Theodoro
2662 4121 2988 4184 Chersonis,
3024 4130 3079 4174 et
3110 4120 3387 4190 episcOpis
3427 4121 3521 4189 qui
3546 4132 3678 4177 sunt

2099 4209 2203 4265 sub
2230 4209 2432 4263 throno
2450 4209 2852 4278 archiepiscOpi
2876 4209 3096 4280 Cyprii;
3127 4218 3183 4263 et
3207 4211 3275 4263 ab
3302 4210 3676 4265 ecclesiastica

2101 4295 2446 4359 plenitudine
2503 4312 2600 4352 seu
2651 4297 2867 4362 ordine,
2895 4299 3208 4368 Nicephoro
3257 4301 3513 4367 diacono,
3546 4303 3675 4356 olim

2102 4387 2545 4459 charlophylace,
2586 4390 2750 4444 Petro
2818 4390 3049 4445 diacono
3110 4401 3167 4447 et
3232 4393 3674 4464 chartophylace,

2102 4478 2290 4532 Niceta
2324 4478 2554 4534 diacono
2587 4490 2643 4535 et
2668 4480 3061 4545 referendario,
3098 4483 3300 4537 Basilio
3346 4485 3580 4539 diacono
3622 4495 3677 4539 et

2104 4585 2134 4623 a
2180 4571 2612 4637 commentariis,
2683 4572 2971 4627 Eustathio
3029 4573 3261 4628 diacono
3331 4583 3388 4629 et
3428 4574 3678 4633 doctore,

411 4672 657 4725 διακόνου
691 4673 786 4725 καὶ
812 4671 1285 4742 ῥαιφερενδαρίου,
1319 4669 1602 4722 Βασιλείου
1624 4669 1874 4721 διακόνου
1902 4667 1989 4720 καὶ

2109 4659 2321 4715 Joanne
2372 4661 2604 4727 Metam,
2652 4663 3030 4733 Euphemiano
3094 4664 3406 4733 primicerio
3451 4664 3683 4734 patriar-

414 4761 1016 4835 ὑπομνηματογράφου,
1076 4763 1379 4818 Εὑσταθίου
1414 4761 1662 4814 διακόνου
1702 4761 1797 4812 καὶ
1843 4758 1991 4811 διδα-

417 4856 637 4919 σκάλου,
714 4858 965 4911 Ἰωάννου
1018 4857 1110 4910 τοῦ
1175 4854 1420 4921 Μεταξᾶ,
1487 4850 1841 4924 Εὑφημιανιιῦ
1895 4847 1991 4902 τοῦ

2111 4753 2350 4807 chalium
2411 4755 2778 4819 notariorum,
2834 4757 3192 4826 Theophane,
3252 4756 3460 4819 Niceta,
3518 4756 3683 4809 Nice-

2101 4846 2297 4916 phoro,
2335 4845 2516 4902 Leone
2556 4858 2611 4901 et
2655 4848 2843 4903 Niccta
2903 4846 3360 4918 patriarchalihus
3423 4851 3674 4904 notariis.

417 4952 785 5021 πριμικηρὶου
826 4954 935 5006 τῶν
992 4952 1413 5025 πατριαρχικῶν
1470 4950 1735 5022 νοταρίων
1815 4946 2147 5015 Θεοφάνους,
2214 4946 2449 5017 Νικὴτα,
2520 4947 2861 5020 Νικηφόρου,
2926 4948 3170 5014 Λέοντος,
3203 4951 3299 5002 καὶ
3328 4951 3541 5020 Nini,”
3571 4954 3677 5003 τῶν

419 5050 839 5119 πατριαρχικῶν
868 5052 1155 5119 νοταρίων.

499 5145 635 5197 ’Λπδ
669 5145 724 5197 δὲ
757 5146 852 5199 τοῦ
890 5146 1187 5217 μοναχικοῦ
1217 5147 1497 5213 συλλόγου,
1540 5144 1789 5197 Ἰωάννου
1826 5158 1997 5212 μονα-

422 5234 517 5303 χοῦ
554 5239 646 5288 καὶ
674 5237 1090 5307 καθηγουμένου
1114 5239 1212 5307 τῆς
1252 5238 1420 5309 μονῆς
1455 5237 1562 5290 τῶν
1606 5234 1878 5296 Στουδίου,
1902 5233 1997 5287 τοῦ

424 5328 729 5397 ἡγουμένου
757 5330 858 5397 τῆς
891 5332 1056 5399 μονῆς
1088 5331 1181 5383 τοῦ
1221 5316 1379 5398 ἁγίου
1433 5329 1729 5399 Διομήδους
1769 5328 2000 5380 Ἀθανα-

429 5416 543 5469 σίου
575 5418 669 5470 τοῦ
689 5420 1132 5485 παναγιωτάτου,
1181 5421 1428 5474 Ἰωάννου
1470 5420 1562 5472 τοῦ
1588 5419 2002 5486 καθηγουμένου

424 5508 526 5578 τῆς
556 5510 653 5563 τοῦ
689 5512 1017 5565 Πολυελαίου
1054 5512 1220 5581 μονῆς
1252 5514 1346 5566 τοῦ
1403 5514 1494 5565 ἐπὶ
1528 5511 1620 5564 τοῦ
1657 5510 2006 5568 Κανικλείου,

429 5600 706 5671 Γεωργίου
758 5602 1173 5674 καθηγουμένου
1210 5605 1307 5672 τῆς
1349 5604 1517 5672 μονῆς
1577 5602 1670 5654 τοῦ
1710 5602 2013 5668 Ἀκαταλὴ-

2179 5141 2255 5194 Ex
2302 5140 2604 5193 monastico
2653 5149 2821 5199 cu‘tu,
2858 5139 3065 5194 Joanne
3106 5137 3374 5194 monacho
3403 5152 3457 5193 et
3490 5143 3676 5197 callic-

2111 5247 2346 5302 gumeno
2392 5229 2712 5283 monasterii
2767 5229 3339 5290 Stmlii,sanctissimo
3386 5214 3683 5285 Athanasio

2116 5322 2424 5391 hegumeno
2493 5319 2816 5373 monasterii
2872 5322 3045 5374 sancti
3111 5321 3432 5384 Diomedis,
3478 5322 3685 5376 Jomnc

2119 5415 2519 5483 cathogumeno
2549 5411 2869 5466 monasterii
2897 5412 3131 5483 Polyelei
3164 5414 3259 5482 qui
3283 5423 3367 5468 est
3391 5428 3557 5483 super
3581 5414 3687 5468 Ca-

2114 5508 2380 5567 niculnm,
2434 5504 2670 5574 Georgio
2728 5504 3125 5574 cathegumeno
3175 5507 3492 5561 monasterii
3551 5507 3690 5561 Aca-

2114 5599 2304 5668 taiepti
2338 5598 2452 5653 sive
2485 5598 3065 5668 lncomprehensibilis
3089 5600 3392 5656 Salvatoris
3435 5601 3578 5671 quod
3608 5612 3692 5653 cst

434 5706 569 5743 πτου
598 5693 856 5764 Σωτῆρος
882 5694 983 5761 τῆς
1019 5694 1165 5747 κατὰ
1186 5694 1285 5761 τὴν
1315 5693 1599 5762 Κάμαοιν,
1642 5691 1893 5744 Ἰωάννου
1923 5691 1989 5743 τοὶ

2117 5688 2173 5741 in
2201 5688 2440 5753 Camari,
2460 5688 2669 5743 Joanne
2698 5690 3098 5761 cathegumeno
3120 5694 3437 5748 monasterii
3466 5694 3688 5760 Tropaea

432 5778 853 5853 καθηγουμένου
876 5782 974 5853 τῆς
995 5785 1161 5853 μονῆς
1181 5783 1278 5836 τοῦ
1300 5781 1708 5851 τροπαιοφόρου
1724 5781 1832 5834 τῶν
1860 5781 2017 5847 Μαγ-

2120 5782 2383 5849 gestantis
2448 5780 2860 5851 Manganorum,
2913 5786 3310 5857 cathegumeno
3371 5782 3687 5838 monasterii
