4104 6200
459 317 568 379 975

1721 298 1986 361 ALEXII
2024 295 2368 358 COMNENI

3589 285 3698 350 975

455 426 834 497 Uicoproteri,
862 423 1261 494 cathegumeno
1315 413 1635 472 monasterii
1684 413 1869 469 Sancti
1923 411 2023 465 La-

2140 408 2329 476 γάνων,
2348 401 2441 457 τοῦ
2488 399 2898 472 καθηγουμένου
2917 398 3014 468 τῆς
3039 397 3208 468 μονῆς
3237 393 3330 449 τοῦ
3364 393 3704 464 Οἱκοπροτέ--

457 521 592 584 zari,
617 519 873 574 Simeone
898 515 1109 570 incluso
1138 511 1451 567 monasterii
1480 508 1692 563 Domini
1719 506 2019 572 Philothei,

454 613 658 684 Cyrillo
686 609 1084 677 cathegumeno
1120 601 1440 658 monasterii
1474 600 1799 654 Sanctorum
1827 596 2030 666 Marty-

456 719 578 759 rum
634 700 818 763 Probi,
848 696 1106 755 Tarachi.
1153 703 1211 749 et
1265 691 1587 754 Andronici,
1629 688 2030 758 cathegumeno

455 789 774 848 monasterii
820 786 1090 851 Prasiani,
1131 784 1419 842 Joannicio
1465 782 1864 851 cathegumeno
1913 792 2031 831 mo-

454 883 683 941 nasterii
781 867 1156 950 liodegorum,
1232 875 1634 946 catbegumeno
1712 869 2030 926 monasterii

456 974 641 1030 Sancti
671 973 856 1030 Mocii.
880 971 1029 1024 Luca
1058 968 1460 1039 cathegumeno
1487 961 1808 1020 monasterii
1845 960 2030 1016 Sancti

457 1067 673 1130 Phocea,
693 1068 1097 1132 cathcgumeno
1128 1056 1448 1113 monasterii
1479 1053 1742 1124 Pterygii,
1773 1051 2036 1122 cathegu-

455 1173 620 1212 meno
667 1153 985 1210 monasterii
1039 1148 1588 1216 Attaliatze;aliaque
1635 1143 2032 1199 monachorum

457 1245 808 1300 multitudine
839 1257 1032 1313 magna
1060 1257 1128 1296 ex
1157 1239 1391 1295 diversis
1416 1234 1788 1291 monasteriis.

455 1343 550 1396 τοῦ
577 1342 998 1411 καθηγουμένου
1023 1341 1118 1408 τῆς
1155 1337 1323 1407 μονῆς
1347 1335 1443 1389 τοῦ
1480 1330 1886 1394 Ἀτταλιιάτου,
1931 1323 2028 1379 καί¹

460 1437 725 1507 στηρίων.

531 1526 629 1582 llis
663 1527 848 1595 itaque
901 1523 1162 1579 omnibus
1195 1517 1562 1590 congregatis
1589 1517 1644 1570 in
1690 1527 1887 1585 magno
1928 1509 2033 1565 tri-

459 1615 627 1670 clinio
657 1614 1084 1669 Blachernarum
1112 1626 1306 1666 recens
1342 1615 1648 1670 exstructo,
1670 1614 1727 1661 et
1766 1599 2034 1659 adstanti-

459 1708 564 1762 bus
597 1720 782 1761 coram
832 1712 1056 1774 potente
1079 1712 1138 1758 et
1188 1712 1377 1757 sancto
1427 1700 1756 1768 imperatore
1816 1703 2030 1756 nostro,

460 1796 833 1852 assidentibus
859 1795 960 1865 ipsi
993 1793 1125 1849 solis
1150 1791 1470 1847 felicissimo
1497 1787 1945 1844 Sebastocratore
1975 1791 2033 1837 et

460 1887 825 1942 sanctissimis
856 1885 1189 1956 patriarcbis
1219 1883 1424 1938 domno
1447 1880 1677 1936 Nieolao
1719 1875 2038 1932 Constanti-

459 1978 798 2049 nopolitano,
841 1986 899 2032 et
937 1979 1142 2031 domno
1181 1974 1450 2046 Symeone
1492 1967 1988 2036 Hierosolymitano
2019 1982 2035 2020 :

467 2071 822 2126 serenissima
863 2078 922 2126 et
952 2069 1105 2140 pacis
1153 2065 1558 2123 studiosissima
1587 2065 1708 2133 ejus
1759 2061 2034 2131 majestas,

459 2178 586 2218 eum
613 2177 726 2216 rem
751 2161 863 2216 Deo
885 2161 1143 2230 placitam
1167 2169 1224 2214 et
1244 2173 1374 2212 vere
1399 2155 1604 2226 regiam
1623 2151 2036 2222 praestituisset,

461 2256 634 2324 ipsam
667 2253 735 2308 ad
761 2253 1021 2308 effectum
1051 2249 1261 2305 eduxit.
1287 2248 1424 2302 Nam
1455 2245 1774 2314 priusquam
1801 2255 1891 2294 res
1916 2251 2038 2308 qua

464 2345 729 2415 agebatur
761 2345 1162 2414 produceretur
1195 2342 1252 2394 in
1285 2337 1551 2400 medium,
1583 2351 1708 2390 cum
1736 2333 1902 2386 vellet
1929 2333 2039 2385 im-

463 2447 688 2507 perator
733 2436 980 2490 omnium
1025 2433 1241 2488 animos
1293 2428 1584 2498 tranquille
1612 2434 1669 2481 et
1719 2421 1944 2494 paeiliee
1979 2435 2040 2476 se

462 2530 688 2593 habere,
719 2537 776 2583 et
816 2528 863 2582 si
895 2526 1040 2596 quod
1075 2523 1369 2593 vestigium
1405 2516 1760 2589 malignitatis
1794 2522 1888 2569 aut
1931 2513 2038 2567 hu-

463 2620 610 2674 mani
639 2633 837 2674 sensus
867 2627 925 2672 et
957 2613 1261 2671 voluntatis
1295 2612 1352 2666 in
1392 2608 1698 2680 cuiuspiam
1746 2604 1913 2660 corde
1957 2604 2038 2658 la-

464 2721 623 2777 teret,
648 2711 702 2766 id
734 2709 901 2765 vellet
929 2708 1153 2779 penitus
1199 2704 1442 2766 abolere,
1470 2710 1526 2756 et
1556 2707 1746 2770 postea
1777 2696 1845 2752 ad
1896 2710 2042 2766 qure-

462 2800 659 2856 stionis
681 2814 914 2855 examen
945 2799 1158 2863 venire,
1179 2797 1365 2851 statim
1390 2791 1630 2848 surrexit
1661 2787 1856 2843 humili
1886 2801 2040 2841 more

463 2901 642 2946 totum
673 2899 876 2946 emtum
903 2889 1227 2956 respiciens,
1256 2885 1417 2940 hilari
1441 2889 1695 2950 aspectu,
1714 2878 1882 2934 corde
1907 2892 2039 2932 con-

465 2979 597 3034 trito
627 2988 684 3034 et
715 2978 784 3032 ab
833 2976 986 3031 omni
1033 2974 1234 3030 affectu
1278 2974 1475 3038 libero,
1506 2969 1751 3042 rogantis
1793 2967 1957 3024 simul
1983 2974 2040 3022 et

2135 515 2251 568 ρου,
2283 496 2378 552 τοῦ
2397 493 2811 563 καθηγουμένου
2825 492 2922 561 τῆς
2942 493 3108 561 μονῆς
3139 488 3232 542 τοῦ
3257 488 3413 555 ἁγίου
3426 485 3708 556 Λαζάρου,

2131 587 2355 657 Συμεὼν
2377 585 2472 638 τοῦ
2504 583 2822 651 έγκλείστου
2865 582 2962 652 τῆς
3001 580 3170 650 μονῆς
3208 578 3302 632 τοῦ
3337 578 3507 649 κυροῦ
3552 577 3713 630 Φιλο-

2132 678 2280 741 θέου,
2323 674 2596 745 Κυρίλλου
2640 674 2734 727 τοῦ
2789 670 3208 741 καθηγουμένου
3256 669 3354 738 τῆς
3401 668 3570 738 μονῆς
3600 669 3710 720 τῶν

2145 767 2340 837 Ἁγίων
2373 765 2686 837 Μαρτύρων
2727 765 2962 834 Πρόϐου,
3013 763 3269 832 Ταράχου
3301 762 3395 814 καὶ
3435 761 3713 831 Ἀνδρονί-

2134 877 2255 926 κου,
2295 859 2388 913 τοῦ
2422 857 2836 928 καθηγουμένου
2870 857 2970 925 τῆς
3007 855 3176 926 μονῆς
3221 853 3316 907 τοῦ
3372 854 3710 923 Πρασιάνου,

2146 950 2478 1004 ἰωαννικίου
2509 949 2602 1002 τοῦ
2631 948 3046 1018 καθηγουμένου
3083 947 3181 1015 τῆς
3212 945 3380 1015 μονῆς
3407 944 3516 997 τῶν
3556 945 3714 1013 Ὀδηο

2135 1041 2270 1109 γῶν,
2305 1041 2400 1095 τοῦ
2425 1041 2841 1112 καθηγουμένου
2869 1041 2967 1110 τῆς
3016 1039 3186 1109 μονῆς
3226 1037 3322 1090 τοῦ
3362 1037 3544 1105 ’Δγίου
3577 1037 3712 1089 Μω-

2137 1133 2280 1195 κίου,
2311 1135 2500 1187 Λουκᾶ
2522 1133 2615 1186 τοῦ
2641 1132 3054 1201 καθηγουμένου
3087 1131 3186 1200 τῆς
3215 1128 3385 1199 μονῆς
3419 1129 3513 1181 τοῦ
3529 1129 3712 1194 Ἀγίου

2136 1226 2322 1291 Φωκᾶ,
2357 1225 2452 1279 τοῦ
2485 1225 2898 1294 καθηγουμένου
2919 1223 3018 1294 τῆς
3045 1221 3214 1292 μονῆς
3261 1221 3356 1274 τοῦ
3389 1220 3715 1299 Πτερυγίου,

2102 1321 2342 1393 πλήθους
2386 1322 2578 1394 ἐτέρου
2619 1320 2868 1392 μοναχῶν
2931 1317 3115 1373 ίκανοῦ
3147 1320 3211 1372 ὲκ
3240 1318 3512 1388 διαφόρων
3556 1333 3718 1386 μονα,

2211 1503 2430 1559 Τούτων
2462 1503 2560 1558 οὖν
2593 1503 2815 1558 πάντων
2863 1501 3262 1572 ἀθροισθέντων
3311 1501 3370 1552 ὲν
3403 1499 3481 1570 τῷ
3527 1518 3716 1574 νεουρ-

2139 1596 2363 1668 γηθέντι
2403 1595 2626 1667 μεγάλῳ
2657 1595 2942 1666 τρικλινίῳ
2969 1593 3081 1647 τῶν
3129 1591 3474 1662 Βλαχερνῶν,
3499 1593 3595 1645 καὶ
3635 1593 3715 1665 τῷ

2139 1687 2386 1760 κραταιῷ
2413 1687 2508 1740 καὶ
2527 1686 2667 1758 ἁγίῳ
2691 1685 2849 1756 ἡμῶν
2877 1684 3087 1754 βασιλεί
3118 1683 3520 1760 προκαθημένῳ
3547 1700 3712 1754 παρι-

2139 1778 2446 1849 σταμένων,
2489 1777 2666 1848 μόνων
2706 1775 3161 1848 συνεδριαζόντων
3186 1773 3338 1844 αὐτῷ
3362 1776 3456 1828 τοῦ
3479 1791 3540 1827 τε
3573 1792 3710 1828 παν-

2138 1871 2534 1942 ευτυχεστάτου
2585 1869 3088 1940 σεϐαστοκράτορος
3115 1868 3210 1922 καὶ
3249 1868 3358 1921 τῶν
3389 1868 3713 1936 ἁγιωτάτων

2138 1963 2490 2036 πατριαρχῶν
2514 1961 2610 2016 τοῦ
2655 1979 2715 2015 τε
2745 1959 3374 2022 Κωνσταντινουπόλεως
3418 1957 3586 2030 κυροῦ
3612 1959 3715 2012 Νι-

2138 2054 2360 2120 κολάου,
2407 2055 2505 2108 καὶ
2558 2051 2652 2106 τοῦ
2704 2050 3099 2123 Ἱεροσολύμων
3162 2048 3333 2121 κυροῦ
3372 2049 3629 2120 Συμεών·
3675 2050 3710 2119 ή

2137 2148 2394 2218 γαλήνιος
2426 2147 2522 2200 καὶ
2576 2143 2978 2216 εἰρηνικωτάτη
3012 2142 3179 2196 αὑτοῦ
3236 2142 3486 2212 βασιλεία
3523 2143 3713 2213 θεάρε-

2140 2240 2264 2292 στόν
2291 2256 2345 2291 τι
2376 2240 2472 2292 καὶ
2502 2237 2782 2308 βασιλικὸν
2805 2236 2884 2305 τῷ
2911 2236 3024 2288 ὄντι
3055 2234 3598 2306 προδιασκεψαμένη,
3630 2235 3713 2295 είς

2139 2329 2298 2401 έργον
2322 2330 2388 2400 δὴ
2435 2329 2594 2382 τοῦτο
2626 2329 2720 2382 καὶ
2749 2328 3119 2396 ὁπεξήγαγεν.
3171 2327 3286 2398 Πρὸ
3316 2326 3422 2397 γὰρ
3463 2324 3558 2379 τοῦ
3610 2327 3711 2395 τὴν

2139 2420 2400 2474 ὑπόθεσιν
2426 2420 2564 2483 ὅλως
2599 2419 2932 2491 προτεθῆναι
2963 2421 3041 2482 είς
3086 2418 3274 2488 μέσον,
3312 2417 3410 2480 τὰς
3445 2416 3557 2469 τῶν
3590 2433 3712 2469 συν-

2140 2508 2484 2580 εληλυθότων
2533 2510 2794 2563 ἁπάντων
2825 2509 3112 2580 ἡμερῶσαι
3144 2507 3238 2560 καὶ
3267 2507 3580 2578 εἰρηνεῦσαι
3606 2508 3711 2576 du-

2139 2602 2238 2670 χὲις
2266 2599 2546 2662 ἐθέλουσα,
2578 2600 2672 2652 καὶ
2702 2599 2984 2660 παντελῶς
3011 2597 3312 2666 ἀπαλεῖψαι
3337 2596 3491 2651 εἵπου
3518 2598 3716 2669 καρδίᾳ

2140 2690 2284 2754 τιιδς
2362 2687 2670 2760 ὲμιρωλεύει
2710 2689 2853 2760 ἴχνος
2898 2706 2952 2742 τι
3005 2689 3205 2751 κακίας
3251 2688 3344 2741 καί⁵
3376 2687 3712 2758 ἀνθρωπίνου

2140 2781 2491 2852 φρονήματος
2532 2781 2565 2853 ἢ
2593 2779 2919 2852 θελήματος,
2955 2781 3048 2832 καὶ
3074 2778 3216 2832 οὕτω
3251 2763 3586 2849 ποιήσασθαι
3618 2776 3710 2831 τοῦ

2139 2870 2456 2943 ζητήματος
2500 2873 2595 2924 καὶ
2623 2873 2723 2942 τὴν
2746 2869 2993 2936 ἐξέτασιν
3013 2886 3030 2902 ·
3057 2869 3218 2933 εὐθὺς
3245 2869 3426 2941 ὄρθιος
3455 2870 3586 2940 ἔστη
3619 2871 3713 2922 καὶ

2146 2963 2282 3031 πρὸς
2320 2961 2382 3015 τὸ
2425 2962 2546 3015 ὅλον
2586 2959 2860 3032 ἄθροισμα
2887 2960 2945 3014 έν
2977 2960 3219 3030 σχήματι
3283 2957 3526 3028 ταπεινῷ
3577 2959 3712 3011 ἀπο-

466 3071 738 3127 hortantis
768 3067 932 3125 modo
967 3070 1084 3125 haec
1112 3066 1385 3124 omnibus
1414 3062 1766 3120 audientibus
1816 3060 2033 3116 locutus

2140 3051 2385 3122 ϐλέψασα
2419 3051 2588 3122 ἱλαρῷ
2611 3051 2688 3120 τῷ
2719 3049 2998 3120 βλέμματι
3027 3051 3123 3102 καὶ
3159 3051 3604 3123 συντετριμμένῃ
3623 3051 3716 3104 καὶ

461 3172 547 3218 (εει
571 3180 586 3216 2

541 3449 562 3484 ι
600 3429 816 3486 Domini
849 3437 905 3485 et
943 3429 1136 3484 Patres
1169 3426 1302 3491 mei,
1332 3434 1390 3480 et
1423 3439 1490 3479 ex
1527 3420 1729 3478 senatu
1761 3425 2035 3491 quotquot

462 3545 484 3574 ι
525 3522 858 3578 eruditiores
875 3519 1031 3583 estis,
1051 3533 1151 3588 ego
1173 3517 1420 3586 quidem,
1440 3524 1499 3569 ut
1516 3515 1686 3585 probe
1705 3512 1902 3578 nostis,
1921 3512 2034 3583 jam

469 3633 487 3664 ι
533 3612 747 3681 pridem
776 3608 1012 3674 bellicis,
1042 3607 1403 3677 pepuleribus
1435 3615 1493 3660 et
1531 3604 1916 3659 communibus
1937 3617 2035 3656 cu-

469 3723 487 3755 ι
535 3702 613 3755 ris
649 3702 928 3762 detentus,
956 3709 1014 3752 et
1047 3699 1114 3751 ad
1153 3709 1478 3750 communes
1511 3694 1766 3749 inimicos
1800 3692 2034 3764 propul-

469 3812 488 3843 ι
533 3790 736 3846 sandes
786 3803 1004 3856 semper
1033 3797 1340 3857 promptus,
1371 3798 1522 3839 nunc
1571 3794 1755 3838 autem
1795 3784 2037 3837 instante

470 3901 488 3930 ι
537 3889 784 3949 tempore
819 3871 888 3932 ad
919 3874 1208 3930 militarem
1251 3873 1660 3945 expeditionem
1692 3882 1938 3944 paratus,
1961 3873 2036 3927 ita

469 3991 486 4022 ι
532 3979 590 4024 ut
626 3969 771 4040 nulli
827 3969 984 4024 alteri
1025 3969 1246 4038 negotio
1275 3979 1472 4021 vacare
1506 3966 1711 4036 possim
1739 3983 1756 4032 ;
1782 3965 2035 4020 volebam

469 4081 486 4113 ι
531 4072 642 4116 tum
682 4070 906 4131 propter
942 4057 1289 4130 gravissimas
1324 4073 1508 4113 rerum
1544 4056 1889 4128 publicarum
1919 4057 2030 4113 sol-

469 4173 486 4203 r
526 4152 866 4214 licitudines,
891 4162 950 4205 ut
981 4149 1190 4204 dictum
1227 4158 1331 4216 est,
1360 4156 1474 4203 tum
1513 4148 1660 4218 quod
1695 4147 1860 4214 hujus
1888 4162 2037 4217 quae-

409 4315 414 4320 ,
466 4266 481 4294 ο
528 4243 726 4297 stiouis
750 4243 954 4296 solutio
985 4240 1161 4295 facilis
1189 4240 1556 4310 expeditaque
1585 4240 1678 4305 sit,
1708 4237 1869 4293 vobis
1902 4238 2035 4294 solis

466 4354 482 4382 ι
533 4331 762 4387 sutmnis
790 4330 1192 4397 sacerdotibus,
1225 4339 1412 4401 utpote
1440 4331 1535 4400 qui
1562 4345 1662 4399 per
1679 4330 1776 4384 Dei
1803 4328 2030 4400 gratiam

2143 3143 2352 3206 πάθους
2375 3143 2578 3206 παντὸς
2615 3141 2877 3214 ἐλευθέρα
2920 3137 3140 3211 καρδίᾳ,
3192 3138 3618 3210 παρακλητικῶς
3655 3157 3715 3194 τι

2142 3232 2279 3307 ὁμοῦ
2330 3235 2426 3288 καὶ
2456 3231 2865 3297 παοαινετικῶς
2895 3231 2976 3296 είς
3005 3231 3242 3302 ἐπήκοον
3270 3228 3486 3284 πάντων
3514 3228 3718 3300 ἐξεφώ-

2144 3344 2310 3399 νησεν
2326 3342 2343 3359 ·

2221 3435 2242 3470 ι
2276 3422 2550 3472 Δεσπόται
2582 3434 2682 3487 μου
2712 3414 2808 3470 καὶ
2833 3413 3078 3485 Πατέρες
3106 3413 3200 3467 καὶ
3223 3413 3273 3466 οί
3294 3412 3404 3466 τῶν
3425 3412 3715 3485 συγκλητι-

2147 3527 2168 3561 ι
2207 3509 2318 3562 κῶν
2353 3506 2688 3577 λογιώτεροι,
2726 3505 2836 3574 ἐγὼ
2861 3505 2963 3576 μὲν
2993 3504 3068 3568 ὡς
3094 3505 3192 3559 καὶ
3224 3504 3380 3574 ὑμεῖς
3412 3506 3593 3558 οίδατε
3621 3506 3717 3560 καὶ

2151 3619 2170 3654 ι
2206 3600 2466 3670 πρότερον
2489 3599 2753 3670 διηνεκῶς
2783 3599 2904 3660 ταῖς
2953 3597 3379 3666 στρατιωτικαῖς
3412 3597 3508 3650 καὶ
3546 3597 3716 3668 δημο-

2151 3711 2168 3744 ι
2210 3693 2429 3754 σιακαϊς
2457 3691 2548 3743 καὶ
2575 3691 2782 3752 κοιναῖς
2810 3687 3088 3760 φροντίσιν
3119 3685 3597 3758 ὲνασχολούμενος,
3621 3690 3716 3744 καὶ

2152 3800 2170 3833 ι
2207 3781 2341 3852 πρὸς
2374 3781 2470 3844 τὰς
2503 3780 2611 3833 τῶν
2642 3779 2838 3832 κοινῶν
2865 3777 3076 3850 ἐχθρῶν
3128 3777 3587 3848 ἀντιπαρατάξεις
3627 3778 3716 3833 ἀεὶ

2151 3890 2169 3922 ι
2213 3869 2789 3940 παρασκευαζόμενος,
2835 3870 2931 3922 καὶ
2961 3867 3055 3921 νῦν
3105 3867 3161 3921 δὲ
3195 3858 3328 3940 πρὸς
3358 3869 3716 3939 ἐκστρατείαν

2151 3982 2168 4015 ι
2203 3963 2290 4017 διὰ
2316 3963 2375 4016 τὸ
2399 3961 2686 4030 ἐπιστῆναι
2728 3960 2830 4031 ἤδη
2873 3960 2964 4013 τὸν
3002 3960 3171 4031 αὐτῆς
3207 3959 3397 4031 καιρὸν
3427 3960 3714 4030 ἑτοιμαζό-

2131 4065 2166 4104 ἰ
2205 4069 2388 4122 μενος,
2435 4052 2530 4106 καὶ
2571 4052 2646 4123 μὴ
2677 4053 2814 4122 πρὸς
2839 4050 2968 4106 ἄλλο
2991 4067 3046 4104 τι
3095 4050 3288 4102 ἑαυτὸν
3329 4051 3712 4121 ἀπασχολῆσαι

2149 4163 2166 4195 ι
2207 4144 2502 4214 δυνάμενος
2522 4161 2533 4174 ·
2570 4142 2872 4214 ἐϐουλόμην
2905 4140 3065 4195 τοῦτο
3089 4142 3189 4210 μὲν
3223 4141 3317 4194 καὶ
3344 4139 3433 4195 διὰ
3461 4140 3524 4194 τὸ
3550 4142 3716 4194 πολυο

2147 4255 2164 4286 ι
2199 4236 2425 4304 ἄσχολον
2454 4234 2563 4288 τῶν
2589 4234 2784 4288 κοινῶν
2808 4232 3172 4304 πραγμάτων,
3189 4232 3264 4296 ὡς
3293 4231 3529 4304 εἴρηται,
3557 4231 3714 4286 τοῦτο

2144 4345 2165 4379 ι
2203 4327 2259 4379 δὲ
2284 4325 2376 4378 καὶ
2399 4325 2490 4379 διὰ
2516 4327 2574 4379 τὸ
2602 4325 2822 4396 εὐχερὲς
2849 4325 2944 4380 καὶ
2962 4325 3273 4378 εὐδιάλυτον
3302 4323 3393 4378 τοῦ
3420 4325 3716 4394 προκειμέ-

466 4445 482 4476 ι
530 4425 585 4478 in
622 4423 824 4479 divinis
847 4423 1125 4493 sapientes
1151 4423 1294 4488 sitis,
1331 4422 1481 4476 illius
1513 4436 1746 4476 examen
1792 4429 1848 4475 et
1879 4420 2033 4474 solu-

2143 4435 2162 4471 (
2200 4434 2292 4470 νου
2316 4417 2650 4488 ζητήματος,
2666 4416 2854 4487 ,μόνοις
2879 4416 3007 4485 ὑμῖν
3034 4417 3144 4477 τοῖς
3166 4413 3260 4467 τοῦ
3276 4413 3410 4466 Θεοῦ
3427 4414 3582 4484 ἀρχιε
3593 4414 3713 4484 ρεῦ-

466 4541 480 4564 c
533 4517 739 4572 tionem
788 4516 1154 4571 committere.
1185 4513 1467 4583 Siquidem
1500 4529 1587 4567 res
1618 4512 1768 4566 omni
1807 4524 2037 4582 prorsus

467 4632 482 4658 ι
522 4608 843 4664 diﬂicultate
875 4617 1054 4667 vacat,
1083 4603 1295 4672 etiamsi
1353 4602 1817 4658 Chalcedonensis
1855 4600 2037 4655 archi-

467 4723 480 4747 ε
533 4697 780 4769 episcopi
807 4698 1039 4768 epistola
1061 4712 1172 4750 non
1193 4693 1465 4749 modicam
1497 4692 1641 4762 apud
1671 4691 2036 4762 simpliciores

465 4814 481 4841 ι
530 4793 929 4848 dubitationem
961 4788 1305 4846 excitaverit.
1335 4788 1404 4842 At
1433 4785 1668 4842 subinde
1697 4799 1913 4840 mecum
1950 4799 2036 4838 re-

466 4904 483 4933 ι
533 4895 754 4954 putans,
782 4895 1055 4954 quantum
1087 4893 1143 4937 et
1187 4882 1348 4952 quale
1400 4881 1607 4935 bonum
1637 4878 1708 4932 sit
1767 4891 1917 4943 vera,
1940 4892 2034 4930 or-

465 4995 482 5025 ι
529 4974 765 5029 thodoxa
784 4985 842 5029 et
870 4973 1217 5028 inunaculata
1245 4971 1379 5026 fides
1409 4980 1618 5033 nostra,
1645 4976 1701 5022 et
1723 4965 2032 5037 cujusmodi

468 5087 484 5117 ι
532 5067 749 5121 lucrum
811 5068 884 5121 sit
929 5083 1052 5122 eam
1111 5063 1391 5118 custodire
1438 5061 1602 5132 eique
1649 5059 2032 5130 patrocinari;

467 5180 482 5210 ι
531 5175 656 5213 cum
689 5174 811 5214 eam
845 5159 913 5214 ab
955 5170 1115 5213 utero
1149 5155 1342 5211 matris
1396 5169 1532 5208 meae
1599 5151 1736 5206 mihi
1802 5149 2032 5204 fecerim

463 5273 477 5299 ι
525 5251 808 5320 gaudium,
830 5248 1375 5319 decorem,gloriam,
1397 5245 1779 5299 fulcimentum
1810 5240 2032 5295 etinex-

464 5360 481 5387 ο
531 5340 878 5411 pugnabilem
924 5347 1118 5394 contra
1151 5338 1399 5393 visibiles
1457 5343 1514 5390 et
1575 5331 1879 5388 invisibiles
1923 5331 2032 5384 ini-

463 5450 484 5480 ‹
532 5433 703 5486 mices
746 5439 1128 5496 armaturam;
1175 5445 1280 5485 nec
1320 5427 1497 5499 patiar
1535 5425 1818 5496 quidpiam
1873 5423 2031 5493 parvi

467 5545 478 5574 ἱ
522 5535 616 5578 aut
646 5524 824 5596 magni
853 5524 907 5578 in
935 5523 1173 5578 decretis
1199 5524 1424 5578 Patrum
1450 5529 1767 5575 nostrorum
1798 5517 2025 5583 mutari,

460 5635 478 5665 ς
526 5627 620 5669 aut
647 5616 700 5670 in
754 5631 944 5671 eorum
979 5616 1231 5670 doctrina
1286 5613 1493 5683 aliquid
1545 5613 1785 5667 alienum
1841 5610 2015 5664 inseri

458 5731 475 5755 ο
525 5706 606 5758 vel
631 5721 749 5762 eam
781 5722 1068 5778 perperam
1101 5704 1360 5776 explicari
1387 5714 1482 5756 aut
1508 5718 1538 5756 a
1591 5702 2030 5758 Christianorum

2145 4529 2163 4561 ι
2203 4527 2287 4563 σιν
2317 4509 2390 4572 ὼς
2424 4511 2609 4578 σοφοῖς
2633 4506 2752 4562 οὖσι
2791 4509 2858 4562 τὰ
2889 4507 3008 4561 θεῖα
3034 4505 3168 4559 Θεοῦ
3194 4506 3400 4576 χάριτι,
3431 4507 3532 4575 τὴν
3583 4505 3715 4575 περὶ

2142 4621 2160 4654 ι
2193 4601 2383 4655 τούτου
2413 4599 2694 4656 ἀναθεῖναι
2716 4599 2997 4671 διάσκεψιν
3023 4600 3117 4652 καὶ
3137 4599 3406 4654 διάλυσιν.
3445 4598 3713 4669 ’Δναμφίο

2144 4711 2162 4744 ι
2199 4691 2356 4746 ϐολον
2388 4693 2497 4764 γὰρ
2537 4692 2630 4746 καὶ
2658 4693 2809 4745 δοκεῖ
2865 4692 2959 4743 καὶ
3009 4690 3127 4743 ἐστι
3186 4689 3367 4756 τοῦτο,
3425 4688 3526 4742 κᾶν
3569 4702 3715 4742 τισιν

2140 4803 2164 4836 ι
2201 4785 2589 4854 ἁπλουστέροις
2617 4786 2680 4836 ὲκ
2710 4784 2809 4853 τῆς
2838 4781 2931 4835 τοῦ
2963 4781 3074 4835 ἀπὸ
3101 4780 3445 4851 Χαλκηδόνος
3494 4780 3716 4834 επιστο-

2141 4894 2161 4926 α
2199 4875 2295 4947 λῆς
2329 4875 2661 4945 ἀμφιϐολίαν
2708 4875 2768 4927 οὐ
2817 4874 3023 4944 μικρὰν
3071 4873 3312 4942 ήγειρεν.
3352 4870 3710 4939 ’Δναλογισά-

2143 4985 2161 5017 ι
2199 4983 2358 5035 μενος
2385 4967 2442 5019 δὲ
2476 4965 2638 5020 πάλιν
2678 4964 2802 5017 ὅσον
2829 4965 2923 5017 καὶ
2948 4958 3058 5016 οἷον
3087 4963 3293 5028 ἀγαθόν
3325 4963 3473 5021 ἐστιν
3507 4964 3534 5032 ἡ
3573 4961 3712 5030 ἀλη-

2145 5074 2162 5106 ι
2205 5055 2325 5125 θινὴ
2359 5055 2452 5109 καὶ
2500 5053 2783 5125 ὀρθόόοξος
2833 5054 2932 5106 καὶ
2976 5053 3276 5122 ἀμώμητος
3309 5051 3495 5113 πίστις
3530 5050 3712 5119 ἡμῶν,

2145 5165 2162 5197 ι
2201 5148 2292 5200 καὶ
2319 5142 2432 5198 οἷον
2473 5145 2534 5198 τὸ
2565 5145 2758 5214 κέρδος
2787 5142 2881 5196 τοῦ
2911 5143 3116 5211 ταύτης
3142 5140 3468 5211 ἀντέχεσθαί
3503 5157 3560 5193 τε
3614 5139 3715 5191 καὶ

2143 5258 2160 5289 ι
2198 5236 2582 5309 περιέχεσθαι·
2618 5236 2712 5289 καὶ
2737 5233 2942 5304 ταύτην
2972 5236 3037 5287 ἐκ
3067 5233 3276 5295 κοιλίας
3305 5232 3511 5302 μητρὸς
3530 5230 3716 5282 ποιοῦ-

2141 5347 2159 5378 ι
2201 5343 2358 5396 μενος
2391 5325 2613 5395 ἐμαυτῶ
2643 5323 2988 5395 ὲντρύφημα,
3012 5321 3397 5390 καλλώπισμα,
3422 5319 3712 5388 καύχημα,

2141 5438 2159 5470 ι
2200 5419 2501 5488 στήριγμα,
2566 5417 2658 5471 καὶ
2704 5417 2847 5471 κατὰ
2887 5416 2997 5469 τῶν
3053 5415 3300 5485 ἀοράτων
3345 5415 3441 5466 καὶ
3499 5411 3715 5480 ὁρατῶν

2141 5530 2158 5561 ι
2197 5509 2406 5581 ἐχθρῶν
2436 5509 2598 5562 ὅπλον
2631 5509 3059 5578 ἀκαταμὰχητον
3082 5523 3097 5538 ·
3133 5507 3227 5560 καὶ
3262 5505 3336 5575 μὴ
3380 5505 3717 5574 ἀνεχόμενος

2142 5624 2157 5654 ι
2203 5603 2397 5674 μικρὸν
2426 5603 2458 5672 ἦ
2492 5603 2633 5673 μέγα
2671 5619 2723 5653 τι
2759 5602 2913 5671 ῥῆμα
2941 5601 3048 5653 τῶν
3076 5601 3188 5662 τοῖς
3229 5600 3405 5668 ἁγίοις
3435 5597 3716 5666 Πατράσιν

2143 5719 2160 5750 ι
2200 5698 2354 5770 ἡμῶν
2396 5697 2734 5767 δεδογμένων
2767 5695 3206 5766 παραλλαγῆναι,
3239 5694 3272 5764 ἢ
3332 5695 3453 5756 ταῖς
3504 5691 3716 5743 τούτων
