4104 6200
455 319 523 382 ’Π
1488 321 1857 384 NOVELLJB
1896 322 2575 391 CONSTITUTION

3581 333 3686 396 918

428 451 449 482 ι
489 428 858 492 διδασκαλίαις
894 427 1180 499 ἀλλότριόν
1212 445 1264 482 τι
1289 432 1769 502 παρενσπαρῆναι,
1797 431 1828 503 ἤ
1856 449 2003 504 παρα

2133 435 2423 504 πιιιιοίὶὺει
2481 454 2708 492 novam-
2730 448 2786 494 et
2838 441 3170 496 contrariam
3229 441 3538 495 doctrinam
3595 446 3678 496 vel

430 545 446 574 ε
488 520 910 593 ερμηνευθῆναι,
941 522 973 592 ἦ
1010 522 1162 596 παρά
1193 540 1340 584 τινος
1366 521 1474 575 τῶν
1509 523 1852 594 Χριστιανῶν
1894 541 2009 576 νεοα-

432 639 449 667 ε
492 617 656 683 eave;
690 632 743 666 τι
788 615 1033 670 ἐνάντιον
1074 615 1251 685 δόγμα
1287 616 1320 687 ἢ
1353 617 1616 686 κήρυγμα
1644 616 1901 686 δεχθῆναι
1947 617 2008 671 τὸ

431 730 448 756 ε
489 706 708 759 σύνολον
730 721 742 732 ·
777 705 886 757 τῶν
921 706 1020 776 μὲν
1043 706 1218 761 ἄλλων
1244 707 1462 761 πάντων
1487 707 1836 778 ἐπελαθόμην
1869 725 2008 762 παν-

433 819 447 847 ε
488 798 710 860 τάπασι,
739 795 968 866 δεύτερα
996 799 1094 867 τῆς
1131 797 1502 872 προκειμένης
1532 797 1837 869 ἡγούμενος
1873 798 2009 853 ὑπο-

430 906 448 937 ι
489 888 713 950 θέσεως,
765 885 885 939 ὅλον
915 888 971 940 δὲ
1021 888 1256 956 ἐμαυτὸν
1293 890 1373 951 είς
1409 889 1509 960 τὴν
1555 888 1762 960 ταύτης
1794 889 2012 960 ὁλοσχε-

428 996 448 1028 ι
489 978 599 1048 ρῶς
632 978 995 1047 ἁπησχόλησα
1025 979 1279 1050 ζήτησιν,
1313 961 1546 1052 θελήσας
1575 982 1671 1035 καὶ
1700 982 1862 1046 αὐτὸς
1894 1000 2012 1037 κοιη

429 1089 448 1120 ι
489 1071 653 1133 νωνὸς
712 1072 841 1140 ὑμῖν
902 1072 998 1124 καὶ
1055 1074 1401 1144 συμμερίτης
1452 1074 1710 1142 γενέσθαι
1768 1077 1862 1128 καὶ
1915 1074 2010 1128 τοῦ

429 1185 450 1216 ι
491 1164 656 1218 κζπου
690 1166 782 1218 καὶ
814 1164 911 1218 τοῦ
947 1166 1144 1233 μισθοῦ
1171 1184 1184 1196 ·
1216 1169 1312 1222 καλ⁵
1340 1168 1405 1240 δὴ
1438 1170 1547 1240 πρὸ
1582 1171 1800 1224 πάντων
1836 1188 2012 1242 παρα·

435 1279 452 1307 ι
490 1256 641 1310 καλῶ
667 1258 806 1326 ὑμᾶς
824 1257 1127 1312 ἀποθέσθαι
1151 1260 1344 1331 θυμὸν,
1365 1261 1580 1330 φθόνον,
1607 1265 1762 1333 μῖσος
1784 1261 2013 1318 παλαιὸν

433 1369 451 1400 ι
497 1349 530 1418 ἢ
560 1351 655 1402 καὶ
683 1350 822 1414 νέον,
872 1349 969 1404 καὶ
995 1351 1192 1407 κακίαν
1220 1354 1434 1408 ἃπασαν
1465 1355 1655 1427 πόρρω
1681 1372 1772 1410 ποι
1807 1355 2012 1411 ἀπελά-

432 1458 451 1492 ι
493 1456 582 1497 σαι
613 1441 721 1493 τῶν
752 1440 938 1510 ψυχῶν
977 1443 1166 1514 ὑμῶν’
1209 1445 1302 1499 καὶ⁵
1339 1446 1415 1517 μὴ
1467 1447 1756 1518 ἐριστικῶς
1795 1449 1890 1502 καὶ
1919 1465 2014 1517 φι-

433 1551 452 1581 ι
490 1531 769 1596 λονείκως,
796 1533 932 1587 ἀλλά
947 1533 1179 1603 λογικῶς
1203 1537 1297 1590 καὶ
1327 1537 1747 1609 φιλανθρώπως,
1772 1540 1847 1608 μὴ
1873 1540 2013 1610 μετᾶ

434 1641 452 1672 ε
491 1623 958 1694 προσιιιποληψίας
990 1626 1085 1680 καὶ
1128 1629 1226 1696 τῆς
1261 1629 1496 1711 μαηαίας
1529 1631 1761 1699 οἰήσεως
1806 1631 1838 1700 ἦ
1871 1631 2013 1702 μετά

432 1733 450 1765 ι
491 1731 638 1780 τινος
692 1715 857 1771 ἀλλου
905 1717 1250 1790 ἀνθρωπίνου
1301 1720 1628 1794 θελήματος,
1684 1723 1822 1782 ἀλλά
1875 1725 2013 1795 μετά

2115 544 2134 576 ι
2182 528 2630 595 praedicationem
2689 532 2920 586 omnino
2965 533 3214 603 suscipi:
3247 541 3446 588 caetera
3499 536 3684 587 omnia

2113 635 2134 670 ι
2180 620 2624 690 penitusoblitus
2645 637 2789 688 sum,
2807 639 2980 693 eaque
3003 625 3255 694 praesenti
3294 625 3513 694 negotio
3539 636 3689 694 pest-

2115 729 2136 762 ι
2183 711 2436 781 ponenda
2491 713 2646 776 duxi,
2707 726 2988 785 totamque
3035 731 3212 771 meam
3257 715 3687 772 sollicitudinem

2117 821 2136 852 ι
2184 802 2238 855 in
2274 801 2437 873 hujus
2469 804 2791 873 qumstionis
2823 805 3264 876 disquisitionem
3305 808 3576 872 converti,
3621 824 3689 860 eo

2116 910 2134 944 ι
2182 891 2366 947 animo
2401 901 2461 947 ut
2509 893 2794 949 vobiscum
2841 896 3048 952 laboris
3095 913 3158 952 ac
3199 898 3410 967 praemii
3462 911 3690 952 consors

2117 1001 2135 1034 ι
2180 983 2305 1037 sim.
2337 985 2454 1040 Prae
2505 986 2764 1042 omnibus
2797 996 2979 1044 autem
3030 1005 3164 1059 rogo
3206 989 3494 1058 deponatis
3532 989 3688 1053 iram,

2120 1092 2137 1124 ι
2183 1073 2467 1140 invidiam,
2491 1076 2678 1132 odium
2706 1094 2801 1138 seu
2854 1091 3012 1134 vet-us
3047 1097 3142 1134 seu
3185 1097 3397 1145 recens,
3428 1087 3486 1134 et
3533 1080 3692 1134 mali-

2120 1184 2138 1216 ι
2190 1168 2316 1222 tiam
2340 1184 2561 1226 omnem
2595 1171 2783 1239 procul
2813 1170 3013 1226 animis
3053 1173 3251 1228 vestris
3280 1171 3514 1241 abigatis
3539 1189 3552 1238 ;
3580 1187 3688 1227 non

2121 1276 2138 1312 ι
2183 1258 2419 1330 litigiose
2449 1270 2543 1316 aut
2564 1263 2930 1329 contentiose,
2953 1264 3046 1322 sed
3073 1264 3480 1322 rationabiliter
3500 1273 3558 1319 et
3587 1264 3691 1330 hn-

2123 1367 2139 1397 ι
2184 1349 2437 1414 inaniter,
2481 1365 2589 1405 non
2641 1367 2767 1406 cum
2822 1367 3184 1422 personarum
3227 1353 3542 1424 acceptione
3605 1352 3689 1406 vel

2124 1457 2140 1489 ι
2190 1456 2324 1495 vana
2344 1440 2753 1502 exis‘imatione
2775 1451 2873 1496 aut
2893 1443 3004 1498 alio
3018 1443 3277 1514 quopiam
3303 1460 3444 1499 vano
3467 1442 3690 1504 aﬂectn,

2125 1549 2143 1582 ι
2193 1531 2286 1585 sed
2319 1546 2446 1586 cum
2480 1533 2632 1588 omni
2670 1534 3096 1592 mansuetudine
3146 1545 3205 1590 et
3238 1535 3537 1600 hilaritate,
3567 1550 3692 1588 cum

2122 1639 2139 1670 ι
2189 1622 2466 1677 sententia
2542 1623 2714 1679 libera
2783 1625 2918 1680 nulli
2970 1624 3191 1680 aﬂ‘ectui
3262 1625 3519 1687 obnoxia,
3570 1637 3694 1676 cum

2125 1730 2143 1762 ι
2184 1728 2314 1782 pace
2336 1722 2391 1768 et
2423 1729 2695 1770 consensu
2730 1716 2808 1771 rei
2851 1716 3301 1786 disquisitionem
3335 1715 3567 1779 faciatis,
3601 1715 3695 1770 Dei

434 1827 452 1857 ι
498 1807 682 1875 πάσης
741 1781 1049 1882 πραότητος
1089 1813 1186 1865 καὶ
1245 1781 1559 1883 ἱλαρότητος
1577 1781 1740 1880 ,Ἶκαὶ
1787 1781 2013 1890 γναθμης

2133 1824 2143 1856 ι
2187 1781 2441 1862 timorem
2472 1821 2585 1876 pra:
2609 1808 2783 1864 oculis
2807 1781 3096 1872 habentes,
3121 1809 3412 1878 ipsumque
3440 1808 3610 1861 Deum
3640 1807 3696 1860 in

435 1917 454 1948 ι
489 1897 783 1969 ἐλευθέρας
830 1901 926 1954 καὶ
952 1899 1222 1966 ἀπαθοῦς,
1259 1903 1355 1960 καὶ
1385 1904 1609 1976 εἰρήνης
1641 1908 1734 1959 καὶ
1761 1906 2016 1975 ὁμονοίας

438 2006 457 2038 ε
495 1988 830 2057 ποιήσασθαι
853 1991 947 2045 τοῦ
981 1991 1309 2064 πράγματος
1331 1995 1430 2065 τὴν
1451 1996 1768 2064 διάγνωσιν,
1801 1999 1892 2052 τὸν
1917 1999 2014 2053 τοῦ

440 2097 461 2130 ι
494 2079 631 2133 Θεοῦ
661 2080 826 2150 φόϐον
841 2083 947 2152 πρὸ
974 2083 1273 2155 ὀφθαλμῶν
1297 2087 1542 2156 ἔχοντας,
1565 2089 1660 2145 καὶ
1680 2089 1844 2144 αὐτὸν
1871 2108 2017 2162 παρ-

442 2189 460 2222 ι
499 2172 720 2226 εστάναι
774 2173 1008 2229 ινὼπιον
1079 2176 1233 2246 ὑμῶν
1307 2177 1627 2247 βλέποντας.
1674 2180 1836 2234 Ἀλλά
1885 2182 2018 2252 μηδὲ

445 2282 462 2314 ι
500 2263 681 2331 φιλίαν
727 2265 1076 2338 ἀνθρωπίνην
1107 2267 1207 2338 τῆς
1257 2269 1519 2339 ἀληθείας
1561 2276 2015 2345 προτιμήσωμεν,

442 2371 462 2406 ε
502 2353 635 2424 μηδὲ
679 2356 768 2410 διά
800 2358 976 2422 πάθος
1019 2361 1362 2431 ἀνθρώπινον
1390 2363 1709 2434 παρίδωμεν
1740 2365 1840 2435 τὴν
1874 2365 2018 2436 ἀλή-

447 2464 466 2496 ι
501 2445 673 2514 θειαν,
724 2447 758 2519 ἢ
797 2451 1129 2524 καλύψωμεν
1188 2453 1222 2525 ἢ
1272 2455 1746 2526 παραδράμωμεν.
1788 2457 1863 2514 Οὐ
1909 2458 2023 2528 γάρ

445 2556 463 2589 ε
502 2538 630 2608 περὶ
681 2540 984 2611 χρημάτων
1015 2544 1049 2614 ἢ
1088 2547 1408 2617 κτημάτων,
1439 2548 1473 2618 ἧ
1525 2565 1670 2612 τινος
1723 2548 1834 2602 τῶν
1868 2549 2022 2604 κάτω

447 2647 464 2678 ι
505 2629 601 2683 καὶ
633 2629 1011 2703 φθειρομένων
1040 2636 1074 2706 ἠ
1123 2635 1374 2708 ζήτησις,
1430 2638 1674 2707 ἀδελφοὶ,
1707 2639 1844 2695 ἀλλὰ
1889 2641 2020 2712 περὶ

446 2737 466 2772 ε
501 2720 737 2790 πίστεως
759 2724 851 2777 καὶ
885 2725 1169 2796 όρθοδόξου
1201 2729 1359 2800 ἡμῶν
1390 2730 1663 2800 δόγματος
1697 2733 1729 2803 ή
1769 2733 1977 2803 σπουδή
2001 2749 2017 2764 ·

448 2828 468 2861 ε
498 2804 573 2868 ὧν
604 2813 1021 2886 ἀμετακινήτων
1069 2819 1163 2872 καὶ
1216 2819 1686 2889 ἀπαρασαλεύτων
1746 2821 2022 2890 μενόντων

449 2921 467 2953 ε
502 2903 632 2974 παρ’
655 2906 790 2974 ἡμῖν
809 2905 946 2960 Θεοῦ
973 2907 1182 2979 χάριτι,
1206 2909 1268 2962 τδ
1297 2909 1488 2980 κέρδος
1518 2911 1732 2976 πάντως
1753 2912 2022 2984 ἀσύγκρι-

447 3008 470 3046 I
505 3010 596 3048 τον
628 2998 722 3050 καὶ
758 2998 791 3067 ἡ
825 2997 1063 3067 ὠφέλεια
1092 3001 1478 3072 ἀνεκλάλητος,
1507 3002 1697 3073 ὥσπερ
1721 3005 1886 3060 πάλιν
1913 3005 2022 3062 τῶν

450 3104 470 3136 ι
504 3087 994 3158 ἀποτυγχανόντων
1047 3090 1080 3161 ἢ
1131 3093 1273 3146 κατά
1323 3110 1375 3146 τι
1416 3095 1946 3166 παρακεκινημένων
1990 3097 2020 3150 ὁ
2049 3106 2098 3167 c

453 3195 472 3229 ι
510 3177 752 3245 κίνδυνος
778 3180 872 3232 καὶ
901 3181 1177 3252 ἀφόρητος
1206 3182 1301 3237 καὶ
1320 3183 1636 3254 ἀδιήγητος.
1668 3203 1690 3238 ι

516 3266 701 3323 Ταῦτα
717 3269 810 3324 τοῦ
827 3270 1088 3341 βασιλέως
1107 3260 1380 3343 ἡμῶντοῦ
1406 3275 1565 3344 ἁγίου
1598 3279 1882 3348 πατρικῶς
1907 3279 2024 3350 ἅμα

447 3361 542 3413 καὶ
569 3362 967 3432 παραινετικῶς
994 3367 1577 3437 προαναφωνήσαντος,
1606 3368 1765 3430 εὐθὺς
1791 3369 1935 3424 ἀπαν
1965 3369 2026 3422 τδ

446 3453 554 3507 τῶν
577 3455 1010 3525 συνεληλυθότων
1036 3457 1238 3528 πλῆθος
1253 3460 1346 3512 ἐπὶ
1365 3461 1476 3523 τοῖς
1501 3460 1668 3514 αὐτοῦ
1690 3462 2029 3533 παρακλητι-

451 3549 564 3610 κοῑς
586 3546 682 3601 καὶ
695 3548 1027 3614 νουθετικοῖς
1056 3549 1235 3619 λόγοις
1266 3551 1360 3605 καὶ
1389 3551 1761 3622 συντριὸέντες
1780 3553 1872 3606 καὶ
1901 3555 2028 3624 ἀρε-

450 3631 690 3697 σῗέντες,
707 3634 802 3688 καὶ
824 3636 924 3688 ὐπε
934 3641 1466 3709 ρευχαριστήσαντες
1487 3642 1581 3693 καὶ
1600 3640 1718 3711 Θεῷ
1739 3643 1834 3696 καὶ
1849 3646 1912 3713 τῇ
1934 3642 2028 3712 βα·-

453 3724 630 3796 σιλείᾳ
657 3727 846 3790 αὐτοῦ,
877 3729 1177 3800 ὑπέσχοντο
1206 3732 1470 3804 ἐλευθέρᾳ
1497 3735 1591 3787 καὶ
1625 3736 1906 3807 ἀδεκάστῳ
1935 3739 2028 3790 καὶ

452 3815 598 3884 ψυχῇ
625 3820 719 3871 καὶ
746 3819 940 3892 γνώμῃ
976 3823 1306 3893 ποιήσασθαι
1342 3825 1442 3896 τὴν
1481 3825 1728 3890 ἐξέτασιν
1767 3829 1864 3897 τῆς
1892 3830 2028 3882 ὐποο

457 3907 681 3974 θέσεως,
719 3909 814 3964 καὶ
857 3912 931 3975 ὡς
974 3913 1068 3965 τοῦ
1115 3913 1251 3968 Θεοῦ
1298 3915 1587 3986 βλέποντος
1630 3918 1922 3989 δοκιμάσαι
1961 3920 2032 3974 τά

456 3998 550 4050 τοῦ
586 4002 920 4072 ζητήματος.
955 4005 1075 4059 Ἐπὶ
1100 4006 1307 4071 τούτοις
1339 4009 1739 4082 εὐχαριστήσας
1765 4011 1860 4064 καὶ
1883 4014 1911 4065 ό
1936 4011 2031 4082 βα·

460 4088 636 4152 σιλεὺς
669 4091 826 4160 ἡμῶν
873 4096 900 4146 ό
939 4093 1114 4164 ἅγιος,
1152 4095 1509 4166 ἐπιστραφεὶς
1545 4097 1707 4152 πάλιν
1742 4097 1878 4167 πρὸς
1907 4100 2032 4164 τοὺς

460 4181 799 4248 ἁγιωτάτους
821 4187 1164 4258 πατριάρχας
1191 4191 1283 4244 καὶ
1307 4189 1406 4259 τὴν
1429 4189 1851 4261 παρατυχοῦσαν
1873 4191 2034 4262 ἱερωο

462 4276 630 4345 τάτην
679 4278 895 4334 σύνοδον
923 4280 1134 4346 ἐξεῖπεν
1154 4299 1166 4313 ·
1210 4302 1228 4335 ι
1268 4283 1580 4354 Παρακαλῶ
1627 4284 1723 4340 καὶ
1750 4285 1924 4349 τοῦτο,
1950 4285 2035 4338 δεο

469 4386 488 4416 ε
526 4371 714 4422 σπόται
742 4387 864 4440 μου,
900 4373 986 4431 ἴνα
1016 4374 1239 4444 γίνηται
1268 4377 1530 4447 πρότερον
1561 4379 1689 4445 παρ’
1716 4378 1871 4446 ἡμῶν
1901 4378 2037 4447 πρδς

2123 1916 2141 1948 ι
2183 1907 2481 1968 conspectu
2507 1908 2692 1954 vestro
2721 1911 2959 1960 stantem
2984 1901 3285 1970 aSpiciatis.
3315 1901 3420 1956 Sed
3457 1915 3525 1954 ne
3555 1899 3695 1953 ami-

2122 2007 2142 2042 ι
2189 1990 2372 2046 citiam
2427 1991 2724 2046 humanam
2787 1992 3007 2048 veritati
3071 2003 3496 2062 anteponamus.
3560 2006 3698 2046 neve

2124 2098 2142 2132 ι
2190 2079 2261 2134 ob
2313 2080 2613 2135 humanum
2659 2080 2921 2136 allectum
2973 2080 3268 2135 veritatem
3303 2077 3694 2147 despiciamus,

2125 2188 2146 2221 ε
2190 2181 2284 2225 aut
2316 2172 2632 2242 operiamus
2692 2181 2789 2227 aut
2838 2172 3346 2242 pra3termittamus.
3371 2171 3490 2226 Non
3550 2169 3695 2223 enim

2128 2283 2144 2315 ι
2192 2262 2260 2318 dc
2287 2265 2541 2334 pecuniis
2575 2273 2670 2319 aut
2704 2266 3169 2335 possessionibus,
3197 2274 3292 2320 aut
3321 2264 3578 2334 quapiam
3617 2277 3701 2316 re-

2129 2375 2149 2406 ι
2192 2371 2313 2410 rum
2366 2355 2688 2411 inferiorum
2727 2365 2784 2411 et
2827 2356 3272 2426 corruptibilium
3323 2353 3558 2424 quaestio
3592 2361 3698 2416 est,

2128 2465 2148 2499 ι
2190 2448 2410 2514 fratres,
2444 2448 2541 2504 sed
2583 2448 2653 2504 de
2683 2449 2791 2506 ﬁde
2829 2459 2888 2505 et
2918 2447 3224 2505 orthodoxa
3251 2447 3504 2504 doctrina
3539 2445 3700 2502 nobis

2129 2556 2149 2592 ι
2192 2538 2509 2597 sollicitudo
2561 2549 2686 2604 est;
2718 2539 2922 2610 quibus
2968 2539 3214 2595 immotis
3255 2546 3312 2594 et
3357 2535 3702 2593 ineoncussis

2129 2648 2151 2684 ο
2194 2630 2338 2701 apud
2371 2647 2472 2688 nos
2513 2648 2612 2703 per
2667 2633 2766 2688 Dei
2810 2633 3041 2705 gratiam
3078 2633 3458 2698 manentibus,
3487 2633 3698 2687 lucrum

2129 2742 2147 2775 ι
2195 2738 2328 2780 sane
2358 2723 2794 2795 incomparabile
2817 2736 2873 2782 et
2909 2726 3210 2783 ine-ﬂabilis
3239 2726 3450 2782 utilitas
3475 2725 3658 2781 aderit
3684 2740 3699 2789 ;

2130 2834 2149 2867 ι
2196 2823 2388 2870 contra
2418 2831 2553 2872 vero
2582 2817 2973 2874 excidentibus
3006 2819 3094 2873 vel
3128 2818 3183 2873 in
3217 2817 3480 2888 quopiam
3516 2823 3699 2870 muta-

2131 2922 2153 2956 ε
2202 2905 2289 2970 tis,
2324 2905 2676 2963 intolerabile
2717 2907 3199 2979 inenarrabileque
3244 2906 3553 2979 periculum
3610 2919 3702 2960 se-

2131 3014 2152 3049 ε
2197 3007 2422 3068 quetur.
2460 3016 2480 3051 ι

2203 3263 2328 3320 Ηιεο
2357 3279 2482 3318 cum
2510 3273 2734 3321 sanctus
2752 3263 3052 3334 imperator
3079 3273 3268 3318 noster
3290 3271 3522 3333 paterno
3577 3265 3706 3317 ιιυτ-

2134 3354 2445 3423 tatorioque
2506 3369 2659 3410 more
2717 3355 2980 3424 praefatus
3038 3363 3206 3412 esset.
3285 3353 3470 3407 statim
3525 3353 3704 3407 omnis

2132 3446 2449 3502 coeuntium
2505 3456 2704 3509 cmtus,
2764 3446 2886 3516 ejus
2939 3444 3465 3500 commonitionibus
3516 3445 3702 3498 horta-

2135 3536 2491 3606 tionibusque
2520 3545 2911 3606 compunctus,
2940 3536 3118 3606 iisque
3161 3536 3538 3606 acquiescens,
3576 3552 3702 3605 gra-

2137 3629 2351 3699 tiasque
2378 3644 2548 3701 agens
2571 3630 2685 3684 Deo
2731 3638 2790 3685 et
2835 3628 3110 3701 maiestati
3138 3629 3294 3698 ejus,
3342 3626 3596 3697 promisit
3648 3644 3706 3683 se

2134 3719 2314 3780 libero
2359 3721 2654 3790 omnisque
2692 3720 3034 3791 acceptionis
3073 3713 3304 3790 experte
3339 3719 3526 3774 animo
3580 3735 3707 3776 sen-

2138 3812 2420 3884 tentiaque
2450 3813 2619 3884 huius
2640 3814 2845 3884 negotii
2879 3827 3110 3870 examen
3137 3813 3436 3876 facturum,
3469 3823 3526 3868 et
3555 3813 3709 3882 quasi

2136 3907 2250 3962 Deo
2278 3905 2502 3963 vidente
2540 3906 2862 3977 quaestionis
2901 3905 3304 3964 discussionem
3357 3914 3707 3975 peractorum

2135 4015 2278 4058 esse.
2335 4000 2416 4056 Ad
2452 4001 2571 4056 haec
2622 3999 2830 4072 gratias
2878 4014 3048 4070 agens
3118 4005 3345 4052 sanctus
3410 3997 3710 4066 imperator

2137 4103 2348 4156 noster,
2376 4105 2681 4148 conversus
2708 4090 2908 4145 iterum
2955 4087 3022 4142 ad
3071 4085 3452 4144 sanctissimos
3479 4087 3714 4156 patriar-

2137 4185 2270 4240 chas
2297 4192 2354 4237 et
2381 4183 2449 4238 ad
2473 4191 2800 4254 praesentem
2827 4178 3371 4248 sacratissimamque
3395 4179 3664 4250 synodum
3693 4200 3707 4235 :

2145 4295 2164 4329 ε
2203 4277 2272 4331 Et
2317 4275 2444 4338 hoc,
2480 4273 2682 4344 inquit,
2718 4271 2958 4342 postulo,
3011 4268 3222 4326 domini
3280 4271 3411 4334 mei,
3449 4279 3508 4325 ut
3560 4273 3712 4342 prius

2147 4387 2165 4420 ι
2209 4369 2382 4423 Deum
2405 4381 2698 4436 precemur
2737 4379 2836 4435 pro
2861 4364 3148 4433 praesentis
3183 4365 3387 4436 negotii
3413 4366 3712 4430 solutione,

469 4481 486 4511 ι
519 4461 651 4516 Θεὸν
673 4461 908 4528 ἔντευξις
937 4468 1063 4538 περὶ
1087 4467 1188 4537 τῆς
1217 4468 1311 4521 τοῦ
1337 4471 1696 4539 προκειμένου
1717 4469 2033 4535 διαλύσεως.
2065 4457 2117 4516 D
2149 4481 2168 4515 ί
2208 4459 2520 4530 ἀοῑηάεειυθ
2551 4459 2999 4528 ἀίεψιίδὶίίοηθιη
3043 4458 3394 4529 ίηοίυίθῖηυεν
3423 4471 3710 4530 ροειίιυιιιιι

472 4572 489 4604 ι
521 4556 614 4606 καὶ
656 4550 759 4607 εἷθ’
809 4556 983 4621 οὕτως
1032 4559 1118 4614 ἵνα
1169 4560 1545 4632 ἀπαρξώμεθα
1591 4563 1690 4626 τῆς
1736 4562 2036 4634 ζητήσεως,

472 4663 489 4692 ε
522 4647 634 4708 ταῖς
670 4648 853 4714 ἁγίαις
894 4651 1047 4720 ὑμῶν
1089 4653 1274 4722 εὐχαῖς
1319 4654 1542 4717 ἑαυτοὺς
1575 4656 1971 4725 ὀχυρώσαντες.
2015 4677 2033 4709 ι

466 4737 660 4804 Γέγονε
684 4740 749 4811 δὴ
779 4742 872 4794 καὶ
904 4743 1081 4797 τοῦτο.
1127 4747 1236 4798 Καὶ
1274 4747 1368 4799 τοῦ
1401 4748 1705 4815 ἀγιωτάτου
1738 4751 1832 4803 καὶ
1858 4751 2038 4802 οἰκου-

471 4832 692 4896 μενικοῦ
719 4835 1057 4906 πατριάρχου
1091 4838 1189 4907 τὴν
1223 4841 1424 4910 συνήθη
1450 4839 1613 4909 εὐχὴν
1639 4838 2043 4906 ἑκτελέσαντος,

469 4921 630 4984 εὐθὺς
663 4925 758 4977 καὶ
795 4928 824 4979 ό
873 4927 982 4981 ἀπὸ
1033 4929 1374 4996 Χαλκηδόνος
1431 4930 1766 5000 μετάκλητος
1817 4931 2040 4999 γέγονε·

470 5012 563 5066 καὶ
594 5016 815 5080 στάντος
865 5018 924 5071 ὲν
973 5019 1052 5090 τῷ
1091 5021 1242 5090 μέσῳ
1275 5021 1466 5086 αὐτοῦ,
1506 5023 1534 5074 ὁ
1585 5021 1838 5092 βασιλεὺς
1889 5025 2045 5093 ἡμῶν

468 5104 497 5152 ὁ
527 5104 676 5172 ἅγιος
723 5107 924 5178 ἱλαρῶς
946 5126 1006 5162 τε
1037 5111 1131 5163 καὶ
1158 5111 1447 5182 προσηνῶς
1484 5113 1620 5183 πρὸς
1646 5114 1808 5167 αὑτὸν
1839 5114 2045 5170 ἀπιδὼν

468 5195 692 5249 τοιαῦτα
719 5199 1018 5266 ἐφθέγξατο
1043 5217 1060 5232 ο
1108 5220 1127 5253 ι
1167 5203 1475 5274 Παρακαλῶ
1499 5203 1594 5257 καὶ
1624 5204 1704 5266 σὲ,
1739 5205 1843 5276 κῦρ
1889 5205 2044 5269 Δέον,

475 5305 494 5335 ι
530 5287 615 5340 ἵνα
647 5289 736 5341 τὸν
778 5290 875 5342 τοῦ
915 5291 1050 5344 Θεοῦ
1088 5291 1252 5360 φόϐον
1287 5293 1458 5364 λάϐῃς
1491 5295 1584 5350 ἐπὶ
1616 5293 1875 5368 λογισμόν
1899 5312 1914 5326 '
1951 5295 2047 5350 καὶ

477 5395 495 5424 σ
530 5379 688 5449 εἴπερ
719 5383 858 5445 νοεῐς
889 5382 946 5434 ἐν
985 5385 1163 5455 ἐαυτῷ
1191 5385 1264 5449 ὡς
1293 5386 1359 5439 δι’
1386 5386 1724 5457 ἀνθρώπινόν
1772 5407 1824 5442 τι
1875 5388 2047 5451 πάθος

480 5487 496 5518 ι
533 5470 564 5538 ἢ
591 5469 656 5522 δι’
678 5471 796 5542 ἔριν
822 5474 943 5526 τινὰ
971 5473 1003 5544 ἦ
1034 5475 1258 5546 ἄκαιρον
1283 5477 1534 5535 ἔνστασιν
1565 5481 1624 5533 τὸ
1648 5481 1867 5547 γεγονὸς
1895 5479 2048 5548 παρά

482 5583 497 5606 ο
529 5562 622 5612 σοῦ
650 5562 868 5633 ἐξετέθη
909 5564 1082 5636 ἕγγρα
1112 5566 1306 5639 [μμα].
1351 5570 1425 5640 μὴ
1471 5571 1705 5641 θελήσῃς
1754 5571 2046 5638 ἀνωφελῶς

481 5668 498 5698 ε
531 5649 671 5702 οὕτω
726 5655 817 5708 καὶ
845 5655 1022 5724 μάτην
1050 5657 1381 5722 ἐνίστασθαι,
1410 5662 1502 5714 καὶ
1530 5661 1712 5730 ζητεῖν
1738 5663 1842 5723 ἕως
1864 5662 2048 5722 τέλους

479 5757 495 5787 ⁴
528 5741 600 5811 τῷ
639 5745 824 5814 οἰκείῳ
873 5746 1135 5816 ἐμμένειν
1185 5749 1451 5818 θελήματι
1505 5752 1594 5806 καὶ
1652 5753 2045 5824 συγγράμματι

2149 4574 2168 4607 ε
2211 4553 2469 4625 precibus
2492 4553 2691 4607 vestris
2721 4568 2819 4608 nos
2850 4550 3384 4607 conﬁrmaverimns.
3436 4571 3452 4604 ι
3486 4553 3543 4607 ld
3584 4569 3713 4607 vero

2145 4648 2346 4703 factum
2379 4657 2486 4702 est.
2522 4646 2589 4701 Et
2621 4655 2911 4716 postquam
2974 4645 3360 4700 sanctissimus
3387 4654 3444 4699 et
3474 4661 3715 4700 cucume-

2146 4740 2304 4794 nicus
2325 4737 2639 4809 patriarcha
2672 4747 2995 4792 consuetam
3021 4737 3329 4792 orationem
3375 4736 3712 4800 absolverat,

2145 4831 2328 4888 statim
2378 4829 2850 4887 Chalcedonensis
2900 4828 3101 4899 pnesul
3156 4827 3458 4884 accersitus
3487 4838 3598 4895 est;
3631 4829 3713 4899 ip-

2144 4938 2378 4992 sumque
2427 4923 2484 4976 in
2534 4922 2718 4977 medio
2794 4929 3034 4977 stantem
3095 4919 3260 4977 hilari
3318 4928 3717 4989 mansuetoque

2146 5015 2348 5070 intuitu
2380 5025 2606 5070 sanctus
2642 5015 2941 5083 imperator
2974 5013 3053 5068 sic
3105 5012 3408 5082 alloquitur
3439 5030 3453 5066 :
3501 5031 3520 5063 ι
3565 5010 3717 5082 Rego

2148 5131 2167 5162 ε
2221 5122 2293 5175 te,
2330 5111 2551 5166 domine
2583 5109 2716 5172 Leo,
2774 5109 3024 5162 timorem
3069 5109 3165 5164 Dei
3202 5108 3258 5162 in
3294 5117 3478 5164 mente
3508 5122 3714 5177 ponas;

2154 5220 2171 5252 ι
2214 5210 2270 5255 ct
2302 5202 2345 5255 si
2371 5201 2466 5255 tibi
2499 5200 2758 5254 conscius
2782 5200 2879 5264 sis,
2916 5208 2968 5254 te
3001 5200 3072 5254 ob
3110 5201 3411 5256 humanum
3458 5200 3715 5255 allectum

2153 5314 2170 5344 ε
2214 5302 2310 5348 aut
2345 5291 2756 5348 contentionem
2789 5291 3082 5359 quamdam
3133 5301 3229 5346 aut
3275 5292 3715 5360 intempestivam

2153 5403 2172 5436 ι
2215 5384 2560 5438 occasionem
2624 5381 2940 5453 huiusmodi
3006 5383 3256 5439 libellum
3316 5384 3593 5446 edidisse,
3650 5399 3719 5437 ne

2153 5494 2170 5525 ι
2219 5475 2352 5530 velis
2398 5474 2666 5530 inutiliter
2709 5482 2765 5529 et
2799 5473 3004 5529 frustra
3039 5475 3316 5541 insistere,
3366 5491 3474 5531 neu
3504 5490 3720 5545 quzeras

2156 5583 2174 5614 ε
2217 5581 2390 5634 usque
2423 5565 2492 5620 ad
2521 5565 2683 5621 tinem
2739 5581 2962 5622 manere
3008 5567 3062 5620 in
3107 5568 3393 5638 proposito
3425 5577 3482 5624 et
3515 5568 3719 5636 scripto

2154 5679 2170 5709 ι
2219 5669 2334 5723 tuo,
2369 5659 2518 5728 quod
2578 5675 2771 5714 omnes
2821 5662 3006 5714 sciunt
3067 5675 3228 5715 serus
3281 5677 3442 5730 quam
3502 5665 3718 5729 Oportet

2156 5769 2173 5804 ι
2218 5752 2442 5820 habere,
2499 5763 2555 5809 ct.
2611 5753 2940 5809 sententiam
2987 5753 3187 5810 divina:
3225 5754 3491 5808 doctrinm.
3540 5761 3712 5818 oppo-
