  <div class='ocr_page' id='page_1' title='image "/cluster/home/n/w/nwhite01/storage/ocr_20150623/127/hvd.32044073502411/495.png"; bbox 0 0 4104 6200; ppageno 0'>
   <div class='ocr_carea' id='block_1_1' title="bbox 459 318 566 381">
    <p class='ocr_par' dir='ltr' id='par_1_1' title="bbox 459 318 566 381">
     <span class='ocr_line' id='line_1_1' title="bbox 459 318 566 381; baseline 0 0"><span class='ocrx_word' id='word_1_1' title='bbox 459 318 566 381; x_wconf 83' lang='grc'><strong>979</strong></span> 
     </span>
    </p>
   </div>
   <div class='ocr_carea' id='block_1_2' title="bbox 1720 320 2367 382">
    <p class='ocr_par' dir='ltr' id='par_1_2' title="bbox 1720 320 2367 382">
     <span class='ocr_line' id='line_1_2' title="bbox 1720 320 2367 382; baseline 0.005 -5"><span class='ocrx_word' id='word_1_2' title='bbox 1720 320 1984 381; x_wconf 83' lang='lat' dir='ltr'><strong>ALEXIl</strong></span> <span class='ocrx_word' id='word_1_3' title='bbox 2023 320 2367 382; x_wconf 76' lang='lat' dir='ltr'><strong>COMNENE</strong></span> 
     </span>
    </p>
   </div>
   <div class='ocr_carea' id='block_1_3' title="bbox 3602 327 3708 390">
    <p class='ocr_par' dir='ltr' id='par_1_3' title="bbox 3602 327 3708 390">
     <span class='ocr_line' id='line_1_3' title="bbox 3602 327 3708 390; baseline 0 -1"><span class='ocrx_word' id='word_1_4' title='bbox 3602 327 3708 390; x_wconf 67' lang='lat'><strong>990</strong></span> 
     </span>
    </p>
   </div>
   <div class='ocr_carea' id='block_1_4' title="bbox 465 426 2029 506">
    <p class='ocr_par' dir='ltr' id='par_1_4' title="bbox 465 426 2021 499">
     <span class='ocr_line' id='line_1_4' title="bbox 465 426 2021 499; baseline 0.001 -17"><span class='ocrx_word' id='word_1_5' title='bbox 465 451 483 482; x_wconf 78' lang='grc' dir='ltr'><strong>ι</strong></span> <span class='ocrx_word' id='word_1_6' title='bbox 528 431 688 484; x_wconf 69' lang='lat' dir='ltr'><strong>sitam</strong></span> <span class='ocrx_word' id='word_1_7' title='bbox 717 427 1020 482; x_wconf 87' lang='lat' dir='ltr'><strong>vmdicare.</strong></span> <span class='ocrx_word' id='word_1_8' title='bbox 1053 426 1110 480; x_wconf 90' lang='lat' dir='ltr'><strong>ld</strong></span> <span class='ocrx_word' id='word_1_9' title='bbox 1138 426 1286 481; x_wconf 91' lang='lat' dir='ltr'><strong>enim</strong></span> <span class='ocrx_word' id='word_1_10' title='bbox 1318 441 1496 494; x_wconf 85' lang='lat' dir='ltr'><strong>neque</strong></span> <span class='ocrx_word' id='word_1_11' title='bbox 1530 427 1819 496; x_wconf 95' lang='lat' dir='ltr'><strong>prudentis</strong></span> <span class='ocrx_word' id='word_1_12' title='bbox 1840 445 2021 499; x_wconf 91' lang='lat' dir='ltr'><strong>neque</strong></span> 
     </span>
    </p>
   </div>
   <div class='ocr_carea' id='block_1_5' title="bbox 2135 426 3711 506">
    <p class='ocr_par' dir='ltr' id='par_1_5' title="bbox 2135 430 3711 506">
     <span class='ocr_line' id='line_1_5' title="bbox 2135 430 3711 506; baseline 0.007 -25"><span class='ocrx_word' id='word_1_13' title='bbox 2135 448 2152 481; x_wconf 84' lang='grc' dir='ltr'><strong>ι</strong></span> <span class='ocrx_word' id='word_1_14' title='bbox 2185 430 2826 501; x_wconf 72' lang='grc' dir='ltr'>διαγινωσκομὲνῳπαρά</span> <span class='ocrx_word' id='word_1_15' title='bbox 2841 432 3055 486; x_wconf 70' lang='grc' dir='ltr'>πάντων</span> <span class='ocrx_word' id='word_1_16' title='bbox 3072 434 3327 496; x_wconf 84' lang='grc' dir='ltr'>ἐναντίως</span> <span class='ocrx_word' id='word_1_17' title='bbox 3350 434 3516 506; x_wconf 77' lang='grc' dir='ltr'>ἔχειν,</span> <span class='ocrx_word' id='word_1_18' title='bbox 3533 440 3625 491; x_wconf 68' lang='grc' dir='ltr'>καὶ</span> <span class='ocrx_word' id='word_1_19' title='bbox 3640 440 3711 492; x_wconf 81' lang='grc' dir='ltr'><strong>τὰ</strong></span> 
     </span>
    </p>
   </div>
   <div class='ocr_carea' id='block_1_6' title="bbox 463 517 2026 588">
    <p class='ocr_par' dir='ltr' id='par_1_6' title="bbox 463 517 2026 588">
     <span class='ocr_line' id='line_1_6' title="bbox 463 517 2026 588; baseline 0.002 -16"><span class='ocrx_word' id='word_1_20' title='bbox 463 544 481 572; x_wconf 75' lang='grc' dir='ltr'><strong>ε</strong></span> <span class='ocrx_word' id='word_1_21' title='bbox 526 519 829 578; x_wconf 90' lang='lat' dir='ltr'><strong>Christiani</strong></span> <span class='ocrx_word' id='word_1_22' title='bbox 870 518 973 572; x_wconf 89' lang='lat' dir='ltr'><strong>viri</strong></span> <span class='ocrx_word' id='word_1_23' title='bbox 1003 517 1307 588; x_wconf 84' lang='lat' dir='ltr'><strong>proprium</strong></span> <span class='ocrx_word' id='word_1_24' title='bbox 1338 528 1442 574; x_wconf 88' lang='lat' dir='ltr'><strong>est.</strong></span> <span class='ocrx_word' id='word_1_25' title='bbox 1478 538 1496 569; x_wconf 75' lang='grc' dir='ltr'><strong>ι</strong></span> <span class='ocrx_word' id='word_1_26' title='bbox 1537 519 1633 574; x_wconf 87' lang='lat' dir='ltr'><strong>His</strong></span> <span class='ocrx_word' id='word_1_27' title='bbox 1685 519 1890 576; x_wconf 86' lang='lat' dir='ltr'><strong>auditis</strong></span> <span class='ocrx_word' id='word_1_28' title='bbox 1934 522 2026 575; x_wconf 91' lang='lat' dir='ltr'><strong>ille</strong></span> 
     </span>
    </p>
   </div>
   <div class='ocr_carea' id='block_1_7' title="bbox 460 608 2027 681">
    <p class='ocr_par' dir='ltr' id='par_1_7' title="bbox 460 608 2027 681">
     <span class='ocr_line' id='line_1_7' title="bbox 460 608 2027 681; baseline -0.002 -14"><span class='ocrx_word' id='word_1_29' title='bbox 460 614 739 681; x_wconf 73' lang='lat' dir='ltr'><strong>pollicitus</strong></span> <span class='ocrx_word' id='word_1_30' title='bbox 763 618 848 665; x_wconf 88' lang='lat' dir='ltr'><strong>est</strong></span> <span class='ocrx_word' id='word_1_31' title='bbox 882 624 941 665; x_wconf 88' lang='lat' dir='ltr'><strong>se</strong></span> <span class='ocrx_word' id='word_1_32' title='bbox 969 624 1095 662; x_wconf 90' lang='lat' dir='ltr'><strong>cum</strong></span> <span class='ocrx_word' id='word_1_33' title='bbox 1135 608 1285 663; x_wconf 89' lang='lat' dir='ltr'><strong>omni</strong></span> <span class='ocrx_word' id='word_1_34' title='bbox 1324 608 1581 663; x_wconf 72' lang='lat' dir='ltr'><strong>libertate</strong></span> <span class='ocrx_word' id='word_1_35' title='bbox 1612 617 1667 664; x_wconf 89' lang='lat' dir='ltr'><strong>et</strong></span> <span class='ocrx_word' id='word_1_36' title='bbox 1694 610 1877 664; x_wconf 92' lang='lat' dir='ltr'><strong>animo</strong></span> <span class='ocrx_word' id='word_1_37' title='bbox 1914 611 2027 665; x_wconf 86' lang='lat' dir='ltr'><strong>sin-</strong></span> 
     </span>
    </p>
   </div>
   <div class='ocr_carea' id='block_1_8' title="bbox 456 702 2028 773">
    <p class='ocr_par' dir='ltr' id='par_1_8' title="bbox 456 702 2028 773">
     <span class='ocr_line' id='line_1_8' title="bbox 456 702 2028 773; baseline -0.003 -12"><span class='ocrx_word' id='word_1_38' title='bbox 456 722 584 761; x_wconf 89' lang='lat' dir='ltr'><strong>cero</strong></span> <span class='ocrx_word' id='word_1_39' title='bbox 616 719 838 759; x_wconf 88' lang='lat' dir='ltr'><strong>causam</strong></span> <span class='ocrx_word' id='word_1_40' title='bbox 864 717 1017 759; x_wconf 89' lang='lat' dir='ltr'><strong>suam</strong></span> <span class='ocrx_word' id='word_1_41' title='bbox 1047 702 1405 757; x_wconf 81' lang='lat' dir='ltr'><strong>defensurum</strong></span> <span class='ocrx_word' id='word_1_42' title='bbox 1433 716 1576 768; x_wconf 89' lang='lat' dir='ltr'><strong>esse,</strong></span> <span class='ocrx_word' id='word_1_43' title='bbox 1606 713 1664 757; x_wconf 89' lang='lat' dir='ltr'><strong>et</strong></span> <span class='ocrx_word' id='word_1_44' title='bbox 1702 704 2028 773; x_wconf 88' lang='lat' dir='ltr'><strong>repudiatu-</strong></span> 
     </span>
    </p>
   </div>
   <div class='ocr_carea' id='block_1_9' title="bbox 457 796 2025 867">
    <p class='ocr_par' dir='ltr' id='par_1_9' title="bbox 457 796 2025 867">
     <span class='ocr_line' id='line_1_9' title="bbox 457 796 2025 867; baseline -0.001 -15"><span class='ocrx_word' id='word_1_45' title='bbox 457 814 576 853; x_wconf 77' lang='lat' dir='ltr'><strong>rum</strong></span> <span class='ocrx_word' id='word_1_46' title='bbox 608 796 877 867; x_wconf 84' lang='lat' dir='ltr'><strong>quidquid</strong></span> <span class='ocrx_word' id='word_1_47' title='bbox 910 796 1111 849; x_wconf 84' lang='lat' dir='ltr'><strong>divinae</strong></span> <span class='ocrx_word' id='word_1_48' title='bbox 1161 796 1383 855; x_wconf 87' lang='lat' dir='ltr'><strong>Patrum</strong></span> <span class='ocrx_word' id='word_1_49' title='bbox 1427 796 1694 851; x_wconf 65' lang='lat' dir='ltr'><strong>doctrina:</strong></span> <span class='ocrx_word' id='word_1_50' title='bbox 1717 812 2025 867; x_wconf 81' lang='lat' dir='ltr'><strong>repugnare</strong></span> 
     </span>
    </p>
   </div>
   <div class='ocr_carea' id='block_1_10' title="bbox 455 885 2029 956">
    <p class='ocr_par' dir='ltr' id='par_1_10' title="bbox 455 885 2029 956">
     <span class='ocr_line' id='line_1_10' title="bbox 455 885 2029 956; baseline 0 -16"><span class='ocrx_word' id='word_1_51' title='bbox 455 888 760 942; x_wconf 79' lang='lat' dir='ltr'><strong>videretur.</strong></span> <span class='ocrx_word' id='word_1_52' title='bbox 822 885 947 941; x_wconf 69' lang='lat' dir='ltr'><strong>Haec</strong></span> <span class='ocrx_word' id='word_1_53' title='bbox 995 901 1121 940; x_wconf 89' lang='lat' dir='ltr'><strong>cum</strong></span> <span class='ocrx_word' id='word_1_54' title='bbox 1160 886 1253 941; x_wconf 88' lang='lat' dir='ltr'><strong>ille</strong></span> <span class='ocrx_word' id='word_1_55' title='bbox 1301 885 1672 955; x_wconf 83' lang='lat' dir='ltr'><strong>promisisset,</strong></span> <span class='ocrx_word' id='word_1_56' title='bbox 1722 896 1919 956; x_wconf 89' lang='lat' dir='ltr'><strong>potens</strong></span> <span class='ocrx_word' id='word_1_57' title='bbox 1972 897 2029 942; x_wconf 88' lang='lat' dir='ltr'><strong>et</strong></span> 
     </span>
    </p>
   </div>
   <div class='ocr_carea' id='block_1_11' title="bbox 454 979 2025 1050">
    <p class='ocr_par' dir='ltr' id='par_1_11' title="bbox 454 979 2025 1050">
     <span class='ocr_line' id='line_1_11' title="bbox 454 979 2025 1050; baseline -0.004 -14"><span class='ocrx_word' id='word_1_58' title='bbox 454 988 678 1036; x_wconf 83' lang='lat' dir='ltr'><strong>sanctus</strong></span> <span class='ocrx_word' id='word_1_59' title='bbox 697 980 997 1049; x_wconf 85' lang='lat' dir='ltr'><strong>imperator</strong></span> <span class='ocrx_word' id='word_1_60' title='bbox 1026 988 1215 1035; x_wconf 85' lang='lat' dir='ltr'><strong>noster</strong></span> <span class='ocrx_word' id='word_1_61' title='bbox 1242 979 1521 1050; x_wconf 61' lang='lat' dir='ltr'><strong>praecepit,</strong></span> <span class='ocrx_word' id='word_1_62' title='bbox 1556 979 2025 1033; x_wconf 84' lang='lat' dir='ltr'><strong>utEuchaitarum</strong></span> 
     </span>
    </p>
   </div>
   <div class='ocr_carea' id='block_1_12' title="bbox 454 1069 2025 1141">
    <p class='ocr_par' dir='ltr' id='par_1_12' title="bbox 454 1069 2025 1141">
     <span class='ocr_line' id='line_1_12' title="bbox 454 1069 2025 1141; baseline -0.003 -15"><span class='ocrx_word' id='word_1_63' title='bbox 454 1072 827 1141; x_wconf 87' lang='lat' dir='ltr'><strong>metr0polita,</strong></span> <span class='ocrx_word' id='word_1_64' title='bbox 860 1081 917 1127; x_wconf 88' lang='lat' dir='ltr'><strong>et</strong></span> <span class='ocrx_word' id='word_1_65' title='bbox 944 1080 1284 1127; x_wconf 86' lang='lat' dir='ltr'><strong>memoratus</strong></span> <span class='ocrx_word' id='word_1_66' title='bbox 1311 1071 1781 1126; x_wconf 75' lang='lat' dir='ltr'><strong>Chalcedonensis</strong></span> <span class='ocrx_word' id='word_1_67' title='bbox 1826 1069 2025 1140; x_wconf 86' lang='lat' dir='ltr'><strong>praesul</strong></span> 
     </span>
    </p>
   </div>
   <div class='ocr_carea' id='block_1_13' title="bbox 454 1163 2028 1233">
    <p class='ocr_par' dir='ltr' id='par_1_13' title="bbox 454 1163 2028 1233">
     <span class='ocr_line' id='line_1_13' title="bbox 454 1163 2028 1233; baseline -0.001 -14"><span class='ocrx_word' id='word_1_68' title='bbox 454 1181 577 1220; x_wconf 82' lang='lat' dir='ltr'><strong>sese</strong></span> <span class='ocrx_word' id='word_1_69' title='bbox 631 1174 827 1220; x_wconf 88' lang='lat' dir='ltr'><strong>mutuo</strong></span> <span class='ocrx_word' id='word_1_70' title='bbox 895 1165 1343 1230; x_wconf 81' lang='lat' dir='ltr'><strong>reconciliarent,</strong></span> <span class='ocrx_word' id='word_1_71' title='bbox 1415 1179 1746 1233; x_wconf 85' lang='lat' dir='ltr'><strong>omnemque</strong></span> <span class='ocrx_word' id='word_1_72' title='bbox 1814 1163 2028 1233; x_wconf 81' lang='lat' dir='ltr'><strong>injuriae</strong></span> 
     </span>
    </p>
   </div>
   <div class='ocr_carea' id='block_1_14' title="bbox 454 1254 2022 1327">
    <p class='ocr_par' dir='ltr' id='par_1_14' title="bbox 454 1254 2022 1327">
     <span class='ocr_line' id='line_1_14' title="bbox 454 1254 2022 1327; baseline -0.001 -16"><span class='ocrx_word' id='word_1_73' title='bbox 454 1258 773 1312; x_wconf 86' lang='lat' dir='ltr'><strong>memoriam</strong></span> <span class='ocrx_word' id='word_1_74' title='bbox 829 1273 1059 1327; x_wconf 88' lang='lat' dir='ltr'><strong>prorsus</strong></span> <span class='ocrx_word' id='word_1_75' title='bbox 1112 1258 1180 1311; x_wconf 90' lang='lat' dir='ltr'><strong>ab</strong></span> <span class='ocrx_word' id='word_1_76' title='bbox 1213 1258 1396 1311; x_wconf 87' lang='lat' dir='ltr'><strong>animo</strong></span> <span class='ocrx_word' id='word_1_77' title='bbox 1454 1257 1757 1327; x_wconf 83' lang='lat' dir='ltr'><strong>abjicerent</strong></span> <span class='ocrx_word' id='word_1_78' title='bbox 1805 1274 1818 1307; x_wconf 87' lang='lat'><strong>:</strong></span> <span class='ocrx_word' id='word_1_79' title='bbox 1876 1254 2022 1324; x_wconf 89' lang='lat' dir='ltr'><strong>quod</strong></span> 
     </span>
    </p>
   </div>
   <div class='ocr_carea' id='block_1_15' title="bbox 453 1350 2010 1419">
    <p class='ocr_par' dir='ltr' id='par_1_15' title="bbox 453 1350 2010 1419">
     <span class='ocr_line' id='line_1_15' title="bbox 453 1350 2010 1419; baseline -0.001 -16"><span class='ocrx_word' id='word_1_80' title='bbox 453 1367 577 1405; x_wconf 82' lang='lat' dir='ltr'><strong>eum</strong></span> <span class='ocrx_word' id='word_1_81' title='bbox 610 1350 867 1405; x_wconf 79' lang='lat' dir='ltr'><strong>fecissent</strong></span> <span class='ocrx_word' id='word_1_82' title='bbox 894 1352 1057 1405; x_wconf 84' lang='lat' dir='ltr'><strong>ambo</strong></span> <span class='ocrx_word' id='word_1_83' title='bbox 1100 1350 1318 1419; x_wconf 83' lang='lat' dir='ltr'><strong>sibique</strong></span> <span class='ocrx_word' id='word_1_84' title='bbox 1351 1360 1542 1403; x_wconf 90' lang='lat' dir='ltr'><strong>mutuo</strong></span> <span class='ocrx_word' id='word_1_85' title='bbox 1583 1350 2010 1411; x_wconf 89' lang='lat' dir='ltr'><strong>condonassenl,</strong></span> 
     </span>
    </p>
   </div>
   <div class='ocr_carea' id='block_1_16' title="bbox 454 1432 2025 1508">
    <p class='ocr_par' dir='ltr' id='par_1_16' title="bbox 454 1432 2025 1508">
     <span class='ocr_line' id='line_1_16' title="bbox 454 1432 2025 1508; baseline -0.001 -16"><span class='ocrx_word' id='word_1_86' title='bbox 454 1456 576 1495; x_wconf 87' lang='lat' dir='ltr'><strong>sese</strong></span> <span class='ocrx_word' id='word_1_87' title='bbox 621 1443 862 1496; x_wconf 80' lang='lat' dir='ltr'><strong>fraterne</strong></span> <span class='ocrx_word' id='word_1_88' title='bbox 913 1441 1149 1495; x_wconf 88' lang='lat' dir='ltr'><strong>invicem</strong></span> <span class='ocrx_word' id='word_1_89' title='bbox 1201 1440 1497 1508; x_wconf 81' lang='lat' dir='ltr'><strong>amplexati</strong></span> <span class='ocrx_word' id='word_1_90' title='bbox 1534 1449 1685 1493; x_wconf 87' lang='lat' dir='ltr'><strong>sunt.</strong></span> <span class='ocrx_word' id='word_1_91' title='bbox 1717 1440 1832 1493; x_wconf 89' lang='lat' dir='ltr'><strong>Imo</strong></span> <span class='ocrx_word' id='word_1_92' title='bbox 1860 1432 2025 1493; x_wconf 85' lang='lat' dir='ltr'><strong>etiam</strong></span> 
     </span>
    </p>
   </div>
   <div class='ocr_carea' id='block_1_17' title="bbox 455 1534 2020 1605">
    <p class='ocr_par' dir='ltr' id='par_1_17' title="bbox 455 1534 2020 1605">
     <span class='ocr_line' id='line_1_17' title="bbox 455 1534 2020 1605; baseline 0.001 -20"><span class='ocrx_word' id='word_1_93' title='bbox 455 1550 579 1587; x_wconf 75' lang='lat' dir='ltr'><strong>cum</strong></span> <span class='ocrx_word' id='word_1_94' title='bbox 607 1536 849 1602; x_wconf 66' lang='lat' dir='ltr'><strong>reliquus</strong></span> <span class='ocrx_word' id='word_1_95' title='bbox 882 1536 1269 1605; x_wconf 84' lang='lat' dir='ltr'><strong>episcoporum</strong></span> <span class='ocrx_word' id='word_1_96' title='bbox 1299 1542 1476 1590; x_wconf 63' lang='lat' dir='ltr'><strong>coetus</strong></span> <span class='ocrx_word' id='word_1_97' title='bbox 1496 1534 1704 1602; x_wconf 90' lang='lat' dir='ltr'><strong>optimo</strong></span> <span class='ocrx_word' id='word_1_98' title='bbox 1736 1534 2020 1602; x_wconf 87' lang='lat' dir='ltr'><strong>proposito</strong></span> 
     </span>
    </p>
   </div>
   <div class='ocr_carea' id='block_1_18' title="bbox 451 1628 2024 1698">
    <p class='ocr_par' dir='ltr' id='par_1_18' title="bbox 451 1628 2024 1698">
     <span class='ocr_line' id='line_1_18' title="bbox 451 1628 2024 1698; baseline 0.002 -20"><span class='ocrx_word' id='word_1_99' title='bbox 451 1628 669 1681; x_wconf 82' lang='lat' dir='ltr'><strong>veniant</strong></span> <span class='ocrx_word' id='word_1_100' title='bbox 708 1628 806 1696; x_wconf 85' lang='lat' dir='ltr'><strong>ipsi</strong></span> <span class='ocrx_word' id='word_1_101' title='bbox 857 1628 1119 1692; x_wconf 85' lang='lat' dir='ltr'><strong>dedisset,</strong></span> <span class='ocrx_word' id='word_1_102' title='bbox 1183 1629 1256 1681; x_wconf 84' lang='lat' dir='ltr'><strong>ita</strong></span> <span class='ocrx_word' id='word_1_103' title='bbox 1322 1637 1565 1697; x_wconf 73' lang='lat' dir='ltr'><strong>emptum</strong></span> <span class='ocrx_word' id='word_1_104' title='bbox 1598 1637 1684 1681; x_wconf 90' lang='lat' dir='ltr'><strong>est</strong></span> <span class='ocrx_word' id='word_1_105' title='bbox 1718 1628 2024 1698; x_wconf 79' lang='lat' dir='ltr'><strong>negotium.</strong></span> 
     </span>
    </p>
   </div>
   <div class='ocr_carea' id='block_1_19' title="bbox 456 1720 2025 1791">
    <p class='ocr_par' dir='ltr' id='par_1_19' title="bbox 456 1720 2025 1791">
     <span class='ocr_line' id='line_1_19' title="bbox 456 1720 2025 1791; baseline 0.001 -20"><span class='ocrx_word' id='word_1_106' title='bbox 456 1720 682 1774; x_wconf 78' lang='lat' dir='ltr'><strong>Lectum</strong></span> <span class='ocrx_word' id='word_1_107' title='bbox 731 1729 814 1775; x_wconf 89' lang='lat' dir='ltr'><strong>est</strong></span> <span class='ocrx_word' id='word_1_108' title='bbox 856 1721 1003 1775; x_wconf 89' lang='lat' dir='ltr'><strong>enim</strong></span> <span class='ocrx_word' id='word_1_109' title='bbox 1062 1738 1127 1775; x_wconf 79' lang='lat' dir='ltr'><strong>ex</strong></span> <span class='ocrx_word' id='word_1_110' title='bbox 1205 1721 1471 1791; x_wconf 87' lang='lat' dir='ltr'><strong>synodico</strong></span> <span class='ocrx_word' id='word_1_111' title='bbox 1528 1721 1775 1789; x_wconf 67' lang='lat' dir='ltr'><strong>septima:</strong></span> <span class='ocrx_word' id='word_1_112' title='bbox 1810 1720 2025 1791; x_wconf 86' lang='lat' dir='ltr'><strong>synodi,</strong></span> 
     </span>
    </p>
   </div>
   <div class='ocr_carea' id='block_1_20' title="bbox 453 1812 2025 1882">
    <p class='ocr_par' dir='ltr' id='par_1_20' title="bbox 453 1812 2025 1882">
     <span class='ocr_line' id='line_1_20' title="bbox 453 1812 2025 1882; baseline 0.001 -18"><span class='ocrx_word' id='word_1_113' title='bbox 453 1812 601 1880; x_wconf 87' lang='lat' dir='ltr'><strong>quod</strong></span> <span class='ocrx_word' id='word_1_114' title='bbox 658 1812 712 1866; x_wconf 95' lang='lat' dir='ltr'><strong>in</strong></span> <span class='ocrx_word' id='word_1_115' title='bbox 768 1813 1053 1867; x_wconf 88' lang='lat' dir='ltr'><strong>Dominica</strong></span> <span class='ocrx_word' id='word_1_116' title='bbox 1110 1812 1462 1867; x_wconf 61' lang='lat' dir='ltr'><strong>Orthodoxiaz</strong></span> <span class='ocrx_word' id='word_1_117' title='bbox 1518 1830 1583 1867; x_wconf 90' lang='lat' dir='ltr'><strong>ex</strong></span> <span class='ocrx_word' id='word_1_118' title='bbox 1634 1812 1869 1866; x_wconf 87' lang='lat' dir='ltr'><strong>amboue</strong></span> <span class='ocrx_word' id='word_1_119' title='bbox 1924 1812 2025 1882; x_wconf 83' lang='lat' dir='ltr'><strong>legi</strong></span> 
     </span>
    </p>
   </div>
   <div class='ocr_carea' id='block_1_21' title="bbox 455 1903 2029 1973">
    <p class='ocr_par' dir='ltr' id='par_1_21' title="bbox 455 1903 2029 1973">
     <span class='ocr_line' id='line_1_21' title="bbox 455 1903 2029 1973; baseline 0 -18"><span class='ocrx_word' id='word_1_120' title='bbox 455 1905 691 1967; x_wconf 80' lang='lat' dir='ltr'><strong>solebat,</strong></span> <span class='ocrx_word' id='word_1_121' title='bbox 729 1904 938 1959; x_wconf 89' lang='lat' dir='ltr'><strong>dictum</strong></span> <span class='ocrx_word' id='word_1_122' title='bbox 975 1904 1109 1959; x_wconf 90' lang='lat' dir='ltr'><strong>illud</strong></span> <span class='ocrx_word' id='word_1_123' title='bbox 1142 1904 1195 1957; x_wconf 92' lang='lat' dir='ltr'><strong>in</strong></span> <span class='ocrx_word' id='word_1_124' title='bbox 1224 1920 1336 1973; x_wconf 88' lang='lat' dir='ltr'><strong>quo</strong></span> <span class='ocrx_word' id='word_1_125' title='bbox 1377 1904 1445 1957; x_wconf 90' lang='lat' dir='ltr'><strong>de</strong></span> <span class='ocrx_word' id='word_1_126' title='bbox 1488 1912 1803 1958; x_wconf 76' lang='lat' dir='ltr'><strong>sant-tarum</strong></span> <span class='ocrx_word' id='word_1_127' title='bbox 1840 1903 2029 1972; x_wconf 85' lang='lat' dir='ltr'><strong>imagi-</strong></span> 
     </span>
    </p>
   </div>
   <div class='ocr_carea' id='block_1_22' title="bbox 452 1995 2023 2064">
    <p class='ocr_par' dir='ltr' id='par_1_22' title="bbox 452 1995 2023 2064">
     <span class='ocr_line' id='line_1_22' title="bbox 452 1995 2023 2064; baseline 0 -17"><span class='ocrx_word' id='word_1_128' title='bbox 452 2010 584 2048; x_wconf 82' lang='lat' dir='ltr'><strong>num</strong></span> <span class='ocrx_word' id='word_1_129' title='bbox 616 1995 936 2049; x_wconf 81' lang='lat' dir='ltr'><strong>adoratione</strong></span> <span class='ocrx_word' id='word_1_130' title='bbox 955 1995 1154 2064; x_wconf 89' lang='lat' dir='ltr'><strong>agitur,</strong></span> <span class='ocrx_word' id='word_1_131' title='bbox 1178 1995 1434 2049; x_wconf 92' lang='lat' dir='ltr'><strong>omnibus</strong></span> <span class='ocrx_word' id='word_1_132' title='bbox 1450 1995 1568 2063; x_wconf 86' lang='lat' dir='ltr'><strong>qui,</strong></span> <span class='ocrx_word' id='word_1_133' title='bbox 1601 2004 1660 2048; x_wconf 90' lang='lat' dir='ltr'><strong>ut</strong></span> <span class='ocrx_word' id='word_1_134' title='bbox 1682 1995 1889 2048; x_wconf 88' lang='lat' dir='ltr'><strong>dictum</strong></span> <span class='ocrx_word' id='word_1_135' title='bbox 1920 2003 2023 2056; x_wconf 90' lang='lat' dir='ltr'><strong>est,</strong></span> 
     </span>
    </p>
   </div>
   <div class='ocr_carea' id='block_1_23' title="bbox 451 2084 2025 2156">
    <p class='ocr_par' dir='ltr' id='par_1_23' title="bbox 451 2084 2025 2156">
     <span class='ocr_line' id='line_1_23' title="bbox 451 2084 2025 2156; baseline 0 -20"><span class='ocrx_word' id='word_1_136' title='bbox 451 2086 771 2156; x_wconf 81' lang='lat' dir='ltr'><strong>congregati</strong></span> <span class='ocrx_word' id='word_1_137' title='bbox 839 2096 968 2140; x_wconf 90' lang='lat' dir='ltr'><strong>sunt</strong></span> <span class='ocrx_word' id='word_1_138' title='bbox 1020 2085 1396 2151; x_wconf 83' lang='lat' dir='ltr'><strong>audientibus,</strong></span> <span class='ocrx_word' id='word_1_139' title='bbox 1463 2084 1623 2138; x_wconf 81' lang='lat' dir='ltr'><strong>cuius</strong></span> <span class='ocrx_word' id='word_1_140' title='bbox 1682 2085 1797 2139; x_wconf 76' lang='lat' dir='ltr'><strong>haec</strong></span> <span class='ocrx_word' id='word_1_141' title='bbox 1860 2084 2025 2138; x_wconf 87' lang='lat' dir='ltr'><strong>verba</strong></span> 
     </span>
    </p>
   </div>
   <div class='ocr_carea' id='block_1_24' title="bbox 453 2186 615 2231">
    <p class='ocr_par' dir='ltr' id='par_1_24' title="bbox 453 2186 615 2231">
     <span class='ocr_line' id='line_1_24' title="bbox 453 2186 615 2231; baseline -0.006 0"><span class='ocrx_word' id='word_1_142' title='bbox 453 2186 615 2231; x_wconf 82' lang='lat' dir='ltr'><strong>sunt:</strong></span> 
     </span>
    </p>
   </div>
   <div class='ocr_carea' id='block_1_25' title="bbox 533 2437 2025 2510">
    <p class='ocr_par' dir='ltr' id='par_1_25' title="bbox 533 2437 2025 2510">
     <span class='ocr_line' id='line_1_25' title="bbox 533 2437 2025 2510; baseline 0.001 -21"><span class='ocrx_word' id='word_1_143' title='bbox 533 2457 550 2488; x_wconf 76' lang='grc' dir='ltr'><strong>ι</strong></span> <span class='ocrx_word' id='word_1_144' title='bbox 584 2437 742 2493; x_wconf 91' lang='lat' dir='ltr'><strong>Omni</strong></span> <span class='ocrx_word' id='word_1_145' title='bbox 776 2454 901 2493; x_wconf 91' lang='lat' dir='ltr'><strong>cum</strong></span> <span class='ocrx_word' id='word_1_146' title='bbox 930 2440 1213 2510; x_wconf 80' lang='lat' dir='ltr'><strong>diligentia</strong></span> <span class='ocrx_word' id='word_1_147' title='bbox 1245 2448 1302 2494; x_wconf 90' lang='lat' dir='ltr'><strong>et</strong></span> <span class='ocrx_word' id='word_1_148' title='bbox 1334 2439 1708 2494; x_wconf 87' lang='lat' dir='ltr'><strong>sollicitudine</strong></span> <span class='ocrx_word' id='word_1_149' title='bbox 1739 2438 2025 2492; x_wconf 85' lang='lat' dir='ltr'><strong>detinitum</strong></span> 
     </span>
    </p>
   </div>
   <div class='ocr_carea' id='block_1_26' title="bbox 454 2528 2026 2602">
    <p class='ocr_par' dir='ltr' id='par_1_26' title="bbox 454 2528 2026 2602">
     <span class='ocr_line' id='line_1_26' title="bbox 454 2528 2026 2602; baseline -0.003 -16"><span class='ocrx_word' id='word_1_150' title='bbox 454 2546 563 2595; x_wconf 79' lang='grc' dir='ltr'>ρει,</span> <span class='ocrx_word' id='word_1_151' title='bbox 591 2531 823 2602; x_wconf 89' lang='lat' dir='ltr'><strong>perinde</strong></span> <span class='ocrx_word' id='word_1_152' title='bbox 851 2540 1017 2602; x_wconf 84' lang='lat' dir='ltr'><strong>atque</strong></span> <span class='ocrx_word' id='word_1_153' title='bbox 1071 2531 1298 2601; x_wconf 81' lang='lat' dir='ltr'><strong>ﬁguram</strong></span> <span class='ocrx_word' id='word_1_154' title='bbox 1344 2530 1682 2586; x_wconf 81' lang='lat' dir='ltr'><strong>honorandae</strong></span> <span class='ocrx_word' id='word_1_155' title='bbox 1729 2529 1913 2584; x_wconf 87' lang='lat' dir='ltr'><strong>crucis</strong></span> <span class='ocrx_word' id='word_1_156' title='bbox 1953 2528 2026 2581; x_wconf 85' lang='lat' dir='ltr'><strong>ita</strong></span> 
     </span>
    </p>
   </div>
   <div class='ocr_carea' id='block_1_27' title="bbox 456 2622 2029 2693">
    <p class='ocr_par' dir='ltr' id='par_1_27' title="bbox 456 2622 2029 2693">
     <span class='ocr_line' id='line_1_27' title="bbox 456 2622 2029 2693; baseline -0.003 -16"><span class='ocrx_word' id='word_1_157' title='bbox 456 2626 773 2679; x_wconf 87' lang='lat' dir='ltr'><strong>consecrari</strong></span> <span class='ocrx_word' id='word_1_158' title='bbox 824 2624 1028 2679; x_wconf 85' lang='lat' dir='ltr'><strong>debere</strong></span> <span class='ocrx_word' id='word_1_159' title='bbox 1082 2624 1427 2679; x_wconf 78' lang='lat' dir='ltr'><strong>venerandus</strong></span> <span class='ocrx_word' id='word_1_160' title='bbox 1467 2622 1752 2693; x_wconf 77' lang='lat' dir='ltr'><strong>imagines,</strong></span> <span class='ocrx_word' id='word_1_161' title='bbox 1797 2623 1912 2677; x_wconf 87' lang='lat' dir='ltr'><strong>sive</strong></span> <span class='ocrx_word' id='word_1_162' title='bbox 1961 2636 2029 2675; x_wconf 78' lang='lat' dir='ltr'><strong>ex</strong></span> 
     </span>
    </p>
   </div>
   <div class='ocr_carea' id='block_1_28' title="bbox 457 2711 2024 2785">
    <p class='ocr_par' dir='ltr' id='par_1_28' title="bbox 457 2711 2024 2785">
     <span class='ocr_line' id='line_1_28' title="bbox 457 2711 2024 2785; baseline -0.004 -16"><span class='ocrx_word' id='word_1_163' title='bbox 457 2715 761 2779; x_wconf 81' lang='lat' dir='ltr'><strong>coloribus,</strong></span> <span class='ocrx_word' id='word_1_164' title='bbox 796 2715 912 2770; x_wconf 84' lang='lat' dir='ltr'><strong>sive</strong></span> <span class='ocrx_word' id='word_1_165' title='bbox 936 2731 1000 2769; x_wconf 82' lang='lat' dir='ltr'><strong>ex</strong></span> <span class='ocrx_word' id='word_1_166' title='bbox 1037 2716 1267 2771; x_wconf 85' lang='lat' dir='ltr'><strong>calculis</strong></span> <span class='ocrx_word' id='word_1_167' title='bbox 1289 2724 1385 2769; x_wconf 89' lang='lat' dir='ltr'><strong>aut</strong></span> <span class='ocrx_word' id='word_1_168' title='bbox 1414 2714 1637 2785; x_wconf 85' lang='lat' dir='ltr'><strong>lapillis,</strong></span> <span class='ocrx_word' id='word_1_169' title='bbox 1679 2714 1796 2767; x_wconf 86' lang='lat' dir='ltr'><strong>sive</strong></span> <span class='ocrx_word' id='word_1_170' title='bbox 1827 2728 1892 2766; x_wconf 83' lang='lat' dir='ltr'><strong>ex</strong></span> <span class='ocrx_word' id='word_1_171' title='bbox 1922 2711 2024 2765; x_wconf 85' lang='lat' dir='ltr'><strong>alia</strong></span> 
     </span>
    </p>
   </div>
   <div class='ocr_carea' id='block_1_29' title="bbox 459 2800 2025 2874">
    <p class='ocr_par' dir='ltr' id='par_1_29' title="bbox 459 2800 2025 2874">
     <span class='ocr_line' id='line_1_29' title="bbox 459 2800 2025 2874; baseline -0.002 -18"><span class='ocrx_word' id='word_1_172' title='bbox 459 2805 718 2871; x_wconf 87' lang='lat' dir='ltr'><strong>quapiam</strong></span> <span class='ocrx_word' id='word_1_173' title='bbox 788 2805 1019 2860; x_wconf 85' lang='lat' dir='ltr'><strong>materia</strong></span> <span class='ocrx_word' id='word_1_174' title='bbox 1057 2814 1183 2874; x_wconf 88' lang='lat' dir='ltr'><strong>apte</strong></span> <span class='ocrx_word' id='word_1_175' title='bbox 1233 2804 1504 2874; x_wconf 84' lang='lat' dir='ltr'><strong>disposita</strong></span> <span class='ocrx_word' id='word_1_176' title='bbox 1552 2805 1608 2857; x_wconf 89' lang='lat' dir='ltr'><strong>in</strong></span> <span class='ocrx_word' id='word_1_177' title='bbox 1661 2803 1868 2857; x_wconf 81' lang='lat' dir='ltr'><strong>sanctis</strong></span> <span class='ocrx_word' id='word_1_178' title='bbox 1934 2800 2025 2854; x_wconf 90' lang='lat' dir='ltr'><strong>Dei</strong></span> 
     </span>
    </p>
   </div>
   <div class='ocr_carea' id='block_1_30' title="bbox 454 2892 2029 2964">
    <p class='ocr_par' dir='ltr' id='par_1_30' title="bbox 454 2892 2029 2964">
     <span class='ocr_line' id='line_1_30' title="bbox 454 2892 2029 2964; baseline -0.004 -15"><span class='ocrx_word' id='word_1_179' title='bbox 454 2894 728 2960; x_wconf 83' lang='lat' dir='ltr'><strong>ecclesiis,</strong></span> <span class='ocrx_word' id='word_1_180' title='bbox 771 2895 825 2948; x_wconf 93' lang='lat' dir='ltr'><strong>in</strong></span> <span class='ocrx_word' id='word_1_181' title='bbox 870 2896 1042 2949; x_wconf 86' lang='lat' dir='ltr'><strong>sacris</strong></span> <span class='ocrx_word' id='word_1_182' title='bbox 1075 2897 1219 2950; x_wconf 87' lang='lat' dir='ltr'><strong>vasis</strong></span> <span class='ocrx_word' id='word_1_183' title='bbox 1248 2905 1305 2949; x_wconf 87' lang='lat' dir='ltr'><strong>et</strong></span> <span class='ocrx_word' id='word_1_184' title='bbox 1330 2896 1604 2957; x_wconf 87' lang='lat' dir='ltr'><strong>vestibus,</strong></span> <span class='ocrx_word' id='word_1_185' title='bbox 1633 2892 1943 2964; x_wconf 83' lang='lat' dir='ltr'><strong>parietibus</strong></span> <span class='ocrx_word' id='word_1_186' title='bbox 1972 2899 2029 2944; x_wconf 89' lang='lat' dir='ltr'><strong>et</strong></span> 
     </span>
    </p>
   </div>
   <div class='ocr_carea' id='block_1_31' title="bbox 455 2981 2026 3056">
    <p class='ocr_par' dir='ltr' id='par_1_31' title="bbox 455 2981 2026 3056">
     <span class='ocr_line' id='line_1_31' title="bbox 455 2981 2026 3056; baseline -0.004 -15"><span class='ocrx_word' id='word_1_187' title='bbox 455 2986 681 3050; x_wconf 83' lang='lat' dir='ltr'><strong>tabulis,</strong></span> <span class='ocrx_word' id='word_1_188' title='bbox 715 2985 976 3040; x_wconf 88' lang='lat' dir='ltr'><strong>domibus</strong></span> <span class='ocrx_word' id='word_1_189' title='bbox 1009 2994 1065 3040; x_wconf 93' lang='lat' dir='ltr'><strong>et</strong></span> <span class='ocrx_word' id='word_1_190' title='bbox 1095 2986 1229 3040; x_wconf 79' lang='lat' dir='ltr'><strong>viis:</strong></span> <span class='ocrx_word' id='word_1_191' title='bbox 1260 3001 1456 3055; x_wconf 86' lang='lat' dir='ltr'><strong>nempe</strong></span> <span class='ocrx_word' id='word_1_192' title='bbox 1489 2985 1786 3056; x_wconf 78' lang='lat' dir='ltr'><strong>imaginem</strong></span> <span class='ocrx_word' id='word_1_193' title='bbox 1810 2981 2026 3037; x_wconf 87' lang='lat' dir='ltr'><strong>Domini</strong></span> 
     </span>
    </p>
   </div>
   <div class='ocr_carea' id='block_1_32' title="bbox 2136 518 3711 591">
    <p class='ocr_par' dir='ltr' id='par_1_32' title="bbox 2136 518 3711 591">
     <span class='ocr_line' id='line_1_32' title="bbox 2136 518 3711 591; baseline 0.004 -20"><span class='ocrx_word' id='word_1_194' title='bbox 2136 536 2154 571; x_wconf 87' lang='grc' dir='ltr'><strong>ι</strong></span> <span class='ocrx_word' id='word_1_195' title='bbox 2189 537 2322 588; x_wconf 85' lang='grc' dir='ltr'>φανε</span> <span class='ocrx_word' id='word_1_196' title='bbox 2333 518 2438 591; x_wconf 90' lang='grc' dir='ltr'><strong>ρῶς</strong></span> <span class='ocrx_word' id='word_1_197' title='bbox 2449 522 2567 585; x_wconf 89' lang='grc' dir='ltr'>ταῖς</span> <span class='ocrx_word' id='word_1_198' title='bbox 2583 521 2754 584; x_wconf 77' lang='grc' dir='ltr'><strong>θείαις</strong></span> <span class='ocrx_word' id='word_1_199' title='bbox 2767 522 3140 586; x_wconf 79' lang='grc' dir='ltr'><strong>διδασκαλίαις</strong></span> <span class='ocrx_word' id='word_1_200' title='bbox 3154 524 3534 580; x_wconf 76' lang='grc' dir='ltr'>ἀντιϐαίνοντα</span> <span class='ocrx_word' id='word_1_201' title='bbox 3552 530 3711 579; x_wconf 63' lang='grc' dir='ltr'>ἐπεκα</span> 
     </span>
    </p>
   </div>
   <div class='ocr_carea' id='block_1_33' title="bbox 2136 611 3707 688">
    <p class='ocr_par' dir='ltr' id='par_1_33' title="bbox 2136 611 3707 688">
     <span class='ocr_line' id='line_1_33' title="bbox 2136 611 3707 688; baseline 0.004 -25"><span class='ocrx_word' id='word_1_202' title='bbox 2136 631 2154 663; x_wconf 80' lang='grc' dir='ltr'><strong>ι</strong></span> <span class='ocrx_word' id='word_1_203' title='bbox 2187 612 2376 667; x_wconf 90' lang='grc' dir='ltr'>δικεῖν.</span> <span class='ocrx_word' id='word_1_204' title='bbox 2396 611 2568 665; x_wconf 88' lang='grc' dir='ltr'>Τοῦτο</span> <span class='ocrx_word' id='word_1_205' title='bbox 2590 613 2699 684; x_wconf 82' lang='grc' dir='ltr'><strong>γὰρ</strong></span> <span class='ocrx_word' id='word_1_206' title='bbox 2714 612 2837 666; x_wconf 78' lang='grc' dir='ltr'>οὔτε</span> <span class='ocrx_word' id='word_1_207' title='bbox 2854 613 3048 683; x_wconf 76' lang='grc' dir='ltr'>ἀνδρὸς</span> <span class='ocrx_word' id='word_1_208' title='bbox 3069 614 3288 667; x_wconf 77' lang='grc' dir='ltr'><strong>συνετοῦ</strong></span> <span class='ocrx_word' id='word_1_209' title='bbox 3314 616 3347 687; x_wconf 81' lang='grc' dir='ltr'>ἢ</span> <span class='ocrx_word' id='word_1_210' title='bbox 3373 617 3707 688; x_wconf 84' lang='grc' dir='ltr'>Χριστιανοῦ</span> 
     </span>
    </p>
   </div>
   <div class='ocr_carea' id='block_1_34' title="bbox 2135 704 3703 771">
    <p class='ocr_par' dir='ltr' id='par_1_34' title="bbox 2135 704 3703 771">
     <span class='ocr_line' id='line_1_34' title="bbox 2135 704 3703 771; baseline 0.003 -17"><span class='ocrx_word' id='word_1_211' title='bbox 2135 720 2152 754; x_wconf 78' lang='grc' dir='ltr'><strong>ι</strong></span> <span class='ocrx_word' id='word_1_212' title='bbox 2188 704 2510 758; x_wconf 78' lang='grc' dir='ltr'>καθίσταται</span> <span class='ocrx_word' id='word_1_213' title='bbox 2558 706 2710 758; x_wconf 82' lang='grc' dir='ltr'>ἴδιον.</span> <span class='ocrx_word' id='word_1_214' title='bbox 2743 723 2760 754; x_wconf 74' lang='grc' dir='ltr'><strong>ι</strong></span> <span class='ocrx_word' id='word_1_215' title='bbox 2794 705 3032 760; x_wconf 80' lang='grc' dir='ltr'><strong>Ἤκουσε</strong></span> <span class='ocrx_word' id='word_1_216' title='bbox 3064 707 3159 759; x_wconf 74' lang='grc' dir='ltr'>καὶ</span> <span class='ocrx_word' id='word_1_217' title='bbox 3184 706 3348 769; x_wconf 71' lang='grc' dir='ltr'>αὐτὸς</span> <span class='ocrx_word' id='word_1_218' title='bbox 3382 705 3576 771; x_wconf 86' lang='grc' dir='ltr'>ταῦτα,</span> <span class='ocrx_word' id='word_1_219' title='bbox 3604 708 3703 760; x_wconf 73' lang='grc' dir='ltr'>καὶ</span> 
     </span>
    </p>
   </div>
   <div class='ocr_carea' id='block_1_35' title="bbox 2130 795 3707 868">
    <p class='ocr_par' dir='ltr' id='par_1_35' title="bbox 2130 795 3707 868">
     <span class='ocr_line' id='line_1_35' title="bbox 2130 795 3707 868; baseline 0.002 -20"><span class='ocrx_word' id='word_1_220' title='bbox 2130 795 2398 865; x_wconf 82' lang='grc' dir='ltr'>ὑπέσχετο</span> <span class='ocrx_word' id='word_1_221' title='bbox 2417 796 2555 867; x_wconf 84' lang='grc' dir='ltr'><strong>μετά</strong></span> <span class='ocrx_word' id='word_1_222' title='bbox 2576 797 2756 868; x_wconf 83' lang='grc' dir='ltr'>πάσης</span> <span class='ocrx_word' id='word_1_223' title='bbox 2779 796 3100 867; x_wconf 75' lang='grc' dir='ltr'><strong>ἐλευθερίας</strong></span> <span class='ocrx_word' id='word_1_224' title='bbox 3128 797 3224 850; x_wconf 76' lang='grc' dir='ltr'>καὶ</span> <span class='ocrx_word' id='word_1_225' title='bbox 3253 797 3501 868; x_wconf 80' lang='grc' dir='ltr'>καθαρᾶς</span> <span class='ocrx_word' id='word_1_226' title='bbox 3525 798 3707 867; x_wconf 71' lang='grc' dir='ltr'>ψυχῆς</span> 
     </span>
    </p>
   </div>
   <div class='ocr_carea' id='block_1_36' title="bbox 2084 886 3704 960">
    <p class='ocr_par' dir='ltr' id='par_1_36' title="bbox 2084 886 3704 960">
     <span class='ocr_line' id='line_1_36' title="bbox 2084 886 3704 960; baseline 0.002 -21"><span class='ocrx_word' id='word_1_227' title='bbox 2084 888 2103 901; x_wconf 75' lang='grc'><strong><em>⁸</em></strong></span> <span class='ocrx_word' id='word_1_228' title='bbox 2132 886 2599 958; x_wconf 87' lang='grc' dir='ltr'>ἀπολογήσασθαι,</span> <span class='ocrx_word' id='word_1_229' title='bbox 2632 890 2724 943; x_wconf 70' lang='grc' dir='ltr'><strong>καὶ</strong></span> <span class='ocrx_word' id='word_1_230' title='bbox 2756 888 3127 943; x_wconf 76' lang='grc' dir='ltr'>ἀποδαλέσθαι</span> <span class='ocrx_word' id='word_1_231' title='bbox 3152 891 3288 960; x_wconf 84' lang='grc' dir='ltr'>ὅπερ</span> <span class='ocrx_word' id='word_1_232' title='bbox 3312 889 3376 942; x_wconf 83' lang='grc' dir='ltr'>ἂν</span> <span class='ocrx_word' id='word_1_233' title='bbox 3398 892 3704 958; x_wconf 80' lang='grc' dir='ltr'>προσιστά-</span> 
     </span>
    </p>
   </div>
   <div class='ocr_carea' id='block_1_37' title="bbox 2135 979 3707 1051">
    <p class='ocr_par' dir='ltr' id='par_1_37' title="bbox 2135 979 3707 1051">
     <span class='ocr_line' id='line_1_37' title="bbox 2135 979 3707 1051; baseline 0 -20"><span class='ocrx_word' id='word_1_234' title='bbox 2135 996 2296 1046; x_wconf 86' lang='grc' dir='ltr'>μενον</span> <span class='ocrx_word' id='word_1_235' title='bbox 2314 980 2506 1051; x_wconf 84' lang='grc' dir='ltr'>φανείη</span> <span class='ocrx_word' id='word_1_236' title='bbox 2526 983 2590 1049; x_wconf 86' lang='grc' dir='ltr'><strong>τῇ</strong></span> <span class='ocrx_word' id='word_1_237' title='bbox 2606 979 2726 1049; x_wconf 77' lang='grc' dir='ltr'>θείᾳ</span> <span class='ocrx_word' id='word_1_238' title='bbox 2740 980 2848 1032; x_wconf 87' lang='grc' dir='ltr'><strong>τῶν</strong></span> <span class='ocrx_word' id='word_1_239' title='bbox 2865 980 3004 1033; x_wconf 85' lang='grc' dir='ltr'>Πατέ</span> <span class='ocrx_word' id='word_1_240' title='bbox 3014 996 3120 1050; x_wconf 91' lang='grc' dir='ltr'><strong>ρων</strong></span> <span class='ocrx_word' id='word_1_241' title='bbox 3139 980 3247 1033; x_wconf 91' lang='grc' dir='ltr'><strong>τῶν</strong></span> <span class='ocrx_word' id='word_1_242' title='bbox 3268 980 3437 1048; x_wconf 81' lang='grc' dir='ltr'>ἁγίων</span> <span class='ocrx_word' id='word_1_243' title='bbox 3452 980 3707 1033; x_wconf 87' lang='grc' dir='ltr'>διδασκα-</span> 
     </span>
    </p>
   </div>
   <div class='ocr_carea' id='block_1_38' title="bbox 2131 1069 3703 1142">
    <p class='ocr_par' dir='ltr' id='par_1_38' title="bbox 2131 1069 3703 1142">
     <span class='ocr_line' id='line_1_38' title="bbox 2131 1069 3703 1142; baseline 0.001 -20"><span class='ocrx_word' id='word_1_244' title='bbox 2131 1069 2238 1142; x_wconf 79' lang='grc' dir='ltr'>λίᾳ.</span> <span class='ocrx_word' id='word_1_245' title='bbox 2276 1072 2461 1125; x_wconf 75' lang='grc' dir='ltr'>Ταῦτα</span> <span class='ocrx_word' id='word_1_246' title='bbox 2497 1071 2684 1125; x_wconf 86' lang='grc' dir='ltr'>τούτου</span> <span class='ocrx_word' id='word_1_247' title='bbox 2731 1073 3125 1141; x_wconf 82' lang='grc' dir='ltr'>ὑποσχομένου,</span> <span class='ocrx_word' id='word_1_248' title='bbox 3154 1071 3486 1141; x_wconf 78' lang='grc' dir='ltr'>προσέταξεν</span> <span class='ocrx_word' id='word_1_249' title='bbox 3514 1073 3542 1124; x_wconf 87' lang='grc' dir='ltr'><strong>ό</strong></span> <span class='ocrx_word' id='word_1_250' title='bbox 3568 1089 3703 1140; x_wconf 83' lang='grc' dir='ltr'>κρα-</span> 
     </span>
    </p>
   </div>
   <div class='ocr_carea' id='block_1_39' title="bbox 2130 1162 3705 1234">
    <p class='ocr_par' dir='ltr' id='par_1_39' title="bbox 2130 1162 3705 1234">
     <span class='ocr_line' id='line_1_39' title="bbox 2130 1162 3705 1234; baseline -0.003 -17"><span class='ocrx_word' id='word_1_251' title='bbox 2130 1164 2281 1228; x_wconf 78' lang='grc' dir='ltr'>ταιὸς</span> <span class='ocrx_word' id='word_1_252' title='bbox 2308 1165 2399 1216; x_wconf 77' lang='grc' dir='ltr'>καὶ</span> <span class='ocrx_word' id='word_1_253' title='bbox 2423 1163 2576 1231; x_wconf 77' lang='grc' dir='ltr'>ἅγιος</span> <span class='ocrx_word' id='word_1_254' title='bbox 2611 1164 2766 1233; x_wconf 80' lang='grc' dir='ltr'>ἡμῶν</span> <span class='ocrx_word' id='word_1_255' title='bbox 2808 1163 3062 1233; x_wconf 79' lang='grc' dir='ltr'>βασιλεὺς</span> <span class='ocrx_word' id='word_1_256' title='bbox 3092 1163 3185 1216; x_wconf 74' lang='grc' dir='ltr'>καὶ</span> <span class='ocrx_word' id='word_1_257' title='bbox 3214 1162 3365 1234; x_wconf 82' lang='grc' dir='ltr'>αὐτῷ</span> <span class='ocrx_word' id='word_1_258' title='bbox 3396 1164 3473 1231; x_wconf 83' lang='grc' dir='ltr'>τῷ</span> <span class='ocrx_word' id='word_1_259' title='bbox 3502 1179 3705 1231; x_wconf 83' lang='grc' dir='ltr'>μητρο-</span> 
     </span>
    </p>
   </div>
   <div class='ocr_carea' id='block_1_40' title="bbox 2133 1253 3706 1326">
    <p class='ocr_par' dir='ltr' id='par_1_40' title="bbox 2133 1253 3706 1326">
     <span class='ocr_line' id='line_1_40' title="bbox 2133 1253 3706 1326; baseline -0.004 -16"><span class='ocrx_word' id='word_1_260' title='bbox 2133 1256 2323 1326; x_wconf 77' lang='grc' dir='ltr'>πολίτῃ</span> <span class='ocrx_word' id='word_1_261' title='bbox 2356 1256 2635 1325; x_wconf 81' lang='grc' dir='ltr'>Εὑχαῖτων</span> <span class='ocrx_word' id='word_1_262' title='bbox 2665 1255 3019 1326; x_wconf 75' lang='grc' dir='ltr'>διαλλαγῆναι</span> <span class='ocrx_word' id='word_1_263' title='bbox 3053 1255 3189 1324; x_wconf 77' lang='grc' dir='ltr'>πρὸς</span> <span class='ocrx_word' id='word_1_264' title='bbox 3209 1254 3301 1307; x_wconf 68' lang='grc' dir='ltr'><strong>τον</strong></span> <span class='ocrx_word' id='word_1_265' title='bbox 3340 1253 3573 1325; x_wconf 76' lang='grc' dir='ltr'>ρηθέντα</span> <span class='ocrx_word' id='word_1_266' title='bbox 3601 1254 3706 1305; x_wconf 73' lang='grc' dir='ltr'><strong>ἀπὸ</strong></span> 
     </span>
    </p>
   </div>
   <div class='ocr_carea' id='block_1_41' title="bbox 2131 1346 3707 1419">
    <p class='ocr_par' dir='ltr' id='par_1_41' title="bbox 2131 1346 3707 1419">
     <span class='ocr_line' id='line_1_41' title="bbox 2131 1346 3707 1419; baseline -0.003 -19"><span class='ocrx_word' id='word_1_267' title='bbox 2131 1347 2497 1419; x_wconf 75' lang='grc' dir='ltr'><strong>Χαλκηδόνος,</strong></span> <span class='ocrx_word' id='word_1_268' title='bbox 2543 1349 2638 1401; x_wconf 69' lang='grc' dir='ltr'><strong>καί⁸</strong></span> <span class='ocrx_word' id='word_1_269' title='bbox 2681 1348 2825 1402; x_wconf 77' lang='grc' dir='ltr'>ἅπαν</span> <span class='ocrx_word' id='word_1_270' title='bbox 2874 1347 3121 1417; x_wconf 73' lang='grc' dir='ltr'>λείψανον</span> <span class='ocrx_word' id='word_1_271' title='bbox 3163 1346 3530 1417; x_wconf 82' lang='grc' dir='ltr'><strong>μνησικακίας</strong></span> <span class='ocrx_word' id='word_1_272' title='bbox 3564 1346 3707 1407; x_wconf 73' lang='grc' dir='ltr'>τινος</span> 
     </span>
    </p>
   </div>
   <div class='ocr_carea' id='block_1_42' title="bbox 2130 1434 3706 1508">
    <p class='ocr_par' dir='ltr' id='par_1_42' title="bbox 2130 1434 3706 1508">
     <span class='ocr_line' id='line_1_42' title="bbox 2130 1434 3706 1508; baseline -0.004 -16"><span class='ocrx_word' id='word_1_273' title='bbox 2130 1442 2226 1508; x_wconf 82' lang='grc' dir='ltr'>τῆς</span> <span class='ocrx_word' id='word_1_274' title='bbox 2261 1440 2393 1503; x_wconf 89' lang='grc' dir='ltr'>ἰδίας</span> <span class='ocrx_word' id='word_1_275' title='bbox 2416 1440 2713 1505; x_wconf 79' lang='grc' dir='ltr'>ἀπαλεῖψαι</span> <span class='ocrx_word' id='word_1_276' title='bbox 2743 1438 3024 1500; x_wconf 82' lang='grc' dir='ltr'>παντελῶς</span> <span class='ocrx_word' id='word_1_277' title='bbox 3045 1435 3224 1507; x_wconf 77' lang='grc' dir='ltr'>ψυχῆς</span> <span class='ocrx_word' id='word_1_278' title='bbox 3247 1452 3263 1467; x_wconf 76' lang='grc' dir='ltr'><strong><em>ο</em></strong></span> <span class='ocrx_word' id='word_1_279' title='bbox 3293 1435 3321 1488; x_wconf 78' lang='grc' dir='ltr'><strong>ὃ</strong></span> <span class='ocrx_word' id='word_1_280' title='bbox 3342 1434 3406 1505; x_wconf 82' lang='grc' dir='ltr'>δὴ</span> <span class='ocrx_word' id='word_1_281' title='bbox 3428 1436 3523 1488; x_wconf 74' lang='grc' dir='ltr'>καὶ</span> <span class='ocrx_word' id='word_1_282' title='bbox 3543 1435 3706 1504; x_wconf 78' lang='grc' dir='ltr'>ἄμφω</span> 
     </span>
    </p>
   </div>
   <div class='ocr_carea' id='block_1_43' title="bbox 2130 1524 3707 1600">
    <p class='ocr_par' dir='ltr' id='par_1_43' title="bbox 2130 1524 3707 1600">
     <span class='ocr_line' id='line_1_43' title="bbox 2130 1524 3707 1600; baseline -0.004 -18"><span class='ocrx_word' id='word_1_283' title='bbox 2130 1533 2454 1598; x_wconf 74' lang='grc' dir='ltr'><strong>ποιήσαντες</strong></span> <span class='ocrx_word' id='word_1_284' title='bbox 2489 1537 2585 1589; x_wconf 69' lang='grc' dir='ltr'>καὶ</span> <span class='ocrx_word' id='word_1_285' title='bbox 2609 1528 2860 1600; x_wconf 83' lang='grc' dir='ltr'>ἀλλήλοις</span> <span class='ocrx_word' id='word_1_286' title='bbox 2897 1528 3376 1597; x_wconf 79' lang='grc' dir='ltr'>συγχωρήσαντες,</span> <span class='ocrx_word' id='word_1_287' title='bbox 3405 1524 3665 1591; x_wconf 84' lang='grc' dir='ltr'>ἀδελφικό</span> <span class='ocrx_word' id='word_1_288' title='bbox 3678 1542 3707 1588; x_wconf 86' lang='grc' dir='ltr'><strong>ς</strong></span> 
     </span>
    </p>
   </div>
   <div class='ocr_carea' id='block_1_44' title="bbox 2131 1616 3708 1693">
    <p class='ocr_par' dir='ltr' id='par_1_44' title="bbox 2131 1616 3708 1693">
     <span class='ocr_line' id='line_1_44' title="bbox 2131 1616 3708 1693; baseline -0.006 -16"><span class='ocrx_word' id='word_1_289' title='bbox 2131 1626 2226 1677; x_wconf 77' lang='grc' dir='ltr'>καὶ</span> <span class='ocrx_word' id='word_1_290' title='bbox 2274 1623 2534 1693; x_wconf 74' lang='grc' dir='ltr'><strong>ἀλλήλους</strong></span> <span class='ocrx_word' id='word_1_291' title='bbox 2595 1622 2934 1692; x_wconf 76' lang='grc' dir='ltr'>ἠσπάσαντο.</span> <span class='ocrx_word' id='word_1_292' title='bbox 2997 1619 3160 1673; x_wconf 81' lang='grc' dir='ltr'><strong>Ἀλλά</strong></span> <span class='ocrx_word' id='word_1_293' title='bbox 3222 1619 3314 1671; x_wconf 71' lang='grc' dir='ltr'>καὶ</span> <span class='ocrx_word' id='word_1_294' title='bbox 3363 1619 3466 1686; x_wconf 83' lang='grc' dir='ltr'>τῆς</span> <span class='ocrx_word' id='word_1_295' title='bbox 3516 1616 3708 1686; x_wconf 73' lang='grc' dir='ltr'>λοιπῆς</span> 
     </span>
    </p>
   </div>
   <div class='ocr_carea' id='block_1_45' title="bbox 2131 1708 3706 1787">
    <p class='ocr_par' dir='ltr' id='par_1_45' title="bbox 2131 1708 3706 1787">
     <span class='ocr_line' id='line_1_45' title="bbox 2131 1708 3706 1787; baseline -0.008 -17"><span class='ocrx_word' id='word_1_296' title='bbox 2131 1716 2520 1787; x_wconf 82' lang='grc' dir='ltr'>ἀρχιερατικῆς</span> <span class='ocrx_word' id='word_1_297' title='bbox 2569 1712 2895 1785; x_wconf 86' lang='grc' dir='ltr'>όμηγύρεως</span> <span class='ocrx_word' id='word_1_298' title='bbox 2945 1711 3146 1783; x_wconf 84' lang='grc' dir='ltr'>ὁμοίως</span> <span class='ocrx_word' id='word_1_299' title='bbox 3177 1708 3525 1780; x_wconf 83' lang='grc' dir='ltr'>συγχώρησιν</span> <span class='ocrx_word' id='word_1_300' title='bbox 3569 1709 3706 1777; x_wconf 69' lang='grc' dir='ltr'>πρὶς</span> 
     </span>
    </p>
   </div>
   <div class='ocr_carea' id='block_1_46' title="bbox 2130 1799 3703 1873">
    <p class='ocr_par' dir='ltr' id='par_1_46' title="bbox 2130 1799 3703 1873">
     <span class='ocr_line' id='line_1_46' title="bbox 2130 1799 3703 1873; baseline -0.005 -16"><span class='ocrx_word' id='word_1_301' title='bbox 2130 1805 2293 1858; x_wconf 85' lang='grc' dir='ltr'>αὑτὸν</span> <span class='ocrx_word' id='word_1_302' title='bbox 2339 1805 2476 1873; x_wconf 86' lang='grc' dir='ltr'><strong>μετά</strong></span> <span class='ocrx_word' id='word_1_303' title='bbox 2523 1802 2850 1866; x_wconf 85' lang='grc' dir='ltr'>καλοθελοῦς</span> <span class='ocrx_word' id='word_1_304' title='bbox 2902 1800 3276 1871; x_wconf 71' lang='grc' dir='ltr'><strong>ποιησαμένης</strong></span> <span class='ocrx_word' id='word_1_305' title='bbox 3313 1799 3703 1868; x_wconf 74' lang='grc' dir='ltr'>προαιρέσεως.</span> 
     </span>
    </p>
   </div>
   <div class='ocr_carea' id='block_1_47' title="bbox 2128 1890 3705 1968">
    <p class='ocr_par' dir='ltr' id='par_1_47' title="bbox 2128 1890 3705 1968">
     <span class='ocr_line' id='line_1_47' title="bbox 2128 1890 3705 1968; baseline -0.006 -16"><span class='ocrx_word' id='word_1_306' title='bbox 2128 1898 2301 1962; x_wconf 70' lang='grc' dir='ltr'>οὕτως</span> <span class='ocrx_word' id='word_1_307' title='bbox 2332 1898 2592 1968; x_wconf 81' lang='grc' dir='ltr'>ἀπήρχθη</span> <span class='ocrx_word' id='word_1_308' title='bbox 2629 1898 2701 1951; x_wconf 79' lang='grc' dir='ltr'><strong>τὰ</strong></span> <span class='ocrx_word' id='word_1_309' title='bbox 2730 1897 2832 1967; x_wconf 78' lang='grc' dir='ltr'>τῆς</span> <span class='ocrx_word' id='word_1_310' title='bbox 2858 1894 3190 1953; x_wconf 78' lang='grc' dir='ltr'>ὑποθέσεως.</span> <span class='ocrx_word' id='word_1_311' title='bbox 3231 1891 3566 1962; x_wconf 76' lang='grc' dir='ltr'>’Ᾱνεγνώσθη</span> <span class='ocrx_word' id='word_1_312' title='bbox 3598 1890 3705 1959; x_wconf 78' lang='grc' dir='ltr'>γὰρ</span> 
     </span>
    </p>
   </div>
   <div class='ocr_carea' id='block_1_48' title="bbox 2130 1982 3709 2058">
    <p class='ocr_par' dir='ltr' id='par_1_48' title="bbox 2130 1982 3709 2058">
     <span class='ocr_line' id='line_1_48' title="bbox 2130 1982 3709 2058; baseline -0.007 -15"><span class='ocrx_word' id='word_1_313' title='bbox 2130 1989 2238 2043; x_wconf 80' lang='grc' dir='ltr'>ἀπὸ</span> <span class='ocrx_word' id='word_1_314' title='bbox 2259 1987 2352 2042; x_wconf 85' lang='grc' dir='ltr'><strong>τοῦ</strong></span> <span class='ocrx_word' id='word_1_315' title='bbox 2379 1989 2468 2040; x_wconf 79' lang='grc' dir='ltr'>ἐπ’</span> <span class='ocrx_word' id='word_1_316' title='bbox 2491 1988 2744 2058; x_wconf 81' lang='grc' dir='ltr'>ἄμϐωνος</span> <span class='ocrx_word' id='word_1_317' title='bbox 2772 1988 2913 2040; x_wconf 85' lang='grc' dir='ltr'>κατὰ</span> <span class='ocrx_word' id='word_1_318' title='bbox 2941 1987 3041 2057; x_wconf 84' lang='grc' dir='ltr'>τὴν</span> <span class='ocrx_word' id='word_1_319' title='bbox 3075 1985 3362 2055; x_wconf 81' lang='grc' dir='ltr'>Κυριακὴν</span> <span class='ocrx_word' id='word_1_320' title='bbox 3391 1983 3489 2053; x_wconf 77' lang='grc' dir='ltr'>τῆς</span> <span class='ocrx_word' id='word_1_321' title='bbox 3517 1982 3709 2052; x_wconf 67' lang='grc' dir='ltr'>Ὀρθοε</span> 
     </span>
    </p>
   </div>
   <div class='ocr_carea' id='block_1_49' title="bbox 2128 2075 3703 2149">
    <p class='ocr_par' dir='ltr' id='par_1_49' title="bbox 2128 2075 3703 2149">
     <span class='ocr_line' id='line_1_49' title="bbox 2128 2075 3703 2149; baseline -0.005 -16"><span class='ocrx_word' id='word_1_322' title='bbox 2128 2079 2308 2145; x_wconf 80' lang='grc' dir='ltr'>δοξίας</span> <span class='ocrx_word' id='word_1_323' title='bbox 2332 2079 2842 2149; x_wconf 81' lang='grc' dir='ltr'>ἀναγινωσκομένου</span> <span class='ocrx_word' id='word_1_324' title='bbox 2878 2076 3151 2131; x_wconf 88' lang='grc' dir='ltr'>συνοδικοῦ</span> <span class='ocrx_word' id='word_1_325' title='bbox 3180 2076 3280 2147; x_wconf 85' lang='grc' dir='ltr'>τῆς</span> <span class='ocrx_word' id='word_1_326' title='bbox 3313 2075 3547 2146; x_wconf 73' lang='grc' dir='ltr'>ἑϐδόμης</span> <span class='ocrx_word' id='word_1_327' title='bbox 3579 2092 3703 2126; x_wconf 72' lang='grc' dir='ltr'>συνο</span> 
     </span>
    </p>
   </div>
   <div class='ocr_carea' id='block_1_50' title="bbox 2128 2166 3703 2243">
    <p class='ocr_par' dir='ltr' id='par_1_50' title="bbox 2128 2166 3703 2243">
     <span class='ocr_line' id='line_1_50' title="bbox 2128 2166 3703 2243; baseline -0.007 -16"><span class='ocrx_word' id='word_1_328' title='bbox 2128 2174 2249 2227; x_wconf 83' lang='grc' dir='ltr'>ὁδου</span> <span class='ocrx_word' id='word_1_329' title='bbox 2291 2174 2324 2243; x_wconf 82' lang='grc' dir='ltr'>ἡ</span> <span class='ocrx_word' id='word_1_330' title='bbox 2372 2173 2500 2242; x_wconf 70' lang='grc' dir='ltr'>περὶ</span> <span class='ocrx_word' id='word_1_331' title='bbox 2540 2172 2638 2241; x_wconf 81' lang='grc' dir='ltr'>τῆς</span> <span class='ocrx_word' id='word_1_332' title='bbox 2670 2171 2780 2223; x_wconf 87' lang='grc' dir='ltr'><strong>τῶν</strong></span> <span class='ocrx_word' id='word_1_333' title='bbox 2812 2171 2983 2238; x_wconf 81' lang='grc' dir='ltr'>ἁγίων</span> <span class='ocrx_word' id='word_1_334' title='bbox 3024 2170 3249 2223; x_wconf 89' lang='grc' dir='ltr'>εἰκόνων</span> <span class='ocrx_word' id='word_1_335' title='bbox 3282 2166 3703 2237; x_wconf 80' lang='grc' dir='ltr'>προσκυνήσεως</span> 
     </span>
    </p>
   </div>
   <div class='ocr_carea' id='block_1_51' title="bbox 2132 2255 3701 2335">
    <p class='ocr_par' dir='ltr' id='par_1_51' title="bbox 2132 2255 3701 2335">
     <span class='ocr_line' id='line_1_51' title="bbox 2132 2255 3701 2335; baseline -0.009 -15"><span class='ocrx_word' id='word_1_336' title='bbox 2132 2266 2312 2335; x_wconf 80' lang='grc' dir='ltr'>ῥῆσις,</span> <span class='ocrx_word' id='word_1_337' title='bbox 2341 2266 2398 2318; x_wconf 85' lang='grc' dir='ltr'><strong>ἐν</strong></span> <span class='ocrx_word' id='word_1_338' title='bbox 2425 2263 2646 2332; x_wconf 77' lang='grc' dir='ltr'>ἐπηκόῳ</span> <span class='ocrx_word' id='word_1_339' title='bbox 2675 2260 2783 2315; x_wconf 85' lang='grc' dir='ltr'><strong>τῶν</strong></span> <span class='ocrx_word' id='word_1_340' title='bbox 2813 2260 3226 2333; x_wconf 77' lang='grc' dir='ltr'>ἀθροισθέντων,</span> <span class='ocrx_word' id='word_1_341' title='bbox 3248 2260 3321 2322; x_wconf 86' lang='grc' dir='ltr'>ὡς</span> <span class='ocrx_word' id='word_1_342' title='bbox 3350 2257 3587 2327; x_wconf 85' lang='grc' dir='ltr'>είρηται,</span> <span class='ocrx_word' id='word_1_343' title='bbox 3614 2255 3701 2306; x_wconf 82' lang='grc' dir='ltr'>λέ-</span> 
     </span>
    </p>
   </div>
   <div class='ocr_carea' id='block_1_52' title="bbox 2131 2342 3407 2429">
    <p class='ocr_par' dir='ltr' id='par_1_52' title="bbox 2131 2342 3407 2429">
     <span class='ocr_line' id='line_1_52' title="bbox 2131 2342 3407 2429; baseline 0.016 -21"><span class='ocrx_word' id='word_1_344' title='bbox 2131 2377 2298 2427; x_wconf 85' lang='grc' dir='ltr'>γουσα</span> <span class='ocrx_word' id='word_1_345' title='bbox 2323 2356 2464 2412; x_wconf 85' lang='grc' dir='ltr'><strong>κατά</strong></span> <span class='ocrx_word' id='word_1_346' title='bbox 2489 2357 2636 2421; x_wconf 79' lang='grc' dir='ltr'>λέξιν</span> <span class='ocrx_word' id='word_1_347' title='bbox 2670 2354 2824 2408; x_wconf 87' lang='grc' dir='ltr'>ταυτί</span> <span class='ocrx_word' id='word_1_348' title='bbox 2856 2370 2869 2384; x_wconf 82' lang='grc'><strong>’</strong></span> 
     </span>
    </p>
   </div>
   <div class='ocr_carea' id='block_1_53' title="bbox 2205 2436 3704 2520">
    <p class='ocr_par' dir='ltr' id='par_1_53' title="bbox 2205 2436 3704 2520">
     <span class='ocr_line' id='line_1_53' title="bbox 2205 2436 3704 2520; baseline -0.011 -18"><span class='ocrx_word' id='word_1_349' title='bbox 2205 2470 2223 2501; x_wconf 82' lang='grc' dir='ltr'><strong>ι</strong></span> <span class='ocrx_word' id='word_1_350' title='bbox 2267 2445 2619 2520; x_wconf 69' lang='grc' dir='ltr'>Ὀριζομένου</span> <span class='ocrx_word' id='word_1_351' title='bbox 2657 2446 2754 2498; x_wconf 75' lang='grc' dir='ltr'>σὺν</span> <span class='ocrx_word' id='word_1_352' title='bbox 2802 2443 3060 2514; x_wconf 75' lang='grc' dir='ltr'>ἀκριὸείᾳ</span> <span class='ocrx_word' id='word_1_353' title='bbox 3104 2443 3252 2513; x_wconf 80' lang='grc' dir='ltr'>πάσῃ</span> <span class='ocrx_word' id='word_1_354' title='bbox 3302 2440 3399 2494; x_wconf 71' lang='grc' dir='ltr'>καὶ</span> <span class='ocrx_word' id='word_1_355' title='bbox 3443 2436 3704 2509; x_wconf 62' lang='grc' dir='ltr'>ἐμμελείᾳ</span> 
     </span>
    </p>
   </div>
   <div class='ocr_carea' id='block_1_54' title="bbox 2130 2527 3705 2614">
    <p class='ocr_par' dir='ltr' id='par_1_54' title="bbox 2130 2527 3705 2614">
     <span class='ocr_line' id='line_1_54' title="bbox 2130 2527 3705 2614; baseline -0.011 -17"><span class='ocrx_word' id='word_1_356' title='bbox 2130 2541 2527 2614; x_wconf 82' lang='grc' dir='ltr'>παραπλησίως</span> <span class='ocrx_word' id='word_1_357' title='bbox 2561 2539 2637 2608; x_wconf 74' lang='grc' dir='ltr'><strong>τῷ</strong></span> <span class='ocrx_word' id='word_1_358' title='bbox 2682 2539 2837 2608; x_wconf 85' lang='grc' dir='ltr'>τύπῳ</span> <span class='ocrx_word' id='word_1_359' title='bbox 2881 2537 2975 2590; x_wconf 83' lang='grc' dir='ltr'><strong>τοῦ</strong></span> <span class='ocrx_word' id='word_1_360' title='bbox 3016 2536 3198 2606; x_wconf 84' lang='grc' dir='ltr'>τιμίου</span> <span class='ocrx_word' id='word_1_361' title='bbox 3245 2531 3479 2603; x_wconf 87' lang='grc' dir='ltr'>σταυροῦ</span> <span class='ocrx_word' id='word_1_362' title='bbox 3526 2527 3705 2582; x_wconf 60' lang='grc' dir='ltr'>ἀνατί-</span> 
     </span>
    </p>
   </div>
   <div class='ocr_carea' id='block_1_55' title="bbox 2131 2620 3703 2697">
    <p class='ocr_par' dir='ltr' id='par_1_55' title="bbox 2131 2620 3703 2697">
     <span class='ocr_line' id='line_1_55' title="bbox 2131 2620 3703 2697; baseline -0.011 -10"><span class='ocrx_word' id='word_1_363' title='bbox 2131 2635 2320 2688; x_wconf 82' lang='grc' dir='ltr'>θεσθαι</span> <span class='ocrx_word' id='word_1_364' title='bbox 2365 2633 2463 2693; x_wconf 77' lang='grc' dir='ltr'><strong>τὰς</strong></span> <span class='ocrx_word' id='word_1_365' title='bbox 2511 2629 2714 2693; x_wconf 85' lang='grc' dir='ltr'>σεπτάς</span> <span class='ocrx_word' id='word_1_366' title='bbox 2747 2630 2985 2693; x_wconf 79' lang='grc' dir='ltr'>εἰκόνας,</span> <span class='ocrx_word' id='word_1_367' title='bbox 3030 2630 3126 2690; x_wconf 77' lang='grc' dir='ltr'>τὰς</span> <span class='ocrx_word' id='word_1_368' title='bbox 3174 2629 3237 2680; x_wconf 83' lang='grc' dir='ltr'><strong>ἐκ</strong></span> <span class='ocrx_word' id='word_1_369' title='bbox 3275 2623 3585 2697; x_wconf 81' lang='grc' dir='ltr'><strong>χρωμάτων</strong></span> <span class='ocrx_word' id='word_1_370' title='bbox 3612 2620 3703 2674; x_wconf 78' lang='grc' dir='ltr'>καὶ</span> 
     </span>
    </p>
   </div>
   <div class='ocr_carea' id='block_1_56' title="bbox 2128 2713 3703 2795">
    <p class='ocr_par' dir='ltr' id='par_1_56' title="bbox 2128 2713 3703 2795">
     <span class='ocr_line' id='line_1_56' title="bbox 2128 2713 3703 2795; baseline -0.011 -15"><span class='ocrx_word' id='word_1_371' title='bbox 2128 2726 2376 2795; x_wconf 74' lang='grc' dir='ltr'>ψηφίδων</span> <span class='ocrx_word' id='word_1_372' title='bbox 2403 2724 2497 2777; x_wconf 70' lang='grc' dir='ltr'>καὶ</span> <span class='ocrx_word' id='word_1_373' title='bbox 2526 2722 2717 2792; x_wconf 79' lang='grc' dir='ltr'>ἐτέρας</span> <span class='ocrx_word' id='word_1_374' title='bbox 2741 2721 2873 2791; x_wconf 75' lang='grc' dir='ltr'>ὕλης</span> <span class='ocrx_word' id='word_1_375' title='bbox 2905 2717 3227 2789; x_wconf 78' lang='grc' dir='ltr'>ἐπιτηδείως</span> <span class='ocrx_word' id='word_1_376' title='bbox 3252 2716 3482 2787; x_wconf 82' lang='grc' dir='ltr'>ἐχούσης</span> <span class='ocrx_word' id='word_1_377' title='bbox 3506 2714 3563 2764; x_wconf 85' lang='grc' dir='ltr'><strong>ἐν</strong></span> <span class='ocrx_word' id='word_1_378' title='bbox 3586 2713 3703 2772; x_wconf 83' lang='grc' dir='ltr'>ταῖς</span> 
     </span>
    </p>
   </div>
   <div class='ocr_carea' id='block_1_57' title="bbox 2133 2800 3703 2884">
    <p class='ocr_par' dir='ltr' id='par_1_57' title="bbox 2133 2800 3703 2884">
     <span class='ocr_line' id='line_1_57' title="bbox 2133 2800 3703 2884; baseline -0.013 -13"><span class='ocrx_word' id='word_1_379' title='bbox 2133 2816 2318 2884; x_wconf 84' lang='grc' dir='ltr'>ἁγίαις</span> <span class='ocrx_word' id='word_1_380' title='bbox 2366 2813 2460 2866; x_wconf 87' lang='grc' dir='ltr'><strong>τοῦ</strong></span> <span class='ocrx_word' id='word_1_381' title='bbox 2522 2812 2658 2865; x_wconf 90' lang='grc' dir='ltr'>Θεοῦ</span> <span class='ocrx_word' id='word_1_382' title='bbox 2698 2811 3041 2880; x_wconf 72' lang='grc' dir='ltr'>ἐκκλησίαις,</span> <span class='ocrx_word' id='word_1_383' title='bbox 3077 2811 3133 2862; x_wconf 82' lang='grc' dir='ltr'>ἐν</span> <span class='ocrx_word' id='word_1_384' title='bbox 3174 2809 3338 2879; x_wconf 80' lang='grc' dir='ltr'>ἱεροῖς</span> <span class='ocrx_word' id='word_1_385' title='bbox 3368 2803 3584 2857; x_wconf 80' lang='grc' dir='ltr'>σκεύεσι</span> <span class='ocrx_word' id='word_1_386' title='bbox 3609 2800 3703 2852; x_wconf 72' lang='grc' dir='ltr'>καὶ</span> 
     </span>
    </p>
   </div>
   <div class='ocr_carea' id='block_1_58' title="bbox 2131 2892 3698 2977">
    <p class='ocr_par' dir='ltr' id='par_1_58' title="bbox 2131 2892 3698 2977">
     <span class='ocr_line' id='line_1_58' title="bbox 2131 2892 3698 2977; baseline -0.011 -17"><span class='ocrx_word' id='word_1_387' title='bbox 2131 2907 2342 2977; x_wconf 81' lang='grc' dir='ltr'>ἐσθῆσι,</span> <span class='ocrx_word' id='word_1_388' title='bbox 2371 2904 2573 2974; x_wconf 81' lang='grc' dir='ltr'>τοίχοις</span> <span class='ocrx_word' id='word_1_389' title='bbox 2601 2921 2661 2956; x_wconf 89' lang='grc' dir='ltr'><strong>τε</strong></span> <span class='ocrx_word' id='word_1_390' title='bbox 2703 2905 2797 2956; x_wconf 70' lang='grc' dir='ltr'>καὶ</span> <span class='ocrx_word' id='word_1_391' title='bbox 2836 2902 3068 2963; x_wconf 83' lang='grc' dir='ltr'>σανίσιν,</span> <span class='ocrx_word' id='word_1_392' title='bbox 3103 2898 3273 2961; x_wconf 70' lang='grc' dir='ltr'>οἴκοις</span> <span class='ocrx_word' id='word_1_393' title='bbox 3312 2913 3372 2949; x_wconf 87' lang='grc' dir='ltr'><strong>τε</strong></span> <span class='ocrx_word' id='word_1_394' title='bbox 3407 2895 3501 2948; x_wconf 71' lang='grc' dir='ltr'>καὶ</span> <span class='ocrx_word' id='word_1_395' title='bbox 3525 2892 3661 2952; x_wconf 78' lang='grc' dir='ltr'>ὁδοῖς</span> <span class='ocrx_word' id='word_1_396' title='bbox 3683 2905 3698 2921; x_wconf 85' lang='grc'>⁶</span> 
     </span>
    </p>
   </div>
   <div class='ocr_carea' id='block_1_59' title="bbox 2129 2981 3707 3071">
    <p class='ocr_par' dir='ltr' id='par_1_59' title="bbox 2129 2981 3707 3071">
     <span class='ocr_line' id='line_1_59' title="bbox 2129 2981 3707 3071; baseline -0.011 -20"><span class='ocrx_word' id='word_1_397' title='bbox 2129 3000 2229 3071; x_wconf 76' lang='grc' dir='ltr'><strong>⁴ιὴν</strong></span> <span class='ocrx_word' id='word_1_398' title='bbox 2274 3014 2335 3050; x_wconf 87' lang='grc' dir='ltr'><strong>τε</strong></span> <span class='ocrx_word' id='word_1_399' title='bbox 2382 2995 2478 3049; x_wconf 87' lang='grc' dir='ltr'><strong>τοῦ</strong></span> <span class='ocrx_word' id='word_1_400' title='bbox 2522 2995 2728 3064; x_wconf 84' lang='grc' dir='ltr'>Κυρίου</span> <span class='ocrx_word' id='word_1_401' title='bbox 2781 2996 2874 3047; x_wconf 74' lang='grc' dir='ltr'>καὶ</span> <span class='ocrx_word' id='word_1_402' title='bbox 2923 2990 3059 3045; x_wconf 82' lang='grc' dir='ltr'>Θεοῦ</span> <span class='ocrx_word' id='word_1_403' title='bbox 3111 2989 3204 3044; x_wconf 74' lang='grc' dir='ltr'>καὶ</span> <span class='ocrx_word' id='word_1_404' title='bbox 3251 2988 3502 3057; x_wconf 84' lang='grc' dir='ltr'>Σωτῆρος</span> <span class='ocrx_word' id='word_1_405' title='bbox 3548 2981 3707 3053; x_wconf 83' lang='grc' dir='ltr'>ἡμῶν</span> 
     </span>
    </p>
   </div>
   <div class='ocr_carea' id='block_1_60' title="bbox 453 3074 2029 3170">
    <p class='ocr_par' dir='ltr' id='par_1_60' title="bbox 453 3074 2027 3143">
     <span class='ocr_line' id='line_1_60' title="bbox 453 3074 2027 3143; baseline -0.003 -11"><span class='ocrx_word' id='word_1_406' title='bbox 453 3077 551 3132; x_wconf 86' lang='lat' dir='ltr'><strong>Dei</strong></span> <span class='ocrx_word' id='word_1_407' title='bbox 579 3083 636 3132; x_wconf 92' lang='lat' dir='ltr'><strong>et</strong></span> <span class='ocrx_word' id='word_1_408' title='bbox 665 3075 963 3131; x_wconf 89' lang='lat' dir='ltr'><strong>Salvatoris</strong></span> <span class='ocrx_word' id='word_1_409' title='bbox 1008 3075 1184 3131; x_wconf 85' lang='lat' dir='ltr'><strong>nostri</strong></span> <span class='ocrx_word' id='word_1_410' title='bbox 1232 3077 1361 3131; x_wconf 84' lang='lat' dir='ltr'><strong>Jesu</strong></span> <span class='ocrx_word' id='word_1_411' title='bbox 1393 3076 1627 3143; x_wconf 89' lang='lat' dir='ltr'><strong>Christi,</strong></span> <span class='ocrx_word' id='word_1_412' title='bbox 1666 3074 2027 3130; x_wconf 70' lang='lat' dir='ltr'><strong>immaculata:</strong></span> 
     </span>
    </p>
   </div>
   <div class='ocr_carea' id='block_1_61' title="bbox 2135 3074 3704 3170">
    <p class='ocr_par' dir='ltr' id='par_1_61' title="bbox 2143 3076 3704 3170">
     <span class='ocr_line' id='line_1_61' title="bbox 2143 3076 3704 3170; baseline -0.006 -26"><span class='ocrx_word' id='word_1_413' title='bbox 2143 3090 2312 3163; x_wconf 80' lang='grc' dir='ltr'>Ἰησοῦ</span> <span class='ocrx_word' id='word_1_414' title='bbox 2340 3087 2599 3159; x_wconf 87' lang='grc' dir='ltr'>Χριστοῦ,</span> <span class='ocrx_word' id='word_1_415' title='bbox 2630 3087 2725 3139; x_wconf 71' lang='grc' dir='ltr'><strong>καί⁸</strong></span> <span class='ocrx_word' id='word_1_416' title='bbox 2754 3086 2853 3154; x_wconf 82' lang='grc' dir='ltr'>τῆς</span> <span class='ocrx_word' id='word_1_417' title='bbox 2897 3084 3168 3155; x_wconf 86' lang='grc' dir='ltr'>ἀχρόιντου</span> <span class='ocrx_word' id='word_1_418' title='bbox 3209 3080 3368 3151; x_wconf 81' lang='grc' dir='ltr'>ἡμῶν</span> <span class='ocrx_word' id='word_1_419' title='bbox 3411 3076 3704 3170; x_wconf 74' lang='grc' dir='ltr'>Δεσποίνης</span> 
     </span>
    </p>
   </div>
   <div class='ocr_carea' id='block_1_62' title="bbox 461 3166 2021 3239">
    <p class='ocr_par' dir='ltr' id='par_1_62' title="bbox 461 3166 2021 3239">
     <span class='ocr_line' id='line_1_62' title="bbox 461 3166 2021 3239; baseline -0.002 -18"><span class='ocrx_word' id='word_1_420' title='bbox 461 3167 711 3222; x_wconf 64' lang='lat' dir='ltr'><strong>Dominae</strong></span> <span class='ocrx_word' id='word_1_421' title='bbox 750 3177 953 3223; x_wconf 72' lang='lat' dir='ltr'><strong>nostra:</strong></span> <span class='ocrx_word' id='word_1_422' title='bbox 990 3178 1046 3223; x_wconf 90' lang='lat' dir='ltr'><strong>et</strong></span> <span class='ocrx_word' id='word_1_423' title='bbox 1074 3179 1279 3222; x_wconf 68' lang='lat' dir='ltr'><strong>sanctae</strong></span> <span class='ocrx_word' id='word_1_424' title='bbox 1318 3168 1585 3239; x_wconf 69' lang='lat' dir='ltr'><strong>Deiparze,</strong></span> <span class='ocrx_word' id='word_1_425' title='bbox 1622 3166 2021 3223; x_wconf 87' lang='lat' dir='ltr'><strong>venerabilium</strong></span> 
     </span>
    </p>
   </div>
   <div class='ocr_carea' id='block_1_63' title="bbox 454 3258 2026 3333">
    <p class='ocr_par' dir='ltr' id='par_1_63' title="bbox 454 3258 2026 3333">
     <span class='ocr_line' id='line_1_63' title="bbox 454 3258 2026 3333; baseline -0.003 -21"><span class='ocrx_word' id='word_1_426' title='bbox 454 3258 800 3333; x_wconf 73' lang='lat' dir='ltr'><strong>angelorum,</strong></span> <span class='ocrx_word' id='word_1_427' title='bbox 823 3266 879 3312; x_wconf 91' lang='lat' dir='ltr'><strong>et</strong></span> <span class='ocrx_word' id='word_1_428' title='bbox 913 3259 1163 3312; x_wconf 90' lang='lat' dir='ltr'><strong>omnium</strong></span> <span class='ocrx_word' id='word_1_429' title='bbox 1189 3267 1507 3313; x_wconf 88' lang='lat' dir='ltr'><strong>sanctorum</strong></span> <span class='ocrx_word' id='word_1_430' title='bbox 1529 3259 1771 3313; x_wconf 87' lang='lat' dir='ltr'><strong>virorum</strong></span> <span class='ocrx_word' id='word_1_431' title='bbox 1797 3261 2026 3326; x_wconf 86' lang='lat' dir='ltr'><strong>(quanto</strong></span> 
     </span>
    </p>
   </div>
   <div class='ocr_carea' id='block_1_64' title="bbox 454 3350 2027 3423">
    <p class='ocr_par' dir='ltr' id='par_1_64' title="bbox 454 3350 2027 3423">
     <span class='ocr_line' id='line_1_64' title="bbox 454 3350 2027 3423; baseline -0.002 -18"><span class='ocrx_word' id='word_1_432' title='bbox 454 3352 606 3405; x_wconf 88' lang='lat' dir='ltr'><strong>enim</strong></span> <span class='ocrx_word' id='word_1_433' title='bbox 641 3351 816 3423; x_wconf 86' lang='lat' dir='ltr'><strong>magis</strong></span> <span class='ocrx_word' id='word_1_434' title='bbox 847 3366 940 3421; x_wconf 86' lang='lat' dir='ltr'><strong>per</strong></span> <span class='ocrx_word' id='word_1_435' title='bbox 982 3367 1301 3422; x_wconf 79' lang='lat' dir='ltr'><strong>expressam</strong></span> <span class='ocrx_word' id='word_1_436' title='bbox 1336 3352 1630 3423; x_wconf 83' lang='lat' dir='ltr'><strong>imaginem</strong></span> <span class='ocrx_word' id='word_1_437' title='bbox 1675 3350 2027 3419; x_wconf 87' lang='lat' dir='ltr'><strong>conspiciun-</strong></span> 
     </span>
    </p>
   </div>
   <div class='ocr_carea' id='block_1_65' title="bbox 456 3443 2027 3517">
    <p class='ocr_par' dir='ltr' id='par_1_65' title="bbox 456 3443 2027 3517">
     <span class='ocr_line' id='line_1_65' title="bbox 456 3443 2027 3517; baseline -0.001 -19"><span class='ocrx_word' id='word_1_438' title='bbox 456 3452 573 3513; x_wconf 84' lang='lat' dir='ltr'><strong>tur,</strong></span> <span class='ocrx_word' id='word_1_439' title='bbox 612 3455 767 3502; x_wconf 89' lang='lat' dir='ltr'><strong>tanto</strong></span> <span class='ocrx_word' id='word_1_440' title='bbox 791 3446 963 3516; x_wconf 80' lang='lat' dir='ltr'><strong>magis</strong></span> <span class='ocrx_word' id='word_1_441' title='bbox 1004 3462 1195 3501; x_wconf 84' lang='lat' dir='ltr'><strong>rarum</strong></span> <span class='ocrx_word' id='word_1_442' title='bbox 1236 3457 1580 3517; x_wconf 80' lang='lat' dir='ltr'><strong>spectatores</strong></span> <span class='ocrx_word' id='word_1_443' title='bbox 1618 3444 1931 3501; x_wconf 76' lang='lat' dir='ltr'><strong>excitantur</strong></span> <span class='ocrx_word' id='word_1_444' title='bbox 1960 3443 2027 3498; x_wconf 88' lang='lat' dir='ltr'><strong>ad</strong></span> 
     </span>
    </p>
   </div>
   <div class='ocr_carea' id='block_1_66' title="bbox 456 3535 2029 3608">
    <p class='ocr_par' dir='ltr' id='par_1_66' title="bbox 456 3535 2029 3608">
     <span class='ocr_line' id='line_1_66' title="bbox 456 3535 2029 3608; baseline -0.001 -18"><span class='ocrx_word' id='word_1_445' title='bbox 456 3546 877 3608; x_wconf 77' lang='lat' dir='ltr'><strong>prototyporum</strong></span> <span class='ocrx_word' id='word_1_446' title='bbox 914 3539 1237 3591; x_wconf 88' lang='lat' dir='ltr'><strong>memoriam</strong></span> <span class='ocrx_word' id='word_1_447' title='bbox 1263 3545 1318 3590; x_wconf 90' lang='lat' dir='ltr'><strong>et</strong></span> <span class='ocrx_word' id='word_1_448' title='bbox 1351 3537 1736 3603; x_wconf 86' lang='lat' dir='ltr'><strong>desiderium),</strong></span> <span class='ocrx_word' id='word_1_449' title='bbox 1784 3535 2029 3606; x_wconf 87' lang='lat' dir='ltr'><strong>ipsisque</strong></span> 
     </span>
    </p>
   </div>
   <div class='ocr_carea' id='block_1_67' title="bbox 456 3626 2029 3697">
    <p class='ocr_par' dir='ltr' id='par_1_67' title="bbox 456 3626 2029 3697">
     <span class='ocr_line' id='line_1_67' title="bbox 456 3626 2029 3697; baseline -0.002 -15"><span class='ocrx_word' id='word_1_450' title='bbox 456 3628 769 3697; x_wconf 80' lang='lat' dir='ltr'><strong>amplexum</strong></span> <span class='ocrx_word' id='word_1_451' title='bbox 799 3636 854 3681; x_wconf 91' lang='lat' dir='ltr'><strong>et</strong></span> <span class='ocrx_word' id='word_1_452' title='bbox 895 3626 1239 3683; x_wconf 86' lang='lat' dir='ltr'><strong>adorationis</strong></span> <span class='ocrx_word' id='word_1_453' title='bbox 1270 3627 1539 3680; x_wconf 86' lang='lat' dir='ltr'><strong>honorem</strong></span> <span class='ocrx_word' id='word_1_454' title='bbox 1578 3627 1748 3681; x_wconf 89' lang='lat' dir='ltr'><strong>tribui</strong></span> <span class='ocrx_word' id='word_1_455' title='bbox 1789 3626 2029 3691; x_wconf 87' lang='lat' dir='ltr'><strong>debere;</strong></span> 
     </span>
    </p>
   </div>
   <div class='ocr_carea' id='block_1_68' title="bbox 457 3715 2027 3785">
    <p class='ocr_par' dir='ltr' id='par_1_68' title="bbox 457 3715 2027 3785">
     <span class='ocr_line' id='line_1_68' title="bbox 457 3715 2027 3785; baseline -0.002 -16"><span class='ocrx_word' id='word_1_456' title='bbox 457 3731 570 3770; x_wconf 86' lang='lat' dir='ltr'><strong>non</strong></span> <span class='ocrx_word' id='word_1_457' title='bbox 606 3715 829 3782; x_wconf 90' lang='lat' dir='ltr'><strong>quidem</strong></span> <span class='ocrx_word' id='word_1_458' title='bbox 862 3715 1079 3768; x_wconf 86' lang='lat' dir='ltr'><strong>latriam</strong></span> <span class='ocrx_word' id='word_1_459' title='bbox 1135 3716 1284 3769; x_wconf 88' lang='lat' dir='ltr'><strong>illam</strong></span> <span class='ocrx_word' id='word_1_460' title='bbox 1318 3732 1503 3770; x_wconf 87' lang='lat' dir='ltr'><strong>veram</strong></span> <span class='ocrx_word' id='word_1_461' title='bbox 1549 3731 1671 3785; x_wconf 69' lang='lat' dir='ltr'><strong>quae</strong></span> <span class='ocrx_word' id='word_1_462' title='bbox 1722 3715 2027 3770; x_wconf 88' lang='lat' dir='ltr'><strong>secundum</strong></span> 
     </span>
    </p>
   </div>
   <div class='ocr_carea' id='block_1_69' title="bbox 456 3807 2028 3877">
    <p class='ocr_par' dir='ltr' id='par_1_69' title="bbox 456 3807 2028 3877">
     <span class='ocr_line' id='line_1_69' title="bbox 456 3807 2028 3877; baseline -0.001 -15"><span class='ocrx_word' id='word_1_463' title='bbox 456 3808 627 3863; x_wconf 82' lang='lat' dir='ltr'><strong>ﬁdem</strong></span> <span class='ocrx_word' id='word_1_464' title='bbox 668 3817 910 3861; x_wconf 89' lang='lat' dir='ltr'><strong>nostram</strong></span> <span class='ocrx_word' id='word_1_465' title='bbox 956 3808 1057 3861; x_wconf 88' lang='lat' dir='ltr'><strong>soli</strong></span> <span class='ocrx_word' id='word_1_466' title='bbox 1107 3807 1308 3861; x_wconf 63' lang='lat' dir='ltr'><strong>divinae</strong></span> <span class='ocrx_word' id='word_1_467' title='bbox 1353 3816 1564 3862; x_wconf 62' lang='lat' dir='ltr'><strong>natura:</strong></span> <span class='ocrx_word' id='word_1_468' title='bbox 1605 3809 1890 3877; x_wconf 84' lang='lat' dir='ltr'><strong>competit,</strong></span> <span class='ocrx_word' id='word_1_469' title='bbox 1935 3807 2028 3862; x_wconf 85' lang='lat' dir='ltr'><strong>sed</strong></span> 
     </span>
    </p>
   </div>
   <div class='ocr_carea' id='block_1_70' title="bbox 460 3884 2029 3970">
    <p class='ocr_par' dir='ltr' id='par_1_70' title="bbox 460 3884 2029 3970">
     <span class='ocr_line' id='line_1_70' title="bbox 460 3884 2029 3970; baseline -0.001 -16"><span class='ocrx_word' id='word_1_470' title='bbox 460 3900 645 3970; x_wconf 89' lang='lat' dir='ltr'><strong>qualis</strong></span> <span class='ocrx_word' id='word_1_471' title='bbox 667 3899 905 3955; x_wconf 87' lang='lat' dir='ltr'><strong>debetur</strong></span> <span class='ocrx_word' id='word_1_472' title='bbox 925 3899 1112 3970; x_wconf 71' lang='lat' dir='ltr'><strong>ﬁgurae</strong></span> <span class='ocrx_word' id='word_1_473' title='bbox 1128 3884 1465 3954; x_wconf 80' lang='lat' dir='ltr'><strong>venerandae</strong></span> <span class='ocrx_word' id='word_1_474' title='bbox 1485 3914 1550 3953; x_wconf 88' lang='lat' dir='ltr'><strong>ac</strong></span> <span class='ocrx_word' id='word_1_475' title='bbox 1571 3900 1800 3955; x_wconf 81' lang='lat' dir='ltr'><strong>viviﬁcae</strong></span> <span class='ocrx_word' id='word_1_476' title='bbox 1827 3901 2029 3962; x_wconf 89' lang='lat' dir='ltr'><strong>crucis,</strong></span> 
     </span>
    </p>
   </div>
   <div class='ocr_carea' id='block_1_71' title="bbox 462 3992 2027 4063">
    <p class='ocr_par' dir='ltr' id='par_1_71' title="bbox 462 3992 2027 4063">
     <span class='ocr_line' id='line_1_71' title="bbox 462 3992 2027 4063; baseline -0.003 -13"><span class='ocrx_word' id='word_1_477' title='bbox 462 3994 668 4050; x_wconf 86' lang='lat' dir='ltr'><strong>sanctis</strong></span> <span class='ocrx_word' id='word_1_478' title='bbox 716 3993 1054 4063; x_wconf 81' lang='lat' dir='ltr'><strong>Evangeliis,</strong></span> <span class='ocrx_word' id='word_1_479' title='bbox 1103 3992 1449 4061; x_wconf 87' lang='lat' dir='ltr'><strong>reliquisque</strong></span> <span class='ocrx_word' id='word_1_480' title='bbox 1499 3993 1673 4047; x_wconf 85' lang='lat' dir='ltr'><strong>sacris</strong></span> <span class='ocrx_word' id='word_1_481' title='bbox 1731 3992 2027 4063; x_wconf 88' lang='lat' dir='ltr'><strong>depositis;</strong></span> 
     </span>
    </p>
   </div>
   <div class='ocr_carea' id='block_1_72' title="bbox 462 4083 2033 4158">
    <p class='ocr_par' dir='ltr' id='par_1_72' title="bbox 462 4083 2033 4158">
     <span class='ocr_line' id='line_1_72' title="bbox 462 4083 2033 4158; baseline -0.002 -18"><span class='ocrx_word' id='word_1_482' title='bbox 462 4100 528 4141; x_wconf 91' lang='lat' dir='ltr'><strong>ac</strong></span> <span class='ocrx_word' id='word_1_483' title='bbox 551 4085 901 4158; x_wconf 81' lang='lat' dir='ltr'><strong>thymiantata</strong></span> <span class='ocrx_word' id='word_1_484' title='bbox 935 4083 1256 4155; x_wconf 87' lang='lat' dir='ltr'><strong>luminaque</strong></span> <span class='ocrx_word' id='word_1_485' title='bbox 1280 4085 1335 4139; x_wconf 90' lang='lat' dir='ltr'><strong>in</strong></span> <span class='ocrx_word' id='word_1_486' title='bbox 1367 4101 1554 4141; x_wconf 84' lang='lat' dir='ltr'><strong>earum</strong></span> <span class='ocrx_word' id='word_1_487' title='bbox 1584 4086 1850 4140; x_wconf 87' lang='lat' dir='ltr'><strong>honorem</strong></span> <span class='ocrx_word' id='word_1_488' title='bbox 1880 4085 2033 4139; x_wconf 84' lang='lat' dir='ltr'><strong>adhi—</strong></span> 
     </span>
    </p>
   </div>
   <div class='ocr_carea' id='block_1_73' title="bbox 458 4181 2031 4253">
    <p class='ocr_par' dir='ltr' id='par_1_73' title="bbox 458 4181 2031 4253">
     <span class='ocr_line' id='line_1_73' title="bbox 458 4181 2031 4253; baseline 0.001 -18"><span class='ocrx_word' id='word_1_489' title='bbox 458 4181 642 4235; x_wconf 84' lang='lat' dir='ltr'><strong>benda</strong></span> <span class='ocrx_word' id='word_1_490' title='bbox 696 4196 840 4245; x_wconf 85' lang='lat' dir='ltr'><strong>esse,</strong></span> <span class='ocrx_word' id='word_1_491' title='bbox 895 4181 1361 4250; x_wconf 83' lang='lat' dir='ltr'><strong>quemadmodum</strong></span> <span class='ocrx_word' id='word_1_492' title='bbox 1401 4193 1459 4238; x_wconf 91' lang='lat' dir='ltr'><strong>et</strong></span> <span class='ocrx_word' id='word_1_493' title='bbox 1493 4183 1735 4251; x_wconf 88' lang='lat' dir='ltr'><strong>antiquis</strong></span> <span class='ocrx_word' id='word_1_494' title='bbox 1798 4183 1890 4253; x_wconf 90' lang='lat' dir='ltr'><strong>pio</strong></span> <span class='ocrx_word' id='word_1_495' title='bbox 1931 4198 2031 4238; x_wconf 90' lang='lat' dir='ltr'><strong>usu</strong></span> 
     </span>
    </p>
   </div>
   <div class='ocr_carea' id='block_1_74' title="bbox 460 4270 2031 4345">
    <p class='ocr_par' dir='ltr' id='par_1_74' title="bbox 460 4270 2031 4345">
     <span class='ocr_line' id='line_1_74' title="bbox 460 4270 2031 4345; baseline 0.001 -20"><span class='ocrx_word' id='word_1_496' title='bbox 460 4281 745 4325; x_wconf 74' lang='lat' dir='ltr'><strong>assuetum</strong></span> <span class='ocrx_word' id='word_1_497' title='bbox 776 4280 914 4325; x_wconf 84' lang='lat' dir='ltr'><strong>erat.</strong></span> <span class='ocrx_word' id='word_1_498' title='bbox 939 4270 1071 4325; x_wconf 88' lang='lat' dir='ltr'><strong>Nam</strong></span> <span class='ocrx_word' id='word_1_499' title='bbox 1095 4272 1347 4343; x_wconf 79' lang='lat' dir='ltr'><strong>imaginis</strong></span> <span class='ocrx_word' id='word_1_500' title='bbox 1376 4274 1554 4327; x_wconf 87' lang='lat' dir='ltr'><strong>honor</strong></span> <span class='ocrx_word' id='word_1_501' title='bbox 1586 4273 1650 4327; x_wconf 85' lang='lat' dir='ltr'><strong>ad</strong></span> <span class='ocrx_word' id='word_1_502' title='bbox 1683 4284 2031 4345; x_wconf 86' lang='lat' dir='ltr'><strong>prototypum</strong></span> 
     </span>
    </p>
   </div>
   <div class='ocr_carea' id='block_1_75' title="bbox 462 4362 2030 4434">
    <p class='ocr_par' dir='ltr' id='par_1_75' title="bbox 462 4362 2030 4434">
     <span class='ocr_line' id='line_1_75' title="bbox 462 4362 2030 4434; baseline -0.001 -17"><span class='ocrx_word' id='word_1_503' title='bbox 462 4363 700 4426; x_wconf 85' lang='lat' dir='ltr'><strong>transit;</strong></span> <span class='ocrx_word' id='word_1_504' title='bbox 732 4372 785 4416; x_wconf 92' lang='lat' dir='ltr'><strong>et</strong></span> <span class='ocrx_word' id='word_1_505' title='bbox 837 4362 930 4432; x_wconf 92' lang='lat' dir='ltr'><strong>qui</strong></span> <span class='ocrx_word' id='word_1_506' title='bbox 975 4363 1264 4434; x_wconf 85' lang='lat' dir='ltr'><strong>imaginem</strong></span> <span class='ocrx_word' id='word_1_507' title='bbox 1311 4363 1522 4425; x_wconf 88' lang='lat' dir='ltr'><strong>adorat,</strong></span> <span class='ocrx_word' id='word_1_508' title='bbox 1574 4364 1625 4417; x_wconf 90' lang='lat' dir='ltr'><strong>in</strong></span> <span class='ocrx_word' id='word_1_509' title='bbox 1666 4364 1779 4433; x_wconf 82' lang='lat' dir='ltr'><strong>ipsa</strong></span> <span class='ocrx_word' id='word_1_510' title='bbox 1827 4363 2030 4432; x_wconf 90' lang='lat' dir='ltr'><strong>depicti</strong></span> 
     </span>
    </p>
   </div>
   <div class='ocr_carea' id='block_1_76' title="bbox 2128 3165 3702 3252">
    <p class='ocr_par' dir='ltr' id='par_1_76' title="bbox 2128 3165 3702 3252">
     <span class='ocr_line' id='line_1_76' title="bbox 2128 3165 3702 3252; baseline -0.013 -16"><span class='ocrx_word' id='word_1_511' title='bbox 2128 3183 2228 3252; x_wconf 84' lang='grc' dir='ltr'>τῆς</span> <span class='ocrx_word' id='word_1_512' title='bbox 2282 3181 2443 3248; x_wconf 79' lang='grc' dir='ltr'>ἁγίας</span> <span class='ocrx_word' id='word_1_513' title='bbox 2476 3177 2765 3241; x_wconf 88' lang='grc' dir='ltr'>Θεοτόκου,</span> <span class='ocrx_word' id='word_1_514' title='bbox 2793 3176 2901 3228; x_wconf 88' lang='grc' dir='ltr'><strong>τῶν</strong></span> <span class='ocrx_word' id='word_1_515' title='bbox 2928 3174 3126 3243; x_wconf 83' lang='grc' dir='ltr'>τιμίων</span> <span class='ocrx_word' id='word_1_516' title='bbox 3151 3170 3423 3239; x_wconf 80' lang='grc' dir='ltr'>ἀγγέλων,</span> <span class='ocrx_word' id='word_1_517' title='bbox 3449 3167 3543 3221; x_wconf 69' lang='grc' dir='ltr'>καὶ</span> <span class='ocrx_word' id='word_1_518' title='bbox 3568 3165 3702 3218; x_wconf 82' lang='grc' dir='ltr'>πάν-</span> 
     </span>
    </p>
   </div>
   <div class='ocr_carea' id='block_1_77' title="bbox 2129 3255 3706 3336">
    <p class='ocr_par' dir='ltr' id='par_1_77' title="bbox 2129 3255 3706 3336">
     <span class='ocr_line' id='line_1_77' title="bbox 2129 3255 3706 3336; baseline -0.014 -9"><span class='ocrx_word' id='word_1_519' title='bbox 2129 3290 2235 3327; x_wconf 90' lang='grc' dir='ltr'>των</span> <span class='ocrx_word' id='word_1_520' title='bbox 2260 3273 2364 3324; x_wconf 85' lang='grc' dir='ltr'><strong>τῶν</strong></span> <span class='ocrx_word' id='word_1_521' title='bbox 2392 3270 2553 3323; x_wconf 81' lang='grc' dir='ltr'>ὁσίων</span> <span class='ocrx_word' id='word_1_522' title='bbox 2584 3268 2678 3321; x_wconf 67' lang='grc' dir='ltr'><strong>καλ⁴</strong></span> <span class='ocrx_word' id='word_1_523' title='bbox 2714 3267 2885 3336; x_wconf 81' lang='grc' dir='ltr'>ἁγίων</span> <span class='ocrx_word' id='word_1_524' title='bbox 2927 3264 3136 3334; x_wconf 84' lang='grc' dir='ltr'>ἀνδρῶν</span> <span class='ocrx_word' id='word_1_525' title='bbox 3179 3263 3310 3332; x_wconf 76' lang='grc' dir='ltr'>(ὅσῳ</span> <span class='ocrx_word' id='word_1_526' title='bbox 3340 3259 3448 3329; x_wconf 89' lang='grc' dir='ltr'>γὰρ</span> <span class='ocrx_word' id='word_1_527' title='bbox 3474 3256 3541 3311; x_wconf 81' lang='grc' dir='ltr'><strong>δι’</strong></span> <span class='ocrx_word' id='word_1_528' title='bbox 3564 3255 3706 3307; x_wconf 81' lang='grc' dir='ltr'>εἰκο-</span> 
     </span>
    </p>
   </div>
   <div class='ocr_carea' id='block_1_78' title="bbox 2130 3349 3707 3436">
    <p class='ocr_par' dir='ltr' id='par_1_78' title="bbox 2130 3349 3707 3436">
     <span class='ocr_line' id='line_1_78' title="bbox 2130 3349 3707 3436; baseline -0.013 -17"><span class='ocrx_word' id='word_1_529' title='bbox 2130 3369 2284 3436; x_wconf 83' lang='grc' dir='ltr'>νικῆς</span> <span class='ocrx_word' id='word_1_530' title='bbox 2335 3362 2739 3423; x_wconf 81' lang='grc' dir='ltr'>ἀνατυπώσεως</span> <span class='ocrx_word' id='word_1_531' title='bbox 2794 3357 3053 3428; x_wconf 78' lang='grc' dir='ltr'>ὁρῶνται,</span> <span class='ocrx_word' id='word_1_532' title='bbox 3117 3354 3357 3422; x_wconf 85' lang='grc' dir='ltr'>τοσούτῳ</span> <span class='ocrx_word' id='word_1_533' title='bbox 3404 3351 3453 3403; x_wconf 76' lang='lat' dir='ltr'><strong>oi</strong></span> <span class='ocrx_word' id='word_1_534' title='bbox 3503 3349 3707 3407; x_wconf 82' lang='grc' dir='ltr'>ταύτας</span> 
     </span>
    </p>
   </div>
   <div class='ocr_carea' id='block_1_79' title="bbox 2132 3439 3705 3528">
    <p class='ocr_par' dir='ltr' id='par_1_79' title="bbox 2132 3439 3705 3528">
     <span class='ocr_line' id='line_1_79' title="bbox 2132 3439 3705 3528; baseline -0.016 -16"><span class='ocrx_word' id='word_1_535' title='bbox 2132 3458 2393 3528; x_wconf 76' lang='grc' dir='ltr'>θεώμενοι</span> <span class='ocrx_word' id='word_1_536' title='bbox 2432 3453 2798 3506; x_wconf 77' lang='grc' dir='ltr'>διανίστανται</span> <span class='ocrx_word' id='word_1_537' title='bbox 2844 3448 2982 3518; x_wconf 69' lang='grc' dir='ltr'>προς</span> <span class='ocrx_word' id='word_1_538' title='bbox 3027 3446 3126 3516; x_wconf 81' lang='grc' dir='ltr'>τὴν</span> <span class='ocrx_word' id='word_1_539' title='bbox 3179 3444 3290 3498; x_wconf 86' lang='grc' dir='ltr'><strong>τῶν</strong></span> <span class='ocrx_word' id='word_1_540' title='bbox 3337 3439 3705 3511; x_wconf 82' lang='grc' dir='ltr'>πρωτοτύπων</span> 
     </span>
    </p>
   </div>
   <div class='ocr_carea' id='block_1_80' title="bbox 2136 3530 3735 3617">
    <p class='ocr_par' dir='ltr' id='par_1_80' title="bbox 2136 3530 3735 3617">
     <span class='ocr_line' id='line_1_80' title="bbox 2136 3530 3735 3617; baseline -0.013 -17"><span class='ocrx_word' id='word_1_541' title='bbox 2136 3550 2357 3617; x_wconf 81' lang='grc' dir='ltr'>μνήμην</span> <span class='ocrx_word' id='word_1_542' title='bbox 2389 3562 2446 3597; x_wconf 86' lang='grc' dir='ltr'><strong>τε</strong></span> <span class='ocrx_word' id='word_1_543' title='bbox 2495 3544 2589 3597; x_wconf 80' lang='grc' dir='ltr'>καὶ</span> <span class='ocrx_word' id='word_1_544' title='bbox 2633 3539 3004 3612; x_wconf 83' lang='grc' dir='ltr'>ἐπιπόθησιν),</span> <span class='ocrx_word' id='word_1_545' title='bbox 3035 3537 3128 3591; x_wconf 63' lang='grc' dir='ltr'>καὶ</span> <span class='ocrx_word' id='word_1_546' title='bbox 3160 3534 3383 3596; x_wconf 82' lang='grc' dir='ltr'>ταύταις</span> <span class='ocrx_word' id='word_1_547' title='bbox 3420 3530 3735 3611; x_wconf 25' lang='grc' dir='ltr'>ἀσπασμδνη</span> 
     </span>
    </p>
   </div>
   <div class='ocr_carea' id='block_1_81' title="bbox 2133 3618 3709 3707">
    <p class='ocr_par' dir='ltr' id='par_1_81' title="bbox 2133 3618 3709 3707">
     <span class='ocr_line' id='line_1_81' title="bbox 2133 3618 3709 3707; baseline -0.014 -15"><span class='ocrx_word' id='word_1_548' title='bbox 2133 3639 2225 3692; x_wconf 72' lang='grc' dir='ltr'>καὶ</span> <span class='ocrx_word' id='word_1_549' title='bbox 2260 3636 2553 3707; x_wconf 81' lang='grc' dir='ltr'>τιμητικὴν</span> <span class='ocrx_word' id='word_1_550' title='bbox 2603 3631 2976 3701; x_wconf 83' lang='grc' dir='ltr'>προσκύνησιν</span> <span class='ocrx_word' id='word_1_551' title='bbox 3013 3627 3332 3696; x_wconf 76' lang='grc' dir='ltr'>ἀπονέμειν,</span> <span class='ocrx_word' id='word_1_552' title='bbox 3363 3625 3425 3676; x_wconf 84' lang='grc' dir='ltr'><strong>ού</strong></span> <span class='ocrx_word' id='word_1_553' title='bbox 3469 3621 3575 3692; x_wconf 78' lang='grc' dir='ltr'>μὴν</span> <span class='ocrx_word' id='word_1_554' title='bbox 3612 3618 3709 3689; x_wconf 83' lang='grc' dir='ltr'>τὴν</span> 
     </span>
    </p>
   </div>
   <div class='ocr_carea' id='block_1_82' title="bbox 2135 3709 3708 3791">
    <p class='ocr_par' dir='ltr' id='par_1_82' title="bbox 2135 3709 3708 3791">
     <span class='ocr_line' id='line_1_82' title="bbox 2135 3709 3708 3791; baseline -0.012 -13"><span class='ocrx_word' id='word_1_555' title='bbox 2135 3724 2274 3779; x_wconf 70' lang='grc' dir='ltr'>κατὰ</span> <span class='ocrx_word' id='word_1_556' title='bbox 2307 3723 2487 3776; x_wconf 85' lang='grc' dir='ltr'>πίστιν</span> <span class='ocrx_word' id='word_1_557' title='bbox 2536 3720 2698 3791; x_wconf 80' lang='grc' dir='ltr'>ἡμῶν</span> <span class='ocrx_word' id='word_1_558' title='bbox 2732 3718 2988 3789; x_wconf 88' lang='grc' dir='ltr'>λατρείαν</span> <span class='ocrx_word' id='word_1_559' title='bbox 3014 3717 3114 3786; x_wconf 80' lang='grc' dir='ltr'>τὴν</span> <span class='ocrx_word' id='word_1_560' title='bbox 3151 3712 3412 3784; x_wconf 72' lang='grc' dir='ltr'>ἀληθινὴν</span> <span class='ocrx_word' id='word_1_561' title='bbox 3444 3713 3478 3780; x_wconf 75' lang='grc' dir='ltr'>ἢ</span> <span class='ocrx_word' id='word_1_562' title='bbox 3511 3709 3708 3779; x_wconf 77' lang='grc' dir='ltr'>πρέπει</span> 
     </span>
    </p>
   </div>
   <div class='ocr_carea' id='block_1_83' title="bbox 2138 3796 3710 3888">
    <p class='ocr_par' dir='ltr' id='par_1_83' title="bbox 2138 3796 3710 3888">
     <span class='ocr_line' id='line_1_83' title="bbox 2138 3796 3710 3888; baseline -0.011 -20"><span class='ocrx_word' id='word_1_563' title='bbox 2138 3817 2270 3888; x_wconf 82' lang='grc' dir='ltr'>μόνῃ</span> <span class='ocrx_word' id='word_1_564' title='bbox 2299 3818 2364 3887; x_wconf 77' lang='grc' dir='ltr'>τῇ</span> <span class='ocrx_word' id='word_1_565' title='bbox 2397 3815 2517 3885; x_wconf 72' lang='grc' dir='ltr'>θείᾳ</span> <span class='ocrx_word' id='word_1_566' title='bbox 2573 3812 2756 3883; x_wconf 81' lang='grc' dir='ltr'>φύσει,</span> <span class='ocrx_word' id='word_1_567' title='bbox 2814 3809 2929 3865; x_wconf 79' lang='grc' dir='ltr'>ἀλλ’</span> <span class='ocrx_word' id='word_1_568' title='bbox 2967 3808 3027 3862; x_wconf 82' lang='grc' dir='ltr'><strong>ὃν</strong></span> <span class='ocrx_word' id='word_1_569' title='bbox 3069 3808 3268 3879; x_wconf 84' lang='grc' dir='ltr'>τρόπον</span> <span class='ocrx_word' id='word_1_570' title='bbox 3299 3803 3376 3874; x_wconf 83' lang='grc' dir='ltr'><strong>τῷ</strong></span> <span class='ocrx_word' id='word_1_571' title='bbox 3422 3802 3578 3871; x_wconf 86' lang='grc' dir='ltr'>τύπῳ</span> <span class='ocrx_word' id='word_1_572' title='bbox 3615 3796 3710 3852; x_wconf 86' lang='grc' dir='ltr'><strong>τοῦ</strong></span> 
     </span>
    </p>
   </div>
   <div class='ocr_carea' id='block_1_84' title="bbox 2133 3894 3711 3978">
    <p class='ocr_par' dir='ltr' id='par_1_84' title="bbox 2133 3894 3711 3978">
     <span class='ocr_line' id='line_1_84' title="bbox 2133 3894 3711 3978; baseline -0.011 -15"><span class='ocrx_word' id='word_1_573' title='bbox 2133 3909 2314 3978; x_wconf 84' lang='grc' dir='ltr'>τιμίου</span> <span class='ocrx_word' id='word_1_574' title='bbox 2342 3908 2438 3963; x_wconf 78' lang='grc' dir='ltr'>καὶ</span> <span class='ocrx_word' id='word_1_575' title='bbox 2468 3902 3029 3976; x_wconf 79' lang='grc' dir='ltr'>ζωοποιοῦ,σταυροῦ,</span> <span class='ocrx_word' id='word_1_576' title='bbox 3061 3902 3157 3955; x_wconf 75' lang='grc' dir='ltr'>καὶ</span> <span class='ocrx_word' id='word_1_577' title='bbox 3189 3903 3305 3964; x_wconf 84' lang='grc' dir='ltr'>τοῖς</span> <span class='ocrx_word' id='word_1_578' title='bbox 3333 3897 3507 3966; x_wconf 83' lang='grc' dir='ltr'>ἁγίοις</span> <span class='ocrx_word' id='word_1_579' title='bbox 3535 3894 3711 3959; x_wconf 78' lang='grc' dir='ltr'>Εὔαγ-</span> 
     </span>
    </p>
   </div>
   <div class='ocr_carea' id='block_1_85' title="bbox 2134 3985 3713 4069">
    <p class='ocr_par' dir='ltr' id='par_1_85' title="bbox 2134 3985 3713 4069">
     <span class='ocr_line' id='line_1_85' title="bbox 2134 3985 3713 4069; baseline -0.011 -15"><span class='ocrx_word' id='word_1_580' title='bbox 2134 3999 2367 4069; x_wconf 83' lang='grc' dir='ltr'>γελίοις,</span> <span class='ocrx_word' id='word_1_581' title='bbox 2418 3999 2514 4051; x_wconf 80' lang='grc' dir='ltr'>καὶ</span> <span class='ocrx_word' id='word_1_582' title='bbox 2570 3998 2684 4060; x_wconf 83' lang='grc' dir='ltr'>τοῖς</span> <span class='ocrx_word' id='word_1_583' title='bbox 2736 3996 2943 4059; x_wconf 81' lang='grc' dir='ltr'>λοιποῖς</span> <span class='ocrx_word' id='word_1_584' title='bbox 2991 3995 3158 4066; x_wconf 83' lang='grc' dir='ltr'>ίεροῖς</span> <span class='ocrx_word' id='word_1_585' title='bbox 3205 3991 3520 4061; x_wconf 82' lang='grc' dir='ltr'>ἀναθήμασι</span> <span class='ocrx_word' id='word_1_586' title='bbox 3550 4003 3564 4015; x_wconf 88' lang='grc'><strong>·</strong></span> <span class='ocrx_word' id='word_1_587' title='bbox 3618 3985 3713 4038; x_wconf 72' lang='grc' dir='ltr'>καὶ</span> 
     </span>
    </p>
   </div>
   <div class='ocr_carea' id='block_1_86' title="bbox 2136 4076 3713 4162">
    <p class='ocr_par' dir='ltr' id='par_1_86' title="bbox 2136 4076 3713 4162">
     <span class='ocr_line' id='line_1_86' title="bbox 2136 4076 3713 4162; baseline -0.01 -17"><span class='ocrx_word' id='word_1_588' title='bbox 2136 4090 2503 4162; x_wconf 84' lang='grc' dir='ltr'>θυμιαμάτων</span> <span class='ocrx_word' id='word_1_589' title='bbox 2531 4090 2626 4142; x_wconf 75' lang='grc' dir='ltr'>καὶ</span> <span class='ocrx_word' id='word_1_590' title='bbox 2658 4089 2854 4158; x_wconf 83' lang='grc' dir='ltr'>φώτων</span> <span class='ocrx_word' id='word_1_591' title='bbox 2884 4085 3253 4158; x_wconf 82' lang='grc' dir='ltr'>προσαγωγὴν</span> <span class='ocrx_word' id='word_1_592' title='bbox 3292 4083 3428 4153; x_wconf 72' lang='grc' dir='ltr'>πρὸς</span> <span class='ocrx_word' id='word_1_593' title='bbox 3459 4080 3562 4150; x_wconf 86' lang='grc' dir='ltr'><strong>τὴν</strong></span> <span class='ocrx_word' id='word_1_594' title='bbox 3588 4076 3713 4131; x_wconf 85' lang='grc' dir='ltr'>τού-</span> 
     </span>
    </p>
   </div>
   <div class='ocr_carea' id='block_1_87' title="bbox 2134 4170 3713 4251">
    <p class='ocr_par' dir='ltr' id='par_1_87' title="bbox 2134 4170 3713 4251">
     <span class='ocr_line' id='line_1_87' title="bbox 2134 4170 3713 4251; baseline -0.011 -15"><span class='ocrx_word' id='word_1_595' title='bbox 2134 4200 2243 4236; x_wconf 88' lang='grc' dir='ltr'>των</span> <span class='ocrx_word' id='word_1_596' title='bbox 2272 4180 2440 4251; x_wconf 81' lang='grc' dir='ltr'>τιμὴν</span> <span class='ocrx_word' id='word_1_597' title='bbox 2473 4178 2767 4244; x_wconf 84' lang='grc' dir='ltr'>ποιεῖσθαι,</span> <span class='ocrx_word' id='word_1_598' title='bbox 2796 4176 2979 4241; x_wconf 86' lang='grc' dir='ltr'>καθὼς</span> <span class='ocrx_word' id='word_1_599' title='bbox 3019 4178 3113 4230; x_wconf 76' lang='grc' dir='ltr'>καὶ</span> <span class='ocrx_word' id='word_1_600' title='bbox 3139 4180 3253 4239; x_wconf 80' lang='grc' dir='ltr'>τοῖς</span> <span class='ocrx_word' id='word_1_601' title='bbox 3285 4172 3536 4244; x_wconf 87' lang='grc' dir='ltr'>ἀρχαίοις</span> <span class='ocrx_word' id='word_1_602' title='bbox 3561 4170 3713 4222; x_wconf 80' lang='grc' dir='ltr'>εὐσε-</span> 
     </span>
    </p>
   </div>
   <div class='ocr_carea' id='block_1_88' title="bbox 2132 4263 3713 4339">
    <p class='ocr_par' dir='ltr' id='par_1_88' title="bbox 2132 4263 3713 4339">
     <span class='ocr_line' id='line_1_88' title="bbox 2132 4263 3713 4339; baseline -0.008 -14"><span class='ocrx_word' id='word_1_603' title='bbox 2132 4272 2248 4335; x_wconf 78' lang='grc' dir='ltr'>ϐῶς</span> <span class='ocrx_word' id='word_1_604' title='bbox 2283 4270 2537 4324; x_wconf 76' lang='grc' dir='ltr'>εἰθισται.</span> <span class='ocrx_word' id='word_1_605' title='bbox 2582 4271 2646 4323; x_wconf 83' lang='lat' dir='ltr'><strong>&#39;H</strong></span> <span class='ocrx_word' id='word_1_606' title='bbox 2677 4269 2788 4339; x_wconf 79' lang='grc' dir='ltr'>γὰρ</span> <span class='ocrx_word' id='word_1_607' title='bbox 2816 4269 2918 4339; x_wconf 86' lang='grc' dir='ltr'>τῆς</span> <span class='ocrx_word' id='word_1_608' title='bbox 2943 4267 3152 4331; x_wconf 78' lang='grc' dir='ltr'>εἰκόνος</span> <span class='ocrx_word' id='word_1_609' title='bbox 3184 4266 3318 4336; x_wconf 84' lang='grc' dir='ltr'>τιμὴ</span> <span class='ocrx_word' id='word_1_610' title='bbox 3358 4264 3448 4316; x_wconf 83' lang='grc' dir='ltr'>ἐπὶ</span> <span class='ocrx_word' id='word_1_611' title='bbox 3474 4263 3534 4315; x_wconf 65' lang='grc' dir='ltr'><strong>τὸ</strong></span> <span class='ocrx_word' id='word_1_612' title='bbox 3561 4276 3713 4329; x_wconf 83' lang='grc' dir='ltr'>πρω-</span> 
     </span>
    </p>
   </div>
   <div class='ocr_carea' id='block_1_89' title="bbox 2137 4351 3717 4434">
    <p class='ocr_par' dir='ltr' id='par_1_89' title="bbox 2137 4351 3717 4434">
     <span class='ocr_line' id='line_1_89' title="bbox 2137 4351 3717 4434; baseline -0.008 -18"><span class='ocrx_word' id='word_1_613' title='bbox 2137 4363 2367 4416; x_wconf 86' lang='grc' dir='ltr'>τότυπον</span> <span class='ocrx_word' id='word_1_614' title='bbox 2412 4360 2678 4415; x_wconf 77' lang='grc' dir='ltr'>διαϐαίνει</span> <span class='ocrx_word' id='word_1_615' title='bbox 2706 4376 2719 4390; x_wconf 89' lang='grc'><strong>·</strong></span> <span class='ocrx_word' id='word_1_616' title='bbox 2778 4361 2872 4414; x_wconf 78' lang='grc' dir='ltr'>καὶ</span> <span class='ocrx_word' id='word_1_617' title='bbox 2925 4362 2954 4413; x_wconf 87' lang='grc' dir='ltr'>ὁ</span> <span class='ocrx_word' id='word_1_618' title='bbox 2999 4357 3321 4434; x_wconf 85' lang='grc' dir='ltr'>προσκυνῶν</span> <span class='ocrx_word' id='word_1_619' title='bbox 3378 4354 3477 4424; x_wconf 82' lang='grc' dir='ltr'>τὴν</span> <span class='ocrx_word' id='word_1_620' title='bbox 3531 4351 3717 4404; x_wconf 74' lang='grc' dir='ltr'>εἰκόνα</span> 
     </span>
    </p>
   </div>
   <div class='ocr_carea' id='block_1_90' title="bbox 460 4440 2029 4526">
    <p class='ocr_par' dir='ltr' id='par_1_90' title="bbox 460 4456 2029 4526">
     <span class='ocr_line' id='line_1_90' title="bbox 460 4456 2029 4526; baseline -0.001 -15"><span class='ocrx_word' id='word_1_621' title='bbox 460 4470 756 4526; x_wconf 85' lang='lat' dir='ltr'><strong>personam</strong></span> <span class='ocrx_word' id='word_1_622' title='bbox 788 4456 1003 4511; x_wconf 90' lang='lat' dir='ltr'><strong>adorat.</strong></span> <span class='ocrx_word' id='word_1_623' title='bbox 1058 4458 1243 4511; x_wconf 84' lang='lat' dir='ltr'><strong>Palam</strong></span> <span class='ocrx_word' id='word_1_624' title='bbox 1280 4465 1462 4511; x_wconf 88' lang='lat' dir='ltr'><strong>autem</strong></span> <span class='ocrx_word' id='word_1_625' title='bbox 1498 4467 1584 4511; x_wconf 89' lang='lat' dir='ltr'><strong>est</strong></span> <span class='ocrx_word' id='word_1_626' title='bbox 1617 4456 1668 4509; x_wconf 90' lang='lat' dir='ltr'><strong>id</strong></span> <span class='ocrx_word' id='word_1_627' title='bbox 1721 4467 2029 4511; x_wconf 85' lang='lat' dir='ltr'><strong>antecesso-</strong></span> 
     </span>
    </p>
   </div>
   <div class='ocr_carea' id='block_1_91' title="bbox 2135 4440 3711 4526">
    <p class='ocr_par' dir='ltr' id='par_1_91' title="bbox 2143 4442 3711 4522">
     <span class='ocr_line' id='line_1_91' title="bbox 2143 4442 3711 4522; baseline -0.01 -16"><span class='ocrx_word' id='word_1_628' title='bbox 2143 4452 2441 4521; x_wconf 74' lang='grc' dir='ltr'>προσκυνεῖ</span> <span class='ocrx_word' id='word_1_629' title='bbox 2470 4452 2528 4504; x_wconf 88' lang='grc' dir='ltr'>ἐν</span> <span class='ocrx_word' id='word_1_630' title='bbox 2550 4451 2690 4522; x_wconf 76' lang='grc' dir='ltr'>αὐτῇ</span> <span class='ocrx_word' id='word_1_631' title='bbox 2706 4448 2801 4504; x_wconf 89' lang='grc' dir='ltr'><strong>τοῦ</strong></span> <span class='ocrx_word' id='word_1_632' title='bbox 2832 4447 3248 4520; x_wconf 76' lang='grc' dir='ltr'>ἐγγραφομένου</span> <span class='ocrx_word' id='word_1_633' title='bbox 3271 4444 3369 4515; x_wconf 83' lang='grc' dir='ltr'>τὴν</span> <span class='ocrx_word' id='word_1_634' title='bbox 3394 4442 3711 4497; x_wconf 82' lang='grc' dir='ltr'>ὑπόστασιν.</span> 
     </span>
    </p>
   </div>
   <div class='ocr_carea' id='block_1_92' title="bbox 462 4544 2033 4614">
    <p class='ocr_par' dir='ltr' id='par_1_92' title="bbox 462 4544 2033 4614">
     <span class='ocr_line' id='line_1_92' title="bbox 462 4544 2033 4614; baseline -0.002 -14"><span class='ocrx_word' id='word_1_635' title='bbox 462 4545 624 4600; x_wconf 84' lang='lat' dir='ltr'><strong>ribus</strong></span> <span class='ocrx_word' id='word_1_636' title='bbox 654 4544 861 4599; x_wconf 86' lang='lat' dir='ltr'><strong>nostris</strong></span> <span class='ocrx_word' id='word_1_637' title='bbox 887 4544 1248 4609; x_wconf 83' lang='lat' dir='ltr'><strong>declaratum,</strong></span> <span class='ocrx_word' id='word_1_638' title='bbox 1278 4545 1636 4614; x_wconf 65' lang='lat' dir='ltr'><strong>praedicatum</strong></span> <span class='ocrx_word' id='word_1_639' title='bbox 1668 4553 1723 4599; x_wconf 90' lang='lat' dir='ltr'><strong>et</strong></span> <span class='ocrx_word' id='word_1_640' title='bbox 1750 4545 2033 4613; x_wconf 84' lang='lat' dir='ltr'><strong>cognitum</strong></span> 
     </span>
    </p>
   </div>
   <div class='ocr_carea' id='block_1_93' title="bbox 463 4638 2039 4708">
    <p class='ocr_par' dir='ltr' id='par_1_93' title="bbox 463 4638 2039 4708">
     <span class='ocr_line' id='line_1_93' title="bbox 463 4638 2039 4708; baseline -0.001 -16"><span class='ocrx_word' id='word_1_641' title='bbox 463 4640 657 4703; x_wconf 79' lang='lat' dir='ltr'><strong>fuisse,</strong></span> <span class='ocrx_word' id='word_1_642' title='bbox 696 4639 960 4693; x_wconf 90' lang='lat' dir='ltr'><strong>nimirum</strong></span> <span class='ocrx_word' id='word_1_643' title='bbox 993 4655 1092 4708; x_wconf 92' lang='lat' dir='ltr'><strong>per</strong></span> <span class='ocrx_word' id='word_1_644' title='bbox 1124 4638 1389 4708; x_wconf 82' lang='lat' dir='ltr'><strong>imagines</strong></span> <span class='ocrx_word' id='word_1_645' title='bbox 1417 4648 1474 4693; x_wconf 92' lang='lat' dir='ltr'><strong>et</strong></span> <span class='ocrx_word' id='word_1_646' title='bbox 1504 4638 1557 4692; x_wconf 92' lang='lat' dir='ltr'><strong>in</strong></span> <span class='ocrx_word' id='word_1_647' title='bbox 1589 4638 1921 4708; x_wconf 85' lang='lat' dir='ltr'><strong>imaginibus</strong></span> <span class='ocrx_word' id='word_1_648' title='bbox 1946 4652 2039 4691; x_wconf 88' lang='lat' dir='ltr'><strong>ve-</strong></span> 
     </span>
    </p>
   </div>
   <div class='ocr_carea' id='block_1_94' title="bbox 468 4729 1409 4786">
    <p class='ocr_par' dir='ltr' id='par_1_94' title="bbox 468 4729 1409 4786">
     <span class='ocr_line' id='line_1_94' title="bbox 468 4729 1409 4786; baseline -0.005 -1"><span class='ocrx_word' id='word_1_649' title='bbox 468 4732 689 4785; x_wconf 90' lang='lat' dir='ltr'><strong>ritatem</strong></span> <span class='ocrx_word' id='word_1_650' title='bbox 731 4729 995 4786; x_wconf 89' lang='lat' dir='ltr'><strong>honorari</strong></span> <span class='ocrx_word' id='word_1_651' title='bbox 1023 4738 1080 4785; x_wconf 90' lang='lat' dir='ltr'><strong>et</strong></span> <span class='ocrx_word' id='word_1_652' title='bbox 1110 4729 1351 4783; x_wconf 88' lang='lat' dir='ltr'><strong>adorari.</strong></span> <span class='ocrx_word' id='word_1_653' title='bbox 1391 4748 1409 4780; x_wconf 72' lang='grc' dir='ltr'><strong>ι</strong></span> 
     </span>
    </p>
   </div>
   <div class='ocr_carea' id='block_1_95' title="bbox 538 4820 2035 4894">
    <p class='ocr_par' dir='ltr' id='par_1_95' title="bbox 538 4820 2035 4894">
     <span class='ocr_line' id='line_1_95' title="bbox 538 4820 2035 4894; baseline -0.003 -17"><span class='ocrx_word' id='word_1_654' title='bbox 538 4824 641 4879; x_wconf 78' lang='lat' dir='ltr'><strong>His</strong></span> <span class='ocrx_word' id='word_1_655' title='bbox 668 4838 834 4894; x_wconf 91' lang='lat' dir='ltr'><strong>porro</strong></span> <span class='ocrx_word' id='word_1_656' title='bbox 871 4821 1033 4878; x_wconf 87' lang='lat' dir='ltr'><strong>lectis</strong></span> <span class='ocrx_word' id='word_1_657' title='bbox 1065 4830 1289 4876; x_wconf 88' lang='lat' dir='ltr'><strong>sanctus</strong></span> <span class='ocrx_word' id='word_1_658' title='bbox 1320 4822 1620 4892; x_wconf 85' lang='lat' dir='ltr'><strong>imperator</strong></span> <span class='ocrx_word' id='word_1_659' title='bbox 1653 4836 1845 4876; x_wconf 89' lang='lat' dir='ltr'><strong>omnes</strong></span> <span class='ocrx_word' id='word_1_660' title='bbox 1871 4820 2035 4876; x_wconf 88' lang='lat' dir='ltr'><strong>simul</strong></span> 
     </span>
    </p>
   </div>
   <div class='ocr_carea' id='block_1_96' title="bbox 465 4911 2040 4983">
    <p class='ocr_par' dir='ltr' id='par_1_96' title="bbox 465 4911 2040 4983">
     <span class='ocr_line' id='line_1_96' title="bbox 465 4911 2040 4983; baseline -0.003 -13"><span class='ocrx_word' id='word_1_661' title='bbox 465 4914 849 4983; x_wconf 75' lang='lat' dir='ltr'><strong>interrogavit,</strong></span> <span class='ocrx_word' id='word_1_662' title='bbox 874 4930 1004 4968; x_wconf 91' lang='lat' dir='ltr'><strong>num</strong></span> <span class='ocrx_word' id='word_1_663' title='bbox 1039 4928 1232 4967; x_wconf 83' lang='lat' dir='ltr'><strong>omnes</strong></span> <span class='ocrx_word' id='word_1_664' title='bbox 1263 4915 1334 4967; x_wconf 88' lang='lat' dir='ltr'><strong>ita</strong></span> <span class='ocrx_word' id='word_1_665' title='bbox 1374 4913 1665 4975; x_wconf 86' lang='lat' dir='ltr'><strong>sentirent,</strong></span> <span class='ocrx_word' id='word_1_666' title='bbox 1695 4921 1750 4967; x_wconf 89' lang='lat' dir='ltr'><strong>et</strong></span> <span class='ocrx_word' id='word_1_667' title='bbox 1780 4927 1847 4966; x_wconf 91' lang='lat' dir='ltr'><strong>an</strong></span> <span class='ocrx_word' id='word_1_668' title='bbox 1887 4911 2040 4981; x_wconf 86' lang='lat' dir='ltr'><strong>quis-</strong></span> 
     </span>
    </p>
   </div>
   <div class='ocr_carea' id='block_1_97' title="bbox 463 5005 2040 5076">
    <p class='ocr_par' dir='ltr' id='par_1_97' title="bbox 463 5005 2040 5076">
     <span class='ocr_line' id='line_1_97' title="bbox 463 5005 2040 5076; baseline -0.002 -15"><span class='ocrx_word' id='word_1_669' title='bbox 463 5006 612 5076; x_wconf 86' lang='lat' dir='ltr'><strong>piam</strong></span> <span class='ocrx_word' id='word_1_670' title='bbox 661 5006 715 5060; x_wconf 93' lang='lat' dir='ltr'><strong>in</strong></span> <span class='ocrx_word' id='word_1_671' title='bbox 762 5006 949 5076; x_wconf 89' lang='lat' dir='ltr'><strong>aliquo</strong></span> <span class='ocrx_word' id='word_1_672' title='bbox 1003 5005 1300 5060; x_wconf 89' lang='lat' dir='ltr'><strong>dubitaret.</strong></span> <span class='ocrx_word' id='word_1_673' title='bbox 1370 5005 1797 5074; x_wconf 75' lang='lat' dir='ltr'><strong>Responderunt</strong></span> <span class='ocrx_word' id='word_1_674' title='bbox 1848 5019 2040 5059; x_wconf 86' lang='lat' dir='ltr'><strong>omnes</strong></span> 
     </span>
    </p>
   </div>
   <div class='ocr_carea' id='block_1_98' title="bbox 468 5096 2040 5168">
    <p class='ocr_par' dir='ltr' id='par_1_98' title="bbox 468 5096 2040 5168">
     <span class='ocr_line' id='line_1_98' title="bbox 468 5096 2040 5168; baseline -0.003 -16"><span class='ocrx_word' id='word_1_675' title='bbox 468 5115 580 5155; x_wconf 90' lang='lat' dir='ltr'><strong>una</strong></span> <span class='ocrx_word' id='word_1_676' title='bbox 608 5114 765 5161; x_wconf 89' lang='lat' dir='ltr'><strong>voce.</strong></span> <span class='ocrx_word' id='word_1_677' title='bbox 807 5115 866 5154; x_wconf 89' lang='lat' dir='ltr'><strong>se</strong></span> <span class='ocrx_word' id='word_1_678' title='bbox 894 5101 967 5155; x_wconf 87' lang='lat' dir='ltr'><strong>ita</strong></span> <span class='ocrx_word' id='word_1_679' title='bbox 1001 5100 1228 5163; x_wconf 80' lang='lat' dir='ltr'><strong>sentire,</strong></span> <span class='ocrx_word' id='word_1_680' title='bbox 1264 5099 1339 5152; x_wconf 89' lang='lat' dir='ltr'><strong>ita</strong></span> <span class='ocrx_word' id='word_1_681' title='bbox 1368 5098 1687 5168; x_wconf 73' lang='lat' dir='ltr'><strong>prasdieare.</strong></span> <span class='ocrx_word' id='word_1_682' title='bbox 1737 5096 2040 5166; x_wconf 90' lang='lat' dir='ltr'><strong>Imperator</strong></span> 
     </span>
    </p>
   </div>
   <div class='ocr_carea' id='block_1_99' title="bbox 467 5188 2032 5261">
    <p class='ocr_par' dir='ltr' id='par_1_99' title="bbox 467 5188 2032 5261">
     <span class='ocr_line' id='line_1_99' title="bbox 467 5188 2032 5261; baseline -0.005 -16"><span class='ocrx_word' id='word_1_683' title='bbox 467 5206 625 5256; x_wconf 88' lang='lat' dir='ltr'><strong>vero,</strong></span> <span class='ocrx_word' id='word_1_684' title='bbox 678 5198 971 5261; x_wconf 85' lang='lat' dir='ltr'><strong>postquam</strong></span> <span class='ocrx_word' id='word_1_685' title='bbox 1023 5190 1274 5254; x_wconf 80' lang='lat' dir='ltr'><strong>dixisset,</strong></span> <span class='ocrx_word' id='word_1_686' title='bbox 1315 5209 1334 5241; x_wconf 76' lang='grc' dir='ltr'><strong>ι</strong></span> <span class='ocrx_word' id='word_1_687' title='bbox 1380 5188 1568 5244; x_wconf 86' lang='lat' dir='ltr'><strong>Gloria</strong></span> <span class='ocrx_word' id='word_1_688' title='bbox 1617 5195 1807 5243; x_wconf 89' lang='lat' dir='ltr'><strong>sancto</strong></span> <span class='ocrx_word' id='word_1_689' title='bbox 1839 5188 1973 5251; x_wconf 87' lang='lat' dir='ltr'><strong>Deo,</strong></span> <span class='ocrx_word' id='word_1_690' title='bbox 2015 5206 2032 5237; x_wconf 72' lang='grc' dir='ltr'><strong>ι</strong></span> 
     </span>
    </p>
   </div>
   <div class='ocr_carea' id='block_1_100' title="bbox 466 5280 2038 5351">
    <p class='ocr_par' dir='ltr' id='par_1_100' title="bbox 466 5280 2038 5351">
     <span class='ocr_line' id='line_1_100' title="bbox 466 5280 2038 5351; baseline -0.001 -14"><span class='ocrx_word' id='word_1_691' title='bbox 466 5298 689 5339; x_wconf 88' lang='lat' dir='ltr'><strong>rursum</strong></span> <span class='ocrx_word' id='word_1_692' title='bbox 723 5282 1102 5351; x_wconf 87' lang='lat' dir='ltr'><strong>interrogavit.</strong></span> <span class='ocrx_word' id='word_1_693' title='bbox 1136 5300 1155 5333; x_wconf 80' lang='grc' dir='ltr'><strong>ι</strong></span> <span class='ocrx_word' id='word_1_694' title='bbox 1186 5282 1507 5337; x_wconf 81' lang='lat' dir='ltr'><strong>Relativene</strong></span> <span class='ocrx_word' id='word_1_695' title='bbox 1542 5299 1610 5336; x_wconf 92' lang='lat' dir='ltr'><strong>an</strong></span> <span class='ocrx_word' id='word_1_696' title='bbox 1660 5280 1835 5336; x_wconf 67' lang='lat' dir='ltr'><strong>latriae</strong></span> <span class='ocrx_word' id='word_1_697' title='bbox 1885 5282 2038 5336; x_wconf 88' lang='lat' dir='ltr'><strong>cultu</strong></span> 
     </span>
    </p>
   </div>
   <div class='ocr_carea' id='block_1_101' title="bbox 470 5371 2040 5443">
    <p class='ocr_par' dir='ltr' id='par_1_101' title="bbox 470 5371 2040 5443">
     <span class='ocr_line' id='line_1_101' title="bbox 470 5371 2040 5443; baseline -0.002 -16"><span class='ocrx_word' id='word_1_698' title='bbox 470 5374 657 5429; x_wconf 90' lang='lat' dir='ltr'><strong>dicitis</strong></span> <span class='ocrx_word' id='word_1_699' title='bbox 692 5371 1029 5427; x_wconf 89' lang='lat' dir='ltr'><strong>adorandam</strong></span> <span class='ocrx_word' id='word_1_700' title='bbox 1071 5386 1193 5427; x_wconf 85' lang='lat' dir='ltr'><strong>esse</strong></span> <span class='ocrx_word' id='word_1_701' title='bbox 1252 5373 1546 5443; x_wconf 88' lang='lat' dir='ltr'><strong>imaginem</strong></span> <span class='ocrx_word' id='word_1_702' title='bbox 1582 5371 1798 5425; x_wconf 90' lang='lat' dir='ltr'><strong>Domini</strong></span> <span class='ocrx_word' id='word_1_703' title='bbox 1857 5380 1913 5423; x_wconf 89' lang='lat' dir='ltr'><strong>et</strong></span> <span class='ocrx_word' id='word_1_704' title='bbox 1946 5372 2040 5425; x_wconf 87' lang='lat' dir='ltr'><strong>Dei</strong></span> 
     </span>
    </p>
   </div>
   <div class='ocr_carea' id='block_1_102' title="bbox 469 5461 2040 5526">
    <p class='ocr_par' dir='ltr' id='par_1_102' title="bbox 469 5461 2040 5526">
     <span class='ocr_line' id='line_1_102' title="bbox 469 5461 2040 5526; baseline 0.001 -10"><span class='ocrx_word' id='word_1_705' title='bbox 469 5472 522 5517; x_wconf 90' lang='lat' dir='ltr'><strong>et</strong></span> <span class='ocrx_word' id='word_1_706' title='bbox 549 5461 853 5518; x_wconf 85' lang='lat' dir='ltr'><strong>Salvatoris</strong></span> <span class='ocrx_word' id='word_1_707' title='bbox 870 5462 1044 5515; x_wconf 87' lang='lat' dir='ltr'><strong>nostri</strong></span> <span class='ocrx_word' id='word_1_708' title='bbox 1079 5462 1207 5517; x_wconf 85' lang='lat' dir='ltr'><strong>Jesu</strong></span> <span class='ocrx_word' id='word_1_709' title='bbox 1231 5463 1473 5518; x_wconf 86' lang='lat' dir='ltr'><strong>Christi?</strong></span> <span class='ocrx_word' id='word_1_710' title='bbox 1497 5482 1514 5515; x_wconf 74' lang='grc' dir='ltr'><strong>ι</strong></span> <span class='ocrx_word' id='word_1_711' title='bbox 1543 5464 1807 5517; x_wconf 81' lang='lat' dir='ltr'><strong>Dixerunt</strong></span> <span class='ocrx_word' id='word_1_712' title='bbox 1826 5477 2040 5526; x_wconf 87' lang='lat' dir='ltr'><strong>omnes,</strong></span> 
     </span>
    </p>
   </div>
   <div class='ocr_carea' id='block_1_103' title="bbox 479 5549 2042 5622">
    <p class='ocr_par' dir='ltr' id='par_1_103' title="bbox 479 5549 2042 5622">
     <span class='ocr_line' id='line_1_103' title="bbox 479 5549 2042 5622; baseline 0.004 -21"><span class='ocrx_word' id='word_1_713' title='bbox 479 5569 499 5601; x_wconf 72' lang='grc' dir='ltr'><strong>ι</strong></span> <span class='ocrx_word' id='word_1_714' title='bbox 541 5549 796 5606; x_wconf 80' lang='lat' dir='ltr'><strong>Relative</strong></span> <span class='ocrx_word' id='word_1_715' title='bbox 830 5551 1130 5606; x_wconf 90' lang='lat' dir='ltr'><strong>adoramus</strong></span> <span class='ocrx_word' id='word_1_716' title='bbox 1157 5554 1351 5622; x_wconf 85' lang='lat' dir='ltr'><strong>ipsam,</strong></span> <span class='ocrx_word' id='word_1_717' title='bbox 1397 5564 1457 5608; x_wconf 93' lang='lat' dir='ltr'><strong>ut</strong></span> <span class='ocrx_word' id='word_1_718' title='bbox 1485 5555 1773 5622; x_wconf 77' lang='lat' dir='ltr'><strong>imaginem</strong></span> <span class='ocrx_word' id='word_1_719' title='bbox 1826 5554 2042 5609; x_wconf 92' lang='lat' dir='ltr'><strong>Domini</strong></span> 
     </span>
    </p>
   </div>
   <div class='ocr_carea' id='block_1_104' title="bbox 475 5641 2043 5713">
    <p class='ocr_par' dir='ltr' id='par_1_104' title="bbox 475 5641 2043 5713">
     <span class='ocr_line' id='line_1_104' title="bbox 475 5641 2043 5713; baseline 0.003 -19"><span class='ocrx_word' id='word_1_720' title='bbox 475 5652 533 5694; x_wconf 89' lang='lat' dir='ltr'><strong>et</strong></span> <span class='ocrx_word' id='word_1_721' title='bbox 561 5641 657 5696; x_wconf 91' lang='lat' dir='ltr'><strong>Dei</strong></span> <span class='ocrx_word' id='word_1_722' title='bbox 692 5652 748 5697; x_wconf 84' lang='lat' dir='ltr'><strong>et</strong></span> <span class='ocrx_word' id='word_1_723' title='bbox 775 5642 1078 5699; x_wconf 84' lang='lat' dir='ltr'><strong>Salvatoris</strong></span> <span class='ocrx_word' id='word_1_724' title='bbox 1112 5644 1284 5698; x_wconf 90' lang='lat' dir='ltr'><strong>nostri</strong></span> <span class='ocrx_word' id='word_1_725' title='bbox 1336 5645 1463 5699; x_wconf 84' lang='lat' dir='ltr'><strong>Jesu</strong></span> <span class='ocrx_word' id='word_1_726' title='bbox 1525 5644 1761 5713; x_wconf 86' lang='lat' dir='ltr'><strong>Christi;</strong></span> <span class='ocrx_word' id='word_1_727' title='bbox 1814 5646 1880 5701; x_wconf 85' lang='lat' dir='ltr'><strong>iis</strong></span> <span class='ocrx_word' id='word_1_728' title='bbox 1914 5661 2043 5700; x_wconf 87' lang='lat' dir='ltr'><strong>vero</strong></span> 
     </span>
    </p>
   </div>
   <div class='ocr_carea' id='block_1_105' title="bbox 472 5735 2045 5809">
    <p class='ocr_par' dir='ltr' id='par_1_105' title="bbox 472 5735 2045 5809">
     <span class='ocr_line' id='line_1_105' title="bbox 472 5735 2045 5809; baseline 0.003 -20"><span class='ocrx_word' id='word_1_729' title='bbox 472 5738 569 5806; x_wconf 74' lang='lat' dir='ltr'><strong>qui</strong></span> <span class='ocrx_word' id='word_1_730' title='bbox 605 5749 714 5792; x_wconf 92' lang='lat' dir='ltr'><strong>non</strong></span> <span class='ocrx_word' id='word_1_731' title='bbox 745 5735 827 5791; x_wconf 86' lang='lat' dir='ltr'><strong>sic</strong></span> <span class='ocrx_word' id='word_1_732' title='bbox 851 5735 1103 5805; x_wconf 86' lang='lat' dir='ltr'><strong>adorant,</strong></span> <span class='ocrx_word' id='word_1_733' title='bbox 1132 5736 1443 5791; x_wconf 72' lang='lat' dir='ltr'><strong>anathema.</strong></span> <span class='ocrx_word' id='word_1_734' title='bbox 1485 5755 1503 5788; x_wconf 70' lang='grc' dir='ltr'><strong>ι</strong></span> <span class='ocrx_word' id='word_1_735' title='bbox 1552 5737 1689 5792; x_wconf 85' lang='lat' dir='ltr'><strong>Tum</strong></span> <span class='ocrx_word' id='word_1_736' title='bbox 1747 5738 2045 5809; x_wconf 87' lang='lat' dir='ltr'><strong>imperator</strong></span> 
     </span>
    </p>
   </div>
   <div class='ocr_carea' id='block_1_106' title="bbox 2144 4533 3716 4615">
    <p class='ocr_par' dir='ltr' id='par_1_106' title="bbox 2144 4533 3716 4615">
     <span class='ocr_line' id='line_1_106' title="bbox 2144 4533 3716 4615; baseline -0.009 -18"><span class='ocrx_word' id='word_1_737' title='bbox 2144 4545 2313 4615; x_wconf 80' lang='grc' dir='ltr'>Δῆλον</span> <span class='ocrx_word' id='word_1_738' title='bbox 2344 4544 2402 4597; x_wconf 84' lang='grc' dir='ltr'>δὲ</span> <span class='ocrx_word' id='word_1_739' title='bbox 2434 4543 2592 4597; x_wconf 87' lang='grc' dir='ltr'>τοῦτο</span> <span class='ocrx_word' id='word_1_740' title='bbox 2626 4545 2720 4599; x_wconf 75' lang='grc' dir='ltr'>καὶ</span> <span class='ocrx_word' id='word_1_741' title='bbox 2753 4544 2866 4605; x_wconf 85' lang='grc' dir='ltr'>τοῖς</span> <span class='ocrx_word' id='word_1_742' title='bbox 2911 4541 3017 4613; x_wconf 82' lang='grc' dir='ltr'>πρὸ</span> <span class='ocrx_word' id='word_1_743' title='bbox 3060 4538 3219 4612; x_wconf 73' lang='grc' dir='ltr'>ἡμῶν</span> <span class='ocrx_word' id='word_1_744' title='bbox 3264 4533 3716 4606; x_wconf 81' lang='grc' dir='ltr'>πεφανερωμένον</span> 
     </span>
    </p>
   </div>
   <div class='ocr_carea' id='block_1_107' title="bbox 2144 4624 3718 4708">
    <p class='ocr_par' dir='ltr' id='par_1_107' title="bbox 2144 4624 3718 4708">
     <span class='ocr_line' id='line_1_107' title="bbox 2144 4624 3718 4708; baseline -0.01 -19"><span class='ocrx_word' id='word_1_745' title='bbox 2144 4638 2239 4690; x_wconf 77' lang='grc' dir='ltr'>καὶ</span> <span class='ocrx_word' id='word_1_746' title='bbox 2283 4636 2695 4708; x_wconf 86' lang='grc' dir='ltr'>κεκηρυγμένον</span> <span class='ocrx_word' id='word_1_747' title='bbox 2736 4637 2833 4687; x_wconf 72' lang='grc' dir='ltr'>καὶ</span> <span class='ocrx_word' id='word_1_748' title='bbox 2879 4632 3243 4702; x_wconf 81' lang='grc' dir='ltr'>ἐγνωσμένον,</span> <span class='ocrx_word' id='word_1_749' title='bbox 3290 4628 3365 4690; x_wconf 86' lang='grc' dir='ltr'>ὡς</span> <span class='ocrx_word' id='word_1_750' title='bbox 3403 4628 3461 4693; x_wconf 77' lang='grc' dir='ltr'>ἐξ</span> <span class='ocrx_word' id='word_1_751' title='bbox 3495 4624 3718 4678; x_wconf 78' lang='grc' dir='ltr'>εἰκόνιον</span> 
     </span>
    </p>
   </div>
   <div class='ocr_carea' id='block_1_108' title="bbox 2147 4716 3712 4796">
    <p class='ocr_par' dir='ltr' id='par_1_108' title="bbox 2147 4716 3712 4796">
     <span class='ocr_line' id='line_1_108' title="bbox 2147 4716 3712 4796; baseline -0.014 -13"><span class='ocrx_word' id='word_1_752' title='bbox 2147 4731 2241 4783; x_wconf 77' lang='grc' dir='ltr'><strong>καὶ</strong></span> <span class='ocrx_word' id='word_1_753' title='bbox 2269 4732 2325 4782; x_wconf 82' lang='grc' dir='ltr'>ἐν</span> <span class='ocrx_word' id='word_1_754' title='bbox 2356 4728 2529 4781; x_wconf 80' lang='grc' dir='ltr'>εἰκόσι</span> <span class='ocrx_word' id='word_1_755' title='bbox 2561 4727 2786 4796; x_wconf 82' lang='grc' dir='ltr'>τιμᾶται</span> <span class='ocrx_word' id='word_1_756' title='bbox 2819 4726 2853 4795; x_wconf 82' lang='grc' dir='ltr'><strong>ἠ</strong></span> <span class='ocrx_word' id='word_1_757' title='bbox 2889 4720 3113 4794; x_wconf 79' lang='grc' dir='ltr'>ἀλήθεια</span> <span class='ocrx_word' id='word_1_758' title='bbox 3143 4721 3239 4774; x_wconf 72' lang='grc' dir='ltr'>καὶ</span> <span class='ocrx_word' id='word_1_759' title='bbox 3269 4716 3712 4785; x_wconf 73' lang='grc' dir='ltr'>προσκυνεῖται.»</span> 
     </span>
    </p>
   </div>
   <div class='ocr_carea' id='block_1_109' title="bbox 2218 4803 3724 4884">
    <p class='ocr_par' dir='ltr' id='par_1_109' title="bbox 2218 4803 3724 4884">
     <span class='ocr_line' id='line_1_109' title="bbox 2218 4803 3724 4884; baseline -0.012 -10"><span class='ocrx_word' id='word_1_760' title='bbox 2218 4822 2330 4874; x_wconf 78' lang='grc' dir='ltr'><strong>Καὶ</strong></span> <span class='ocrx_word' id='word_1_761' title='bbox 2355 4820 2557 4874; x_wconf 79' lang='grc' dir='ltr'>τούτων</span> <span class='ocrx_word' id='word_1_762' title='bbox 2583 4815 3040 4884; x_wconf 83' lang='grc' dir='ltr'>ἀναγνωσθέντων</span> <span class='ocrx_word' id='word_1_763' title='bbox 3055 4811 3308 4883; x_wconf 78' lang='grc' dir='ltr'>ἠρώτησε</span> <span class='ocrx_word' id='word_1_764' title='bbox 3329 4806 3521 4867; x_wconf 80' lang='grc' dir='ltr'>κοινῶς</span> <span class='ocrx_word' id='word_1_765' title='bbox 3546 4803 3724 4858; x_wconf 69' lang='grc' dir='ltr'>ἀπαν-</span> 
     </span>
    </p>
   </div>
   <div class='ocr_carea' id='block_1_110' title="bbox 2146 4895 3721 4981">
    <p class='ocr_par' dir='ltr' id='par_1_110' title="bbox 2146 4895 3721 4981">
     <span class='ocr_line' id='line_1_110' title="bbox 2146 4895 3721 4981; baseline -0.011 -16"><span class='ocrx_word' id='word_1_766' title='bbox 2146 4930 2243 4976; x_wconf 91' lang='grc' dir='ltr'><strong>τας</strong></span> <span class='ocrx_word' id='word_1_767' title='bbox 2275 4914 2304 4966; x_wconf 87' lang='grc' dir='ltr'><strong>ό</strong></span> <span class='ocrx_word' id='word_1_768' title='bbox 2351 4910 2602 4981; x_wconf 80' lang='grc' dir='ltr'>βασιλεὺς</span> <span class='ocrx_word' id='word_1_769' title='bbox 2645 4910 2673 4962; x_wconf 86' lang='grc' dir='ltr'><strong>ό</strong></span> <span class='ocrx_word' id='word_1_770' title='bbox 2721 4908 2895 4973; x_wconf 80' lang='grc' dir='ltr'>ἆγιος,</span> <span class='ocrx_word' id='word_1_771' title='bbox 2928 4910 2977 4960; x_wconf 87' lang='grc' dir='ltr'><strong>εἰ</strong></span> <span class='ocrx_word' id='word_1_772' title='bbox 3029 4903 3171 4958; x_wconf 75' lang='grc' dir='ltr'>οὕτω</span> <span class='ocrx_word' id='word_1_773' title='bbox 3205 4904 3407 4958; x_wconf 85' lang='grc' dir='ltr'>πάντες</span> <span class='ocrx_word' id='word_1_774' title='bbox 3440 4895 3721 4969; x_wconf 85' lang='grc' dir='ltr'>φρονοῦσι,</span> 
     </span>
    </p>
   </div>
   <div class='ocr_carea' id='block_1_111' title="bbox 2150 4989 3726 5070">
    <p class='ocr_par' dir='ltr' id='par_1_111' title="bbox 2150 4989 3726 5070">
     <span class='ocr_line' id='line_1_111' title="bbox 2150 4989 3726 5070; baseline -0.013 -13"><span class='ocrx_word' id='word_1_775' title='bbox 2150 5004 2243 5057; x_wconf 68' lang='grc' dir='ltr'><strong>καὶ</strong></span> <span class='ocrx_word' id='word_1_776' title='bbox 2270 5004 2444 5065; x_wconf 69' lang='grc' dir='ltr'>οὐδεὶς</span> <span class='ocrx_word' id='word_1_777' title='bbox 2483 5001 2623 5055; x_wconf 82' lang='grc' dir='ltr'>κατά</span> <span class='ocrx_word' id='word_1_778' title='bbox 2653 5019 2707 5054; x_wconf 91' lang='grc' dir='ltr'><strong>τι</strong></span> <span class='ocrx_word' id='word_1_779' title='bbox 2738 4997 3146 5070; x_wconf 69' lang='grc' dir='ltr'>διαμφισᾶλλει.</span> <span class='ocrx_word' id='word_1_780' title='bbox 3184 4995 3296 5048; x_wconf 80' lang='grc' dir='ltr'>Καὶ</span> <span class='ocrx_word' id='word_1_781' title='bbox 3344 4989 3726 5059; x_wconf 85' lang='grc' dir='ltr'>ἀπεκρίθησαν</span> 
     </span>
    </p>
   </div>
   <div class='ocr_carea' id='block_1_112' title="bbox 2149 5079 3728 5166">
    <p class='ocr_par' dir='ltr' id='par_1_112' title="bbox 2149 5079 3728 5166">
     <span class='ocr_line' id='line_1_112' title="bbox 2149 5079 3728 5166; baseline -0.012 -16"><span class='ocrx_word' id='word_1_782' title='bbox 2149 5096 2389 5158; x_wconf 71' lang='grc' dir='ltr'>ἅπαντες</span> <span class='ocrx_word' id='word_1_783' title='bbox 2427 5096 2525 5166; x_wconf 81' lang='grc' dir='ltr'><strong>μιᾷ</strong></span> <span class='ocrx_word' id='word_1_784' title='bbox 2569 5095 2745 5163; x_wconf 81' lang='grc' dir='ltr'>φωνῇ,</span> <span class='ocrx_word' id='word_1_785' title='bbox 2784 5092 2927 5146; x_wconf 77' lang='grc' dir='ltr'>οὕτω</span> <span class='ocrx_word' id='word_1_786' title='bbox 2961 5090 3180 5161; x_wconf 80' lang='grc' dir='ltr'>φρονεῖν</span> <span class='ocrx_word' id='word_1_787' title='bbox 3210 5087 3302 5141; x_wconf 73' lang='grc' dir='ltr'>καὶ</span> <span class='ocrx_word' id='word_1_788' title='bbox 3335 5084 3477 5139; x_wconf 70' lang='grc' dir='ltr'>οὕτω</span> <span class='ocrx_word' id='word_1_789' title='bbox 3511 5079 3728 5152; x_wconf 85' lang='grc' dir='ltr'>κηρύσ-</span> 
     </span>
    </p>
   </div>
   <div class='ocr_carea' id='block_1_113' title="bbox 2152 5172 3723 5254">
    <p class='ocr_par' dir='ltr' id='par_1_113' title="bbox 2152 5172 3723 5254">
     <span class='ocr_line' id='line_1_113' title="bbox 2152 5172 3723 5254; baseline -0.011 -15"><span class='ocrx_word' id='word_1_790' title='bbox 2152 5204 2286 5239; x_wconf 84' lang='grc' dir='ltr'>σειν.</span> <span class='ocrx_word' id='word_1_791' title='bbox 2318 5186 2426 5239; x_wconf 81' lang='lat' dir='ltr'><strong>Kal.</strong></span> <span class='ocrx_word' id='word_1_792' title='bbox 2455 5187 2482 5238; x_wconf 88' lang='grc' dir='ltr'><strong>ό</strong></span> <span class='ocrx_word' id='word_1_793' title='bbox 2511 5182 2765 5254; x_wconf 81' lang='grc' dir='ltr'>βασιλεὺς</span> <span class='ocrx_word' id='word_1_794' title='bbox 2797 5181 2988 5248; x_wconf 87' lang='grc' dir='ltr'>εἰπὼν,</span> <span class='ocrx_word' id='word_1_795' title='bbox 3026 5198 3044 5233; x_wconf 81' lang='grc' dir='ltr'><strong>ι</strong></span> <span class='ocrx_word' id='word_1_796' title='bbox 3082 5179 3218 5243; x_wconf 79' lang='grc' dir='ltr'>Δόξα</span> <span class='ocrx_word' id='word_1_797' title='bbox 3248 5176 3326 5248; x_wconf 81' lang='grc' dir='ltr'><strong>τῷ</strong></span> <span class='ocrx_word' id='word_1_798' title='bbox 3353 5175 3494 5246; x_wconf 83' lang='grc' dir='ltr'>ἀγίῳ</span> <span class='ocrx_word' id='word_1_799' title='bbox 3526 5172 3667 5243; x_wconf 82' lang='grc' dir='ltr'>Θεῷ,</span> <span class='ocrx_word' id='word_1_800' title='bbox 3702 5189 3723 5222; x_wconf 73' lang='grc' dir='ltr'><strong>ι</strong></span> 
     </span>
    </p>
   </div>
   <div class='ocr_carea' id='block_1_114' title="bbox 2151 5267 3728 5350">
    <p class='ocr_par' dir='ltr' id='par_1_114' title="bbox 2151 5267 3728 5350">
     <span class='ocr_line' id='line_1_114' title="bbox 2151 5267 3728 5350; baseline -0.011 -18"><span class='ocrx_word' id='word_1_801' title='bbox 2151 5274 2307 5341; x_wconf 80' lang='grc' dir='ltr'>αὖθις</span> <span class='ocrx_word' id='word_1_802' title='bbox 2351 5276 2602 5350; x_wconf 76' lang='grc' dir='ltr'>ἠρώτησε</span> <span class='ocrx_word' id='word_1_803' title='bbox 2630 5292 2642 5307; x_wconf 79' lang='grc'><strong><em>⁸</em></strong></span> <span class='ocrx_word' id='word_1_804' title='bbox 2698 5296 2718 5329; x_wconf 82' lang='grc' dir='ltr'><strong>ι</strong></span> <span class='ocrx_word' id='word_1_805' title='bbox 2754 5273 3027 5345; x_wconf 73' lang='grc' dir='ltr'>Σχετικῶς</span> <span class='ocrx_word' id='word_1_806' title='bbox 3078 5272 3111 5341; x_wconf 83' lang='grc' dir='ltr'>ἢ</span> <span class='ocrx_word' id='word_1_807' title='bbox 3167 5267 3537 5342; x_wconf 84' lang='grc' dir='ltr'>λατρευτικῶς</span> <span class='ocrx_word' id='word_1_808' title='bbox 3589 5279 3728 5332; x_wconf 82' lang='grc' dir='ltr'>φατε</span> 
     </span>
    </p>
   </div>
   <div class='ocr_carea' id='block_1_115' title="bbox 2152 5357 3729 5441">
    <p class='ocr_par' dir='ltr' id='par_1_115' title="bbox 2152 5357 3729 5441">
     <span class='ocr_line' id='line_1_115' title="bbox 2152 5357 3729 5441; baseline -0.01 -18"><span class='ocrx_word' id='word_1_809' title='bbox 2152 5373 2478 5441; x_wconf 86' lang='grc' dir='ltr'>προσκυνεῖν</span> <span class='ocrx_word' id='word_1_810' title='bbox 2506 5368 2605 5438; x_wconf 86' lang='grc' dir='ltr'><strong>τὴν</strong></span> <span class='ocrx_word' id='word_1_811' title='bbox 2629 5367 2816 5420; x_wconf 87' lang='grc' dir='ltr'>εἰκόνα</span> <span class='ocrx_word' id='word_1_812' title='bbox 2834 5366 2927 5419; x_wconf 87' lang='grc' dir='ltr'><strong>τοῦ</strong></span> <span class='ocrx_word' id='word_1_813' title='bbox 2960 5364 3167 5434; x_wconf 71' lang='grc' dir='ltr'>Κυρίου</span> <span class='ocrx_word' id='word_1_814' title='bbox 3195 5362 3290 5415; x_wconf 73' lang='grc' dir='ltr'>καὶ</span> <span class='ocrx_word' id='word_1_815' title='bbox 3316 5359 3453 5413; x_wconf 83' lang='grc' dir='ltr'>Θεοῦ</span> <span class='ocrx_word' id='word_1_816' title='bbox 3479 5358 3575 5411; x_wconf 69' lang='grc' dir='ltr'>καὶ</span> <span class='ocrx_word' id='word_1_817' title='bbox 3605 5357 3729 5408; x_wconf 79' lang='grc' dir='ltr'><strong>Σω-</strong></span> 
     </span>
    </p>
   </div>
   <div class='ocr_carea' id='block_1_116' title="bbox 2150 5447 3727 5531">
    <p class='ocr_par' dir='ltr' id='par_1_116' title="bbox 2150 5447 3727 5531">
     <span class='ocr_line' id='line_1_116' title="bbox 2150 5447 3727 5531; baseline -0.011 -16"><span class='ocrx_word' id='word_1_818' title='bbox 2150 5462 2318 5531; x_wconf 82' lang='grc' dir='ltr'>τῆρος</span> <span class='ocrx_word' id='word_1_819' title='bbox 2341 5460 2500 5530; x_wconf 78' lang='grc' dir='ltr'>ἡμῶν</span> <span class='ocrx_word' id='word_1_820' title='bbox 2541 5457 2715 5528; x_wconf 81' lang='grc' dir='ltr'>Ἰησοῦ</span> <span class='ocrx_word' id='word_1_821' title='bbox 2752 5456 3025 5527; x_wconf 82' lang='grc' dir='ltr'>Χριστοῦ;</span> <span class='ocrx_word' id='word_1_822' title='bbox 3066 5473 3085 5506; x_wconf 73' lang='grc' dir='ltr'><strong>ι</strong></span> <span class='ocrx_word' id='word_1_823' title='bbox 3136 5454 3246 5507; x_wconf 76' lang='grc' dir='ltr'><strong>Καὶ</strong></span> <span class='ocrx_word' id='word_1_824' title='bbox 3280 5447 3433 5505; x_wconf 77' lang='grc' dir='ltr'>εἷπον</span> <span class='ocrx_word' id='word_1_825' title='bbox 3463 5448 3727 5507; x_wconf 75' lang='grc' dir='ltr'>ἅπαντες·</span> 
     </span>
    </p>
   </div>
   <div class='ocr_carea' id='block_1_117' title="bbox 2159 5539 3733 5622">
    <p class='ocr_par' dir='ltr' id='par_1_117' title="bbox 2159 5539 3733 5622">
     <span class='ocr_line' id='line_1_117' title="bbox 2159 5539 3733 5622; baseline -0.008 -20"><span class='ocrx_word' id='word_1_826' title='bbox 2159 5569 2177 5602; x_wconf 82' lang='grc' dir='ltr'><strong>ι</strong></span> <span class='ocrx_word' id='word_1_827' title='bbox 2207 5551 2482 5622; x_wconf 85' lang='grc' dir='ltr'>Σχετικῶς</span> <span class='ocrx_word' id='word_1_828' title='bbox 2512 5550 2920 5621; x_wconf 87' lang='grc' dir='ltr'>προσκυνοῦμεν</span> <span class='ocrx_word' id='word_1_829' title='bbox 2951 5546 3139 5618; x_wconf 75' lang='grc' dir='ltr'>αὐτὴν,</span> <span class='ocrx_word' id='word_1_830' title='bbox 3170 5546 3245 5609; x_wconf 85' lang='grc' dir='ltr'>ὡς</span> <span class='ocrx_word' id='word_1_831' title='bbox 3274 5543 3457 5597; x_wconf 78' lang='grc' dir='ltr'>εἰκόνα</span> <span class='ocrx_word' id='word_1_832' title='bbox 3494 5539 3586 5594; x_wconf 87' lang='grc' dir='ltr'><strong>τοῦ</strong></span> <span class='ocrx_word' id='word_1_833' title='bbox 3619 5539 3733 5591; x_wconf 77' lang='grc' dir='ltr'><strong>Κυ-</strong></span> 
     </span>
    </p>
   </div>
   <div class='ocr_carea' id='block_1_118' title="bbox 2157 5630 3734 5716">
    <p class='ocr_par' dir='ltr' id='par_1_118' title="bbox 2157 5630 3734 5716">
     <span class='ocr_line' id='line_1_118' title="bbox 2157 5630 3734 5716; baseline -0.011 -20"><span class='ocrx_word' id='word_1_834' title='bbox 2157 5644 2272 5716; x_wconf 90' lang='grc' dir='ltr'>ρίου</span> <span class='ocrx_word' id='word_1_835' title='bbox 2297 5644 2391 5695; x_wconf 76' lang='grc' dir='ltr'>καὶ</span> <span class='ocrx_word' id='word_1_836' title='bbox 2422 5642 2555 5696; x_wconf 83' lang='grc' dir='ltr'>Θεοῦ</span> <span class='ocrx_word' id='word_1_837' title='bbox 2591 5644 2682 5696; x_wconf 75' lang='grc' dir='ltr'>καὶ</span> <span class='ocrx_word' id='word_1_838' title='bbox 2720 5644 2969 5713; x_wconf 74' lang='grc' dir='ltr'>Σωτῆρος</span> <span class='ocrx_word' id='word_1_839' title='bbox 2999 5638 3157 5710; x_wconf 77' lang='grc' dir='ltr'>ἡμῶν</span> <span class='ocrx_word' id='word_1_840' title='bbox 3184 5636 3362 5707; x_wconf 85' lang='grc' dir='ltr'>Ἰησοῦ</span> <span class='ocrx_word' id='word_1_841' title='bbox 3397 5630 3653 5704; x_wconf 81' lang='grc' dir='ltr'>Χριστοῦ·</span> <span class='ocrx_word' id='word_1_842' title='bbox 3682 5632 3734 5681; x_wconf 83' lang='grc' dir='ltr'>οἱ</span> 
     </span>
    </p>
   </div>
   <div class='ocr_carea' id='block_1_119' title="bbox 2153 5724 3731 5810">
    <p class='ocr_par' dir='ltr' id='par_1_119' title="bbox 2153 5724 3731 5810">
     <span class='ocr_line' id='line_1_119' title="bbox 2153 5724 3731 5810; baseline -0.012 -17"><span class='ocrx_word' id='word_1_843' title='bbox 2153 5739 2207 5793; x_wconf 81' lang='grc' dir='ltr'>δὲ</span> <span class='ocrx_word' id='word_1_844' title='bbox 2241 5735 2315 5810; x_wconf 74' lang='grc' dir='ltr'>μὴ</span> <span class='ocrx_word' id='word_1_845' title='bbox 2358 5735 2499 5793; x_wconf 70' lang='grc' dir='ltr'>οὕτω</span> <span class='ocrx_word' id='word_1_846' title='bbox 2549 5735 3012 5807; x_wconf 85' lang='grc' dir='ltr'>προσκυνοῦντες,</span> <span class='ocrx_word' id='word_1_847' title='bbox 3049 5730 3316 5803; x_wconf 61' lang='grc' dir='ltr'>ἀνάθεματ</span> <span class='ocrx_word' id='word_1_848' title='bbox 3358 5747 3375 5782; x_wconf 79' lang='grc' dir='ltr'><strong>ι</strong></span> <span class='ocrx_word' id='word_1_849' title='bbox 3417 5727 3525 5781; x_wconf 72' lang='grc' dir='ltr'><strong>Καὶ</strong></span> <span class='ocrx_word' id='word_1_850' title='bbox 3560 5725 3585 5774; x_wconf 82' lang='grc' dir='ltr'>ὁ</span> <span class='ocrx_word' id='word_1_851' title='bbox 3631 5724 3731 5793; x_wconf 62' lang='grc' dir='ltr'><strong>βας</strong></span> 
     </span>
    </p>
   </div>
  </div>
