4104 6200
395 274 498 340 931

1498 275 1867 339 ΝΟνΕιιηΕ
1906 274 2581 358 ΕΟΝΒΤΙΤΗΤΙΟΝΕΞ.

3558 274 3664 336 9³2

397 390 582 453 σιλείις
612 389 677 442 ἐκ
701 387 879 459 ψυχῆς
905 386 1251 461 ἐξεφώνησεν
1274 406 1288 423 ·
1327 409 1345 442 ι
1372 392 1433 444 Οἱ
1461 392 1536 462 μὴ
1566 391 1713 447 οὕτω
1736 390 1986 462 φρονοῦν-

2095 403 2163 442 ex
2194 386 2362 441 animi
2387 384 2585 440 atl'cctu
2616 384 2694 438 sic
2723 382 3058 438 vociferatus
3079 389 3165 438 est
3208 400 3220 435 :
3254 400 3271 433 ι
3318 382 3390 437 lis
3435 382 3528 451 qui
3555 398 3663 437 non

394 500 508 547 τες,
538 478 810 549 ἀνάθεμα.
840 477 1066 537 ιιΠὰλιν
1096 479 1385 552 ἠρώτησεν
1407 484 1435 536 ό
1465 482 1738 552 βασιλεὺς,
1772 501 1791 534 ι
1823 483 1980 535 Εἰκό-

395 588 493 634 νας
528 570 688 633 ποίας
717 567 903 636 λέγετε
930 585 947 635 ;
980 569 1080 631 τὰς
1112 571 1390 633 εἰκονικάς
1424 571 1558 634 ὔλας
1589 573 1621 643 ἢ
1663 572 1731 625 τὰ
1759 573 1817 625 ἐν
1848 571 1978 625 ταύ-

394 680 521 725 ταις
566 659 868 731 φαινόμενα
911 660 1264 731 όμοιώματας
1307 680 1327 714 ι
1381 663 1492 717 Καὶ
1522 659 1676 717 εἶπον
1719 664 1981 731 ἅπαντες,

401 771 420 802 ι
450 752 529 804 Td:
586 748 913 817 ὁμοιώματα
969 751 1027 803 ὲν
1076 753 1199 813 ταῖς
1248 751 1404 815 ὕλαις
1448 752 1770 823 φαινόμενα.
1803 773 1821 805 ι
1873 754 1982 808 Καὶ

394 842 550 904 αὖθις
576 839 830 911 ἠρώτησε
852 855 867 870 ·
911 860 929 892 t
962 842 1198 896 Δύναται
1240 843 1302 896 τὸ
1331 844 1586 915 ὁμοίωμα
1621 844 1716 898 τοῦ
1744 846 1983 916 Χριστοῦ

392 932 453 986 τὸ
474 934 534 985 ὲν
559 934 627 1001 τῇ
660 932 764 1003 ῦλῃ
784 931 1063 1002 ὁρώμενον
1086 934 1460 1006 λατρευτικῶς
1483 937 1906 1006 προσκυνεῖσθαι
1926 955 1941 1005 ;
1960 956 1978 989 ι

393 1022 491 1083 καὶ
517 1018 673 1077 εἷπον
702 1039 718 1054 ο
756 1042 775 1075 ι
804 1023 960 1094 Οὐχί.
994 1043 1015 1076 ι
1051 1026 1159 1079 Καὶ
1188 1022 1342 1080 εἶπεν
1365 1030 1393 1080 6
1423 1027 1709 1098 βασιλεύς·
1747 1048 1765 1081 ι
1797 1030 1984 1095 Οὕτως

395 1115 513 1185 ἔχει
551 1117 584 1185 ή
627 1114 878 1186 ἀλήθεια,
917 1115 993 1179 ὡς
1023 1117 1237 1171 εῖπατε.
1283 1137 1303 1171 ι
1336 1115 1473 1173 Eine
1510 1119 1570 1173 δὲ
1622 1121 1651 1173 6
1686 1120 1983 1175 Κλαυδίου-

396 1205 633 1269 πόλεως,
681 1206 764 1259 ὅτι
810 1206 1000 1270 (Τινὲς
1032 1208 1093 1261 οὐ
1132 1209 1382 1279 μετέχειν
1426 1210 1648 1280 λέγουσι
1689 1212 1841 1277 θείας
1887 1214 1986 1283 χά-

400 1312 550 1367 ριτος
598 1295 697 1360 τὰς
735 1296 900 1365 ἁγίας
938 1297 1172 1361 εἰκόνας.
1216 1317 1235 1352 ι
1294 1301 1406 1355 Καὶ
1452 1298 1607 1357 εἶπεν
1650 1305 1679 1356 6
1727 1303 1985 1375 βασιλεὺς

402 1385 543 1457 μετὰ
576 1386 793 1440 πάντων
818 1404 832 1418 ο
870 1405 890 1439 ι
943 1386 1220 1460 ’Ᾱνάθεμα
1265 1389 1343 1462 τῷ
1367 1390 1510 1446 οὕτω
1552 1394 1794 1462 λέγοντι·
1834 1395 1984 1458 θείας

401 1481 504 1551 μὲν
536 1479 644 1549 γὰρ
686 1479 908 1550 χάριτος
941 1481 1263 1553 μετέχουσιν
1308 1482 1365 1535 αῖ
1404 1483 1555 1550 ἅγιαι
1597 1487 1826 1551 εἰκόνες,
1849 1490 1984 1559 δμο-

401 1574 558 1640 φυείς
609 1572 665 1625 δὲ
714 1574 826 1635 τοῖς
878 1573 1260 1644 πρωτοτύποις
1311 1576 1413 1629 οὐκ
1459 1577 1585 1633 εἰσί.
1626 1598 1645 1632 ι
1691 1580 1800 1633 Καὶ
1845 1580 1985 1651 πρὸς

399 1663 559 1717 τοῦτο
600 1665 629 1717 6
660 1664 1143 1730 Κλαυδιουπόλεως
1187 1668 1491 1738 ἐπήγαγεν,
1520 1670 1661 1725 οὕτω
1688 1672 1783 1725 καὶ⁸
1821 1673 1982 1727 αὑτὸν

400 1762 641 1830 φρονεῖν.
680 1756 849 1814 Εἵπεν
879 1762 909 1815 6
942 1760 1198 1832 βασιλεύς
1223 1779 1236 1790 ·
1271 1783 1289 1815 ι
1310 1764 1371 1818 ’0
1397 1765 1814 1837 ἐναντιούμενος
1841 1769 1981 1823 κατὰ
2014 1756 2021 1785 ⁵

319 1860 324 1871 '
397 1870 453 1907 τι
483 1855 601 1918 ταῖς
654 1853 839 1921 ἁγίαις
878 1853 976 1908 καὶ
1012 1856 1419 1926 οίκουμενικαῖς
1462 1858 1603 1913 ἑπτὰ
1652 1860 1914 1925 συνόδοις,
1949 1860 1981 1931 ἢ

399 1945 722 2015 προσθήκην
752 1945 785 2015 ἣ
815 1945 1105 2017 ὑφαίρεσιν
1137 1948 1307 2002 ποιῶν
1333 1950 1626 2020 δόγματος,
1650 1951 1684 2021 ή
1713 1968 1767 2006 τι
1790 1951 1899 2006 τῶν
1926 1955 1983 2006 ἐν

401 2037 592 2099 αὐταῖς
621 2036 952 2107 όρισθέντων
990 2039 1427 2109 παρερμηνεύων
1456 2040 1489 2109 ἤ
1523 2033 1983 2112 ἀποϐαλλόμενος,

401 2127 672 2197 ἀνάθεμα.
708 2146 726 2178 ι
765 2127 879 2181 Καὶ
908 2123 1063 2182 εἷπον
1084 2130 1348 2196 ἅπαντες,
1383 2149 1403 2183 ι
1442 2132 1736 2203 Ἀνάθεμα.
1773 2154 1791 2188 ι
1820 2130 1983 2197 Αὖθις

402 2216 656 2285 ἠρώτησε
685 2233 700 2248 ο
740 2217 847 2270 «Τὸ
892 2219 949 2271 ἐν
988 2221 1054 2290 τῇ
1091 2218 1192 2291 ὕλῃ
1226 2221 1579 2291 γραφόμενον
1604 2223 1857 2295 ὁμοίωμα
1890 2224 1983 2278 τοῦ

404 2308 663 2378 Χριστοῦ,
714 2309 875 2362 τοῦτό
926 2311 1078 2363 ἐστιν
1119 2313 1151 2382 ή
1192 2312 1313 2368 θεία
1363 2315 1565 2384 φύσις;
1602 2335 1621 2369 ι
1675 2316 1788 2370 Καὶ
1831 2312 1984 2371 εἷπον

401 2399 640 2466 ἅπαντες
664 2420 678 2435 ·
704 2422 725 2456 ι
756 2403 890 2474 Οὐχί
913 2421 926 2435 ·
950 2407 984 2476 ή
1019 2406 1126 2477 γὰρ
1163 2406 1284 2461 θεία
1312 2408 1474 2476 φύσις
1496 2408 1931 2479 ἁπερίγραπτος.
1958 2428 1977 2461 ι

402 2488 571 2547 Εἶπεν
596 2495 627 2548 6
663 2494 918 2565 βασιλεύς
943 2512 955 2525 ’
993 2514 1013 2547 ι
1043 2496 1229 2561 Οῦτως
1260 2498 1373 2568 ἔχει
1482 2498 1732 2569 ἀλήθεια,
1765 2522 1785 2552 ι
1819 2517 1985 2572 προσ-

404 2586 516 2650 Θεὶς
556 2586 853 2652 καὶτοῦτο,
904 2588 1007 2643 ὅτι.
1052 2608 1068 2641 ι
1111 2590 1252 2658 Ἐγὼ
1289 2593 1428 2654 τέως
1472 2591 1617 2659 λέγω
1649 2592 1743 2645 καὶ
1779 2592 1982 2663 φρονῶ,

408 2680 484 2749 μὴ
511 2680 885 2733 ἐναντιοῦσθαι
930 2681 1181 2752 ἀλλήλοις
1211 2682 1279 2736 τὰ
1321 2682 1575 2738 συνοδικά
1620 2682 1868 2754 δόγματα
1892 2685 1986 2738 καὶ

405 2769 739 2841 κηρύγματα
756 2785 775 2804 ⁶
800 2773 933 2842 ὑμῖν
951 2772 1044 2826 οὖν
1066 2776 1119 2826 τί
1146 2774 1292 2829 δοκεῖ
1316 2791 1331 2841 ;
1366 2793 1384 2827 ι
1411 2775 1522 2829 Καὶ
1553 2771 1709 2830 εἷπον
1729 2777 1985 2843 ἅπαντες,

409 2864 722 2930 συμφωνεῖν
746 2863 888 2917 αὐτὰ
924 2864 1061 2932 πρὸς
1089 2864 1293 2935 ἄλληλα
1318 2865 1413 2918 καὶ
1443 2866 1579 2937 πρὸς
1603 2868 1791 2922 ἑαυτά.
1819 2864 1986 2922 Εἶπεν

405 2953 753 3023 ὁβασιλεύς⁸
825 2973 843 3005 ι
872 2956 952 3008 Τὰ
1007 2956 1096 3008 ἐπ’
1145 2956 1397 3027 ἄμϐωνος
1460 2958 1840 3031 κηρυττόμενα
1893 2960 1987 3014 καὶ

2096 480 2173 535 ita
2219 479 2490 541 sentiunt,
2534 477 2847 532 anathema.
2882 494 2899 527 ι
2935 476 3142 530 lterum
3176 476 3541 542 interrogavit
3570 478 3670 527 im-

2090 579 2348 641 perator:
2388 590 2405 621 ι
2437 570 2704 639 imagines
2725 584 2867 639 quas
2893 582 3013 623 esse
3031 568 3250 623 dicitis?
3285 582 3353 621 an
3381 567 3665 621 materiam

2091 664 2414 734 imaginum,
2445 678 2512 717 an
2549 662 2942 717 similitudines
2972 663 3027 715 in
3063 676 3126 716 ea
3152 660 3613 731 repraesentatas?
3642 678 3659 709 ι

2089 756 2468 826 Dixeruntque
2517 769 2712 810 omnes
2751 772 2766 809 τ
2824 773 2842 805 ι
2876 752 3287 809 Similitudines
3333 752 3388 806 in
3435 752 3664 805 materia

2091 856 2535 918 repraesentatas.
2577 865 2596 897 ι
2643 847 2834 900 Denuo
2892 844 3304 915 interrogavit:
3341 862 3358 895 ι
3403 844 3664 898 Potestne

2094 939 2402 995 similitudo
2455 937 2661 993 Christi
2723 953 2844 1006 qum
2894 937 2949 991 in
3004 936 3236 991 materia
3298 936 3663 1006 conspicitur.

2093 1031 2270 1085 latrize
2302 1031 2452 1084 cultu
2488 1029 2749 1084 adorari?
2780 1048 2799 1081 ι
2852 1028 3279 1098 Responderunt
3323 1044 3339 1082 :
3402 1046 3422 1078 ‹
3455 1027 3669 1096 Nequa-

2095 1134 2284 1190 quam.
2316 1139 2335 1172 ι
2381 1120 2529 1175 Dixit
2562 1120 2865 1190 imperator
2901 1136 2913 1171 :
2975 1138 2993 1170 ι
3020 1118 3110 1173 Sic
3160 1135 3219 1175 se
3266 1134 3356 1173 res
3390 1118 3576 1182 habet,
3610 1128 3670 1173 ut

2092 1213 2333 1269 dixistis.
2386 1231 2404 1262 ι
2464 1213 2553 1267 Ait
2616 1222 2801 1268 autem
2875 1211 3253 1281 Claudiopolis
3313 1213 3663 1282 episcopus:

2103 1324 2122 1357 ι
2157 1303 2391 1371 Quidam
2429 1303 2625 1359 dicunt
2653 1310 2876 1359 sanctas
2898 1303 3165 1373 imagines
3196 1318 3305 1357 non
3339 1302 3669 1372 participare

2092 1398 2279 1469 gratiae
2313 1396 2534 1451 divinas.
2576 1415 2594 1447 ι
2634 1397 2779 1450 Dixit
2828 1396 3128 1466 imperator
3168 1408 3295 1451 cum
3344 1395 3604 1451 omnibus
3649 1413 3664 1449 :

2103 1506 2122 1539 ι
2163 1487 2472 1542 Anathema
2502 1486 2553 1541 ei
2582 1486 2676 1556 qui
2705 1486 2778 1541 ita
2825 1486 3065 1550 dixerit;
3115 1501 3242 1539 nam
3288 1494 3492 1541 sanctae
3528 1486 3667 1539 ima-

2095 1579 2254 1648 gines
2281 1572 2472 1649 gratia:
2502 1578 2704 1633 divinae
2740 1577 3092 1648 participant,
3142 1578 3236 1633 sed
3284 1577 3534 1633 eamdem
3566 1576 3668 1631 na-

2096 1680 2271 1725 turam
2330 1687 2439 1726 non
2489 1670 2693 1725 habent
2743 1685 2907 1740 quam
2964 1671 3262 1741 prototypi.
3331 1688 3349 1721 ι
3384 1669 3494 1723 ·Αι1
3551 1669 3671 1722 hzce

2089 1761 2608 1832 Claudiopolitanus
2638 1764 2936 1833 episcopus
2959 1763 3208 1818 subdidit
3238 1779 3297 1818 se
3329 1778 3557 1833 quoque
3593 1764 3667 1816 ita

2087 1855 2319 1909 sentire.
2354 1854 2496 1909 Tum
2520 1854 2821 1926 imperator
2861 1872 2875 1907 :
2916 1874 2934 1906 ι
2974 1855 3238 1926 Quisquis
3274 1856 3479 1911 sanctis
3511 1868 3667 1909 decu;

2088 1947 2428 2017 manicisque
2457 1956 2667 2017 septem
2697 1948 2922 2018 synodis
2951 1948 3005 2001 in
3052 1964 3111 2003 re
3140 1948 3396 2017 quapiam
3443 1956 3668 2001 contra-

2087 2037 2310 2101 dixerit,
2368 2037 2520 2092 eisve
2566 2036 2871 2107 quidquam
2921 2037 3192 2106 dogmatis
3238 2035 3519 2091 addiderit
3572 2040 3668 2089 aut

2088 2127 2412 2196 dempserit,
2455 2138 2551 2183 aut
2598 2128 2822 2198 aliquod
2878 2122 2947 2183 ex
2980 2144 3169 2183 earum
3223 2128 3465 2183 decretis
3497 2141 3666 2196 prave

2091 2218 2492 2289 interpretatus
2562 2218 2727 2273 fuerit
2796 2220 2881 2274 vel
2923 2218 3210 2289 abjecerit,
3270 2216 3585 2271 anathema.
3638 2235 3658 2266 ι

2087 2310 2463 2379 Dixeruntque
2492 2324 2704 2373 omnes,
2737 2310 3121 2365 «Anathemaa
3152 2309 3393 2363 Rursum
3426 2306 3665 2362 interro-

2088 2402 2276 2472 gavit:
2318 2420 2337 2454 ‹
2373 2400 2504 2468 Quae
2532 2400 2587 2455 in
2617 2401 2846 2456 materia
2877 2399 3197 2471 depingitur
3224 2399 3403 2470 imago
3434 2398 3660 2460 Christi.

2089 2503 2356 2550 naturane
2379 2495 2499 2566 ejus
2530 2493 2694 2548 est?»
2748 2492 3175 2564 Responderunt
3214 2507 3451 2548 omnes:
3485 2510 3505 2542 ‹
3554 2492 3665 2547 Ne-

2088 2601 2400 2656 quaquam;
2445 2586 2900 2657 naturarquippe
2939 2585 3126 2641 divina
3184 2585 3662 2655 incircumscripta

2088 2687 2193 2733 est.
2235 2698 2254 2731 ι
2289 2679 2436 2734 Dixit
2468 2679 2801 2750 imperator:
2853 2699 2872 2730 ‹
2913 2679 2992 2734 lta
3022 2693 3150 2735 vere
3168 2694 3229 2734 se
3259 2694 3349 2734 res
3395 2679 3595 2742 habet;
3640 2697 3660 2731 ι

2089 2769 2333 2839 illudque
2358 2769 2574 2825 addidit
2600 2785 2615 2824 :
2652 2788 2671 2819 ι
2701 2769 2815 2839 Ego
2855 2783 2986 2829 sane
3015 2767 3142 2822 dico
3171 2768 3465 2837 sentioque
3494 2782 3662 2837 syno-

2089 2861 2213 2917 dica
2242 2861 2495 2931 dogmata
2528 2870 2584 2916 et
2634 2860 2857 2916 decreta
2905 2876 3016 2916 non
3049 2859 3159 2915 sibi
3202 2859 3439 2915 invicem
3472 2859 3664 2915 adver-

2091 2951 2221 3008 sari.
2244 2951 2386 3017 Quid
2406 2950 2625 3006 videtur
2645 2951 2839 3007 vobis?
2872 2969 2891 3003 ι
2927 2951 3195 3007 Dixerunt
3218 2966 3433 3017 omnes,
3463 2966 3526 3006 ea
3550 2959 3662 3005 tum

405 3044 892 3114 ἀναγινωσκόμενα
911 3045 971 3098 τὸ
1000 3045 1057 3098 ἓν
1082 3064 1149 3116 κη
1160 3046 1414 3117 ρύσσουσι
1439 3050 1534 3103 καὶ
1559 3049 1659 3104 οὐκ
1681 3051 1985 3106 ἐναντιοῦν-

2094 3042 2201 3098 sibi
2225 3050 2419 3097 mutuo
2439 3052 2553 3099 tum
2573 3059 2761 3098 secum
2793 3044 2910 3114 ipsa
2936 3045 3271 3101 consentire.
3313 3045 3460 3100 Dixit
3486 3045 3662 3115 impe—

407 3152 496 3188 ται
543 3135 794 3206 ἀλλήλοις
846 3135 904 3189 ἔν
958 3153 1087 3191 τινι.
1122 3156 1139 3188 ι
1179 3138 1452 3203 ’Ἅπαντες
1503 3135 1691 3194 εἷπον
1739 3161 1757 3194 ι
1797 3142 1984 3207 Οῦτως

405 3228 539 3298 ἔχει.
579 3247 597 3279 ι
627 3229 740 3284 Καὶ
771 3229 799 3282 6
830 3227 1083 3298 βασιλεὺς
1116 3229 1523 3300 ηὐχαρίστησεν
1556 3233 1728 3287 εἰπών
1753 3249 1767 3264 ⁸
1804 3253 1822 3284 ι
1848 3233 1985 3298 Δόξα

405 3320 485 3388 τῷ
533 3320 676 3391 ἁγίῳ
719 3321 838 3387 Θεῷ
885 3320 963 3392 τῷ
1013 3323 1435 3392 οἰκονομήσαντι
1479 3324 1701 3391 οὑτωσὶ,
1747 3326 1986 3388 ἅπαντες

324 3430 331 3433 ·
405 3410 835 3480 ὀμοφρονοῦμεν.
878 3430 897 3464 ι
934 3410 1087 3466 Μετὰ
1124 3409 1298 3464 ταῦτα
1337 3411 1653 3481 ἀνεγνώσθη
1692 3413 1985 3488 κεφάλαιον

409 3504 594 3574 ἕτερον
622 3505 687 3557 ἐκ
712 3505 806 3559 τοῦ
856 3504 1134 3559 συνοδικοῦ
1176 3504 1269 3559 τοῦ
1314 3506 1567 3576 δευτέρου
1607 3505 1710 3575 τῆς
1743 3505 1987 3575 ἀναμνή-

409 3611 548 3659 σεως
578 3596 671 3649 καὶ
718 3596 1070 3670 εὐχαριστίας
1109 3597 1204 3651 τοῦ
1244 3597 1755 3668 ἁναγινωσκομένου
1784 3596 1986 3668 ὁμοίως

411 3688 498 3739 ἐπ’
531 3687 806 3759 ἁμϐωνος.

487 3892 505 3924 ι
538 3874 603 3927 Oi
637 3874 914 3945 προφῆται
958 3876 1033 3940 ὡς
1071 3872 1233 3943 εἶδον,
1287 3878 1337 3931 oi
1371 3875 1660 3931 ἀπόστολοι
1703 3875 1777 3939 ὡς
1810 3874 1985 3930 ἐδίδα-

414 3964 529 4028 ξαν.
577 3966 610 4034 ή
660 3965 956 4037 Ἐκκλησία
1006 3967 1082 4032 ὡς
1131 3967 1429 4040 παρέλαϐε,
1478 3971 1527 4022 ol
1570 3967 1882 4022 διδάσκαλοι
1912 3966 1987 4030 ὡς

411 4053 794 4125 ὲδογμὰτισαν,
854 4058 887 4126 ή
942 4057 1236 4129 οἰκουμένη
1286 4059 1363 4121 ὡς
1414 4058 1892 4129 συμπεφρόνηκεν,
1952 4059 1985 4127 ή

413 4145 572 4212 χάρις
604 4143 679 4207 ὡς
729 4144 990 4215 ἔλαμψεν,
1041 4148 1077 4218 ἡ
1113 4147 1340 4218 ἀλήθεια
1373 4148 1449 4210 ὡς
1503 4148 1880 4212 ἀποδέδεκται,
1927 4148 1988 4200 τὸ

411 4233 604 4301 ψεῦδος
621 4235 694 4298 ὡς
716 4236 1076 4307 ἀπελήλαται,
1103 4239 1136 4308 ή
1174 4239 1333 4307 σοφία
1358 4240 1433 4304 ὡς
1461 4240 1930 4312 ἐπαρρησιάσατο,
1959 4240 1988 4291 6

417 4327 651 4395 Χριστὸς
678 4329 753 4392 ὼς
792 4329 1125 4398 ἐϐράϐευσεν
1149 4345 1163 4362 ⁸
1195 4331 1338 4387 οῦτω
1369 4332 1694 4404 φρονοῦμεν,
1722 4332 1867 4386 οῦτω
1896 4332 1988 4385 λα-

2088 3142 2276 3189 rator:
2317 3154 2335 3187 ι
2367 3134 2498 3201 Quae
2529 3151 2595 3190 ex
2624 3137 2859 3192 amboue
2896 3138 3186 3206 praedicata
3229 3139 3480 3207 lectaque
3511 3145 3661 3199 sunt,

2089 3240 2260 3280 unum
2294 3234 2349 3279 et
2375 3224 2521 3279 idem
2547 3226 2868 3295 praedicant,
2902 3241 3005 3281 nec
3034 3227 3088 3281 in
3118 3228 3379 3297 quopiam
3408 3227 3509 3282 sibi
3544 3243 3665 3281 mu-

2089 3325 2185 3371 tuo
2235 3316 2623 3370 adversantur.
2671 3335 2689 3367 ι
2733 3316 3168 3385 Responderunt
3223 3332 3417 3372 omnes
3458 3334 3474 3372 :
3510 3335 3529 3368 ι
3583 3318 3662 3373 lla

2087 3422 2146 3461 se
2167 3407 2356 3461 habet.
2385 3426 2401 3459 ι
2442 3406 2580 3461 Tum
2618 3407 2923 3477 imperator
2939 3407 3144 3477 gratias
3167 3408 3278 3477 egit
3320 3407 3406 3462 bis
3432 3406 3613 3462 verbis
3647 3427 3660 3462 :

2092 3517 2111 3549 ι
2147 3498 2333 3553 Gratia
2365 3508 2557 3554 sancto
2600 3499 2712 3554 Deo
2738 3500 2835 3569 qui
2875 3498 2952 3554 ita
2998 3499 3263 3569 providit,
3302 3513 3498 3555 omnes
3524 3514 3661 3553 con-

2086 3591 2374 3646 sentimus.
2420 3610 2438 3642 ι
2475 3591 2605 3646 Post
2657 3590 2776 3645 haec
2825 3590 3031 3647 lectum
3060 3598 3145 3646 est
3183 3600 3349 3661 caput
3391 3590 3540 3646 aliud
3591 3605 3662 3645 ex

2087 3682 2349 3754 synodico
2384 3681 2630 3738 secundo
2685 3682 3233 3739 commemorationis
3271 3689 3331 3738 et
3359 3683 3664 3754 gratiarum

2089 3773 2347 3841 actionis,
2378 3775 2525 3845 quod
2549 3791 2618 3831 ex
2647 3775 2907 3840 amboue,
2929 3783 2990 3830 ut
3009 3774 3272 3841 diximus,
3299 3775 3404 3847 legi
3431 3776 3663 3834 solebatt

2169 3886 2185 3919 ι
2225 3868 2515 3937 Propheta:
2544 3875 2606 3925 ut
2633 3867 2919 3932 viderunt.
2951 3866 3185 3936 apostoli
3241 3877 3301 3921 nt
3326 3862 3661 3929 docuerunt,

2103 3958 2351 4015 Ecclesia
2374 3967 2436 4013 ut
2474 3961 2707 4029 accepit,
2753 3960 3010 4016 doctores
3045 3967 3105 4014 ut
3154 3959 3485 4024 docuerunt,
3518 3960 3668 4015 orbis

2093 4046 2155 4110 ut
2180 4069 2284 4108 una
2320 4054 2625 4120 consensit,
2656 4054 2829 4123 gratia
2863 4063 2923 4107 ut
2964 4052 3193 4117 eﬂ'ulsit,
3221 4052 3429 4109 veritas
3482 4062 3541 4108 ut
3570 4055 3667 4109 dco

2092 4154 2399 4201 monstrata
2446 4155 2552 4210 est,
2608 4144 2957 4200 mendacium
3001 4154 3063 4197 ut
3092 4144 3382 4213 expulsum
3413 4152 3522 4208 est,
3577 4162 3667 4201 sa-

2093 4237 2297 4307 pientia
2327 4246 2387 4292 ut
2430 4237 2663 4292 ﬁdenter
2694 4239 2876 4294 locuta
2910 4249 3017 4303 est,
3050 4238 3304 4295 Christus
3351 4249 3411 4295 ut
3440 4244 3663 4312 praemia

2091 4328 2383 4384 distribuit
2411 4347 2425 4395 ;
2465 4329 2545 4384 sic
2581 4330 2875 4396 sentimus,
2907 4330 2988 4386 sic
3026 4332 3328 4404 loquimur,
3359 4336 3436 4390 sic
3470 4336 3667 4406 ιιι-αιόί-

414 4417 635 4489 λοῦμεν,
657 4420 798 4474 οὕτω
829 4423 1179 4493 κηρύσσομεν
1195 4424 1431 4495 Χριστὸν
1456 4425 1545 4477 τὸν
1571 4424 1824 4495 ἀληθινὸν
1847 4423 1979 4480 Θεὸν

2095 4437 2287 4477 camus
2314 4421 2595 4477 Christum
2619 4438 2809 4477 verum
2850 4424 3022 4478 Deum
3062 4434 3312 4480 nostrum
3354 4436 3412 4482 ct
3445 4439 3667 4484 sanctos

414 4509 572 4578 ἡμῶν
605 4511 700 4564 καὶ
743 4514 870 4576 τοὺς
909 4514 1099 4582 ἁγίους
1142 4514 1333 4582 αὐτοῦ,
1379 4516 1437 4569 ὲν
1473 4515 1652 4583 λόγοις
1697 4515 1987 4586 τιμῶντες,

415 4602 474 4653 ὲν
507 4605 876 4672 συγγραφαῖς,
911 4604 971 4658 ἐν
1014 4606 1303 4676 νοήμασιν,
1352 4607 1410 4659 ἐν
1458 4605 1694 4670 θυσίαις,
1729 4609 1790 4661 ὲν
1819 4611 1987 4671 ναοῖς,

414 4692 472 4743 ἐν
519 4695 865 4766 είκονίσμασι
905 4712 921 4728 ο
958 4697 1049 4753 τὸν
1101 4699 1200 4769 μὲν
1271 4701 1347 4762 ὡς
1386 4697 1520 4751 Θεὸν
1574 4701 1669 4753 καὶ
1712 4700 1991 4770 Δεσπότην

414 4786 844 4852 προσκυνοῦντες
876 4789 969 4842 καὶ
1002 4790 1273 4859 λέγοντες,
1307 4791 1436 4854 τοὺς
1471 4789 1528 4845 δὲ
1572 4789 1661 4844 διὰ
1691 4790 1785 4844 τὸν
1814 4791 1992 4845 κοινὸν

416 4874 693 4947 Δεσπότην
738 4879 834 4931 καὶ
883 4878 960 4943 ὡς
1005 4880 1172 4935 αὐτοῦ
1222 4882 1479 4951 γνησίους
1527 4880 1866 4951 θεράποντας
1912 4898 1991 4936 τι-

418 4966 649 5034 μῶντες,
688 4968 784 5023 καὶ
819 4969 917 5040 τὴν
956 4972 1099 5025 κατὰ
1138 4974 1323 5044 σχέσιν
1371 4973 1745 5045 προσκύνησιν
1793 4973 1991 5028 ἀπονέ-

416 5075 628 5127 μοντες.
664 5079 684 5112 ι

487 5152 645 5205 Μετὰ
679 5153 780 5222 τὴν
817 5153 1126 5224 ἀνάγνωσιν
1158 5157 1371 5222 τούτου,
1403 5157 1433 5209 6
1468 5156 1721 5227 βασιλεὺς
1758 5173 1993 5225 συναγα-

418 5242 528 5310 γὼν
573 5243 680 5297 τῶν
713 5246 1178 5314 ἀναγνωσθέντων
1222 5247 1316 5302 δύο
1368 5248 1684 5319 κεφαλαίων
1730 5250 1822 5303 τὸν
1868 5250 1993 5304 νοῦν

416 5328 569 5385 εἶπεν
597 5349 611 5364 ο
643 5353 663 5385 ι
697 5334 759 5387 Εἰ
810 5336 861 5389 οἱ
906 5337 1193 5391 ἀπόστολοι
1225 5338 1300 5401 ὡς
1329 5338 1592 5405 ἐδίδαξαν,
1626 5340 1676 5393 οἱ
1716 5341 1992 5411 προφῆται

423 5442 441 5475 ι
476 5424 551 5488 ὡς
578 5421 738 5489 εἶδον,
758 5427 807 5480 οἱ
835 5428 1146 5483 διδάσκαλοι
1176 5430 1250 5493 ὡς
1281 5431 1666 5502 ὲδογμᾶτισαν,
1703 5434 1731 5485 6
1760 5434 1993 5504 Χριστὸς

424 5532 443 5567 ι
476 5514 551 5579 ὡς
579 5517 900 5587 ὲϐρὰϐευσε,
948 5520 1043 5574 καὶ
1097 5522 1166 5576 τὰ
1214 5523 1412 5577 λοιπὰ’
1469 5523 1613 5577 οὕτω
1660 5526 1723 5596 δὴ
1776 5529 1994 5596 φρονεῖν

423 5620 442 5653 ι
482 5605 847 5674 παραδίδωσιν
884 5609 1016 5677 ἡμῖν
1054 5609 1114 5662 τὸ
1149 5611 1443 5675 συνοδικδν,
1476 5613 1570 5665 καὶ
1607 5614 1704 5683 οὐχ
1754 5616 1955 5685 ἑτέρως
1979 5634 1990 5648 ·

425 5711 442 5745 ι
480 5693 719 5768 εὔδηλον,
752 5698 834 5752 ὄτι
877 5701 1026 5755 κατὰ»
1043 5700 1138 5770 τὴν
1168 5700 1360 5755 τούτου
1402 5703 1699 5775 παράδοσιν
1729 5707 1851 5770 τοὺς
1894 5707 1992 5777 μὲν

2091 4515 2234 4585 ejus,
2281 4514 2486 4579 verbis,
2541 4515 2782 4585 scriptis,
2837 4515 3287 4587 cogitationibus,
3354 4518 3664 4577 sacriﬁciis,

2093 4605 2335 4675 templis,
2374 4605 2706 4676 imaginibus
2731 4607 3117 4673 honorantes;
3158 4607 3312 4661 illum
3352 4606 3576 4676 quidem
3609 4620 3669 4662 ut

2092 4700 2263 4754 Deum
2286 4714 2350 4756 ac
2378 4700 2671 4755 Dominum
2709 4699 3004 4755 adorantes
3026 4708 3082 4755 et
3122 4698 3503 4769 pradicantes,
3530 4699 3661 4754 illos

2093 4804 2227 4845 vero
2252 4799 2478 4862 propter
2500 4805 2848 4846 communem
2884 4790 3176 4846 Dominum
3206 4799 3263 4846 et
3286 4800 3348 4844 ut
3378 4805 3668 4861 germanos

2094 4882 2216 4951 ejus
2245 4882 2481 4937 famulos
2515 4882 2875 4951 honorantes,
2928 4891 2994 4938 et-
3027 4881 3253 4937 relative
3287 4881 3421 4950 ipsis
3467 4881 3665 4938 adora-

2100 4975 2305 5029 tionem
2334 4975 2683 5031 exhibentes.
2720 4995 2739 5027 ι

2139 5154 2267 5209 llis
2301 5152 2583 5223 perlectis,
2614 5153 2936 5223 imperator,
2973 5150 3206 5208 collecto
3236 5152 3471 5208 duorum
3520 5153 3670 5222 capi-

2097 5255 2213 5301 tum
2250 5261 2373 5316 quae
2419 5246 2559 5300 lecta
2586 5245 2803 5299 lucrant
2847 5260 3035 5311 sensu,
3070 5244 3249 5301 dixit:
3282 5263 3300 5298 ι
3347 5245 3405 5300 Si
3437 5245 3669 5315 apostoli

2105 5356 2123 5389 ι
2173 5347 2233 5391 ιιι
2278 5337 2611 5401 docuerunt,
2646 5336 2931 5405 propheta:
2983 5345 3044 5391 ut
3095 5336 3374 5402 viderunt,
3416 5336 3671 5392 doctores

2105 5449 2123 5483 ι
2168 5437 2778 5495 utcommonstrarunt,
2810 5429 3068 5486 Christus
3109 5442 3165 5487 ut
3190 5429 3413 5501 praemia
3443 5431 3671 5502 largitus

2105 5544 2123 5575 ‹
2166 5532 2271 5589 est,
2302 5534 2358 5577 et
2387 5532 2605 5586 cretera,
2645 5522 2722 5577 sic
2762 5523 2921 5578 nobis
2956 5524 3306 5579 sentiendum
3344 5538 3466 5578 esse
3504 5523 3671 5578 tradit

2104 5636 2119 5667 ι
2166 5615 2484 5686 synodieum
2519 5625 2574 5670 et
2610 5632 2717 5670 non
2757 5617 2863 5671 alio
2887 5618 3075 5681 modo,
3130 5617 3304 5687 palam
3337 5626 3421 5672 cst
3453 5631 3519 5671 ex
3550 5617 3670 5685 ejus

2108 5727 2123 5760 ι
2171 5706 2473 5762 traditione
2504 5722 2603 5762 nos
2639 5707 2884 5778 quidem,
2923 5718 3139 5766 sanctos
3167 5718 3226 5763 ut
3260 5707 3465 5766 Christi
3490 5707 3667 5764 famu.
