4104 6200
471 237 578 303 983

1190 245 1458 306 ALEXII
1497 249 1840 314 COMNENI
1875 254 2242 318 NOVELL/E
2278 260 2959 331 CONSTITUTIONES.

3635 282 3744 347 984

482 373 501 402 ι
543 354 626 409 los
655 362 882 423 propter
907 353 1188 412 Christum
1210 367 1268 413 et
1299 374 1494 414 eorum
1519 376 1650 433 erga
1677 362 1857 434 ipsum
1876 365 2049 420 famu-

2161 387 2180 420 ι
2214 369 2404 440 ἁγίους
2433 374 2510 438 ὼς
2543 375 2885 448 θεράποντας
2933 379 3172 452 Χριστοῦ
3209 379 3624 458 προσκυνοῦμεν
3654 391 3745 446 διὰ

479 467 497 498 ι
542 448 739 512 latum,
779 447 1066 505 Christum
1123 466 1258 506 vero
1314 461 1377 508 ut
1426 455 1600 510 Deum
1644 472 1710 512 ac
1759 459 2052 515 Dominum

477 561 497 590 α
543 540 778 596 adorare
826 549 1054 612 propter
1102 543 1284 614 ipsum
1332 545 1619 617 videlicet,
1674 567 1784 606 non
1829 565 2056 626 propter

478 651 498 682 ι
544 633 754 698 alium;
782 633 856 688 ita
885 642 945 688 ut
979 645 1299 691 sanctorum
1333 638 1602 710 imagines
1625 642 1924 698 adoremus
1961 658 2052 698 re-

477 739 495 766 ‹
538 719 704 775 lative
740 729 968 790 propter
1000 721 1170 792 ipsos,
1204 724 1354 794 ipsos
1380 738 1565 784 autem
1595 743 1820 802 propter
1855 748 2052 789 eorum

477 825 494 854 ι
541 821 668 876 erga
725 823 1081 865 communem
1138 812 1432 870 Dominum
1499 816 1848 874 famulatum.
1913 819 2050 886 Quae

476 919 494 948 ‹
543 909 728 956 autem
762 901 830 956 ad
863 901 1146 959 Christum
1173 915 1387 976 spectat
1427 909 1702 978 adoratio,
1750 911 1911 966 latria
1945 920 2050 967 est.

476 1014 494 1039 ε
541 993 678 1048 Nam
713 995 808 1065 qui
837 996 1016 1066 ipsum
1050 997 1268 1064 adorat,
1301 1015 1411 1056 una
1451 1001 1669 1056 Patrem
1697 1011 1754 1057 et
1782 1002 2050 1074 Spiritum

474 1102 493 1130 ι
541 1092 793 1139 sanctum
823 1086 1038 1142 adorat.
1070 1087 1203 1154 Quae
1222 1097 1406 1144 autem
1431 1091 1554 1162 ejus
1601 1091 1896 1164 imaginem
1961 1109 2053 1149 re-

476 1196 496 1225 ι
541 1176 727 1246 spicit,
761 1193 825 1233 ea
867 1178 983 1249 ipsa
1017 1188 1122 1235 est.
1175 1180 1320 1247 Quid
1378 1183 1526 1238 enim
1573 1186 1763 1240 vetat?
1798 1184 2053 1252 Quorum

475 1289 494 1318 ο
539 1269 688 1324 enim
711 1269 890 1326 virtus
909 1288 1014 1326 una
1035 1281 1094 1328 et
1114 1274 1289 1345 gloria
1320 1291 1452 1342 una,
1468 1292 1663 1332 eorum
1688 1279 1884 1350 utique
1911 1296 2054 1337 unus

477 1381 495 1411 ι
547 1372 634 1418 est
666 1364 852 1419 cultus
881 1376 939 1422 et
987 1383 1095 1422 una
1145 1367 1421 1423 adoratio.
1459 1369 1566 1425 Sed
1615 1370 1733 1428 haec
1761 1381 1942 1428 tamen
1969 1383 2054 1429 est

477 1473 496 1504 ι
548 1454 776 1512 relativa
797 1457 914 1514 sive
932 1457 1337 1531 homonymica,
1357 1468 1419 1515 ut
1437 1459 1514 1515 ait
1532 1470 1755 1519 sanctus
1772 1463 2055 1520 confessor

477 1567 495 1596 ι
543 1546 871 1606 Theodorus
911 1551 1136 1609 Studita
1168 1553 1222 1608 in
1257 1569 1359 1610 sua
1403 1554 1474 1610 ad
1528 1554 1892 1613 Athanasium
1930 1556 2050 1628 epi-

474 1657 492 1686 ι
539 1640 701 1696 stola.
743 1659 765 1692 ι

542 1730 641 1786 His
695 1731 861 1789 dictis
913 1735 1220 1806 imperator
1286 1739 1650 1812 interrogavit
1697 1760 1711 1795 :
1781 1761 1800 1794 ι
1851 1744 2050 1799 Annon

469 1823 632 1880 vobis
680 1827 938 1883 omnibus
970 1829 1045 1884 ita
1080 1830 1302 1886 videtur
1335 1848 1478 1897 esse,
1518 1843 1578 1888 ut
1606 1850 1709 1890 nos
1730 1835 2004 1892 diximus?
2025 1857 2044 1890 ι

468 1944 540 1955 κ·-
561 1934 580 1968 ι
610 1915 710 1980 Ita,
741 1919 1006 1976 dixerunt
1036 1938 1252 1990 omnes,
1273 1940 1337 1979 ac
1355 1941 1516 1981 secus
1538 1928 1906 1984 sentientibus
1921 1945 2051 1984 ana-

469 2008 680 2064 thema.
721 2029 744 2063 ι
774 2011 980 2067 lterum
1015 2013 1322 2084 imperator
1355 2035 1368 2070 :
1397 2035 1414 2066 ι
1443 2017 1628 2073 Gloria
1673 2031 1868 2077 sancto
1908 2021 2048 2086 Deo,

469 2100 566 2170 qui
603 2102 848 2158 servavit
879 2119 983 2160 nos
1021 2105 1076 2160 in
1125 2094 1425 2162 concordia
1456 2121 1513 2164 et
1544 2125 1699 2180 pace,
1733 2127 1839 2167 nec
1877 2113 1934 2168 in
1989 2129 2050 2169 re

469 2195 727 2264 quapiam
776 2196 1172 2256 dissentientes
1242 2210 1336 2256 aut
1396 2213 1769 2273 repugnantes
1845 2206 2052 2260 sanctis

471 2286 730 2343 Patribus
763 2289 990 2346 nostris.
1027 2310 1046 2344 ι
1105 2291 1204 2348 His
1253 2291 1324 2348 de
1382 2295 1550 2348 rebus
1600 2310 1796 2350 omnes
1845 2297 2052 2366 gratias

469 2389 720 2449 agentes,
777 2381 1010 2451 gloriam
1058 2384 1172 2439 Deo
1226 2385 1562 2450 retulerunt,
1630 2395 1689 2440 et
1725 2397 2048 2442 consuetam

472 2472 792 2540 imperatori
839 2474 1284 2531 benedictionem
1346 2475 1647 2532 dederunt.
1722 2478 1855 2532 Post
1933 2478 2050 2533 haec

472 2566 793 2635 imperator,
836 2583 999 2624 verso
1047 2569 1115 2624 ad
1148 2569 1213 2626 D.
1263 2570 1508 2627 Leonem
1562 2571 2046 2642 archiepiscopum

469 2656 973 2715 Chalcedonensem
1021 2675 1277 2717 sermone
1333 2672 1696 2733 percontatus
1763 2672 1850 2718 est
1893 2678 2046 2728 cum,

471 2765 604 2803 num
639 2751 912 2822 reciperet
943 2763 1194 2810 sanctum
1250 2756 1604 2811 Theodorum
1637 2755 1936 2820 Studitam,
1987 2771 2052 2812 ac

470 2857 605 2896 num
627 2850 683 2896 et
704 2843 820 2913 ipse
856 2843 925 2900 iis
950 2861 1073 2914 quae
1104 2846 1245 2900 lecta
1280 2847 1498 2900 fuerant
1521 2847 1889 2911 consentiret,
1924 2862 2052 2902 nec-

470 2947 581 2986 non
615 2933 1151 3005 interrogationibus
1201 2946 1257 2992 et
1288 2937 1746 3007 responsionibus
1798 2938 2046 2992 omnium

2163 481 2182 513 ι
2215 463 2308 517 τὸν
2337 465 2573 534 Χριστὸν
2607 470 2702 523 καὶ
2734 468 2832 541 τὴν
2870 471 3009 543 πρὸς
3045 473 3211 527 αὐτὸν
3238 475 3536 544 οίκείωσιν,
3568 480 3660 534 τὸν
3686 483 3744 536 δὲ

2164 574 2182 605 ι
2217 557 2454 626 Χριστὸν
2479 559 2555 622 ὡς
2580 559 2714 614 Θεὸν
2742 564 2838 616 καὶ
2864 563 3145 635 Δεσπότην
3166 565 3232 619 δι’
3258 567 3451 622 ἑαυτὸν
3476 568 3741 641 δηλονότι,

2165 666 2185 698 ι
2217 648 2313 702 καὶ
2345 648 2406 702 οὗ
2440 649 2508 704 δι’
2540 649 2730 722 ἕτερον
2751 669 2766 684 ·
2804 653 2946 708 ὥστε
2985 655 3094 709 τῶν
3137 657 3236 727 μὲν
3264 658 3439 726 ἁγίων
3464 661 3563 724 τὰς
3593 663 3742 716 είκό-

2163 761 2181 793 ι
2218 760 2316 807 νας
2348 744 2764 817 προσκυνοῦμεν
2794 747 2870 811 ὡς
2897 747 3250 818 θεραπόντων
3291 751 3533 822 Χριστοῦ
3563 771 3744 825 σχετι-

2163 855 2182 886 ι
2215 835 2328 898 κῶς
2363 835 2432 889 δι’
2459 837 2680 901 αὐτοὺς,
2721 839 2918 904 αὐτοὺς
2947 839 3002 894 δὲ
3037 840 3125 894 διὰ
3156 841 3255 912 τὴν
3275 844 3455 898 αὐτῶν
3483 846 3620 916 πρὸς
3652 848 3745 900 τὸν

2162 944 2180 976 ι
2217 928 2397 982 κοινὸν
2448 930 2728 1002 Δεσπότην
2773 933 2932 1002 ήμῶν
2975 933 3273 991 οἱκείωσιν.
3323 936 3441 991 Ἐπ’
3475 938 3642 991 αὑτοῦ
3685 940 3742 993 δὲ

2165 1036 2183 1068 ι
2217 1020 2456 1087 Χριστοῦ
2483 1021 2812 1094 λατρευτικὴ
2837 1025 2870 1094 ἡ
2901 1025 3296 1095 προσκύνησις.
3334 1027 3394 1081 '0
3422 1031 3743 1099 προσκυνῶν

2163 1127 2182 1160 ι
2212 1111 2323 1183 γὰρ
2355 1116 2768 1185 συμπροσκυνεῖ
2805 1117 2897 1168 τὸν
2940 1116 3161 1187 Πατέρα
3194 1119 3289 1171 καὶ
3317 1119 3380 1171 τὸ
3418 1120 3642 1191 Πνεῦμα
3679 1123 3739 1176 τδ

2161 1219 2181 1251 ι
2217 1201 2392 1271 ἀγιον.
2419 1204 2545 1259 Ἐπὶ
2567 1205 2624 1258 δὲ
2657 1205 2760 1276 τῆς
2787 1206 2994 1270 είκόνος
3018 1207 3190 1262 αὐτοῦ
3222 1210 3256 1281 ἡ
3291 1209 3429 1279 αὐτή
3463 1211 3592 1282 μέν·
3625 1213 3739 1278 πῶς

2161 1312 2180 1344 ι
2215 1293 2324 1366 γὰρ
2350 1292 2412 1349 οῦ
2441 1312 2457 1362 ;
2493 1290 2568 1351 ὧν
2596 1295 2704 1369 γὰρ
2729 1298 2789 1352 τὸ
2815 1298 3016 1368 κράτος
3041 1299 3104 1353 ἓν
3130 1301 3226 1355 καὶ
3257 1303 3293 1371 ἡ
3317 1301 3446 1367 δόξα
3477 1303 3595 1373 μία,
3620 1305 3742 1360 τού-

2162 1405 2181 1438 ι
2215 1403 2325 1440 των
2362 1387 2566 1459 δηλαδὴ
2600 1388 2660 1442 ἓν
2693 1390 2754 1443 τὸ
2791 1391 2953 1455 σέϐας
2996 1392 3093 1447 καὶ
3139 1392 3238 1464 μία
3269 1395 3304 1465 ἡ
3345 1396 3736 1470 προσκύνησις.

2161 1497 2180 1530 ι
2220 1473 2451 1550 Σχετικὴ
2482 1476 2538 1533 δὲ
2565 1481 2717 1551 ὅμως
2763 1481 2934 1553 ἧγουν
2981 1484 3332 1556 δμωνυμικὴ,
3363 1485 3441 1552 ὥς
3479 1505 3614 1559 φησι
3647 1491 3740 1544 καὶ

2161 1588 2180 1622 ι
2214 1571 2242 1624 ό
2273 1570 2430 1640 ἀγιος
2472 1572 2568 1626 καὶ
2596 1573 2937 1647 όμολογητὴς
2975 1575 3254 1649 Θεόδωρος
3283 1580 3312 1632 ό
3358 1579 3650 1650 Στουδίτης
3680 1583 3738 1635 ἐν

2164 1681 2182 1714 ι
2217 1663 2284 1734 τῇ
2313 1663 2450 1735 πρὸς
2491 1665 2809 1722 Ἀθανάσιον
2839 1669 3097 1742 ἐπιστολῇ
3129 1670 3319 1726 αὑτοῦ.
3358 1691 3380 1725 ι

2227 1754 2417 1810 Ταῦτα
2456 1757 2628 1812 εἰπὼν
2654 1760 2683 1812 ό
2723 1759 2977 1830 βασιλεὺς
3009 1761 3338 1835 ἠρώτησενο
3389 1781 3407 1816 ι
3441 1762 3598 1820 Οὖτω
3645 1765 3735 1819 καὶ

2153 1849 2286 1920 ὑμῖν
2308 1853 2444 1908 πᾶσι
2479 1855 2631 1909 δοκεῖ
2645 1853 2722 1920 ὡς
2750 1856 2845 1910 καὶ
2865 1859 3030 1928 ἡμεῖς
3053 1857 3311 1929 είπομεν;
3341 1878 3360 1911 ι
3386 1889 3456 1900 --
3484 1878 3502 1912 ι
3529 1859 3738 1925 οὕτως,

2153 1936 2308 1999 εἷπον
2331 1944 2559 2011 πάντες,
2581 1947 2810 2012 καὶτοῖς
2837 1949 2913 2018 μὴ
2941 1946 3085 2002 οὕτω
3110 1949 3402 2020 φρονοῦσιν
3428 1950 3730 2022 ἀνάθεμα..

2151 2038 2266 2091 Καὶ
2309 2037 2476 2092 πάλιν
2528 2040 2558 2092 ό
2615 2037 2909 2108 βασιλεύςο
2944 2057 2960 2092 ι
2991 2041 3129 2106 Δόξα
3181 2041 3260 2094 τῶ
3317 2041 3458 2113 ἀγίῳ
3495 2042 3616 2114 Θεῷ
3659 2042 3738 2112 τῷ

2154 2126 2452 2194 φυλάξαντι
2493 2127 2641 2197 ἡμᾶς
2673 2128 2732 2181 ὲν
2763 2129 2988 2201 ὁμονοίᾳ
3023 2130 3117 2183 καὶ
3151 2131 3365 2202 είρήνῃ,
3400 2131 3475 2202 μὴ
3517 2131 3659 2185 κατά
3686 2149 3738 2185 τι

2151 2213 2596 2286 διασχιζομένους
2645 2217 2679 2288 ἢ
2733 2217 3356 2288 ἐναντιοφρονουμένους
3409 2223 3522 2283 τοῖς
3562 2221 3740 2290 ἁγίοις

2153 2307 2435 2378 Πατράσιν
2463 2308 2644 2379 ἡμῶν.
2686 2327 2705 2361 ι
2754 2309 2880 2363 Ἐπὶ
2909 2311 3118 2374 τούτοις
3147 2311 3388 2377 ἅπαντες
3415 2313 3741 2384 εὐχαριστή-

2155 2416 2370 2462 σαντες,
2405 2397 2485 2468 τῷ
2511 2399 2630 2469 Θεῷ
2665 2401 2828 2467 δόξαν
2874 2402 3222 2473 ἀνέπεμψαν,
3256 2403 3353 2457 καὶ
3392 2405 3490 2473 τὴν
3534 2402 3734 2475 συνήθη

2153 2491 2432 2562 εὐφημίαν
2456 2489 2534 2562 τῷ
2565 2490 2778 2562 βασιλεῖ
2810 2493 3138 2565 ἀπένειμαν.
3185 2494 3344 2549 Μετὰ
3374 2495 3550 2548 ταῦτα
3576 2498 3606 2549 ὁ
3640 2495 3737 2566 βα-

2155 2584 2363 2651 σιλεὺς,
2393 2583 2597 2656 τρέψας
2621 2583 2714 2638 τὸν
2753 2585 2911 2654 λόγον
2934 2585 3074 2658 πρὸς
3114 2587 3208 2640 τὸν
3235 2588 3738 2658 ἀρχιερατεύσαντα

2153 2681 2211 2733 ὲν
2241 2680 2548 2751 Χαλκηδόνι
2582 2681 2751 2753 κυρδν
2780 2682 3010 2747 Λέοντα,
3044 2683 3278 2738 ἐπύθετο
3315 2684 3412 2738 καὶ
3445 2683 3658 2750 τοῦτον,
3688 2686 3738 2738 εί

2151 2772 2367 2843 δέχεται
2406 2773 2498 2827 τὸν
2528 2775 2685 2843 ἆγιον
2723 2775 3001 2847 Θεόδωρον
3043 2776 3136 2830 τὸν
3187 2777 3497 2848 Στουδίτην,
3545 2779 3640 2831 καὶ
3687 2777 3736 2830 εί

2155 2867 2438 2934 συμφωνεῖ
2467 2866 2564 2919 καὶ
2606 2865 2770 2930 αὐτὸς
2807 2868 2924 2930 τοῖς
2958 2867 3356 2935 ἀναγνωσθείσι
3395 2867 3489 2922 καὶ
3526 2870 3734 2940 ἐρωτη-

2154 2955 2291 3008 θεῖσι
2318 2953 2416 3009 καὶ
2453 2955 2608 3026 παρά
2637 2955 2853 3010 πάντων
2878 2955 3225 3027 ἀποκριθείσι
3251 2957 3513 3028 τήμερον,
3544 2959 3738 3015 κάκει-

471 3031 590 3100 ipsa
619 3029 711 3086 die
748 3033 978 3102 prolatis
1018 3035 1424 3104 acquiesceret,
1459 3038 1514 3090 in
1553 3037 1732 3107 iisque
1773 3048 2046 3095 maneret.

2158 3063 2268 3109 νοις
2307 3047 2560 3118 ἐμμένει.
2603 3047 2664 3100 '0
2691 3048 2748 3100 δὲ
2788 3047 3113 3119 ἀποκριθεὶς
3149 3047 3242 3104 τὸν
3286 3049 3384 3120 μὲν
3414 3048 3571 3117 ἀγιον
3607 3049 3738 3102 Θεό-

471 3123 780 3194 Respondit
810 3124 900 3179 ille
936 3139 996 3180 se
1029 3132 1282 3180 sanctum
1319 3126 1675 3183 Theodorum
1712 3139 1772 3184 ut
1798 3145 2050 3185 commu~

467 3229 599 3269 nem
632 3215 955 3286 magistrum
987 3224 1102 3272 toto
1133 3217 1331 3288 spiritu
1363 3219 1682 3284 admittere,
1746 3236 1809 3276 ac
1856 3221 2051 3276 lectio-

470 3321 619 3368 nem,
690 3307 1178 3378 interrogationes,
1243 3311 1743 3384 responsionesque
1799 3315 2048 3370 omnium

468 3412 741 3455 consensu
789 3401 948 3458 datas
997 3417 1055 3458 se
1091 3403 1256 3458 etiam
1303 3405 1584 3476 amplecti,
1628 3408 1681 3462 in
1726 3408 1905 3480 iisque
1937 3425 2051 3464 ma-

467 3503 623 3545 nere.
668 3489 795 3546 Haec
824 3493 991 3548 etiam
1048 3494 1299 3565 adjecit:
1368 3514 1388 3548 ι
1441 3497 1819 3569 Quaecumque
1862 3516 1960 3557 vos
1997 3502 2048 3556 in

389 3569 395 3574 ’
467 3581 658 3638 libello
705 3598 832 3638 meo
878 3586 1206 3654 repudiatis,
1263 3596 1320 3644 et
1352 3603 1455 3659 ego
1491 3591 1754 3661 repudio;
1816 3603 1872 3647 et
1901 3609 2050 3664 quae-

467 3685 709 3740 cumque
742 3672 1056 3739 admittitis,
1089 3676 1344 3732 admitto.
1387 3697 1406 3730 ι
1465 3679 1591 3735 Haec
1637 3698 1761 3736 cum
1819 3682 2050 3739 dixisset

467 3762 583 3814 Leo
639 3760 1129 3830 Chalcedonensis,
1185 3768 1314 3835 quia
1375 3771 1643 3824 nonnulla
1703 3772 1758 3825 in
1815 3775 2047 3842 epistola

467 3851 608 3921 ejus,
646 3851 714 3907 iis
735 3866 857 3921 quae
887 3852 944 3907 in
971 3856 1208 3912 amboue
1236 3873 1307 3912 ex
1335 3859 1616 3930 synodicis
1636 3863 1779 3918 lecta
1827 3863 2050 3920 fuerant

466 3957 686 3999 necnon
713 3943 837 3999 aliis
886 3959 1009 4014 qua:
1064 3949 1326 4016 superius
1360 3960 1617 4006 enarrata
1672 3961 1822 4018 sunt,
1883 3969 2049 4024 repu-

467 4049 636 4105 gnare
689 4043 755 4092 ac
806 4052 934 4092 cum
989 4038 1242 4094 doctrina
1296 4038 1611 4098 divinorum
1665 4045 1890 4100 Patrum
1935 4062 2045 4102 non

466 4129 784 4185 consentire
807 4129 1153 4199 deprehensa
1191 4143 1343 4198 sunt,
1371 4135 1658 4191 decretum
1691 4149 1776 4193 est
1801 4139 1916 4193 haec
1948 4155 2046 4210 pro

467 4221 775 4289 repudiatis
819 4221 1073 4277 habenda
1120 4239 1263 4290 esse,
1291 4229 1767 4300 quemadmodum
1816 4239 1872 4286 et
1919 4246 2045 4287 eum

469 4313 564 4382 qui
603 4311 692 4366 his
721 4311 1041 4370 adita-serit.
1101 4315 1264 4372 Circa
1296 4329 1630 4376 memoratas
1653 4330 1840 4376 autem
1878 4322 2047 4378 inter-

2152 3137 2327 3208 δωρον
2373 3138 2450 3203 ὡς
2491 3139 2670 3194 κοινὸν
2707 3139 3000 3194 ἀναπνέειν
3043 3140 3382 3206 διδάσκαλον,
3428 3141 3497 3195 τά
3524 3141 3581 3194 δὲ
3626 3141 3739 3194 δια-

2153 3229 2468 3298 γνωσθέντα
2499 3229 2561 3302 [Ι.
2593 3230 3036 3304 ἀναγνωσθέντα]
3077 3233 3172 3286 καὶ
3205 3231 3550 3304 ἐρωτηθέντα
3584 3232 3735 3302 παρά

2154 3321 2372 3375 πάντων
2399 3339 2457 3374 τε
2503 3321 2816 3392 συμφώνως
2846 3321 3218 3392 ἀποκριθέντα
3264 3323 3606 3388 ἀσπάζεσθαι
3641 3323 3736 3377 καὶ

2154 3414 2338 3478 αὐτὸν,
2375 3415 2471 3468 καὶ
2525 3413 2790 3484 ἐμμένειν
2839 3413 3046 3477 αὐτοῖς.
3100 3415 3504 3486 Προσεπήγαγε
3545 3415 3602 3468 δὲ
3640 3415 3735 3469 καὶ

2149 3502 2363 3556 ταῦτα·
2409 3521 2427 3553 ι
2471 3501 2561 3566 Ὠς
2615 3503 2716 3555 ὅσα
2769 3501 2928 3555 αὐτοὶ
2988 3502 3097 3556 ἀπὸ
3146 3503 3242 3556 τοῦ
3293 3505 3577 3574 ἐγγράφου
3631 3521 3733 3574 μου

2153 3592 2546 3658 ἁποϐἀλλεσθε,
2599 3593 2983 3664 ἀποϐάλλομαι
3030 3593 3205 3650 ταῦτα
3253 3594 3439 3663 κάγώ·
3491 3596 3586 3648 καὶ
3636 3597 3732 3648 ὅσα

2153 3684 2394 3755 δέχεσθε,
2420 3684 2698 3754 δέχομαι.»
2731 3685 2919 3739 Ταῦτα
2947 3685 3041 3740 τοῦ
3071 3687 3180 3741 ἀπὸ
3201 3687 3546 3758 Χαλκηδόνος
3571 3689 3729 3742 Mov-

2151 3793 2245 3840 τος
2272 3775 2538 3842 είπόντος,
2569 3776 2691 3830 ἐπεὶ
2720 3777 3128 3848 διεγνὼσθησάν
3152 3795 3277 3833 τινα
3299 3778 3409 3832 τῶν
3433 3779 3492 3831 ἐν
3515 3781 3581 3848 τῇ
3605 3779 3733 3850 παρ’

2153 3863 2318 3918 αὐτοῦ
2353 3863 2640 3936 ὲκτεθείσῃ
2671 3865 2932 3938 ἐπιστολῇ
2978 3865 3410 3938 ἐγγραφομένων
3439 3869 3554 3932 τοῖς
3582 3885 3734 3921 συνο-

2151 3954 2318 4018 ὃικῶς
2348 3953 2468 4026 (sic)
2505 3953 2592 4008 ἐπ’
2627 3955 2882 4026 ἄμϐωνας
2910 3957 3448 4027 ἀναγινωσκομένοις
3493 3957 3588 4010 καὶ
3623 3958 3732 4019 τοῖς

2151 4045 2358 4098 ἀνωθεν
2383 4045 2760 4114 διαληφθεϊσιν
2783 4045 3194 4116 ἐναντιούμενα,
3215 4047 3308 4100 καὶ
3331 4050 3397 4118 τῇ
3421 4046 3731 4116 διδασκαλίᾳ

2150 4137 2260 4189 τῶν
2314 4136 2474 4191 θείων
2517 4135 2782 4207 Πατέρων
2832 4137 3177 4208 ἀσύμφωνα·
3233 4136 3410 4202 ἔδοξεν
3451 4138 3731 4209 ἀπόϐλητα

2151 4231 2325 4285 ταῦτα
2371 4230 2466 4284 καὶ
2514 4226 2655 4284 εἶναι
2691 4228 2784 4282 καί⁸
2814 4227 3152 4297 λογίζεσθαι,
3185 4230 3261 4293 ὼς
3282 4229 3339 4283 δὲ
3369 4231 3468 4284 καὶ
3496 4231 3588 4284 τδν
3613 4230 3732 4284 τού-

2152 4340 2267 4386 τοις
2291 4319 2708 4394 προσκείμενον.
2754 4320 2877 4374 Ἐπὶ
2909 4321 3110 4386 πάσαις
3149 4320 3207 4375 δὲ
3235 4323 3354 4386 ταῖς
3381 4323 3733 4394 ἀναγεγραμ⁴

469 4403 805 4472 rogationes,
835 4405 1233 4474 responsiones
1258 4417 1313 4463 et
1341 4409 1694 4465 deﬁnitiones
1743 4412 2045 4482 imperator

2158 4382 2346 4485 μόναις
2372 4382 2676 4484 ἐρωτησεσι
2719 4411 2818 4466 καὶ⁵
2845 4382 3171 4484 ἀποκρίσεσι
3210 4414 3309 4466 καὶ
3335 4382 3728 4482 διαγνώσεσιν,

469 4495 728 4550 omnibus
772 4495 1131 4554 audientibus
1162 4499 1540 4556 vociferatur:
1587 4522 1607 4555 ι
1648 4503 1704 4558 Si
1739 4505 1866 4575 quis
1898 4506 2043 4561 circa

470 4585 698 4641 deﬁnita
736 4586 792 4641 in
849 4589 1109 4660 quopiam
1149 4590 1511 4660 dubitaverit,
1559 4605 1714 4650 stans
1759 4597 1816 4650 in
1865 4597 2049 4653 medio

467 4677 870 4734 dubitationem
923 4693 1216 4752 proponat.
1268 4703 1287 4736 ›
1338 4685 1626 4756 Nemoque
1673 4698 1932 4759 repertus
1961 4697 2048 4744 est

466 4769 564 4839 qui
585 4769 887 4838 dubitaret,
933 4783 1032 4829 aut
1073 4775 1434 4834 definitorum
1468 4780 1708 4850 cuipiam
1761 4783 2047 4837 contradi~

467 4869 646 4927 ceret,
688 4863 784 4920 sed
823 4879 1017 4923 omnes
1061 4883 1091 4923 a
1127 4870 1324 4940 primis
1374 4888 1550 4944 usque
1587 4871 1656 4926 ad
1711 4874 2044 4932 novissimos

468 4954 799 5025 supradictis
823 4957 1241 5018 definitionibus
1258 4965 1573 5021 consentire
1597 4967 1866 5037 comperti
1887 4979 2039 5025 sunt.

2147 4506 2386 4574 ὲκφωνεῐ
2423 4507 2451 4557 ό
2493 4504 2746 4574 βασιλεὺς
2785 4505 2869 4568 είς
2945 4505 3182 4575 δπήκοον
3225 4505 3446 4558 πάντων
3487 4504 3578 4558 τό·
3611 4521 3630 4555 ι
3669 4505 3736 4557 Et

2153 4612 2238 4658 τις
2264 4596 2358 4649 ἐπὶ
2386 4597 2497 4660 τοῖς
2527 4596 2909 4666 διαγνωσθεῖσι
2943 4599 3086 4650 κατά
3114 4614 3164 4649 τι
3186 4595 3538 4667 ἀμφιϐάλλει,
3565 4595 3734 4665 μέσον

2155 4688 2288 4753 στάς
2318 4689 2530 4744 είπάτω
2555 4689 2616 4743 τὸ
2651 4689 3134 4760 ἀμφιϐαλλόμενον
3167 4689 3297 4760 περὶ
3327 4688 3516 4744 αὐτοῦ.
3559 4706 3578 4740 ι
3620 4688 3736 4742 Καὶ

2153 4781 2328 4844 οὐδεὶς
2359 4780 2558 4852 εὑρέθη
2588 4781 2947 4850 ἀμφιϐάλλων
2973 4781 3006 4851 ἢ
3040 4779 3338 4848 ἀντιλέγων
3363 4780 3457 4832 ὲπί
3484 4795 3593 4833 τινι
3620 4778 3734 4832 τῶν

2154 4873 2622 4942 διαγνωσθέντων,
2652 4874 2788 4928 ἀλλά
2829 4872 3033 4937 πάντες
3073 4874 3183 4928 ἀπὸ
3219 4873 3328 4926 τῶν
3367 4870 3600 4942 πρώτων
3628 4871 3737 4934 ἕως

2154 4967 2265 5020 τῶν
2293 4967 2535 5037 ἐσχάτων
2559 4965 2864 5037 εὑρέθησαν
2881 4964 3310 5037 ὁμοφρονοῦντες
3330 4964 3420 5020 ἐπὶ
3442 4965 3563 5028 ταῖς
3584 4963 3738 5035 είρη-

2162 5054 2352 5119 μόναις
2377 5055 2755 5126 διαγνώσεσιν.
