4092 6202
376 389 3595 437 W

1625 563 1796 610 ANNO
1854 564 2082 611 DOMINI
2138 563 2382 609 MCXX.'

709 744 1669 954 IRENES
1806 747 3160 957 AUGUST/E

1135 1095 1794 1210 TYPICUM
1883 1093 2211 1212 SlVE
2299 1094 2852 1209 REGULA

362 1321 714 1399 Interprete
745 1320 978 1380 Damno
1006 1317 1334 1380 Bernardo
1365 1335 1446 1379 ne
1472 1318 1939 1391 Mos'rrsucon,
1962 1315 2267 1378 monacho
2299 1317 2705 1380 Benedictino
2734 1319 3240 1398 congregationis
3263 1321 3334 1382 S.
3362 1322 3600 1386 Mauri.

1529 1462 1784 1528 (Analecta
1815 1466 2002 1526 Greca,
2024 1461 2181 1513 Paris.
2213 1462 2348 1525 1692,
2373 1463 2444 1526 t.)

1201 1774 1836 1866 PROLOGUS
1912 1776 2759 1865 INTERPRETIS.

435 1955 717 2014 Tvrxcuu
754 1951 884 2014 sive
910 1951 1218 2032 Regulam
1247 1954 1466 2014 Irenes
1499 1952 1920 2032 imperatricis
1945 1969 2023 2014 ex
2051 1951 2462 2014 Bibliothecaa
2494 1951 2708 2030 Regia:
2739 1969 2857 2012 ms.
2895 1951 3115 2014 codice
3157 1950 3309 2012 3019
3349 1951 3607 2013 desum-

358 2053 622 2133 psimus,
654 2070 844 2132 quem
873 2053 1150 2129 benigne
1169 2053 1590 2116 commodavit
1605 2053 1984 2116 clarissimus
2013 2071 2198 2134 usque
2227 2071 2299 2116 ac
2331 2053 2800 2116 eruditissimus
2817 2053 2911 2113 vir
2927 2052 3374 2115 Tbevenotius.
3398 2053 3609 2114 Codex

355 2151 487 2225 ille,
516 2153 695 2231 jussu
741 2153 1160 2231 imperatricis
1188 2170 1222 2214 a
1251 2152 1634 2231 peritissimo
1676 2154 1882 2215 scriba
1927 2161 2246 2228 exaratus,
2280 2154 2358 2217 ab
2387 2154 2655 2234 ipsamet
2709 2157 2982 2230 Augusta
3038 2153 3299 2232 preprio
3350 2151 3611 2212 nomine

357 2252 749 2331 subscriptus
772 2259 885 2324 est,
917 2253 1121 2313 rubris
1159 2251 1649 2321 characteribus,
1699 2260 1771 2312 ut
1801 2251 1994 2314 moris
2033 2260 2165 2314 erat
2205 2251 2698 2330 imperatoribus
2748 2267 3100 2330 eorumque
3135 2248 3460 2311 uxoribus.
3484 2250 3612 2312 Nec

359 2347 578 2411 dubito
595 2366 789 2410 unum
813 2366 950 2411 esse
985 2366 1063 2410 ex
1081 2349 1281 2412 tribus
1302 2350 1801 2412 membranaceis
1833 2351 1941 2429 qui
1965 2349 2172 2430 capite
2203 2349 2276 2410 77
2302 2350 2488 2430 jussu
2513 2351 2806 2426 Augustae
2828 2347 3126 2426 descripti
3159 2352 3608 2408 memorantur.

356 2450 541 2511 Plura
567 2451 630 2511 in
660 2451 781 2512 hoc
814 2469 1010 2531 opere
1053 2453 1212 2515 scitu
1243 2452 1607 2532 dignissima
1649 2455 1872 2515 Lector
1910 2451 2194 2515 eruditus
2221 2451 2661 2532 deprehendet
2697 2470 2711 2512 :
2747 2449 3111 2529 complures
3168 2465 3402 2528 nempe
3429 2448 3611 2509 Gras-

359 2567 570 2612 carum
605 2552 968 2614 monialium
1013 2555 1167 2616 ritus
1195 2554 1501 2618 hactenus
1552 2556 1798 2635 ignotos
1849 2577 1862 2615 :
1902 2563 2182 2620 exactam
2222 2572 2481 2636 quoque
2508 2553 2764 2618 familiae
2795 2560 2946 2616 tunc
2983 2551 3293 2634 temporis
3336 2551 3613 2631 impera-

358 2650 538 2713 torias
578 2651 1069 2734 descriptionem
1102 2654 1263 2736 (cap.
1306 2657 1430 2736 71),
1462 2664 1524 2719 et
1564 2657 1682 2719 alia
1712 2657 2202 2738 quamplurima.

438 2753 742 2815 Caeterum
779 2755 844 2816 in
874 2755 1150 2819 Ecclesia
1203 2759 1419 2820 Graaca
1466 2774 1592 2819 non
1629 2757 1832 2820 solum
1880 2759 2368 2839 imperatoribus
2414 2772 2765 2835 eorumque
2807 2754 3135 2828 uxoribus,
3202 2754 3314 2816 sed
3361 2761 3424 2815 et
3479 2751 3612 2833 pri-

363 2854 518 2917 vatis
555 2858 914 2936 quibusque
945 2861 1053 2938 qui
1085 2860 1462 2922 monssteria
1503 2860 1881 2936 excitabant,
1915 2860 2144 2924 licebat
2174 2860 2411 2940 Typica
2446 2877 2558 2921 seu
2595 2858 2869 2936 Regulus
2911 2859 3124 2930 edere,
3157 2863 3225 2920 ut
3253 2857 3463 2918 videre
3521 2861 3616 2916 est

362 2960 533 3041 apud
562 2960 964 3024 Theodorum
997 2963 1435 3024 Balsamonem
1500 2964 1576 3025 ad
1618 2981 1929 3026 canonem
1968 2965 1993 3026 1
2030 2963 2258 3044 synodi
2306 2963 2814 3043 ConstantinOp.,
2868 2961 2979 3023 ubi
3021 2959 3157 3022 haac
3214 2958 3402 3021 habet
3436 2977 3450 3018 :
3491 2957 3615 3012 Ἐπ’

360 3066 543 3131 ἀδείας
567 3069 781 3139 ἔχουσιν
813 3071 866 3125 οι
898 3072 1197 3143 δομήτορες
1224 3072 1431 3127 τούτων
1461 3073 1667 3128 τυπικὰ
1696 3075 1976 3130 ὲκτίθεσθα

1996 3065 2254 3148 t;quod
2281 3065 2478 3128 fusius
2502 3066 2610 3126 ille
2640 3065 2726 3126 ibi
2777 3063 3203 3144 prosequitur.
3245 3062 3357 3124 Illa
3403 3067 3612 3123 autem

366 3167 601 3247 Typica
639 3169 1025 3229 vocabantur
1057 3167 1384 3238 κτητορικά.

845 3174 1025 3229 antur
1057 3167 1384 3238 κτητορικά.

442 3267 801 3347 Descriptus
851 3275 944 3330 est
987 3269 1188 3330 c‘idex
1237 3271 1404 3332 circa
1447 3270 1638 3332 ﬁnem
1682 3270 1935 3350 imperii
1979 3270 2177 3331 Alexii
2209 3268 2536 3342 Comneni,
2581 3276 2652 3330 ut
2680 3285 2758 3330 ex
2797 3267 3085 3350 pluribus
3134 3267 3288 3329 locis
3333 3267 3615 3329 eruditus

361 3367 584 3430 Lector
614 3367 801 3430 facile
830 3368 1161 3446 intelliget.

423 3494 484 3565 ς’)
528 3496 878 3566 lrenernarito
913 3509 1004 3564 suo
1025 3496 1200 3565 Alexio
1219 3495 1483 3566 .tiomneno
1513 3492 1822 3557 supervixit;
1854 3494 2004 3542 ﬁliam
2034 3492 2208 3542 habult
2229 3491 2606 3543 celeberrimam
2652 3492 2844 3543 Annam
2869 3491 3172 3542 Comnenam
3211 3503 3323 3552 qua:
3354 3487 3618 3539 historiam

356 3557 440 3605 sui
466 3557 620 3618 patris
649 3557 1030 3618 diligentissime
1061 3557 1277 3617 scripsit.

993 3857 1244 3919 INDEX
1286 3859 1641 3922 CAPITUM
1683 3859 1780 3919 ET
1826 3857 2302 3920 TITULORUM
2356 3859 2598 3923 HUIUS
2637 3858 2950 3930 OPERIS,

859 3997 977 4070 Qui
1025 3999 1095 4061 in
1141 4000 1573 4080 manuscripto
1609 4000 1829 4080 .Regio
1887 3998 2042 4062 3019
2100 4004 2414 4082 reperitur
2444 4003 2655 4075 initio,
2692 4001 2803 4064 sed
2843 3998 3131 4061 mutilus.

425 4279 494 4335 α’.
525 4279 661 4348 Περὶ
691 4277 798 4334 τοῦ
831 4277 1155 4345 ἐλευθέραν
1177 4279 1273 4333 καὶ
1301 4280 1751 4336 αὑτοδέσποτον
1777 4276 1932 4336 εἶναι

2110 4285 2162 4340 1.
2194 4285 2345 4350 Quod
2389 4284 2610 4338 liberum
2637 4282 2821 4351 suique
2843 4278 2987 4349 juris
3022 4293 3131 4330 esse
3167 4277 3354 4332 debeat
3400 4279 3621 4335 Gratia-

352 4373 468 4439 ιιὴν
497 4373 604 4441 τῆς
637 4369 1113 4441 κεχαριτωμένης
1154 4372 1256 4426 καὶ
1295 4373 1608 4444 πανάγνου
1640 4375 1931 4444 Θεομήτο-

1809 4375 1931 4441 ἧτο-
2055 4379 2224 4448 plena:
2249 4387 2297 4432 et
2335 4377 2644 4432 castissima:
2681 4373 2780 4428 Dei
2809 4371 2995 4426 Matris
3026 4374 3425 4426 monasterium.

345 4483 466 4534 ρος
483 4464 704 4534 μονήν.

425 4555 488 4627 β’.
532 4556 666 4624 Περὶ
719 4557 825 4611 τοῦ
878 4555 1005 4610 δεῖν
1042 4554 1427 4622 κοινοσιακῶς
1473 4555 1590 4623 τὴν
1630 4557 1928 4629 διαγωγὴν

2107 4553 2162 4609 2.
2192 4552 2341 4619 Quod
2381 4566 2497 4623 qua:
2537 4551 2592 4604 in
2624 4551 2944 4604 monasterio
2989 4547 3380 4620 Gratia-plena?
3422 4563 3505 4601 mo
3524 4563 3626 4600 na-

347 4642 608 4710 μετιέναι
638 4643 744 4710 τὰς
773 4643 843 4696 ἐν
872 4642 946 4711 τῇ
967 4641 1132 4712 μονῇ
1175 4643 1287 4712 τῆς
1317 4647 1792 4716 κεχαριτωμένης
1819 4651 1926 4703 τόν

2039 4648 2222 4701 sticam
2258 4647 2421 4700 vitam
2470 4645 2684 4714 degunt,
2709 4643 3063 4696 cwnobiticam
3107 4641 3442 4711 disciplinam
3485 4657 3607 4692 am-

348 4737 582 4806 μονήρη
613 4736 977 4803 διανυούσας
993 4738 1157 4802 βίον.

847 4738 977 4803 ὅσας
993 4738 1157 4802 βίον.
2045 4737 2200 4808 plecti
2225 4736 2463 4789 debeant.

423 4824 491 4892 γ’.
529 4826 666 4895 Περὶ
695 4823 812 4879 τῶν
849 4832 935 4893 εις
983 4827 1312 4896 ἀντίληψιν
1338 4827 1449 4896 τῆς
1475 4827 1672 4896 μονῆς
1720 4846 1927 4900 τεταγ-

2114 4825 2169 4879 3.
2199 4824 2454 4889 Quwnam
2482 4824 2545 4877 de
2573 4824 2880 4877 monasterii
2904 4823 3196 4891 patrocinio
3227 4821 3437 4874 sancita
3473 4823 3615 4888 sint;

345 4917 568 4986 μένων,
617 4917 715 4970 καὶ
764 4917 898 4984 περὶ
924 4917 1026 4972 τοῦ
1055 4917 1295 4984 κρατεῖν
1324 4918 1420 4970 καὶ
1450 4917 1566 4971 ὅσα
1597 4919 1668 4971 ἐν
1691 4917 1766 4985 τῇ
1795 4919 1924 4972 δια-

2044 4925 2094 4968 et
2139 4917 2276 4986 quod
2316 4915 2548 4968 obtinere
2581 4915 2801 4968 debeant
2834 4913 3154 4988 quacun4uc
3203 4916 3256 4968 in
3315 4923 3626 4969 testamento

354 5008 508 5076 θήκῃ
534 5026 652 5077 μου
701 5010 834 5076 περὶ
886 5009 997 5074 τῆς
1041 5009 1239 5076 μονῆς
1284 5007 1655 5078 διατάξομαι,
1693 5005 1798 5063 ἴσα
1846 5008 1927 5074 τῷ

2047 5023 2162 5061 meo
2196 5006 2260 5060 de
2290 5007 2607 5060 monasterio
2639 5015 2894 5072 statuam,
2927 5023 3073 5076 mque
3113 5025 3177 5060 ac
3221 5025 3450 5078 prwsens
3480 5010 3621 5077 typi-

355 5101 604 5168 παρόντι
655 5098 904 5163 τυπικῷ,
959 5099 991 5151 ὃ
1030 5100 1129 5151 καὶ
1161 5099 1388 5166 ὀφείλει
1422 5099 1588 5168 ἔχειν
1640 5101 1708 5154 τὸ
1740 5101 1928 5155 ἀναλ-

2045 5116 2185 5163 cum,
2217 5100 2354 5170 quod
2398 5100 2578 5153 itidem
2624 5116 2896 5169 nunquam
2946 5100 3260 5152 mutandum
3305 5109 3354 5153 et
3397 5103 3622 5154 varian-

353 5192 606 5245 Jotwror
636 5191 735 5244 καὶ
763 5190 1056 5259 ἄτρεπτον
1079 5187 1267 5243 ἐσαει.

675 5191 735 5243 αὶ
763 5190 1056 5259 ἄτρεπτον
1079 5187 1267 5243 semel.
2038 5191 2166 5244 dum
2193 5200 2291 5245 est.

424 5281 488 5335 δ’.
531 5281 670 5349 Περὶ
697 5283 806 5336 τοῦ
837 5280 964 5346 πῶς
998 5280 1074 5334 ἂν
1097 5279 1359 5350 διάγοιεν
1382 5281 1453 5334 ἐν
1479 5281 1554 5350 τῇ
1578 5283 1738 5351 μονῇ
1767 5286 1828 5338 αἱ
1856 5284 1924 5338 ἐκ

2111 5287 2164 5340 4.
2193 5283 2464 5350 Quomodo
2494 5284 2548 5336 in
2579 5283 2900 5337 monasterio
2932 5284 3132 5336 versari
3177 5282 3396 5335 debeant
3436 5291 3611 5350 neptes

353 5369 472 5423 τῶν
495 5371 757 5440 ἐγγόνων
787 5370 956 5439 ἡμῶν
1004 5370 1480 5441 ἀποκειρόμεναι,
1514 5373 1612 5427 καὶ
1645 5373 1716 5427 ἐν
1739 5376 1924 5443 ταύτῃ

2037 5385 2253 5440 nostrae,
2286 5392 2418 5444 quas
2458 5373 2730 5427 detonderi
2769 5374 3056 5442 continget,
3097 5372 3384 5442 quibusque
3415 5373 3467 5424 in
3517 5370 3621 5426 illo

354 5459 874 5529 παραχωρηθεῖσαι
905 5460 1153 5529 διάγειν,
1191 5461 1290 5515 καὶ
1322 5466 1381 5517 αι
1405 5465 1474 5518 ἐκ
1500 5463 1927 5534 περιφανεστέ-

2045 5468 2232 5538 degere
2261 5467 2600 5532 conceditur;
2634 5481 2835 5519 necnon
2869 5480 2985 5534 qna:
3012 5481 3076 5519 ex
3112 5464 3333 5518 clariori
3363 5473 3412 5517 et
3436 5461 3619 5535 spten-

348 5567 464 5618 pov
484 5549 630 5615 ,ϐίου
659 5550 757 5603 καὶ
805 5549 1034 5619 σεμνοῦ
1068 5555 1542 5623 προσερχόμενοι
1572 5554 1649 5627 τῇ
1684 5557 1927 5626 τοιαύτῃ

2041 5559 2164 5614 dida
2193 5561 2300 5616 vita
2332 5561 2402 5614 ad
2439 5561 2535 5616 hoc
2569 5559 2945 5614 monasterium
2978 5557 3299 5626 accedentes,
3329 5557 3382 5612 in
3406 5573 3463 5612 co
3494 5565 3615 5611 ton-

353 5641 515 5712 μονῇ
540 5642 634 5698 καὶ
667 5644 1119 5716 ἀποκειρόμεναι
1147 5645 1217 5701 ἐν
1249 5647 1419 5716 αὐτῇ.

667 5644 1119 5716 ἀποκειρόμεναι
1147 5645 1217 5701 ἐν
1249 5647 1419 5716 αὐτῇ.
2039 5649 2255 5704 dentur.
