4092 6202
543 270 647 334 987

613 383 667 437 5.
700 380 774 435 De
796 393 1013 434 numero
1040 376 1371 447 monialium.
2062 440 2069 445 ⁴

612 477 666 531 6.
700 476 848 540 Quod
873 475 926 526 in
950 488 1055 524 una
1085 472 1239 524 domo
1270 469 1528 525 moniaies
1559 487 1751 569 omncs‘
1769 474 2011 528 habitare
2032 475 2120 529 de-

541 570 715 622 beant.

614 660 662 711 7.
699 655 849 720 Quod
889 657 1055 727 gratis
1084 654 1361 709 tondenda'
1385 655 1490 708 sint
1525 672 1658 725 quas
1686 655 1958 708 detonderi
1991 672 2119 741 con-.-

541 750 723 817 tinget.
766 746 832 800 Et
866 747 1208 817 quandonam
1253 746 1646 817 suscipiendum
1684 747 1789 823 erit
1819 747 1956 817 quod
1991 740 2116 817 olfe-

540 849 706 891 retur.

609 928 663 982 8.
696 907 848 994 Quod
878 944 996 999 qua:
1041 946 1074 982 a
1115 926 1458 983 saecularibus
1495 930 1579 997 pio
1622 935 1890 999 proposito
1931 943 2119 982 mona-

538 1022 695 1075 sterio
727 1020 1115 1091 Gratia—plenae
1142 1031 1544 1086 consecrantur,
1576 1019 1790 1075 mobilia
1819 1036 1909 1075 seu
1936 1022 2121 1074 immo-

538 1115 685 1178 bilia,
721 1114 1050 1168 admittenda
1079 1115 1208 1170 sint.

606 1208 659 1261 9.
693 1208 849 1274 Quod
881 1224 997 1277 qua:
1026 1208 1348 1260 monasterio
1380 1206 1743 1276 assignantur,
1763 1206 1872 1262 sive
1903 1206 2118 1261 mobilia

539 1313 631 1352 seu
654 1298 968 1358 immobilia.
995 1314 1270 1370 nunquam
1293 1301 1401 1352 sint
1423 1298 1732 1353 alienanda.
1800 1337 1806 1342 ς

608 1389 695 1444 10.
728 1388 1079 1454 Quandonam
1120 1390 1311 1444 bonum
1336 1390 1524 1449 mobile
1550 1390 1860 1444 monasterii
1885 1389 2113 1443 alienari

657 1482 716 1535 ἰί.

678 1497 716 1535 ι.

534 1497 692 1626 νοῇ.
736 1572 1005 1637 Quomodo
1046 1571 1287 1640 eligenda
1329 1582 1376 1625 et
1405 1572 1703 1626 ordinanda
1743 1573 1811 1626 sit
1839 1572 2110 1642 prwfecta.

607 1745 693 1800 5‘2.
729 1745 877 1811 Quod
909 1750 1041 1803 citra
1090 1751 1329 1817 aﬂ‘ectum
1380 1749 1498 1816 ﬁeri
1541 1749 1727 1806 debeat
1758 1750 2021 1821 prtefe‘ctce
2059 1761 2109 1806 et

532 1837 829 1897 olﬁcialium
858 1839 1041 1893 electio
1072 1850 1121 1893 et
1151 1841 1419 1897 ordinatio

614 2015 697 2068 15.
746 2014 821 2068 De
857 2018 1125 2093 amotione
1173 2034 1288 2089 ejus
1333 2036 1450 2091 qua
1494 2036 1641 2075 secus
1690 2038 1851 2092 quam
1891 2040 1994 2093 par
2029 2036 2106 2081 est

528 2104 794 2175 prwfectte
817 2124 1005 2161 munus
1029 2109 1156 2164 obit.

602 2197 688 2251 M.
717 2196 867 2261 Quod
894 2215 1192 2254 azconomus
1222 2203 1276 2256 in
1301 2206 1622 2259 monasterio
1662 2220 1773 2261 esse
1797 2207 1979 2261 debeat
2010 2224 2106 2263 eu-

529 2292 726 2345 nuchus
757 2301 805 2345 et
834 2296 1061 2347 honesta’
1091 2298 1230 2349 vitat.

603 2382 687 2437 15.
722 2383 799 2436 De
826 2386 1207 2441 sacerdotibus.

600 2472 688 2526 16.
724 2475 877 2538 Quod
913 2493 1089 2531 omnes
1117 2479 1372 2535 moniales
1402 2485 1494 2535 sub
1522 2499 1626 2537 uno
1653 2483 1815 2539 Patre
1837 2486 2105 2554 spirituali

524 2574 635 2615 esse
662 2561 904 2619 debeant.

597 2653 683 2710 17.
717 2653 835 2720 Qua
878 2658 1086 2711 ratione
1131 2660 1220 2729 qui
1267 2661 1338 2713 ad
1392 2664 1778 2717 monasterium
1823 2665 2099 2728 accedunt,

525 2746 783 2800 Itoniales
811 2747 1013 2818 alloqui
1045 2750 1291 2816 debeant,
1312 2764 1361 2806 et
1392 2757 1630 2823 quinam,
1662 2767 1711 2811 et
1736 2759 2099 2828 quandonam.

597 2923 685 2977 18.
716 2926 763 2980 Α
796 2943 1029 2996 quanam
1058 2929 1176 2997 ﬁeri
1195 2931 1377 2986 debeat
1414 2934 1714 3002 oﬁ'icialium
1745 2937 2024 3006 institutio,
2052 2953 2098 2993 et

522 3017 801 3089 quomodo.

594 3108 683 3162 i9.
714 3109 788 3162 De
817 3112 1264 3182 scevOphylacissa
1296 3131 1384 3169 seu
1415 3133 1660 3171 vasorum
1695 3120 1927 3174 custode.

589 3199 680 3254 20.
713 3199 788 3254 De
815 3201 1237 3261 ecclesiarcliissa
1261 3221 1354 3261 seu
1391 3207 1621 3264 ecclesia:
1649 3214 1955 3282 prwposita.

588 3290 679 3343 21.
709 3289 788 3345 De
811 3293 1020 3362 officiali
1056 3312 1174 3362 qua:
1204 3299 1314 3350 esui
1347 3301 1643 3354 necessaria
1670 3304 1890 3372 percipit
1927 3313 1976 3357 et
2002 3322 2095 3358 ea:-

519 3385 732 3449 uendit;
783 3394 834 3439 et
865 3388 1007 3457 quod
1053 3391 1162 3442 lure
1205 3390 1269 3444 ab
1316 3391 1431 3460 ipsa
1473 3394 1667 3463 scripto
1714 3396 1962 3451 mandari
2004 3398 2096 3451 de-

515 3474 691 3531 beant.

585 3569 677 3623 22.
726 3569 805 3623 De
835 3573 943 3625 vini
972 3575 1203 3628 custode.

584 3660 676 3711 ‘23.
711 3659 784 3712 De
826 3662 1127 3717 horrearia.

584 3745 675 3800 Ἡ.
705 3745 784 3798 De
804 3748 967 3816 ofﬁcio
992 3750 1459 3819 depositariarum.

583 3838 676 3894 ‘25.
717 3838 797 3894 De
836 3842 1201 3911 refectoraria,
1231 3854 1281 3898 et
1315 3848 1428 3916 ejus
1452 3850 1634 3920 ofﬁcio.

581 4025 669 4079 26.
714 4025 794 4079 De
834 4027 1164 4085 institutione
1195 4034 1736 4103 epistemonarcltissa:
1782 4044 1889 4096 sive
1934 4044 2088 4099 disci-

509 4118 675 4190 plina:
697 4126 1018 4191 pra’posiite,
1053 4133 1105 4178 et
1130 4127 1245 4195 ejus
1279 4129 1464 4198 ofﬁcio.

577 4211 669 4265 27.
704 4212 780 4266 De
817 4218 1112 4285 prwpositis
1144 4234 1381 4289 cperunt.

578 4301 668 4357 28.
702 4303 779 4356 De
801 4305 1134 4375 depositariis
1172 4313 1427 4370 vestiarii.

576 4394 667 4450 29.
704 4395 781 4449 Ite
807 4400 1047 4455 ostiaria.

574 4487 664 4543 50.
698 4488 910 4555 Quanto
948 4503 1182 4566 tempore
1215 4500 1267 4552 in
1307 4506 1626 4557 monasterio
1654 4518 1958 4577 exspectare
1986 4512 2078 4564 de-

503 4582 623 4637 beat
650 4600 769 4638 oua:
799 4589 1120 4645 extrinsecus
1152 4592 1382 4660 advenit,
1406 4604 1454 4647 et
1488 4597 1752 4654 tondenda
1783 4611 1880 4655 est.

569 4768 659 4824 3i.
697 4768 926 4834 Quinam
957 4774 1029 4827 ad
1081 4777 1318 4831 curanda
1362 4782 1673 4834 monasterii
1719 4782 1921 4850 prwdia
1956 4786 2077 4838 mit-

501 4862 643 4913 tendi
663 4863 793 4918 sint.

565 4953 657 5008 52.
692 4954 772 5008 De
800 4956 973 5027 Οῆῑεὶο
1002 4960 1210 5029 prinue,
1238 4965 1408 5018 tertia:
1440 4973 1488 5019 et
1513 4975 1677 5022 sextae
1715 4970 1876 5022 norat.

566 5133 655 5187 55.
692 5134 765 5188 De
796 5138 1031 5191 mesoriis
1070 5155 1161 5193 seu
1200 5143 1380 5198 mediis
1410 5146 1551 5200 horis
1595 5150 1801 5218 primw,
1831 5150 1999 5204 tertia:
2025 5160 2071 5203 et

495 5234 658 5280 sexta:
683 5230 846 5292 liora’,
874 5229 938 5281 de
967 5232 1171 5301 typicis,
1204 5235 1268 5289 de
1309 5254 1463 5292 sacra
1492 5239 1757 5311 Liturgia,
1781 5252 1829 5294 et
1861 5243 1924 5296 de
1946 5260 2071 5296 sano

494 5327 581 5374 cta
616 5321 1005 5375 communione.

562 5411 652 5464 54.
683 5411 820 5478 Quot
844 5432 1007 5485 panes
1034 5417 1087 5471 in
1122 5420 1355 5491 qualibet
1394 5422 1634 5496 Liturgia
1656 5426 1906 5496 afferendi
1942 5429 2067 5491 sint,

494 5505 542 5550 et
567 5498 663 5568 prb
690 5505 897 5573 quibus.

568 5595 655 5649 33.
692 5596 767 5651 De
796 5601 926 5655 liora
950 5619 1111 5672 nona,
1142 5610 1455 5677 vespertino,
1485 5619 1529 5663 ct
1578 5613 1927 5681 pannycliidc,
1961 5614 2066 5667 sive

489 5690 780 5762 pervigilio.

1809 269 2092 332 IRENES
2134 271 2510 334 AUGUSTAE

3702 280 3825 342 988

2299 387 2359 435 ε’.
2389 378 2528 450 Περὶ
2569 380 2676 436 τοῦ
2704 380 2954 452 ἀριθμοῦ
2987 384 3107 438 τῶν
3130 382 3544 454 μονιιζουσῶν.

2295 477 2370 535 ς’.
2406 472 2542 548 Περὶ
2597 472 2705 528 τοῦ
2757 474 2827 528 ἐν
2860 473 2951 529 ἑνὶ
2995 476 3246 541 οἰκίσκῳ
3290 478 3397 543 τὰς
3430 477 3821 548 μοναζοῡσας

2225 546 2447 629 πάσας
2460 562 2688 632 μένειν.

2294 652 2362 716 ζ’.
2398 656 2537 723 Περὶ
2578 657 2686 711 τοῦ
2720 656 2949 726 δωρεὰν
2986 660 3410 730 ἀποκείρεσθαι
3434 664 3542 731 τὰς
3571 667 3819 723 ἀποκεί-

2215 737 2432 813 ρεσθαι
2480 749 2859 817 μελλούσας,
2888 738 3014 805 λκαι
3055 753 3201 807 πότε
3250 754 3424 808 ἐσται
3470 755 3690 811 δεκτὸν
3746 762 3818 814 τὸ

2222 838 2713 906 προσαγόμενον.
2738 912 2747 918 ᾖ
3348 828 3351 831 Ι

2291 925 2362 998 η’.
2398 928 2537 996 Περὶ
2561 930 2670 984 τοῦ
2699 929 2772 985 τὰ
2792 932 2954 1000 παρὰ
2975 935 3282 1004 κοσμικῶν
3311 938 3579 1007 θεοφιλεῖ
3595 942 3818 1008 σκοπῷ

2221 1021 2643 1091 ἀφιερούμενα,
2669 1023 2742 1093 τῇ
2768 1024 2934 1095 μονῇ
2961 1028 3069 1095 τῆς
3100 1031 3596 1100 κεχαριτωμένης,
3632 1052 3817 1103 κινη-

2221 1114 2293 1168 td
2323 1132 2385 1169 τε
2413 1116 2511 1170 καὶ
2533 1118 2813 1186 ἀκίνητα,
2833 1118 3049 1175 δεκτέα
3075 1117 3249 1174 εῖναι.

2291 1205 2355 1262 θ’.
2393 1208 2533 1277 Περὶ
2564 1210 2672 1264 τοῦ
2700 1210 2901 1265 πάντα
2945 1212 3019 1265 τὰ
3063 1212 3141 1281 τῇ
3179 1213 3341 1282 μονῇ
3386 1206 3809 1286 ὁμοριζόμειτι,

2217 1297 2590 1366 ἀνεκποίητα
2620 1297 2797 1367 εἶναι,
2825 1303 3040 1369 κινητά
3068 1320 3131 1358 τε
3160 1305 3263 1359 καὶ
3293 1305 3570 1371 ἀκίνητα.

2289 1397 2342 1443 ι’.
2371 1391 2510 1458 Περὶ
2541 1394 2670 1456 τοῦ,
2704 1397 2849 1448 πότε
2900 1394 3151 1463 κινητὸν
3174 1395 3286 1466 τῆς
3309 1398 3509 1468 μονῆς
3547 1400 3812 1459 ἐκποιεῖο

2217 1484 2358 1535 σθαι
2379 1482 2652 1541 δύναται.

2291 1573 2378 1629 ια’.
2412 1576 2550 1644 Περὶ
2582 1577 2690 1631 τοῦ
2720 1576 2845 1645 πῶς
2871 1577 2969 1632 δεῖ
2986 1577 3371 1646 ἐπιλέγεσθαι
3422 1585 3519 1636 καί
3557 1601 3807 1656 προχει-

2209 1661 2473 1732 ρίζεσθαι
2508 1665 2625 1734 τὴν
2652 1668 3017 1738 ἡγουμένην.

2290 1754 2378 1825 ιβ’.
2412 1756 2552 1825 Περὶ
2581 1758 2689 1813 τοῦ
2719 1759 2898 1828 χωρὶς
2941 1759 3173 1828 πάθους
3203 1762 3478 1832 τίνεσθαι
3527 1766 3640 1834 τὴν
3674 1767 3803 1821 ἐπι.

2220 1853 2415 1923 λογὴν
2439 1853 2550 1923 τῆς
2581 1856 2945 1925 ἡγουμένης,
2985 1855 3082 1910 καὶ
3118 1859 3516 1927 προχείρισιν,
3556 1862 3650 1915 καὶ
3681 1860 3804 1915 τῶν

2218 1942 2667 2016 διακόνητριῶν.
2816 2022 2821 2027 _

2287 2034 2379 2104 ιγ’.
2416 2037 2554 2106 Περὶ
2581 2037 3037 2106 μετακινήσεως
3067 2037 3176 2107 τῆς
3198 2039 3285 2110 μὴ
3309 2041 3389 2107 ὡς
3418 2042 3515 2096 δεῖ
3543 2046 3799 2116 mmma-

2213 2129 2543 2195 νευούσης.

2285 2216 2344 2271 ιδ’
2351 2259 2364 2273 .
2393 2221 2532 2290 Περὶ
2573 2222 2682 2277 τοῦ
2707 2224 3031 2291 οἰκονόμον
3075 2221 3207 2296 δεῖν
3250 2219 3404 2279 εἶναι
3440 2228 3510 2280 ἐν
3536 2229 3610 2297 τῇ
3629 2230 3796 2300 μονῇ

2208 2310 2526 2380 εὐνοῦχον,
2555 2313 2654 2366 καὶ
2682 2314 2916 2383 σεμνοῦ
2942 2314 3101 2377 βίου.

2285 2407 2365 2455 ιε’.
2402 2404 2541 2470 Περὶ
2572 2403 2690 2457 τῶν
2719 2403 2940 2474 ἱερέων.

2283 2499 2378 2557 ις’.
2413 2495 2551 2563 Περὶ
2591 2495 2699 2549 τοῦ
2737 2496 2942 2564 πασας
2976 2499 3089 2566 τὰς
3130 2500 3508 2570 μοναζούσας
3554 2506 3655 2575 ὑφ’
3678 2506 3790 2560 ἕνα

2207 2579 2361 2636 εἶναι
2390 2588 2802 2655 πνευματικὸν
2828 2590 3079 2659 Πατέρα.

2281 2674 2365 2738 ιζ’.
2402 2676 2541 2745 Περὶ
2571 2679 2677 2733 τοῦ
2716 2678 2843 2746 πῶς
2885 2685 2940 2736 οι
2982 2684 3477 2754 παραϐάλλοντες
3510 2689 3788 2758 ὀφείλου-

2206 2778 2312 2816 σιν
2341 2765 2734 2836 ἐντυγχάνειν
2769 2770 2899 2838 ταῖς
2933 2773 3249 2843 μοναχαῖς,
3298 2777 3398 2830 καὶ
3456 2780 3634 2844 τίνες.
3682 2779 3786 2833 καὶ

2206 2854 2371 2911 πότε.

2280 2952 2369 3014 ιη’.
2403 2948 2543 3015 Περὶ
2570 2951 2678 3004 τοῦ
2706 2954 2868 3021 παρὰ
2892 2955 3055 3021 τίνος
3085 2955 3179 3011 δεῖ
3202 2959 3477 3026 τίνεσθαι
3506 2961 3613 3028 τὰς
3639 2976 3787 3032 προ-

2204 3037 2490 3104 χειρίσεις
2525 3038 2644 3093 τῶν
2665 3041 3119 3114 διακονητριῶν,
3152 3050 3254 3103 καὶ
3278 3050 3429 3119 πῶς.

2275 3128 2361 3183 ιΘ’.
2386 3130 2523 3197 Περὶ
2546 3132 2658 3199 τῆς
2686 3139 3284 3210 σκευοφυλακίσσης.

2272 3217 2338 3272 κ’.
2377 3222 2517 3289 Περὶ
2544 3223 2653 3292 τῆς
2670 3227 3258 3301 ἐκκλησιαρχίσσης.

2271 3317 2377 3366 κα’.
2412 3316 2551 3384 Περὶ
2582 3316 2691 3386 τῆς
2722 3318 2790 3371 τὰ
2819 3320 3075 3391 ἐδώδιμα
3100 3325 3555 3396 εἰσοδιιιζούσης
3585 3348 3648 3384 τε
3681 3336 3779 3387 ναὶ

2197 3403 2627 3477 ἐξοδιαζούσης
2679 3410 3122 3482 διακονητρίας,
3163 3419 3260 3471 καὶ
3307 3418 3419 3486 τῆς
3457 3423 3613 3487 παρὰ
3646 3426 3784 3478 ταύ-

2198 3511 2308 3562 της
2335 3498 2703 3569 ὀφειλούσης
2737 3505 3008 3572 γίνεσθαι
3042 3509 3267 3562 τούτων
3291 3510 3668 3582 ἀποῃοαερῆς.

2267 3589 2373 3659 κβν.
2403 3592 2542 3659 Περὶ
2567 3591 2678 3661 τῆς
2708 3598 3012 3666 οἰνοχόης.

2264 3679 2374 3748 κγ’.
2409 3684 2547 3752 Περὶ
2587 3684 2699 3752 τῆς
2731 3688 3062 3757 ὡρειαριάς.

2264 3772 2360 3828 κδ’.
2394 3776 2530 3844 Περὶ
2566 3779 2675 3846 τῆς
2704 3778 2824 3833 τῶν
2862 3781 3210 3851 δοχειαριῶν
3236 3785 3564 3853 διακονίας.

2264 3867 2363 3922 κε’.
2390 3870 2527 3937 Περὶ
2561 3870 2673 3940 τῆς
2705 3873 3116 3944 τραπεζαρίας,
3153 3879 3249 3931 καὶ
3282 3877 3390 3947 τῆς
3413 3881 3634 3946 ταύτης
3659 3880 3778 3935 διας

2191 3962 2421 4027 κονίας.

2261 4053 2376 4120 κς’.
2411 4058 2547 4125 Περὶ
2622 4062 3049 4131 προχειρίσεως
3106 4064 3770 4136 ἑπιστημοναρχίσσης.

2189 4149 2289 4204 καὶ
2327 4149 2442 4219 τῆς
2469 4150 2783 4217 διακονίας
2812 4153 3026 4222 αὐτῆς.

2260 4238 2363 4304 κζ’.
2397 4242 2536 4308 Περὶ
2565 4241 2689 4296 τῶν
2717 4244 3128 4314 ἐργοδοτριῶν.

2258 4328 2362 4400 κη’.
2392 4332 2530 4400 Περὶ
2558 4333 2675 4385 τῶν
2702 4334 2771 4387 ἐν
2801 4336 2881 4402 τῷ
2905 4337 3134 4404 βεστίῳ
3162 4338 3527 4410 δοχειαριῶν.

2255 4422 2361 4479 κθ’.
2395 4425 2537 4492 Περὶ
2570 4424 2679 4493 τῆς
2706 4430 3009 4498 πυλωροῦ.

2257 4511 2320 4564 λ’.
2354 4514 2494 4581 Περὶ
2519 4514 2627 4570 τοῦ
2653 4516 2852 4570 πόσον
2873 4519 3098 4585 χρόνον
3122 4519 3218 4573 δεῖ
3233 4520 3572 4590 περιμένειν
3596 4520 3666 4572 ἐν
3689 4519 3766 4588 τῇ
3798 4564 3803 4567 .

2177 4604 2340 4674 μονῇ
2369 4608 2483 4673 τὴν
2507 4608 2732 4673 ἔξωθεν
2751 4612 3090 4676 εἰσιοῦσαν,
3122 4615 3218 4667 καὶ
3238 4615 3598 4679 μέλλουσαν
3623 4613 3766 4668 ἀποο

2182 4698 2506 4765 κείρεσθαι.

2253 4789 2355 4846 λα’.
2383 4792 2522 4861 Περὶ
2562 4793 2669 4848 τοῦ
2705 4795 2875 4860 τίνας
2902 4794 2998 4847 δεῖ
3013 4796 3500 4851 ἀποστέλλεσθαι
3533 4796 3621 4861 εἷς
3650 4794 3765 4863 τὴν

2178 4881 2300 4937 τῶν
2324 4883 2638 4954 κτημάτων
2669 4884 2778 4953 τῆς
2801 4886 2998 4955 μον-ῆς
3022 4890 3332 4955 πρόνοιαν.

2249 4973 2352 5042 λβ’.
2384 4975 2523 5043 Περὶ
2578 4974 2944 5043 ἀκολουθίας
2994 4978 3251 5047 πρώτης,
3304 4979 3509 5047 τρίτης
3544 4996 3612 5034 τε
3659 4979 3760 5034 καὶ

2175 5064 2356 5131 ἕκτης
2391 5065 2565 5134 ὥρας.

2248 5153 2348 5222 λγ’.
2379 5156 2517 5224 Περὶ
2547 5155 2665 5211 τῶν
2687 5159 3003 5227 μεσωρίων
3027 5160 3135 5228 τῆς
3169 5160 3424 5229 πρώτης.
3454 5162 3659 5231 τρίτης
3695 5178 3761 5216 τε

2175 5248 2271 5301 καὶ
2303 5249 2483 5319 ἕκτης
2510 5250 2688 5319 ὥρας,
2706 5250 2825 5306 τῶν
2854 5252 3141 5318 τυπικῶν,
3160 5252 3269 5323 τῆς
3302 5251 3466 5324 ἱερᾶς
3491 5258 3761 5322 Λειτουρ-

2175 5342 2304 5409 ria;
2336 5341 2435 5395 καὶ
2464 5342 2575 5410 τῆς
2599 5344 2771 5412 ἁγίας
2797 5345 3218 5413 μεταλήψεως.

2248 5430 2345 5484 λδν.
2376 5432 2517 5499 Περὶ
2546 5433 2653 5487 τοῦ
2682 5434 2918 5501 πόσους
2940 5434 3288 5503 ἅρτουςδεῖ
3304 5436 3755 5506 προσφέρεσθαι

2176 5523 2305 5578 καθ’
2328 5523 2599 5592 ἑκάστην
2636 5528 3035 5597 Δειτουργίαν,
3068 5527 3168 5580 καὶ
3196 5527 3349 5597 ὑπὲρ
3379 5529 3581 5583 τίνων.
3744 5600 3751 5607 ο

2248 5616 2342 5668 λε’.
2371 5616 2508 5683 Περὶ
2542 5615 2649 5686 τῆς
2672 5617 2926 5688 ἐννάτης
2955 5618 3128 5690 ὥρας,
3160 5618 3616 5690 ἐσπεριιόῦ,ναὶ
3646 5612 3753 5683 τῆς

2176 5707 2569 5777 παννυχίδος.
