4104 6200
346 310 454 374 989

418 421 527 485 λς’.
565 421 702 489 Περὶ
736 419 853 474 τῶν
876 422 1283 491 ἀποδείπνων.

416 513 517 578 λζ’.
550 512 687 581 Περὶ
718 530 831 566 νυκ
842 513 1074 584 τερινῆς
1097 516 1483 585 ἀκολουθίας.

414 606 516 674 λη’.
545 605 681 672 Περὶ
712 604 814 672 τῆς
845 609 1250 675 μεσονυκτίου
1280 609 1658 677 ἀκολουθίας.

425 693 512 747 \0'.
540 694 679 761 Περὶ
707 695 1004 763 ἐνάρξεως
1048 698 1282 767 ὄρθρου.

419 785 490 854 μ’.
516 784 655 852 Περὶ
691 785 803 853 τῆς
853 790 940 852 εἰς
968 787 1083 855 τὴν
1132 789 1425 856 τράπεζαν
1457 794 1734 860 κλήσεως
1754 834 1768 858 ,
1821 797 1918 853 καὶ

343 877 456 944 τῆς
483 876 556 930 ἐν
582 874 741 944 αὐτῇ
773 876 1094 947 διαγωγῆς.

416 974 525 1038 μα’.
558 968 699 1035 Περὶ
725 969 832 1023 τοῦ
860 969 971 1025 ἐάν
990 988 1082 1037 τις
1106 974 1180 1027 ἐν
1206 973 1280 1043 τῇ
1303 974 1571 1030 ἑστιάσει
1604 977 1880 1047 ἀτακτῇ.’

421 1146 529 1218 μβ’.
549 1148 687 1217 Περὶ
710 1150 818 1204 τοῦ
852 1150 961 1204 ἐάν
993 1169 1082 1219 τις
1117 1154 1250 1221 περὶ
1285 1158 1716 1226 προκαθεδρίας
1740 1161 1917 1229 ἀμφι-

345 1238 566 1308 σϐητῇ.

421 1338 532 1399 μγ.
565 1330 703 1399 Περὶ
729 1331 836 1385 τοῦ
859 1333 946 1400 μὴ
994 1332 1188 1400 ζητεῖν
1210 1354 1265 1392 τι
1296 1337 1434 1406 παρ’
1466 1338 1774 1405 ἀλλήλων.

423 1423 527 1491 με’.
560 1424 696 1490 Περὶ
730 1424 837 1477 τοῦ
861 1426 1267 1494 ἀπαραίτητον
1284 1425 1437 1484 εἷναι
1464 1429 1591 1495 ταῖς
1617 1429 1921 1498 ὑγιαινού-

347 1531 489 1580 σαις
515 1513 630 1581 τὴν
654 1517 870 1582 κοινὴν
902 1515 1211 1585 τράπεζαν,
1244 1520 1342 1572 καὶ
1370 1519 1503 1587 περὶ
1526 1520 1868 1575 νοσουσῶν.

418 1612 522 1676 με’.
556 1606 697 1675 Περὶ
736 1607 845 1661 τοῦ
872 1608 970 1660 καὶ
994 1607 1282 1677 δευτέραν
1306 1610 1578 1679 γίνεσθαι
1616 1613 1913 1668 ἑστίασιν.

413 1705 533 1769 μςι.
562 1698 701 1767 Περὶ
741 1698 852 1767 τῆς
881 1699 950 1752 ἐν
971 1699 1166 1767 λιταῖς
1190 1701 1440 1771 ἡμέραις
1473 1702 1720 1773 τροφῆς.

415 1881 521 1949 μζθ.
549 1880 689 1950 Περι
720 1880 830 1950 τῆς
855 1882 926 1936 ἐν
946 1880 1023 1951 τῇ
1041 1883 1278 1953 μεγάλῃ
1300 1880 1765 1952 Τεσσαρακοστῇ
1787 1898 1917 1950 τρο-

340 1990 483 2042 φης.

415 2062 531 2134 μη’.
558 2063 697 2132 Περὶ
755 2064 866 2131 τῆς
900 2065 972 2119 ἐν
1023 2082 1096 2133 τῃ
1153 2081 1274 2118 των
1320 2053 1506 2133 ἁγίων
1558 2066 1919 2120 ἀποστόλων

346 2153 832 2222 Τεσσαρακοστῇ,
864 2153 963 2208 καὶ
991 2154 1112 2209 τῶν
1129 2153 1391 2223 Χριστοῦ
1425 2155 1764 2217 Γενεθλίων
1790 2172 1918 2224 τρο-

341 2264 486 2316 sane.
712 2281 717 2286 -

414 2338 525 2408 μο⁹.
555 2336 695 2405 Περὶ
726 2336 839 2401 τοῦ⁸
852 2335 939 2405 μὴ
961 2338 1385 2407 λαθραφαγεῖν.

412 2434 476 2483 ν’.
514 2430 655 2497 Περὶ
688 2430 1007 2496 ἀκτησίας.

410 2527 512 2574 va’.
544 2520 680 2588 Περὶ
709 2523 815 2577 τοῦ
835 2526 922 2593 μὴ
956 2525 1085 2579 δεῖν
1123 2526 1230 2592 τὰς
1255 2510 1529 2594 μοναχὰς
1553 2524 1651 2577 ἐπὶ
1678 2524 1785 2579 τοῦ
1814 2542 1910 2580 τυ-

343 2611 522 2666 πικοῦ
546 2612 879 2680 ὑποθήκαις
909 2617 1039 2684 περὶ
1073 2615 1183 2685 τῆς
1212 2614 1595 2685 κοινοϐιακῆς
1622 2614 1919 2685 διαγωγῆς

342 2704 613 2774 ἀθυμεῖν.

412 2799 511 2870 νβ’.
543 2801 680 2870 Περὶ
709 2801 816 2856 τοῦ
838 2799 1044 2856 πᾶσαν
1077 2799 1195 2869 τὴν.
1212 2800 1515 2867 διοίκησιν
1565 2797 1685 2853 τῶν
1726 2816 1908 2867 μονα·

341 2886 574 2948 ὣυσῶν
593 2892 711 2946 ἀπὸ
746 2891 865 2945 τῶν
887 2891 1140 2945 εὶσόδων
1178 2892 1445 2961 γίνεσθαι
1477 2889 1588 2956 τῆς
1612 2889 1831 2958 μονῆς.

412 2979 513 3050 νγ’.
548 2984 684 3051 Περὶ
755 2982 863 3036 τοῦ
897 2982 982 3051 μὴ
1031 2981 1477 3049 ἐξωμονίτιδας,
1528 2981 1567 3049 ἢ
1623 2997 1914 3050 καταπεμ-

342 3073 497 3139 πτὰς
524 3074 969 3141 προσδέχεσθαι
1006 3073 1075 3126 ἐν
1108 3072 1180 3141 τῇ
1198 3071 1382 3141 μονῇ.

414 3164 510 3219 νδ.
545 3164 681 3232 Περὶ
711 3164 819 3217 τοῦ
839 3165 934 3218 καὶ
965 3161 1420 3231 ὲξωκουρίτιδας
1464 3163 1745 3230 δέχεσθαι
1780 3162 1917 3214 ἐνα-

336 3239 579 3320 ρέτους,
614 3255 667 3306 εί
708 3253 794 3321 μὴ
817 3250 1116 3321 βασιλικῇ
1155 3252 1193 3321 ἢ
1227 3249 1553 3321 ἀρχοντικῇ
1586 3249 1916 3320 χρήσαιντο

342 3342 693 3411 δυναστείᾳ.

413 3529 507 3577 νε¹.
544 3522 685 3588 Περὶ
715 3523 822 3577 τοῦ
863 3539 946 3592 μη
975 3520 1374 3575 ἀλλοιοῦσθαί
1397 3534 1541 3573 ποτε
1582 3516 1697 3587 τὴν
1719 3534 1914 3571 κοινο-

344 3614 561 3682 ϐιακὴν
588 3614 910 3684 διαγωγήν.

414 3704 522 3770 νς⁹.
552 3706 689 3773 Περὶ
715 3706 819 3759 τοῦ
854 3705 968 3773 τὴν
1002 3704 1198 3771 αὐτὴν
1228 3699 1381 3757 εἷναι
1401 3700 1614 3755 πασῶν
1642 3699 1760 3754 τῶν
1804 3718 1915 3769 μο-

341 3793 649 3857 ναζὸυσῶν
665 3796 902 3865 ,ϐρῶσίν
931 3813 994 3849 τε
1024 3797 1121 3850 καὶ
1153 3795 1359 3859 πόσιν,
1396 3795 1494 3847 καὶ
1517 3791 1913 3861 ἐνδυμασιαν,

343 3887 521 3954 χωρὶς
548 3886 667 3938 τῶν
695 3884 1036 3952 ἀρρώστων.

413 3975 509 4039 νζ’.
542 3976 679 4042 Περὶ
714 3978 821 4029 τοῦ
844 3974 1254 4043 παραϐάλλειν
1278 3972 1484 4038 ἰατρὸν
1508 3972 1587 4025 ἐν
1629 3968 1702 4038 τῇ
1728 3967 1912 4039 μονῇ,

342 4065 439 4120 καὶ
477 4067 608 4136 περὶ
637 4065 744 4135 τῆς
778 4065 897 4120 τῶν
927 4067 1348 4122 ἀσθενούντων
1376 4062 1681 4134 προνοίας.

412 4161 515 4232 ντί.
547 4162 684 4229 Περὶ
711 4161 995 4229 λουτροῦ.

415 4249 513 4305 vb'.
548 4254 685 4317 Περὶ
737 4250 849 4318 τῆς
891 4249 1044 4304 κατὰ
1092 4249 1207 4317 τὴν
1254 4248 1540 4316 κοίμησιν
1582 4242 1693 4311 τῆς
1740 4242 1915 4312 ἁγίας

346 4343 637 4395 Θεοτόκου
669 4340 844 4409 ἐορτῆ
849 4362 903 4406 ς.

416 4429 479 4494 ξ’.
512 4431 648 4499 Περὶ
691 4430 802 4499 τῆς
852 4432 1003 4483 κατὰ
1030 4428 1139 4497 τὴν
1166 4426 1456 4497 γέννησιν
1478 4424 1590 4494 τῆς
1624 4424 1914 4478 Θεοτόκου

341 4518 575 4588 ἑορτῆς.

412 4612 512 4675 ξω.
548 4609 687 4679 Περὶ
707 4610 819 4678 τῆς
844 4608 1058 4679 ἑορτῆς
1071 4607 1189 4663 τῶν
1200 4605 1706 4678 Χριστουτέννων.

413 4700 510 4770 ξβ’.
545 4700 686 4769 Περὶ
718 4699 823 4768 τῆς
856 4699 1068 4769 ἑορτῆς
1096 4698 1205 4767 τῆς
1248 4694 1645 4764 Ύπαπαντῆς.

412 4794 515 4861 ξγ’.
547 4793 687 4861 Περὶ
716 4790 828 4860 τῆς
859 4791 978 4845 τῶν
1002 4792 1187 4859 ἁγίων
1212 4789 1425 4844 Παθὼν
1448 4788 1780 4858 φωταψίας.

413 4885 504 4949 ξδ’.
546 4885 685 4951 Περὶ
712 4883 819 4937 τοῦ
850 4883 1121 4953 γίνεσθαι
1144 4881 1470 4951 μετάδοσιν
1499 4881 1625 4934 καθ’
1651 4876 1919 4945 ἑκάστην

342 4976 568 5045 ἡμέραν
589 4974 660 5027 ἐν
688 4972 768 5038 τῷ
799 4972 1053 5027 πυλῶνι.

413 5063 508 5132 ξέ.
543 5064 680 5133 Περὶ
708 5062 816 5118 τοῦ
864 5061 1383 5131 ἀναγινώσκεσθαι
1428 5058 1494 5114 τὸ
1531 5057 1787 5114 τυπικὸν
1832 5060 1919 5124 είς

340 5156 606 5220 ἐπήκοον
629 5154 843 5209 πασῶν
862 5156 1013 5207 κατὰ
1030 5152 1212 5223 μῆνα.

415 5247 522 5312 ξς¹.
553 5246 693 5315 Περὶ
712 5244 819 5330 τῇς
842 5246 948 5300 τοῦ
970 5247 1131 5301 θείου
1160 5242 1312 5300 ναοῦ
1340 5228 1740 5315 καθημερινῆς
1768 5260 1918 5314 φωτ-

343 5342 527 5410 artari
528 5358 620 5407 ας.

416 5431 515 5498 εξ.
550 5436 689 5502 Περὶ
721 5436 840 5490 τῶν
862 5438 1070 5502 κύκλῳ
1119 5436 1226 5492 τοῦ
1266 5434 1563 5502 τρούλλου
1627 5429 1915 5500 κρεμαμέο

347 5516 470 5576 νέων
497 5527 824 5593 κρατήρων,
850 5529 953 5583 καὶ
980 5528 1099 5582 τῶν
1136 5525 1383 5583 λοιπῶν.

421 5612 520 5682 ξην.
552 5616 693 5683 Περὶ
720 5616 838 5672 τῶν
866 5619 1231 5687 ὀφειλόντων
1250 5615 1539 5671 ἅπτεσθαι
1580 5612 1819 5680 κηρίων.

419 5702 513 5769 ξο’.
550 5704 687 5774 Περὶ
727 5708 829 5763 τοῦ
864 5708 1102 5773 ὕδατος.

1749 322 2111 386 TYPICUM.

2095 435 2181 490 56.
2220 435 2296 490 De
2324 436 2361 490 Α
2373 439 2612 507 podipnis
2649 453 2739 491 seu
2765 436 3139 506 Completorio.

2090 528 2182 582 57.
2218 527 2293 581 De
2320 539 2573 583 nocturno
2604 528 2802 599 Ofﬁcio.

2089 618 2181 673 33.
2222 617 2297 672 De
2321 617 2494 688 O/ﬁcio
2523 619 2707 674 media:
2731 605 2922 675 noctis.

2089 708 2181 763 59.
2215 708 2290 763 De
2324 711 2473 764 initio
2515 709 2791 765 Matutini.

2089 797 2179 850 40.
2221 798 2294 851 De
2323 802 2590 853 vocatione
2630 800 2700 853 ad
2745 816 3001 866 mensam,
3035 810 3083 855 et
3112 802 3176 855 de
3206 803 3484 874 disciplina
3522 808 3591 861 ibi

2019 889 2304 940 servanda.

2090 980 2180 1033 41.
2212 977 2352 1043 Quid
2384 980 2645 1050 agendum
2677 983 2723 1035 si
2757 998 2863 1035 oua
2893 984 2945 1035 in
2979 983 3256 1053 refectione
3287 984 3591 1039 immodeste

1932 1102 1937 1106 -
2018 1085 2075 1123 se
2105 1072 2338 1141 gesserit.

2089 1158 2178 1212 42.
2206 1156 2345 1222 Quid
2368 1160 2631 1229 agendum
2661 1161 2708 1214 si
2736 1178 2841 1229 qua
2875 1160 2938 1213 de
2964 1162 3131 1228 priori
3156 1178 3396 1217 consessu
3422 1163 3593 1231 dispu-

2020 1250 2173 1303 tarit.

2087 1340 2179 1394 43.
2211 1338 2362 1405 Quod
2390 1342 2518 1395 nihil
2543 1342 2606 1395 ab
2646 1342 2865 1396 invicem
2895 1344 3234 1412 quatrendnm
3264 1345 3355 1398 sit.
3414 1317 3419 1322 '
3450 1316 3455 1320 ἢ

2088 1430 2178 1485 44.
2208 1431 2358 1495 Quod
2384 1448 2501 1500 qua:
2528 1433 2654 1485 bene
2677 1433 2849 1487 valent
2879 1450 3208 1488 communem
3238 1451 3473 1489 mensam
3502 1436 3592 1488 de-

2020 1530 2243 1575 trectare
2268 1532 2531 1590 nequeant
2555 1539 2573 1576 :
2602 1525 2732 1576 etde
2762 1524 3008 1590 inﬁrmis.

2088 1613 2177 1667 45.
2209 1612 2359 1676 Quod
2401 1615 2631 1669 secunda
2661 1613 2779 1681 ﬁeri
2809 1615 2987 1667 debeat
3018 1616 3255 1680 refectio.

2090 1704 2180 1758 46.
2209 1703 2285 1756 De
2314 1705 2450 1758 victu
2497 1705 2550 1757 in
2579 1703 2758 1757 diebus
2800 1703 3138 1758 Litaniarum
3173 1706 3280 1759 sive
3302 1706 3592 1776 processio-

2023 1814 2166 1851 num.

2090 1888 2181 1942 47.
2213 1886 2292 1941 De
2312 1887 2448 1941 victu
2481 1886 2535 1939 in
2565 1902 2758 1954 magna
2789 1882 3232 1957 Quadragesima.

2092 2066 2179 2119 48.
2218 2064 2293 2117 De
2332 2065 2468 2117 victu
2500 2064 2553 2115 in
2590 2058 3012 2131 Quadragesima
3049 2068 3353 2115 sanctorum
3383 2067 3593 2129 aposto-

2021 2155 2215 2221 lorum,
2243 2164 2291 2208 et
2327 2152 2519 2208 Christi
2548 2150 2955 2206 Natalitiorum.

2091 2336 2181 2391 49.
2210 2333 2360 2399 Quod
2387 2333 2526 2388 ciam
2550 2331 2925 2386 comedendum
2958 2347 3061 2385 non
3090 2333 3179 2385 sit.

2088 2427 2176 2481 50.
2212 2426 2290 2479 De
2316 2434 2653 2496 paupertate.
2718 2494 2723 2499 ι

2091 2517 2181 2569 51.
2230 2514 2380 2579 Quod
2415 2531 2520 2568 non
2545 2513 2765 2567 debeant
2809 2509 3062 2565 moniates
3107 2510 3166 2562 ob
3207 2508 3364 2579 typici
3395 2508 3458 2560 de
3489 2523 3592 2561 cm-

2020 2606 2241 2661 nobitico
2263 2607 2505 2660 instituto
2537 2613 2803 2676 pra'cepta
2837 2604 3017 2657 animo
3042 2599 3284 2669 deﬁcere.

2093 2785 2180 2840 52.
2214 2783 2365 2850 Quod
2390 2798 2569 2838 omnes
2601 2796 2842 2853 expensa:
2878 2775 3190 2834 monialium
3231 2788 3295 2827 ex
3330 2783 3592 2826 monaste-

2020 2881 2087 2934 rii
2111 2878 2364 2932 reditibus
2400 2876 2520 2945 ﬁeri
2546 2877 2789 2929 debeant.

2089 2970 2178 3024 55.
2214 2968 2364 3041 Quod
2407 2966 2816 3026 exomonitides,
2859 2965 2966 3017 sive
2993 2967 3274 3016 'extranew
3313 2954 3589 3016 moniates,

2018 3071 2110 3118 aut
2147 3062 2377 3115 dimissa:
2418 3061 2472 3112 in
2513 3057 2889 3110 monasterium
2920 3051 3264 3107 admittenda:
3298 3048 3419 3102 'non
3462 3046 3589 3098 sint.

2086 3155 2174 3210 54.
2206 3152 2355 3218 Quod
2399 3149 2768 3211 exocuritides,
2798 3149 2905 3201 sive
2934 3154 3084 3199 extra
3109 3142 3481 3197 monasterium
3504 3137 3598 3189 de-

2019 3256 2205 3310 tonsw,
2230 3244 2422 3298 virtute
2457 3242 2714 3312 pra'dita’,
2741 3237 3079 3292 admittendte
3102 3237 3207 3288 sint
3236 3249 3254 3287 :
3289 3233 3386 3285 nisi
3422 3232 3591 3298 impe-

2018 3339 2245 3401 ratoria,
2276 3333 2667 3404 aut'magnatis
2698 3330 3000 3399 cuiuspiam
3047 3333 3301 3395 potestate
3340 3337 3450 3375 usa:
3480 3321 3592 3389 fue-

2021 3429 2149 3482 rint.
2724 3407 2727 3411 ⁸

2085 3519 2172 3572 55.
2204 3517 2355 3582 Quod
2386 3515 2743 3570 cmnobiticum
2773 3510 3071 3565 institutum
3106 3518 3379 3572 nunquam
3406 3503 3594 3554 immn-

2019 3610 2239 3665 tandum
2274 3610 2361 3662 sit.

2091 3702 2180 3755 56.
2218 3699 2367 3765 Quod
2416 3698 2555 3751 idem
2603 3710 2712 3749 esse
2758 3690 2945 3745 debeat
2999 3684 3312 3741 monialium
3360 3680 3593 3735 omnium

2017 3795 2180 3859 cibus,
2216 3801 2368 3863 potus
2401 3800 2450 3844 et
2486 3788 2884 3848 indumentum,
2913 3780 3137 3849 exceptis
3164 3775 3415 3844 inﬁrmis.

2089 3976 2178 4030 57.
2218 3975 2295 4029 De
2329 3989 2542 4029 accessu
2579 3970 2769 4026 medici
2799 3967 2868 4022 ad
2905 3962 3304 4021 monasterium,
3335 3965 3383 4010 et
3416 3956 3481 4008 de
3508 3955 3592 4006 in-

2014 4069 2298 4137 ﬁrmarum
2332 4084 2487 4121 cura.

2091 4159 2179 4213 58.
2208 4158 2282 4211 De
2307 4157 2516 4211 balneo.
3508 4203 3513 4207 ,

2095 4249 2183 4303 59.
2228 4248 2303 4301 De
2346 4247 2678 4301 solemnitate
2724 4243 2780 4296 in
2833 4237 3162 4294 Dormitione
3211 4238 3410 4287 sancta:
3462 4225 3583 4280 Dei-

2057 4358 2188 4397 ανσξ.

2057 4361 2188 4397 ιιι-σι.

2020 4361 2053 4413 Ρ
2097 4432 2184 4488 60.
2210 4431 2286 4485 De
2314 4428 2643 4484 solemnitate
2690 4427 2745 4479 in
2772 4421 3066 4476 Nativitate
3092 4418 3361 4489 Dciparte.

2092 4606 2181 4662 61.
2225 4604 2300 4657 De
2326 4603 2453 4673 festo
2485 4598 2680 4655 Christi
2707 4594 3111 4651 Natalitiorum.

2093 4700 2182 4753 62.
2219 4695 2289 4748 De
2321 4694 2452 4765 {esto
2487 4692 2773 4748 Occursus.

2094 4790 2181 4845 65.
2210 4786 2284 4841 De
2322 4785 2575 4839 luminari
2607 4797 2883 4836 sacrarum
2912 4775 3251 4829 Passionum.

2093 4881 2184 4936 64.
2220 4878 2370 4944 Quod
2420 4877 2748 4945 eleemosyna
2801 4868 3029 4941 quotidie
3107 4862 3227 4933 ﬁeri
3291 4857 3476 4913 debeat
3529 4856 3597 4909 ad

2022 4974 2235 5027 ostium.

2092 5064 2179 5118 65.
2207 5062 2356 5127 Quod
2393 5060 2610 5129 singulis
2658 5057 2915 5113 mensibus
2961 5055 3190 5126 typicum
3237 5048 3338 5119 legi
3390 5045 3598 5104 debeat.

2021 5156 2258 5210 omnibus
2287 5141 2644 5208 audientibus.

2094 5228 2183 5301 66.
2229 5245 2305 5299 De
2326 5244 2634 5317 quotidiana
2661 5241 2823 5295 divini
2851 5239 3032 5311 templi
3064 5236 3339 5291 luminari.

2090 5425 2179 5480 67.
2210 5423 2284 5478 De
2307 5421 2596 5477 crateribus
2645 5420 2699 5473 in
2733 5415 2927 5472 circulo
2964 5413 3113 5469 trulii
3131 5408 3417 5485 suspensis,
3452 5418 3497 5460 et
3532 5408 3596 5460 de

2025 5518 2256 5588 reliquis.

2095 5606 2181 5659 68.
2224 5604 2296 5658 De
2324 5605 2480 5657 cereis
2506 5601 2864 5657 accendendis.

2100 5695 2185 5751 69.
2222 5695 2292 5749 De
2320 5711 2482 5766 aqua.
