4104 6200
326 334 444 397 993

1767 329 2133 393 TYPICUM.

3476 330 3584 393 θοι

409 459 430 494 ι
473 438 586 494 Καὶ
635 436 688 492 τί
713 434 1166 508 ἀνταποδὼσομεν
1195 437 1272 508 τῷ
1303 437 1493 509 Κυρίῳ
1524 437 1652 508 περὶ
1683 439 1903 494 πάντων

2081 442 2151 496 Ει
2197 458 2215 492 ι
2262 437 2402 505 Quid
2445 437 2822 494 retribucmus
2868 435 3102 492 Domino
3139 437 3154 468 '
3201 451 3300 506 pro
3325 439 3584 498 omnibus

331 523 407 584 ῶν
446 529 829 584 ἅνταπὲδωκεν
860 528 1032 598 ἡμῖνς
1073 546 1092 580 ι
1129 532 1196 599 τῇ
1237 530 1570 600 δημιουργίᾳ
1613 547 1907 602 συμπαρα.

333 622 530 687 ζεύξας
563 623 653 675 καὶ
688 621 964 689 πρόνοιαν,
989 621 1083 673 καὶ
1117 621 1329 674 ούδὲπω
1371 621 1532 690 μέχρι
1610 622 1710 675 καὶ
1751 621 1910 690 δεῦρο

331 719 430 780 τὰς
464 716 572 769 τῶν
603 713 823 782 ἀγαθῶν
874 715 1006 784 ἡμῖν
1034 715 1276 782 δαψιλεῖς
1307 717 1491 782 πηγὰς
1536 713 1780 784 ἐπισχών
1801 729 1814 742 ·
1849 714 1910 778 ἐξ

331 800 392 857 οὗ
427 804 491 874 δὴ
523 807 615 857 καὶ
644 804 876 870 οὐρανὸν
928 804 1197 875 ἐγύρωσε,
1253 804 1346 856 καὶ
1393 804 1583 872 χρόνον
1631 803 1906 873 διέστησε,

334 900 425 949 καὶ
449 897 587 966 ἀέρα
632 895 838 964 ἐξέχεε,
896 897 992 948 καὶ
1022 895 1318 963 ὑφήπλωσε
1347 895 1472 962 γῆν,
1507 896 1600 946 xa't
1631 893 1738 947 τῶν
1771 897 1909 966 ὁρω-

333 988 511 1054 μένων
542 987 789 1052 ὲπζπτην
811 986 902 1038 τὸν
931 985 1216 1055 ἄνθρωπον
1251 986 1640 1055 κατεστήσατο.
1678 986 1908 1054 Μεγάλα

337 1078 435 1146 μὲν
491 1071 584 1128 οὖν
613 1074 676 1143 δὴ
712 1075 808 1126 καὶ
863 1072 1058 1137 ταῦτα,
1119 1076 1213 1127 καὶ
1260 1075 1360 1143 τῆς
1407 1076 1908 1144 παρακτικωτάτης

333 1169 539 1220 τούτων
598 1169 692 1219 καὶ
750 1166 1222 1235 συνεκτικωτάτης
1260 1167 1544 1236 δυνάμεως
1597 1168 1744 1231 ἄξια.
1800 1168 1910 1220 Καὶ

337 1259 481 1310 κατὰ
509 1257 601 1309 τὸν
636 1258 806 1326 μέγαν
834 1257 1000 1324 φάναι
1027 1257 1190 1309 Δαὸίδ
1208 1272 1221 1286 ⁸
1247 1275 1265 1307 ι
1298 1257 1488 1312 Ἐλεον
1510 1257 1675 1311 αὑτοῦ
1705 1259 1787 1321 τίς
1819 1261 1910 1312 ex-

333 1347 566 1417 ζητήσει
600 1347 726 1399 ποτὲ
761 1347 854 1398 καὶ
885 1346 1146 1416 ἀλήθειαν
1171 1363 1186 1412 ;
1217 1365 1233 1396 ι

424 1437 564 1489 Ἀλλ’
593 1431 703 1488 οἷον
727 1436 788 1506 δή
826 1453 884 1487 σε
913 1438 1043 1504 ἡμῖν
1074 1435 1279 1503 ἀγαθὸν
1304 1436 1334 1487 ό
1364 1437 1743 1507 μεγαλόδωρος
1773 1437 1909 1489 ἑδω-

335 1529 562 1598 ρήσατο,
595 1527 908 1596 Πνεύματός
935 1544 992 1579 τε
1018 1528 1174 1593 ἁγίου
1197 1528 1502 1590 ὲπέλευσις,
1524 1528 1619 1581 καὶ
1651 1527 1908 1597 Ὑψίστου

335 1619 705 1671 ὲπισκιάσασα
729 1617 980 1686 δύναμις,
1012 1617 1106 1670 καὶ
1134 1619 1260 1670 ναὸν
1295 1617 1476 1688 ἑαυτῷ
1493 1617 1712 1685 λογικόν
1735 1634 1792 1671 τε
1814 1617 1910 1670 καὶ

333 1709 597 1778 ἔμψυχον,
639 1708 935 1778 ἀχράντως
965 1725 1022 1760 τε
1065 1708 1160 1760 καὶ
1191 1707 1543 1776 ἀμεταϐόλως
1568 1710 1634 1762 ὲκ
1661 1707 1771 1761 τῶν
1801 1709 1908 1760 σῶν

2011 546 2134 600 qua:
2165 529 2421 585 retribuit
2461 527 2656 583 nobis?
2681 550 2701 580 ι
2739 527 2837 597 qui
2869 526 3136 581 creationi
3176 527 3582 596 providentiam

2010 622 2306 692 copulavit,
2344 632 2400 677 et
2429 621 2523 690 qui
2573 621 2840 674 hactenus
2885 619 3048 672 nobis
3087 619 3268 688 largos
3311 621 3584 675 bonorum

2011 711 2192 766 fouitcs
2231 725 2509 779 nunquam
2541 708 2844 776 praaclusit;
2879 722 2945 760 ex
2975 721 3085 774 quo
3112 717 3168 760 et
3190 711 3389 762 cmlum
3418 709 3470 762 in
3491 725 3586 780 gy-

2011 817 2131 854 rum
2157 801 2486 870 composuit,
2517 809 2570 853 et
2597 809 2814 868 tempus
2839 798 3112 859 distinxit,
3146 809 3201 852 ct
3225 815 3408 853 aerem
3439 801 3581 854 eﬁ‘u~

2009 893 2112 960 dit,
2143 903 2201 948 et
2250 904 2451 948 terram
2503 891 2818 961 explicavit,
2869 898 2924 943 et
2955 889 3231 944 hominem
3282 891 3583 947 visibilium

2013 986 2377 1055 inspectorem
2432 983 2742 1039 constituit.
2792 982 2982 1050 Magna
3034 983 3292 1050 equidem
3353 983 3487 1044 hzec.
3529 991 3585 1038 et

2011 1093 2222 1132 summa
2279 1085 2545 1145 potestate
2592 1090 2657 1129 ea
2717 1074 3059 1143 producente.
3109 1084 3168 1128 et
3217 1084 3582 1128 conservante

2011 1171 2192 1240 digna.
2222 1170 2290 1224 Et
2314 1181 2374 1223 ut
2400 1184 2526 1223 cum
2559 1184 2754 1238 magno
2781 1167 2946 1222 David
2982 1168 3275 1236 loquamur
3305 1186 3319 1220 :
3355 1186 3372 1216 ι
3411 1168 3582 1221 Mise-

2013 1259 2304 1314 ricordiam
2365 1268 2421 1314 et
2498 1260 2785 1314 veritatem
2840 1259 2960 1328 ejus
3006 1261 3130 1328 quis
3191 1273 3431 1328 unquam
3491 1274 3584 1313 re-

2010 1351 2194 1420 quiret
2224 1351 2284 1403 ”?
2317 1367 2336 1400 ι

2081 1441 2189 1497 Sed
2225 1442 2386 1511 quale
2413 1450 2467 1494 te
2500 1440 2706 1493 bonum
2730 1437 3056 1506 magniﬁcus
3085 1438 3196 1503 ille,
3235 1439 3583 1510 Spiritusque

2010 1533 2184 1586 sancti
2233 1532 2524 1595 adventus,
2576 1539 2634 1584 et
2681 1529 2945 1582 Altissimi
2995 1531 3173 1582 virtus
3221 1531 3583 1596 obumbrans,

2007 1623 2172 1677 nobis
2205 1623 2452 1688 donavit,
2480 1639 2613 1677 cum
2657 1639 2723 1678 ex
2759 1632 2853 1677 tuo
2884 1621 3136 1691 virginali
3169 1629 3231 1673 et
3277 1621 3586 1675 castissimo

2009 1715 2275 1785 sanguine
2300 1715 2562 1784 templum
2591 1714 2699 1769 sibi
2736 1714 3006 1769 rationale
3037 1721 3094 1766 et
3127 1712 3450 1776 animatum,
3479 1726 3583 1766 nec

327 1800 677 1869 παρθενικῶν
709 1798 1002 1867 πανάγνων
1026 1799 1277 1864 αἱμάτων
1301 1798 1750 1870 ὑποστησάμενος
1767 1815 1782 1830 ⁶
1811 1800 1906 1852 καὶ

2010 1806 2132 1860 labe
2179 1821 2284 1860 nec
2326 1806 2632 1861 mutatione
2692 1803 3098 1859 interveniente
3149 1802 3384 1870 paravit,
3431 1812 3488 1857 et
3526 1802 3584 1856 in

333 1889 437 1942 ὑπὸ
461 1890 649 1960 χρόνον
675 1890 808 1959 ἄτερ
825 1890 1029 1958 πατρὸς
1047 1891 1110 1941 ὲκ
1137 1888 1230 1941 σοῦ
1252 1889 1560 1958 γεννηθεὶς,
1585 1889 1613 1940 ό
1640 1888 1746 1958 πρὸ
1772 1887 1906 1941 αἰώ-

332 1998 438 2034 νων
489 1981 623 2050 ἄτερ
667 1981 874 2051 μητρὸς
909 1981 1012 2050 φὺς
1047 1983 1110 2034 ὲκ
1137 1981 1388 2050 Πατρός;
1432 1980 1573 2032 Ἀλλ’
1600 1975 1710 2033 οἷον
1755 1979 1818 2050 δή
1847 1996 1906 2032 σε

330 2071 465 2139 ἡμῖν
493 2068 717 2138 ἀγαθὸν,
745 2071 882 2139 ὅπερ
913 2069 1071 2138 ἔφην,
1103 2069 1132 2121 ό
1162 2068 1256 2122 καὶ
1285 2068 1392 2120 τῶν
1420 2067 1596 2122 ἄλλων
1613 2069 1743 2138 ἡμῖν
1772 2069 1906 2135 ἁγα-

326 2161 441 2215 θῶν
475 2162 640 2232 δοτὴρ
667 2162 999 2233 ἐδωρήσατο,
1033 2162 1279 2232 κλίμακα
1306 2181 1366 2218 τε
1399 2165 1634 2236 ἐπάρας,
1672 2167 1768 2219 καὶ
1813 2166 1908 2232 ὑφ-

334 2253 593 2317 απ).ὡσας
621 2271 679 2307 σε
731 2255 976 2324 γέφυραν
1017 2255 1155 2325 πρὸς
1207 2256 1434 2325 οὐρανὸν
1487 2258 1817 2324 ἀνάγουσαν,
1871 2257 1904 2328 ἢ

335 2345 677 2413 μετάγουσαν
731 2344 792 2396 τὸ
866 2344 1242 2415 ἀνθρώπινονς
1333 2347 1458 2401 Οὐδ’
1505 2350 1560 2401 εί
1621 2347 1908 2418 ξύμπαντα

331 2434 427 2488 τὸν
475 2434 705 2504 οὐρανὸν
759 2435 898 2505 πρὸς
955 2435 1140 2507 φωνην
1205 2437 1538 2507 ἀναλωθῆναι
1604 2439 1733 2508 μίαν
1788 2439 1908 2508 ὲγέ-

333 2541 475 2592 νετο,
536 2524 703 2589 ἀξίως
740 2525 826 2590 ἂν,
885 2521 1062 2596 οἶμαι,
1112 2529 1476 2599 ἡρμήνευσεν,
1537 2530 1570 2599 ἢ
1633 2529 1906 2600 ὲξύμνησε

331 2617 393 2669 τὸ
416 2616 704 2687 μεγαλεῖον
731 2616 822 2670 τοῦ
869 2617 1046 2687 δώρου
1089 2617 1280 2672 τούτου
1335 2620 1400 2672 τὸ
1453 2620 1713 2687 ἀξιὸθεον.
1766 2621 1906 2684 «Τίς

329 2708 438 2778 γὰρ
485 2707 706 2778 λαλήσει
761 2707 858 2772 τὰς
917 2707 1235 2773 δυναστείας
1288 2709 1383 2763 τοῦ
1434 2711 1683 2780 Κυρίους
1737 2711 1771 2781 ἢ
1820 2710 1905 2774 τίς

329 2799 603 2860 ὰκουστὰς
665 2801 884 2870 ποιήσει
938 2797 1116 2861 πάσας
1149 2799 1248 2862 τὰς
1287 2799 1528 2862 αίνὲσεις
1577 2798 1778 2864 αύτοῦ;
1808 2817 1828 2850 ι
1868 2798 1902 2868 ἢ

331 2893 460 2945 ποία
489 2891 710 2960 γλῶσσα
737 2892 835 2955 τὰς
864 2891 1124 2945 ἑκάστοτε
1153 2891 1239 2944 διὰ
1271 2891 1365 2945 σοῦ
1393 2891 1713 2961 θεοσημίας,
1741 2884 1786 2944 ὦ
1809 2907 1906 2944 κε-

327 2982 680 3054 χαριτωμένη
707 2981 800 3035 τοῦ
843 2981 976 3035 Θεοῦ
1010 2983 1184 3050 Λόγου
1237 2981 1450 3052 Μῆτερ,
1495 2983 1903 3051 ὲκδιηγήσεται,

2011 1905 2256 1966 tempore
2281 1897 2400 1951 sine
2429 1906 2588 1966 patre
2623 1913 2689 1951 ex
2723 1905 2774 1950 te
2804 1903 2889 1950 est
2927 1896 3167 1964 genitus,
3205 1893 3296 1961 qui
3323 1902 3451 1948 ante
3481 1909 3584 1947 sa:-

2009 1990 2134 2044 cula
2163 1990 2282 2044 sine
2318 1998 2491 2042 matre
2529 2004 2595 2042 ex
2629 1989 2790 2042 Patre
2835 1996 2997 2040 natus
3035 1985 3153 2039 est?
3183 1983 3289 2038 Sed
3334 1985 3495 2053 quale
3529 1992 3582 2040 te

2007 2080 2235 2145 bonum,
2285 2089 2346 2134 ut
2389 2080 2526 2142 dixi,
2565 2081 2796 2134 aliorum
2835 2092 3054 2146 quoque
3101 2075 3261 2130 dator
3309 2075 3579 2130 bonorum

2009 2169 2172 2224 nobis
2197 2168 2429 2239 largitus
2451 2177 2555 2230 est,
2589 2168 2720 2222 dum
2747 2179 2798 2222 te
2823 2167 3026 2221 scalam
3049 2164 3247 2225 erexit,
3281 2175 3337 2218 et
3355 2174 3576 2234 pontem

2010 2267 2064 2314 te
2101 2258 2370 2322 extendit,
2387 2257 2481 2327 qui
2518 2258 2822 2312 humanum
2847 2270 3021 2327 genus
3050 2253 3114 2308 ad
3150 2253 3348 2308 corium
3377 2256 3578 2311 evehat

2007 2360 2063 2407 et
2090 2350 2383 2405 traducat?
2413 2349 2470 2405 Si
2496 2357 2668 2404 totum
2703 2349 2902 2403 malum
2930 2349 2984 2404 in
3011 2362 3200 2402 vocem
3224 2361 3386 2402 unam
3411 2347 3582 2403 resol-

2008 2445 2060 2499 vi
2090 2443 2456 2512 contingeret,
2489 2455 2598 2494 non
2627 2439 2813 2508 digne,
2842 2448 2997 2509 puto,
3031 2439 3162 2494 doni
3186 2440 3351 2511 huius
3374 2437 3582 2508 magni-

2009 2533 2286 2589 ﬁcentiam
2345 2532 2458 2586 Deo
2496 2529 2717 2600 dignam
2759 2529 3078 2598 explicaret.
3120 2529 3204 2582 vel
3243 2529 3581 2582 decantaret.

2013 2645 2032 2678 ι
2067 2625 2204 2692 Quis
2225 2624 2375 2679 enim
2409 2623 2669 2692 loquetur
2707 2621 2982 2690 potentias
3033 2619 3273 2683 Domini,
3319 2627 3414 2672 aut
3457 2619 3584 2686 quis

2007 2717 2222 2771 auditas
2243 2714 2410 2768 faciet
2446 2727 2637 2767 omnes
2662 2711 2852 2766 laudes
2877 2712 2998 2780 ejus
3023 2711 3082 2764 '?
3121 2729 3140 2761 ι
3191 2709 3300 2764 Aut
3328 2723 3449 2778 qua:
3473 2708 3583 2766 lin-

2006 2817 2137 2872 gua,
2168 2816 2203 2856 ο
2236 2800 2411 2870 gratia
2444 2799 2604 2870 plena
2635 2798 2733 2853 Dei
2770 2797 2932 2852 Verbi
2966 2797 3159 2865 Mater,
3203 2797 3390 2850 divina
3428 2797 3584 2864 signa

2007 2893 2156 2948 omni
2206 2902 2455 2961 tempore
2503 2898 2562 2945 et
2609 2890 2816 2959 ubique
2855 2904 2954 2958 per
2999 2897 3051 2944 te
3081 2888 3229 2942 edita
3277 2886 3580 2951 enarrabit,

2005 2984 2209 3054 quibus
2226 2991 2280 3038 et
2308 2981 2712 3037 ﬁrmamentum
2735 2980 2862 3036 ﬁdei
2897 2981 2950 3034 in
2982 2981 3154 3035 Deum
3188 2979 3579 3034 inconcussum

329 3068 421 3138 ατς
471 3073 565 3127 καὶ
610 3073 673 3126 rb
716 3072 816 3143 τῆς
861 3073 938 3132 είς
974 3072 1107 3125 Θεὸν
1142 3073 1430 3143 στερέωμα
1482 3073 1720 3136 πίστεως
1750 3073 1904 3143 μένει

2009 3084 2223 3140 manet,
2287 3083 2344 3129 et
2391 3073 2692 3142 impietatis
2738 3071 2990 3142 praesidia
3051 3072 3467 3134 subvertnntur,
3526 3078 3583 3121 et

326 3165 684 3236 ἀκράδαντον,
716 3139 808 3218 καὶ
837 3162 1094 3226 ἀσεϐείας
1123 3139 1467 3234 καθαιρεῖται
1496 3165 1564 3216 τὰ
1612 3139 1904 3235 ὀχυρῶμα-

2008 3179 2164 3220 sacra
2190 3139 2496 3218 secundum
2525 3139 2810 3218 Christum
2836 3161 3029 3230 religio
3060 3176 3228 3228 super
3247 3159 3581 3212 fundamen-
3683 3169 3697 3188 '

207 3251 224 3262 “
331 3275 423 3322 τα,
454 3259 600 3328 καὶὴ
637 3255 760 3327 ἱερὰ
784 3255 1052 3326 θρησκεία
1085 3255 1228 3309 κατὰ
1247 3255 1486 3326 Χριστὸν
1517 3256 1608 3309 ἐπὶ
1637 3255 1715 3324 τῷ
1745 3256 1907 3325 θεμε-

327 3349 429 3420 λίῳ
455 3350 562 3402 τῶν
593 3348 910 3402 ἀποστόλων
943 3347 1227 3419 ἀραρότως
1249 3348 1608 3418 temptarat;
1638 3347 1735 3410 Τίς
1759 3346 1906 3413 ἑξεί-

332 3458 425 3496 ποι
449 3443 546 3504 τὰς
577 3441 688 3494 τῶν
721 3440 829 3493 σῶν
860 3439 1156 3510 θαυμάτων
1210 3439 1679 3510 μεγαλειότηταςς
1710 3438 1794 3500 τίς
1836 3437 1906 3490 τὰ

332 3535 475 3587 κατὰ
527 3533 820 3603 διαφόρους
871 3533 1096 3602 καιροὺς
1149 3530 1480 3600 ἐξηγήσεται
1517 3530 1762 3597 cepam;
1819 3527 1906 3592 τίς

332 3627 617 3695 ἐξαγγελεῖ
656 3641 739 3679 σοι
768 3625 837 3679 τὰ
868 3626 1154 3696 μεγαλεῖα,
1186 3623 1220 3694 ἢ
1269 3623 1339 3676 τὰ
1366 3620 1646 3692 παράδοξα
1665 3619 1906 3691 ὲξυμνή-

329 3733 500 3783 σιιεν,
526 3711 607 3781 οἷς
636 3716 733 3771 καὶ
749 3716 1028 3787 βασιλείαν
1053 3714 1362 3786 κρατύνεις,
1387 3714 1479 3766 καὶ
1513 3711 1794 3782 καθαιρεῖς
1814 3727 1908 3763 τυ-

335 3809 604 3880 ραννίδας,
637 3811 732 3862 καὶ
761 3808 849 3862 ἐπ’
879 3808 1056 3862 ἐλπίδι
1083 3807 1317 3871 εὐζωϊας
1351 3803 1652 3876 μελλούσης
1682 3801 1743 3856 τὺ
1770 3800 1907 3872 φύλ-

331 3900 424 3952 λον
449 3899 562 3971 [γρ.
593 3899 783 3971 φῦλον]
813 3902 1176 3970 κατασκηνοῖς
1201 3899 1262 3951 τὸ
1287 3887 1856 3968 Χριστιανικὼτατονς

415 3993 571 4062 Ἐμοὶ
621 3993 680 4046 δὲ
738 3993 802 4062 δὴ
831 3992 914 4057 τίς
950 3993 1017 4046 ἂν
1054 3991 1265 4060 γένοιτο
1316 3988 1498 4056 λόγος,
1528 3980 1574 4039 ὧ
1601 3985 1711 4038 τῶν
1739 3984 1910 4058 ὑπερ-

330 4085 574 4154 κοσμίων
609 4084 862 4136 ἁπάντων
891 4083 1288 4152 Θεογεννήτρια
1316 4079 1416 4151 (l),
1471 4078 1572 4148 τὴν
1616 4076 1726 4130 τῶν
1778 4077 1910 4146 περὶ

330 4175 437 4243 ἐμὲ
466 4189 558 4225 σου
593 4171 910 4241 θαυμασίων
929 4171 989 4234 ἐξ
1019 4171 1242 4223 ἁπαλῶν
1273 4169 1480 4238 ὀνύχων
1527 4169 1607 4230 είς
1633 4166 1751 4219 τόδε
1791 4165 1908 4236 ἡλι-

334 4267 461 4327 κίας
512 4263 930 4333 μεγαλειότητα,
994 4261 1026 4330 ἢ
1067 4258 1256 4321 ἁπλῶς
1310 4257 1674 4329 ἐξηγούμενος
1733 4254 1905 4327 (2),ἣ

335 4361 678 4423 πειρῡμενος
727 4352 996 4423 ἐξυμνεῖν,
1048 4351 1144 4404 καὶ
1181 4349 1241 4401 τὸ
1274 4349 1374 4416 τῆς
1425 4347 1555 4418 περὶ
1585 4347 1684 4416 ἐμὲ
1716 4363 1811 4400 σου
1841 4349 1906 4400 ὲκ

2009 3264 2124 3309 tum
2153 3253 2531 3323 apostolorum
2568 3251 2742 3306 solide
2784 3250 2998 3304 ﬁrmata
3028 3250 3142 3303 est?
3169 3249 3304 3314 Quis
3338 3249 3581 3302 miracu-

2003 3346 2182 3400 lorum
2208 3353 2426 3398 tuorum
2445 3341 2878 3413 magnitudinem
2899 3339 3222 3407 eloquetur?
3245 3337 3369 3406 quis
3403 3337 3582 3392 diver-

2006 3436 2083 3492 sis
2112 3421 2456 3504 temporibus
2509 3431 2753 3487 exhibita
2805 3427 3054 3500 prodigia
3106 3427 3427 3481 enarrabit?
3459 3427 3583 3496 quis

2005 3524 2468 3597 magnificentiam
2529 3532 2678 3577 tuam
2739 3517 3088 3587 enuntiabitf.l
3151 3528 3248 3572 aut
3303 3515 3580 3571 mirabilia

2007 3618 2346 3684 decantabit,
2388 3615 2594 3686 quibus
2637 3614 2926 3686 imperium
2959 3613 3209 3676 rnboras,
3256 3609 3582 3684 tyrannide:

2007 3712 2232 3774 evertis,
2257 3719 2312 3765 et
2339 3724 2513 3781 genus
2541 3707 3075 3764 Christianissimum
3107 3706 3162 3761 in
3194 3719 3292 3777 spe
3321 3705 3495 3761 beatae
3523 3713 3584 3762 et

2009 3805 2209 3860 futurae
2238 3803 2366 3859 vitae
2399 3801 2672 3858 collocas?

2078 4001 2193 4072 Ego
2223 4018 2356 4058 vero
2383 4019 2496 4072 quo
2526 4012 2651 4059 utar
2681 4019 2958 4068 sermone,
2990 4017 3025 4058 ο
3055 4003 3149 4057 Dei
3179 4002 3429 4058 Genitrix
3461 4019 3580 4058 cte-

2007 4093 2230 4149 lestium
2255 4095 2502 4148 omnium
2533 4094 2783 4158 Domina,
2805 4095 2849 4148 si
2885 4103 3104 4148 tuorum
3134 4109 3261 4163 erga
3296 4108 3382 4146 me
3413 4093 3582 4148 mira-

2011 4182 2204 4237 bilium
2249 4197 2278 4235 a
2323 4181 2530 4236 teneris
2569 4180 2882 4249 unguiculis
2929 4179 2996 4233 ad
3055 4177 3161 4234 hoc
3193 4195 3368 4249 usque
3405 4181 3586 4240 aetatis

2012 4271 2471 4343 magniﬁcentiam
2495 4271 2580 4324 vel
2615 4270 2943 4339 simpliciter
2967 4271 3294 4336 recitavere,
3328 4273 3414 4328 vel
3455 4273 3582 4327 lauo

2009 4366 2174 4422 dibus
2187 4365 2472 4420 celebrare
2498 4369 2826 4429 tentaveru;
2851 4374 2910 4418 et
2932 4363 2978 4418 si
3011 4373 3118 4418 tuae
3137 4365 3207 4420 ab
3237 4365 3586 4421 incunabulis

333 4444 666 4515 σπαργάνων
695 4441 775 4496 ἐτι
817 4441 1184 4513 χρηστότητος
1217 4438 1592 4510 ἐξηγήσασθαι
1631 4438 1904 4503 πέλαγοςς

2009 4454 2311 4509 etiamnum
2355 4451 2712 4522 benignitatis
2755 4467 2884 4523 erga
2920 4467 3006 4507 me
3057 4453 3284 4523 pelagus
3317 4469 3585 4510 enarrare

336 4537 419 4591 Τά
447 4553 506 4590 τε
558 4535 668 4608 γάρ
692 4553 792 4606 ¹μοι
824 4539 960 4605 πρὸς
989 4535 1202 4604 γένεσιν
1241 4531 1308 4604 (ὣ
1353 4530 1450 4584 τοῦ
1496 4530 1598 4600 μὲν
1633 4530 1907 4601 ἡμετέρου

336 4629 526 4693 γένους
579 4628 1096 4697 σωτηριωδέστατον
1138 4625 1386 4696 αὔχημα,
1434 4624 1542 4676 τῶν
1569 4622 1626 4676 δὲ
1651 4625 1708 4674 ἐν
1739 4623 1906 4693 οὐρα--

336 4726 448 4786 νοῖς
476 4722 809 4794 όμηγύρεων
842 4724 900 4774 ὲν
926 4724 1045 4785 ταῖς
1071 4718 1440 4788 ἐπουρανίοις,
1471 4716 1547 4779 ὡς
1572 4715 1743 4780 εἰκὸς,
1777 4732 1909 4767 παι-

333 4808 565 4876 ηγύρεσι
614 4808 974 4880 περιλὰλητον
1023 4805 1388 4876 ἁγαλλίαμα),
1449 4805 1508 4871 ἐξ
1555 4802 1812 4866 εὐσεϐοῦς
1848 4818 1904 4855 τε

337 4900 548 4967 γένους,
568 4902 659 4953 καὶ
684 4901 819 4971 πρὸς
848 4899 1045 4970 ἀρετὴν
1080 4897 1335 4967 εὐφυοῦς,
1364 4894 1621 4966 εὐμενείᾳ
1633 4892 1793 4956 Θεοῦ,
1811 4893 1909 4946 καὶ

337 4993 456 5048 ταῖς
490 4993 608 5053 σαῖς
647 4991 1014 5055 ἐπιστασίαις,
1075 4990 1168 5042 καὶ
1196 4986 1538 5058 ἀντιλήψεσι,
1586 4985 1686 5056 τὴν
1725 4986 1906 5056 ἀρχὴν

333 5079 685 5149 ἐκληρώσατο
707 5099 722 5114 ·
756 5082 823 5133 τά
876 5097 935 5132 τε
990 5080 1125 5149 πρὸς
1156 5077 1448 5148 ἀναγωγὴν
1485 5079 1580 5130 καὶ
1631 5077 1901 5145 παιδείαν,

407 5221 420 5250 ³
455 5219 596 5273 Psal.
627 5234 749 5282 ειν,
789 5217 871 5272 12.
947 5219 968 5248 ⁸
995 5216 1132 5272 Psal.
1165 5232 1250 5280 ις,
1287 5217 1338 5269 8.
1433 5216 1453 5248 ³
1485 5215 1626 5271 Psal.
1661 5233 1748 5284 cv,
1775 5217 1830 5272 2.

2005 4545 2269 4601 voluero?
2301 4545 2435 4600 Nam
2462 4544 2608 4614 quod
2635 4545 2703 4600 ad
2742 4554 2922 4600 ortum
2950 4560 3129 4600 meum
3161 4554 3372 4614 Spectat
3402 4548 3456 4616 (ο
3479 4561 3584 4601 no-

2007 4637 2110 4692 stri
2150 4636 2375 4706 quidem
2423 4637 2644 4706 generis
2690 4637 2985 4692 admodum
3022 4637 3276 4692 salutaris
3308 4635 3582 4707 gloriatio,

2005 4729 2294 4785 beatorum
2335 4744 2467 4785 vero
2504 4739 2750 4786 cmtuum
2784 4731 2840 4785 in
2875 4729 3218 4790 coelestibus.
3251 4737 3309 4783 ut
3340 4743 3439 4797 par
3467 4737 3575 4790 est,

2004 4818 2422 4874 celebritatibus
2481 4819 2741 4889 praeclara
2784 4818 3129 4884 exsultatio),
3179 4832 3248 4871 ex
3287 4818 3378 4887 pio
3414 4825 3472 4870 et
3513 4814 3584 4870 ao

2011 4908 2272 4963 virtutem
2308 4910 2540 4978 proclivi
2579 4924 2802 4980 genere.
2841 4908 2939 4963 Dei
2970 4907 3328 4978 benignitate,
3379 4915 3584 4976 tuaque

2012 5009 2145 5049 cura
2166 5004 2222 5050 et
2246 4997 2562 5066 patrocinio
2594 4997 2798 5052 ductus
2822 5005 2925 5052 est.
2952 4996 3108 5063 Quod
3137 5010 3269 5050 vero
3291 4997 3359 5050 ad
3382 4996 3588 5049 educa-

2020 5086 2225 5142 tionem
2259 5097 2316 5144 et
2346 5089 2750 5146 institutionem
2774 5129 2788 5156 ,
2824 5089 2927 5144 sub
2959 5088 3424 5159 praestantissimis
3448 5087 3585 5157 legi-

1593 5355 2056 5421 Montfauconii
2124 5366 2313 5422 nota).

410 5482 485 5550 (Ι)
514 5478 588 5535 Ὠ
612 5497 732 5533 των
769 5481 1187 5548 ὐπερκοσμίων
1209 5548 1216 5550 _
1241 5475 1521 5550 ἁπάντων
1548 5549 1554 5550 γ
1579 5481 1902 5550 Gauri-ww}-

333 5548 484 5620 τριάζ
540 5551 665 5605 Haec
716 5552 975 5619 loquendi
1033 5551 1174 5603 ratio
1205 5548 1260 5601 iu
1280 5551 1400 5620 ⁸Ιιοο
1425 5548 1630 5618 Typico
1662 5549 1905 5604 insolens

332 5618 442 5676 non
464 5632 581 5760 fcisti
614 5622 693 5674 sic
722 5618 858 5674 alias
888 5620 1132 5690 reperilc
1159 5627 1244 5673 est
1269 5618 1529 5679 Θεοτόκος
1551 5635 1677 5687 μου,
1705 5620 1901 5671 Θεοτό-

337 5710 426 5754 κος
507 5709 642 5760 μων.

337 5710 426 5754 κος
464 5709 496 5760 η
507 5709 642 5761 μων.

2080 5483 2158 5551 (2)
2189 5483 2647 5551 Ἐξηγούμενος.
2672 5482 2927 5550 Augusta:
2950 5482 3128 5536 scriba
3144 5499 3251 5536 non
3268 5482 3582 5545 advertens,

2004 5553 2109 5608 sibi
2169 5553 2222 5606 in
2277 5569 2508 5623 persona
2565 5554 2800 5607 domina:
2865 5569 2977 5607 sua:
3039 5554 3376 5623 loquendum
3434 5567 3580 5614 esse,

2005 5623 2310 5676 masculino
2334 5622 2608 5678 interdum
2647 5623 2819 5677 utitur
2850 5639 3073 5693 genere.
