  <div class='ocr_page' id='page_1' title='image "/cluster/home/n/w/nwhite01/storage/ocr_20150623/127/hvd.32044073502411/503.png"; bbox 0 0 4104 6200; ppageno 0'>
   <div class='ocr_carea' id='block_1_1' title="bbox 538 323 647 388">
    <p class='ocr_par' dir='ltr' id='par_1_1' title="bbox 538 323 647 388">
     <span class='ocr_line' id='line_1_1' title="bbox 538 323 647 388; baseline -0.037 0"><span class='ocrx_word' id='word_1_1' title='bbox 538 323 647 388; x_wconf 60' lang='grc'><strong>975</strong></span> 
     </span>
    </p>
   </div>
   <div class='ocr_carea' id='block_1_2' title="bbox 1794 310 2480 373">
    <p class='ocr_par' dir='ltr' id='par_1_2' title="bbox 1794 310 2480 373">
     <span class='ocr_line' id='line_1_2' title="bbox 1794 310 2480 373; baseline -0.001 -2"><span class='ocrx_word' id='word_1_2' title='bbox 1794 310 2075 373; x_wconf 81' lang='lat' dir='ltr'><strong>IRENES</strong></span> <span class='ocrx_word' id='word_1_3' title='bbox 2105 310 2480 372; x_wconf 69' lang='lat' dir='ltr'><strong>AUGUSTIE</strong></span> 
     </span>
    </p>
   </div>
   <div class='ocr_carea' id='block_1_3' title="bbox 3668 317 3781 382">
    <p class='ocr_par' dir='ltr' id='par_1_3' title="bbox 3668 317 3781 382">
     <span class='ocr_line' id='line_1_3' title="bbox 3668 317 3781 382; baseline 0 0"><span class='ocrx_word' id='word_1_4' title='bbox 3668 317 3781 382; x_wconf 74' lang='lat'><strong>996</strong></span> 
     </span>
    </p>
   </div>
   <div class='ocr_carea' id='block_1_4' title="bbox 542 422 2140 496">
    <p class='ocr_par' dir='ltr' id='par_1_4' title="bbox 542 422 2110 496">
     <span class='ocr_line' id='line_1_4' title="bbox 542 422 2110 496; baseline -0.007 -8"><span class='ocrx_word' id='word_1_5' title='bbox 542 435 650 489; x_wconf 81' lang='lat' dir='ltr'><strong>bus</strong></span> <span class='ocrx_word' id='word_1_6' title='bbox 668 439 724 487; x_wconf 86' lang='lat' dir='ltr'><strong>et</strong></span> <span class='ocrx_word' id='word_1_7' title='bbox 750 428 1000 484; x_wconf 87' lang='lat' dir='ltr'><strong>moribus</strong></span> <span class='ocrx_word' id='word_1_8' title='bbox 1029 425 1197 496; x_wconf 87' lang='lat' dir='ltr'><strong>(absit</strong></span> <span class='ocrx_word' id='word_1_9' title='bbox 1218 425 1425 479; x_wconf 82' lang='lat' dir='ltr'><strong>invidia</strong></span> <span class='ocrx_word' id='word_1_10' title='bbox 1454 432 1511 479; x_wconf 88' lang='lat' dir='ltr'><strong>et</strong></span> <span class='ocrx_word' id='word_1_11' title='bbox 1536 424 1813 496; x_wconf 73' lang='lat' dir='ltr'><strong>iactantia:</strong></span> <span class='ocrx_word' id='word_1_12' title='bbox 1841 422 2110 495; x_wconf 75' lang='lat' dir='ltr'><strong>molestia)</strong></span> 
     </span>
    </p>
   </div>
   <div class='ocr_carea' id='block_1_5' title="bbox 2237 422 3787 496">
    <p class='ocr_par' dir='ltr' id='par_1_5' title="bbox 2237 423 3787 496">
     <span class='ocr_line' id='line_1_5' title="bbox 2237 423 3787 496; baseline 0.005 -20"><span class='ocrx_word' id='word_1_13' title='bbox 2237 424 2322 478; x_wconf 67' lang='grc' dir='ltr'><strong>υπὸ</strong></span> <span class='ocrx_word' id='word_1_14' title='bbox 2351 423 2660 487; x_wconf 78' lang='grc' dir='ltr'><strong>καλλίστοις</strong></span> <span class='ocrx_word' id='word_1_15' title='bbox 2688 423 2873 493; x_wconf 83' lang='grc' dir='ltr'>νόμοις</span> <span class='ocrx_word' id='word_1_16' title='bbox 2899 423 3385 496; x_wconf 80' lang='grc' dir='ltr'>πεπαιδαγώγηται</span> <span class='ocrx_word' id='word_1_17' title='bbox 3406 441 3419 457; x_wconf 78' lang='grc' dir='ltr'><strong><em>ο</em></strong></span> <span class='ocrx_word' id='word_1_18' title='bbox 3448 427 3541 481; x_wconf 74' lang='grc' dir='ltr'><strong>καὶ</strong></span> <span class='ocrx_word' id='word_1_19' title='bbox 3580 431 3642 481; x_wconf 82' lang='grc' dir='ltr'><strong>ὲν</strong></span> <span class='ocrx_word' id='word_1_20' title='bbox 3672 430 3787 484; x_wconf 65' lang='grc' dir='ltr'><strong>ἔθε-</strong></span> 
     </span>
    </p>
   </div>
   <div class='ocr_carea' id='block_1_6' title="bbox 540 516 2112 586">
    <p class='ocr_par' dir='ltr' id='par_1_6' title="bbox 540 516 2112 586">
     <span class='ocr_line' id='line_1_6' title="bbox 540 516 2112 586; baseline -0.007 -6"><span class='ocrx_word' id='word_1_21' title='bbox 540 523 681 581; x_wconf 87' lang='lat' dir='ltr'><strong>nibil</strong></span> <span class='ocrx_word' id='word_1_22' title='bbox 713 519 969 577; x_wconf 79' lang='lat' dir='ltr'><strong>dissoluti</strong></span> <span class='ocrx_word' id='word_1_23' title='bbox 1009 517 1094 572; x_wconf 88' lang='lat' dir='ltr'><strong>vel</strong></span> <span class='ocrx_word' id='word_1_24' title='bbox 1121 531 1304 586; x_wconf 60' lang='lat' dir='ltr'><strong>prava;</strong></span> <span class='ocrx_word' id='word_1_25' title='bbox 1330 516 1748 572; x_wconf 86' lang='lat' dir='ltr'><strong>consuetudinis</strong></span> <span class='ocrx_word' id='word_1_26' title='bbox 1781 530 1966 571; x_wconf 86' lang='lat' dir='ltr'><strong>secum</strong></span> <span class='ocrx_word' id='word_1_27' title='bbox 1999 525 2112 570; x_wconf 86' lang='lat' dir='ltr'><strong>tra-</strong></span> 
     </span>
    </p>
   </div>
   <div class='ocr_carea' id='block_1_7' title="bbox 2216 514 3789 587">
    <p class='ocr_par' dir='ltr' id='par_1_7' title="bbox 2216 514 3789 587">
     <span class='ocr_line' id='line_1_7' title="bbox 2216 514 3789 587; baseline 0.004 -20"><span class='ocrx_word' id='word_1_28' title='bbox 2216 532 2299 568; x_wconf 90' lang='grc' dir='ltr'><strong>σιν</strong></span> <span class='ocrx_word' id='word_1_29' title='bbox 2331 515 2575 580; x_wconf 75' lang='grc' dir='ltr'>(ἀπέστω</span> <span class='ocrx_word' id='word_1_30' title='bbox 2600 514 2817 583; x_wconf 84' lang='grc' dir='ltr'>φθόνος,</span> <span class='ocrx_word' id='word_1_31' title='bbox 2848 514 2943 567; x_wconf 78' lang='grc' dir='ltr'><strong>καὶ</strong></span> <span class='ocrx_word' id='word_1_32' title='bbox 2976 516 3193 585; x_wconf 83' lang='grc' dir='ltr'><strong>κόμπου</strong></span> <span class='ocrx_word' id='word_1_33' title='bbox 3227 517 3417 587; x_wconf 81' lang='grc' dir='ltr'><strong>βάρος)</strong></span> <span class='ocrx_word' id='word_1_34' title='bbox 3456 518 3610 573; x_wconf 81' lang='grc' dir='ltr'>οὐδὲν</span> <span class='ocrx_word' id='word_1_35' title='bbox 3656 527 3789 575; x_wconf 69' lang='grc' dir='ltr'><strong>ἑπα-</strong></span> 
     </span>
    </p>
   </div>
   <div class='ocr_carea' id='block_1_8' title="bbox 542 605 2140 679">
    <p class='ocr_par' dir='ltr' id='par_1_8' title="bbox 542 609 2113 679">
     <span class='ocr_line' id='line_1_8' title="bbox 542 609 2113 679; baseline -0.006 -8"><span class='ocrx_word' id='word_1_36' title='bbox 542 615 804 671; x_wconf 79' lang='lat' dir='ltr'><strong>ltentibus</strong></span> <span class='ocrx_word' id='word_1_37' title='bbox 840 618 1034 666; x_wconf 89' lang='lat' dir='ltr'><strong>curata</strong></span> <span class='ocrx_word' id='word_1_38' title='bbox 1076 617 1183 665; x_wconf 90' lang='lat' dir='ltr'><strong>est.</strong></span> <span class='ocrx_word' id='word_1_39' title='bbox 1212 610 1281 664; x_wconf 88' lang='lat' dir='ltr'><strong>Et</strong></span> <span class='ocrx_word' id='word_1_40' title='bbox 1307 610 1412 664; x_wconf 89' lang='lat' dir='ltr'><strong>hoc</strong></span> <span class='ocrx_word' id='word_1_41' title='bbox 1445 610 1605 679; x_wconf 85' lang='lat' dir='ltr'><strong>plane</strong></span> <span class='ocrx_word' id='word_1_42' title='bbox 1643 611 1775 676; x_wconf 82' lang='lat' dir='ltr'><strong>Dei,</strong></span> <span class='ocrx_word' id='word_1_43' title='bbox 1806 618 1861 664; x_wconf 92' lang='lat' dir='ltr'><strong>et</strong></span> <span class='ocrx_word' id='word_1_44' title='bbox 1893 609 1970 663; x_wconf 88' lang='lat' dir='ltr'><strong>tui</strong></span> <span class='ocrx_word' id='word_1_45' title='bbox 2018 609 2113 663; x_wconf 93' lang='lat' dir='ltr'><strong>Dei</strong></span> 
     </span>
    </p>
   </div>
   <div class='ocr_carea' id='block_1_9' title="bbox 2237 605 3789 679">
    <p class='ocr_par' dir='ltr' id='par_1_9' title="bbox 2237 605 3789 677">
     <span class='ocr_line' id='line_1_9' title="bbox 2237 605 3789 677; baseline 0.004 -18"><span class='ocrx_word' id='word_1_46' title='bbox 2237 605 2466 674; x_wconf 67' lang='lat' dir='ltr'><strong>rouévm;</strong></span> <span class='ocrx_word' id='word_1_47' title='bbox 2495 605 2945 675; x_wconf 69' lang='grc' dir='ltr'><strong>ἐπισεσυρμένον,</strong></span> <span class='ocrx_word' id='word_1_48' title='bbox 2977 607 3010 677; x_wconf 84' lang='grc' dir='ltr'>ἢ</span> <span class='ocrx_word' id='word_1_49' title='bbox 3048 606 3457 676; x_wconf 77' lang='grc' dir='ltr'>δυσανάγωγον.</span> <span class='ocrx_word' id='word_1_50' title='bbox 3493 611 3603 663; x_wconf 71' lang='grc' dir='ltr'><strong>Καὶ</strong></span> <span class='ocrx_word' id='word_1_51' title='bbox 3631 611 3789 666; x_wconf 73' lang='grc' dir='ltr'>τοῦτο</span> 
     </span>
    </p>
   </div>
   <div class='ocr_carea' id='block_1_10' title="bbox 543 698 2115 771">
    <p class='ocr_par' dir='ltr' id='par_1_10' title="bbox 543 698 2115 771">
     <span class='ocr_line' id='line_1_10' title="bbox 543 698 2115 771; baseline -0.003 -13"><span class='ocrx_word' id='word_1_52' title='bbox 543 703 733 758; x_wconf 82' lang='lat' dir='ltr'><strong>Matris</strong></span> <span class='ocrx_word' id='word_1_53' title='bbox 758 701 987 755; x_wconf 91' lang='lat' dir='ltr'><strong>donum.</strong></span> <span class='ocrx_word' id='word_1_54' title='bbox 1030 698 1185 765; x_wconf 85' lang='lat' dir='ltr'><strong>Quod</strong></span> <span class='ocrx_word' id='word_1_55' title='bbox 1231 709 1415 755; x_wconf 87' lang='lat' dir='ltr'><strong>autem</strong></span> <span class='ocrx_word' id='word_1_56' title='bbox 1456 701 1523 755; x_wconf 91' lang='lat' dir='ltr'><strong>ad</strong></span> <span class='ocrx_word' id='word_1_57' title='bbox 1553 701 1910 771; x_wconf 85' lang='lat' dir='ltr'><strong>temporalem</strong></span> <span class='ocrx_word' id='word_1_58' title='bbox 1938 700 2115 754; x_wconf 84' lang='lat' dir='ltr'><strong>felici-</strong></span> 
     </span>
    </p>
   </div>
   <div class='ocr_carea' id='block_1_11' title="bbox 546 791 2116 862">
    <p class='ocr_par' dir='ltr' id='par_1_11' title="bbox 546 791 2116 862">
     <span class='ocr_line' id='line_1_11' title="bbox 546 791 2116 862; baseline -0.003 -13"><span class='ocrx_word' id='word_1_59' title='bbox 546 801 710 850; x_wconf 85' lang='lat' dir='ltr'><strong>tatem</strong></span> <span class='ocrx_word' id='word_1_60' title='bbox 751 791 965 861; x_wconf 91' lang='lat' dir='ltr'><strong>liqnido</strong></span> <span class='ocrx_word' id='word_1_61' title='bbox 998 791 1235 856; x_wconf 90' lang='lat' dir='ltr'><strong>attinet,</strong></span> <span class='ocrx_word' id='word_1_62' title='bbox 1270 793 1359 847; x_wconf 89' lang='lat' dir='ltr'><strong>cui</strong></span> <span class='ocrx_word' id='word_1_63' title='bbox 1388 794 1633 848; x_wconf 88' lang='lat' dir='ltr'><strong>omnium</strong></span> <span class='ocrx_word' id='word_1_64' title='bbox 1666 792 1909 862; x_wconf 84' lang='lat' dir='ltr'><strong>cujusvis</strong></span> <span class='ocrx_word' id='word_1_65' title='bbox 1932 806 2116 853; x_wconf 83' lang='lat' dir='ltr'><strong>sexus,</strong></span> 
     </span>
    </p>
   </div>
   <div class='ocr_carea' id='block_1_12' title="bbox 545 879 2120 950">
    <p class='ocr_par' dir='ltr' id='par_1_12' title="bbox 545 879 2120 950">
     <span class='ocr_line' id='line_1_12' title="bbox 545 879 2120 950; baseline -0.003 -13"><span class='ocrx_word' id='word_1_66' title='bbox 545 895 606 938; x_wconf 84' lang='grc' dir='ltr'>ιιι</span> <span class='ocrx_word' id='word_1_67' title='bbox 627 880 761 935; x_wconf 87' lang='lat' dir='ltr'><strong>mihi</strong></span> <span class='ocrx_word' id='word_1_68' title='bbox 788 879 1002 934; x_wconf 77' lang='lat' dir='ltr'><strong>famula:</strong></span> <span class='ocrx_word' id='word_1_69' title='bbox 1033 888 1158 943; x_wconf 70' lang='lat' dir='ltr'><strong>tuae,</strong></span> <span class='ocrx_word' id='word_1_70' title='bbox 1186 880 1252 935; x_wconf 90' lang='lat' dir='ltr'><strong>ad</strong></span> <span class='ocrx_word' id='word_1_71' title='bbox 1280 880 1525 935; x_wconf 77' lang='lat' dir='ltr'><strong>feliciora</strong></span> <span class='ocrx_word' id='word_1_72' title='bbox 1550 896 1871 950; x_wconf 89' lang='lat' dir='ltr'><strong>prosperum</strong></span> <span class='ocrx_word' id='word_1_73' title='bbox 1895 881 1997 934; x_wconf 87' lang='lat' dir='ltr'><strong>iter</strong></span> <span class='ocrx_word' id='word_1_74' title='bbox 2023 894 2120 949; x_wconf 91' lang='lat' dir='ltr'><strong>per</strong></span> 
     </span>
    </p>
   </div>
   <div class='ocr_carea' id='block_1_13' title="bbox 544 971 2122 1043">
    <p class='ocr_par' dir='ltr' id='par_1_13' title="bbox 544 971 2122 1043">
     <span class='ocr_line' id='line_1_13' title="bbox 544 971 2122 1043; baseline -0.003 -16"><span class='ocrx_word' id='word_1_75' title='bbox 544 972 729 1027; x_wconf 82' lang='lat' dir='ltr'><strong>omnia</strong></span> <span class='ocrx_word' id='word_1_76' title='bbox 758 973 958 1043; x_wconf 86' lang='lat' dir='ltr'><strong>parasti</strong></span> <span class='ocrx_word' id='word_1_77' title='bbox 974 971 997 1022; x_wconf 89' lang='lat'><strong>?</strong></span> <span class='ocrx_word' id='word_1_78' title='bbox 1013 984 1045 1024; x_wconf 93' lang='grc' dir='ltr'><strong>ο</strong></span> <span class='ocrx_word' id='word_1_79' title='bbox 1064 973 1269 1040; x_wconf 77' lang='lat' dir='ltr'><strong>Regina</strong></span> <span class='ocrx_word' id='word_1_80' title='bbox 1292 971 1692 1041; x_wconf 86' lang='lat' dir='ltr'><strong>spiritualibus,</strong></span> <span class='ocrx_word' id='word_1_81' title='bbox 1714 981 1769 1025; x_wconf 91' lang='lat' dir='ltr'><strong>et</strong></span> <span class='ocrx_word' id='word_1_82' title='bbox 1787 986 1913 1025; x_wconf 86' lang='lat' dir='ltr'><strong>vere</strong></span> <span class='ocrx_word' id='word_1_83' title='bbox 1941 971 2122 1025; x_wconf 87' lang='lat' dir='ltr'><strong>incor-</strong></span> 
     </span>
    </p>
   </div>
   <div class='ocr_carea' id='block_1_14' title="bbox 547 1061 2121 1137">
    <p class='ocr_par' dir='ltr' id='par_1_14' title="bbox 547 1061 2121 1137">
     <span class='ocr_line' id='line_1_14' title="bbox 547 1061 2121 1137; baseline -0.001 -22"><span class='ocrx_word' id='word_1_84' title='bbox 547 1065 726 1129; x_wconf 78' lang='lat' dir='ltr'><strong>ruptis</strong></span> <span class='ocrx_word' id='word_1_85' title='bbox 782 1063 1015 1120; x_wconf 87' lang='lat' dir='ltr'><strong>fimbriis</strong></span> <span class='ocrx_word' id='word_1_86' title='bbox 1074 1064 1509 1137; x_wconf 79' lang='lat' dir='ltr'><strong>circumamicta,</strong></span> <span class='ocrx_word' id='word_1_87' title='bbox 1562 1063 1827 1117; x_wconf 86' lang='lat' dir='ltr'><strong>varietate</strong></span> <span class='ocrx_word' id='word_1_88' title='bbox 1882 1061 2121 1115; x_wconf 84' lang='lat' dir='ltr'><strong>circum-</strong></span> 
     </span>
    </p>
   </div>
   <div class='ocr_carea' id='block_1_15' title="bbox 548 1152 2120 1222">
    <p class='ocr_par' dir='ltr' id='par_1_15' title="bbox 548 1152 2120 1222">
     <span class='ocr_line' id='line_1_15' title="bbox 548 1152 2120 1222; baseline -0.002 -16"><span class='ocrx_word' id='word_1_89' title='bbox 548 1153 675 1206; x_wconf 88' lang='lat' dir='ltr'><strong>data</strong></span> <span class='ocrx_word' id='word_1_90' title='bbox 708 1159 748 1218; x_wconf 81' lang='lat'><strong>&#39;,</strong></span> <span class='ocrx_word' id='word_1_91' title='bbox 782 1165 836 1208; x_wconf 88' lang='lat' dir='ltr'><strong>et</strong></span> <span class='ocrx_word' id='word_1_92' title='bbox 865 1163 1018 1209; x_wconf 86' lang='lat' dir='ltr'><strong>stans</strong></span> <span class='ocrx_word' id='word_1_93' title='bbox 1038 1171 1068 1209; x_wconf 91' lang='lat' dir='ltr'><strong>a</strong></span> <span class='ocrx_word' id='word_1_94' title='bbox 1093 1153 1303 1208; x_wconf 82' lang='lat' dir='ltr'><strong>dextris</strong></span> <span class='ocrx_word' id='word_1_95' title='bbox 1330 1152 1736 1222; x_wconf 77' lang='lat' dir='ltr'><strong>omnipotentis</strong></span> <span class='ocrx_word' id='word_1_96' title='bbox 1765 1168 1779 1204; x_wconf 89' lang='lat'><strong>:</strong></span> <span class='ocrx_word' id='word_1_97' title='bbox 1811 1167 1935 1205; x_wconf 89' lang='lat' dir='ltr'><strong>cum</strong></span> <span class='ocrx_word' id='word_1_98' title='bbox 1974 1153 2120 1207; x_wconf 90' lang='lat' dir='ltr'><strong>enim</strong></span> 
     </span>
    </p>
   </div>
   <div class='ocr_carea' id='block_1_16' title="bbox 554 1244 2127 1313">
    <p class='ocr_par' dir='ltr' id='par_1_16' title="bbox 554 1244 2127 1313">
     <span class='ocr_line' id='line_1_16' title="bbox 554 1244 2127 1313; baseline 0 -16"><span class='ocrx_word' id='word_1_99' title='bbox 554 1246 739 1298; x_wconf 88' lang='lat' dir='ltr'><strong>omnia</strong></span> <span class='ocrx_word' id='word_1_100' title='bbox 767 1260 884 1301; x_wconf 88' lang='lat' dir='ltr'><strong>mea</strong></span> <span class='ocrx_word' id='word_1_101' title='bbox 910 1245 1167 1300; x_wconf 88' lang='lat' dir='ltr'><strong>secundis</strong></span> <span class='ocrx_word' id='word_1_102' title='bbox 1188 1244 1367 1313; x_wconf 84' lang='lat' dir='ltr'><strong>quoad</strong></span> <span class='ocrx_word' id='word_1_103' title='bbox 1407 1244 1684 1298; x_wconf 85' lang='lat' dir='ltr'><strong>hominem</strong></span> <span class='ocrx_word' id='word_1_104' title='bbox 1706 1244 1870 1297; x_wconf 86' lang='lat' dir='ltr'><strong>rebus</strong></span> <span class='ocrx_word' id='word_1_105' title='bbox 1891 1244 2127 1298; x_wconf 90' lang='lat' dir='ltr'><strong>circum-</strong></span> 
     </span>
    </p>
   </div>
   <div class='ocr_carea' id='block_1_17' title="bbox 551 1333 2117 1403">
    <p class='ocr_par' dir='ltr' id='par_1_17' title="bbox 551 1333 2117 1403">
     <span class='ocr_line' id='line_1_17' title="bbox 551 1333 2117 1403; baseline -0.001 -15"><span class='ocrx_word' id='word_1_106' title='bbox 551 1335 790 1399; x_wconf 88' lang='lat' dir='ltr'><strong>dederis,</strong></span> <span class='ocrx_word' id='word_1_107' title='bbox 843 1336 928 1390; x_wconf 86' lang='lat' dir='ltr'><strong>vel</strong></span> <span class='ocrx_word' id='word_1_108' title='bbox 976 1335 1160 1403; x_wconf 86' lang='lat' dir='ltr'><strong>potius</strong></span> <span class='ocrx_word' id='word_1_109' title='bbox 1206 1333 1531 1402; x_wconf 87' lang='lat' dir='ltr'><strong>perfuderis,</strong></span> <span class='ocrx_word' id='word_1_110' title='bbox 1569 1341 1625 1386; x_wconf 91' lang='lat' dir='ltr'><strong>et</strong></span> <span class='ocrx_word' id='word_1_111' title='bbox 1669 1333 1808 1386; x_wconf 90' lang='lat' dir='ltr'><strong>nihil</strong></span> <span class='ocrx_word' id='word_1_112' title='bbox 1864 1333 2117 1386; x_wconf 69' lang='lat' dir='ltr'><strong>humana:</strong></span> 
     </span>
    </p>
   </div>
   <div class='ocr_carea' id='block_1_18' title="bbox 554 1423 2149 1494">
    <p class='ocr_par' dir='ltr' id='par_1_18' title="bbox 554 1423 2149 1494">
     <span class='ocr_line' id='line_1_18' title="bbox 554 1423 2149 1494; baseline 0 -17"><span class='ocrx_word' id='word_1_113' title='bbox 554 1426 931 1494; x_wconf 82' lang='lat' dir='ltr'><strong>prosperitatis</strong></span> <span class='ocrx_word' id='word_1_114' title='bbox 955 1441 985 1479; x_wconf 89' lang='lat' dir='ltr'><strong>a</strong></span> <span class='ocrx_word' id='word_1_115' title='bbox 1024 1425 1261 1479; x_wconf 88' lang='lat' dir='ltr'><strong>circuitu</strong></span> <span class='ocrx_word' id='word_1_116' title='bbox 1287 1438 1411 1477; x_wconf 91' lang='lat' dir='ltr'><strong>meo</strong></span> <span class='ocrx_word' id='word_1_117' title='bbox 1449 1424 1750 1489; x_wconf 85' lang='lat' dir='ltr'><strong>amoveris;</strong></span> <span class='ocrx_word' id='word_1_118' title='bbox 1786 1437 1875 1477; x_wconf 90' lang='lat' dir='ltr'><strong>me</strong></span> <span class='ocrx_word' id='word_1_119' title='bbox 1905 1423 2149 1492; x_wconf 84' lang='lat' dir='ltr'><strong>insuper</strong></span> 
     </span>
    </p>
   </div>
   <div class='ocr_carea' id='block_1_19' title="bbox 553 1513 2130 1583">
    <p class='ocr_par' dir='ltr' id='par_1_19' title="bbox 553 1513 2130 1583">
     <span class='ocr_line' id='line_1_19' title="bbox 553 1513 2130 1583; baseline -0.003 -12"><span class='ocrx_word' id='word_1_120' title='bbox 553 1519 619 1571; x_wconf 89' lang='lat' dir='ltr'><strong>ad</strong></span> <span class='ocrx_word' id='word_1_121' title='bbox 657 1516 928 1570; x_wconf 84' lang='lat' dir='ltr'><strong>fclicitatis</strong></span> <span class='ocrx_word' id='word_1_122' title='bbox 969 1516 1223 1568; x_wconf 66' lang='lat' dir='ltr'><strong>humanae</strong></span> <span class='ocrx_word' id='word_1_123' title='bbox 1264 1514 1567 1583; x_wconf 80' lang='lat' dir='ltr'><strong>fastigium,</strong></span> <span class='ocrx_word' id='word_1_124' title='bbox 1610 1513 1813 1582; x_wconf 80' lang='lat' dir='ltr'><strong>quibus</strong></span> <span class='ocrx_word' id='word_1_125' title='bbox 1861 1513 2003 1567; x_wconf 89' lang='lat' dir='ltr'><strong>nosti</strong></span> <span class='ocrx_word' id='word_1_126' title='bbox 2040 1528 2130 1567; x_wconf 89' lang='lat' dir='ltr'><strong>ra-</strong></span> 
     </span>
    </p>
   </div>
   <div class='ocr_carea' id='block_1_20' title="bbox 556 1603 2131 1674">
    <p class='ocr_par' dir='ltr' id='par_1_20' title="bbox 556 1603 2131 1674">
     <span class='ocr_line' id='line_1_20' title="bbox 556 1603 2131 1674; baseline -0.001 -15"><span class='ocrx_word' id='word_1_127' title='bbox 556 1607 820 1668; x_wconf 84' lang='lat' dir='ltr'><strong>tionibus,</strong></span> <span class='ocrx_word' id='word_1_128' title='bbox 842 1606 905 1659; x_wconf 90' lang='lat' dir='ltr'><strong>ad</strong></span> <span class='ocrx_word' id='word_1_129' title='bbox 933 1606 1220 1674; x_wconf 87' lang='lat' dir='ltr'><strong>imperium</strong></span> <span class='ocrx_word' id='word_1_130' title='bbox 1245 1603 1725 1659; x_wconf 78' lang='lat' dir='ltr'><strong>scilicetevexisti.</strong></span> <span class='ocrx_word' id='word_1_131' title='bbox 1744 1603 1818 1657; x_wconf 86' lang='lat' dir='ltr'><strong>lis</strong></span> <span class='ocrx_word' id='word_1_132' title='bbox 1839 1605 2131 1658; x_wconf 80' lang='lat' dir='ltr'><strong>maximam</strong></span> 
     </span>
    </p>
   </div>
   <div class='ocr_carea' id='block_1_21' title="bbox 558 1698 2131 1774">
    <p class='ocr_par' dir='ltr' id='par_1_21' title="bbox 558 1698 2131 1774">
     <span class='ocr_line' id='line_1_21' title="bbox 558 1698 2131 1774; baseline -0.005 -15"><span class='ocrx_word' id='word_1_133' title='bbox 558 1706 614 1759; x_wconf 90' lang='lat' dir='ltr'><strong>in</strong></span> <span class='ocrx_word' id='word_1_134' title='bbox 641 1717 882 1774; x_wconf 84' lang='lat' dir='ltr'><strong>purpura</strong></span> <span class='ocrx_word' id='word_1_135' title='bbox 914 1700 1301 1754; x_wconf 84' lang='lat' dir='ltr'><strong>fecunditatem</strong></span> <span class='ocrx_word' id='word_1_136' title='bbox 1320 1698 1601 1762; x_wconf 87' lang='lat' dir='ltr'><strong>addidisti,</strong></span> <span class='ocrx_word' id='word_1_137' title='bbox 1626 1713 1750 1752; x_wconf 90' lang='lat' dir='ltr'><strong>cum</strong></span> <span class='ocrx_word' id='word_1_138' title='bbox 1769 1712 1867 1753; x_wconf 59' lang='lat' dir='ltr'><strong>“me</strong></span> <span class='ocrx_word' id='word_1_139' title='bbox 1901 1707 2131 1753; x_wconf 87' lang='lat' dir='ltr'><strong>matrem</strong></span> 
     </span>
    </p>
   </div>
   <div class='ocr_carea' id='block_1_22' title="bbox 556 1754 2207 1863">
    <p class='ocr_par' dir='ltr' id='par_1_22' title="bbox 556 1754 2207 1863">
     <span class='ocr_line' id='line_1_22' title="bbox 558 1754 1598 1774; baseline -0.004 0"><span class='ocrx_word' id='word_1_140' title='bbox 641 1754 666 1774; x_wconf 70' lang='grc' dir='ltr'><strong>τ</strong></span> <span class='ocrx_word' id='word_1_141' title='bbox 684 1754 765 1772; x_wconf 44' lang='grc' dir='ltr'><strong>τίς</strong></span> <span class='ocrx_word' id='word_1_142' title='bbox 792 1754 815 1755; x_wconf 62' lang='grc' dir='ltr'><em>η</em></span> <span class='ocrx_word' id='word_1_143' title='bbox 860 1754 865 1755; x_wconf 47' lang='grc' dir='ltr'><strong>κ</strong></span> <span class='ocrx_word' id='word_1_144' title='bbox 1588 1754 1598 1762; x_wconf 72' lang='grc' dir='ltr'><strong>ι</strong></span> 
     </span>
     <span class='ocr_line' id='line_1_23' title="bbox 556 1754 2207 1863; baseline -0.003 -17"><span class='ocrx_word' id='word_1_145' title='bbox 556 1793 713 1863; x_wconf 89' lang='lat' dir='ltr'><strong>prius</strong></span> <span class='ocrx_word' id='word_1_146' title='bbox 741 1791 935 1845; x_wconf 85' lang='lat' dir='ltr'><strong>factam</strong></span> <span class='ocrx_word' id='word_1_147' title='bbox 975 1797 1032 1844; x_wconf 90' lang='lat' dir='ltr'><strong>et</strong></span> <span class='ocrx_word' id='word_1_148' title='bbox 1064 1797 1334 1850; x_wconf 89' lang='lat' dir='ltr'><strong>vocatam,</strong></span> <span class='ocrx_word' id='word_1_149' title='bbox 1358 1788 1532 1841; x_wconf 88' lang='lat' dir='ltr'><strong>aviam</strong></span> <span class='ocrx_word' id='word_1_150' title='bbox 1559 1788 2132 1856; x_wconf 74' lang='lat' dir='ltr'><strong>insupermaternam,</strong></span> <span class='ocrx_word' id='word_1_151' title='bbox 2167 1754 2207 1808; x_wconf 73' lang='grc' dir='ltr'><strong><em>Β</em></strong></span> 
     </span>
    </p>
   </div>
   <div class='ocr_carea' id='block_1_23' title="bbox 559 1877 2139 1950">
    <p class='ocr_par' dir='ltr' id='par_1_23' title="bbox 559 1877 2139 1950">
     <span class='ocr_line' id='line_1_24' title="bbox 559 1877 2139 1950; baseline -0.004 -11"><span class='ocrx_word' id='word_1_152' title='bbox 559 1894 616 1939; x_wconf 89' lang='lat' dir='ltr'><strong>et</strong></span> <span class='ocrx_word' id='word_1_153' title='bbox 641 1883 814 1936; x_wconf 89' lang='lat' dir='ltr'><strong>aviam</strong></span> <span class='ocrx_word' id='word_1_154' title='bbox 849 1889 1136 1950; x_wconf 87' lang='lat' dir='ltr'><strong>paternam</strong></span> <span class='ocrx_word' id='word_1_155' title='bbox 1163 1877 1303 1934; x_wconf 77' lang='lat' dir='ltr'><strong>efﬁci</strong></span> <span class='ocrx_word' id='word_1_156' title='bbox 1343 1888 1399 1933; x_wconf 91' lang='lat' dir='ltr'><strong>et</strong></span> <span class='ocrx_word' id='word_1_157' title='bbox 1428 1878 1736 1947; x_wconf 89' lang='lat' dir='ltr'><strong>nuncupari</strong></span> <span class='ocrx_word' id='word_1_158' title='bbox 1763 1878 2031 1933; x_wconf 85' lang='lat' dir='ltr'><strong>tribuisti.</strong></span> <span class='ocrx_word' id='word_1_159' title='bbox 2066 1878 2139 1932; x_wconf 88' lang='lat' dir='ltr'><strong>lis</strong></span> 
     </span>
    </p>
   </div>
   <div class='ocr_carea' id='block_1_24' title="bbox 482 1970 2140 2045">
    <p class='ocr_par' dir='ltr' id='par_1_24' title="bbox 482 1970 2140 2045">
     <span class='ocr_line' id='line_1_25' title="bbox 482 1970 2140 2045; baseline -0.004 -14"><span class='ocrx_word' id='word_1_160' title='bbox 482 1980 485 1991; x_wconf 92' lang='lat'>&#39;</span> <span class='ocrx_word' id='word_1_161' title='bbox 559 1973 808 2045; x_wconf 85' lang='lat' dir='ltr'><strong>adjecisti</strong></span> <span class='ocrx_word' id='word_1_162' title='bbox 837 1972 1134 2025; x_wconf 89' lang='lat' dir='ltr'><strong>maximum</strong></span> <span class='ocrx_word' id='word_1_163' title='bbox 1169 1971 1539 2040; x_wconf 75' lang='lat' dir='ltr'><strong>imperatoriae</strong></span> <span class='ocrx_word' id='word_1_164' title='bbox 1576 1970 1868 2039; x_wconf 82' lang='lat' dir='ltr'><strong>potestatis</strong></span> <span class='ocrx_word' id='word_1_165' title='bbox 1894 1970 1963 2024; x_wconf 94' lang='lat' dir='ltr'><strong>ad</strong></span> <span class='ocrx_word' id='word_1_166' title='bbox 1997 1970 2140 2025; x_wconf 88' lang='lat' dir='ltr'><strong>hanc</strong></span> 
     </span>
    </p>
   </div>
   <div class='ocr_carea' id='block_1_25' title="bbox 560 2059 2139 2136">
    <p class='ocr_par' dir='ltr' id='par_1_25' title="bbox 560 2059 2139 2136">
     <span class='ocr_line' id='line_1_26' title="bbox 560 2059 2139 2136; baseline -0.004 -15"><span class='ocrx_word' id='word_1_167' title='bbox 560 2079 735 2136; x_wconf 88' lang='lat' dir='ltr'><strong>usque</strong></span> <span class='ocrx_word' id='word_1_168' title='bbox 785 2063 929 2118; x_wconf 87' lang='lat' dir='ltr'><strong>diem</strong></span> <span class='ocrx_word' id='word_1_169' title='bbox 982 2063 1419 2127; x_wconf 87' lang='lat' dir='ltr'><strong>incrementum;</strong></span> <span class='ocrx_word' id='word_1_170' title='bbox 1460 2060 1721 2131; x_wconf 73' lang='lat' dir='ltr'><strong>praeclara</strong></span> <span class='ocrx_word' id='word_1_171' title='bbox 1781 2067 1838 2114; x_wconf 90' lang='lat' dir='ltr'><strong>et</strong></span> <span class='ocrx_word' id='word_1_172' title='bbox 1896 2059 2139 2114; x_wconf 89' lang='lat' dir='ltr'><strong>victricia</strong></span> 
     </span>
    </p>
   </div>
   <div class='ocr_carea' id='block_1_26' title="bbox 561 2152 2141 2229">
    <p class='ocr_par' dir='ltr' id='par_1_26' title="bbox 561 2152 2141 2229">
     <span class='ocr_line' id='line_1_27' title="bbox 561 2152 2141 2229; baseline -0.004 -18"><span class='ocrx_word' id='word_1_173' title='bbox 561 2157 878 2229; x_wconf 86' lang='lat' dir='ltr'><strong>imperatori</strong></span> <span class='ocrx_word' id='word_1_174' title='bbox 904 2157 957 2209; x_wconf 89' lang='lat' dir='ltr'><strong>in</strong></span> <span class='ocrx_word' id='word_1_175' title='bbox 992 2155 1180 2209; x_wconf 88' lang='lat' dir='ltr'><strong>arduis</strong></span> <span class='ocrx_word' id='word_1_176' title='bbox 1208 2155 1427 2210; x_wconf 90' lang='lat' dir='ltr'><strong>casibus</strong></span> <span class='ocrx_word' id='word_1_177' title='bbox 1458 2152 1893 2221; x_wconf 84' lang='lat' dir='ltr'><strong>periculosisque</strong></span> <span class='ocrx_word' id='word_1_178' title='bbox 1931 2160 2141 2221; x_wconf 85' lang='lat' dir='ltr'><strong>tempo-</strong></span> 
     </span>
    </p>
   </div>
   <div class='ocr_carea' id='block_1_27' title="bbox 561 2242 2139 2316">
    <p class='ocr_par' dir='ltr' id='par_1_27' title="bbox 561 2242 2139 2316">
     <span class='ocr_line' id='line_1_28' title="bbox 561 2242 2139 2316; baseline -0.004 -13"><span class='ocrx_word' id='word_1_179' title='bbox 561 2250 715 2304; x_wconf 88' lang='lat' dir='ltr'><strong>ribus</strong></span> <span class='ocrx_word' id='word_1_180' title='bbox 738 2249 938 2303; x_wconf 79' lang='lat' dir='ltr'><strong>auxilia</strong></span> <span class='ocrx_word' id='word_1_181' title='bbox 964 2264 979 2304; x_wconf 87' lang='lat'><strong>:</strong></span> <span class='ocrx_word' id='word_1_182' title='bbox 1001 2247 1248 2316; x_wconf 77' lang='lat' dir='ltr'><strong>ejusdem</strong></span> <span class='ocrx_word' id='word_1_183' title='bbox 1276 2259 1491 2314; x_wconf 84' lang='lat' dir='ltr'><strong>magna,</strong></span> <span class='ocrx_word' id='word_1_184' title='bbox 1521 2244 1876 2312; x_wconf 64' lang='lat' dir='ltr'><strong>Romanoque</strong></span> <span class='ocrx_word' id='word_1_185' title='bbox 1910 2242 2139 2312; x_wconf 87' lang='lat' dir='ltr'><strong>imperio</strong></span> 
     </span>
    </p>
   </div>
   <div class='ocr_carea' id='block_1_28' title="bbox 562 2333 2139 2408">
    <p class='ocr_par' dir='ltr' id='par_1_28' title="bbox 562 2333 2139 2408">
     <span class='ocr_line' id='line_1_29' title="bbox 562 2333 2139 2408; baseline -0.006 -11"><span class='ocrx_word' id='word_1_186' title='bbox 562 2340 822 2397; x_wconf 83' lang='lat' dir='ltr'><strong>salutaria</strong></span> <span class='ocrx_word' id='word_1_187' title='bbox 868 2350 1090 2408; x_wconf 71' lang='lat' dir='ltr'><strong>tropzea,</strong></span> <span class='ocrx_word' id='word_1_188' title='bbox 1150 2352 1271 2407; x_wconf 66' lang='lat' dir='ltr'><strong>qum</strong></span> <span class='ocrx_word' id='word_1_189' title='bbox 1315 2345 1369 2390; x_wconf 91' lang='lat' dir='ltr'><strong>te</strong></span> <span class='ocrx_word' id='word_1_190' title='bbox 1414 2334 1717 2404; x_wconf 86' lang='lat' dir='ltr'><strong>opitulante</strong></span> <span class='ocrx_word' id='word_1_191' title='bbox 1766 2334 1835 2387; x_wconf 90' lang='lat' dir='ltr'><strong>de</strong></span> <span class='ocrx_word' id='word_1_192' title='bbox 1883 2333 2139 2388; x_wconf 80' lang='lat' dir='ltr'><strong>Barbaris</strong></span> 
     </span>
    </p>
   </div>
   <div class='ocr_carea' id='block_1_29' title="bbox 564 2424 2142 2484">
    <p class='ocr_par' dir='ltr' id='par_1_29' title="bbox 564 2424 2142 2484">
     <span class='ocr_line' id='line_1_30' title="bbox 564 2424 2142 2484; baseline -0.004 0"><span class='ocrx_word' id='word_1_193' title='bbox 564 2430 791 2484; x_wconf 87' lang='lat' dir='ltr'><strong>retulit:</strong></span> <span class='ocrx_word' id='word_1_194' title='bbox 818 2428 1268 2484; x_wconf 87' lang='lat' dir='ltr'><strong>charissimorum</strong></span> <span class='ocrx_word' id='word_1_195' title='bbox 1295 2434 1613 2480; x_wconf 81' lang='lat' dir='ltr'><strong>nostrorum</strong></span> <span class='ocrx_word' id='word_1_196' title='bbox 1644 2425 1839 2479; x_wconf 90' lang='lat' dir='ltr'><strong>morbo</strong></span> <span class='ocrx_word' id='word_1_197' title='bbox 1886 2424 2142 2479; x_wconf 69' lang='lat' dir='ltr'><strong>laboran~</strong></span> 
     </span>
    </p>
   </div>
   <div class='ocr_carea' id='block_1_30' title="bbox 564 2515 2142 2586">
    <p class='ocr_par' dir='ltr' id='par_1_30' title="bbox 564 2515 2142 2586">
     <span class='ocr_line' id='line_1_31' title="bbox 564 2515 2142 2586; baseline -0.003 -11"><span class='ocrx_word' id='word_1_198' title='bbox 564 2522 701 2575; x_wconf 78' lang='lat' dir='ltr'><strong>ti&#39;urn</strong></span> <span class='ocrx_word' id='word_1_199' title='bbox 762 2522 1074 2575; x_wconf 86' lang='lat' dir='ltr'><strong>restitutam</strong></span> <span class='ocrx_word' id='word_1_200' title='bbox 1126 2517 1451 2579; x_wconf 87' lang='lat' dir='ltr'><strong>sanitatem,</strong></span> <span class='ocrx_word' id='word_1_201' title='bbox 1494 2517 1610 2572; x_wconf 86' lang='lat' dir='ltr'><strong>sive</strong></span> <span class='ocrx_word' id='word_1_202' title='bbox 1661 2516 1844 2586; x_wconf 88' lang='lat' dir='ltr'><strong>potius</strong></span> <span class='ocrx_word' id='word_1_203' title='bbox 1889 2515 2142 2570; x_wconf 62' lang='lat' dir='ltr'><strong>e‘fauei-</strong></span> 
     </span>
    </p>
   </div>
   <div class='ocr_carea' id='block_1_31' title="bbox 564 2598 2145 2682">
    <p class='ocr_par' dir='ltr' id='par_1_31' title="bbox 564 2598 2145 2682">
     <span class='ocr_line' id='line_1_32' title="bbox 564 2598 2145 2682; baseline -0.002 -16"><span class='ocrx_word' id='word_1_204' title='bbox 564 2613 668 2667; x_wconf 87' lang='lat' dir='ltr'><strong>bus</strong></span> <span class='ocrx_word' id='word_1_205' title='bbox 690 2612 952 2682; x_wconf 85' lang='lat' dir='ltr'><strong>rapientis</strong></span> <span class='ocrx_word' id='word_1_206' title='bbox 989 2611 1166 2665; x_wconf 90' lang='lat' dir='ltr'><strong>leonis</strong></span> <span class='ocrx_word' id='word_1_207' title='bbox 1197 2610 1598 2665; x_wconf 87' lang='lat' dir='ltr'><strong>liberationem.</strong></span> <span class='ocrx_word' id='word_1_208' title='bbox 1631 2627 1657 2671; x_wconf 69' lang='grc' dir='ltr'><strong>,ι</strong></span> <span class='ocrx_word' id='word_1_209' title='bbox 1682 2608 1808 2662; x_wconf 89' lang='lat' dir='ltr'><strong>Dies</strong></span> <span class='ocrx_word' id='word_1_210' title='bbox 1831 2623 1997 2678; x_wconf 88' lang='lat' dir='ltr'><strong>super</strong></span> <span class='ocrx_word' id='word_1_211' title='bbox 2022 2598 2145 2663; x_wconf 84' lang='lat' dir='ltr'><strong>dies</strong></span> 
     </span>
    </p>
   </div>
   <div class='ocr_carea' id='block_1_32' title="bbox 567 2700 2141 2775">
    <p class='ocr_par' dir='ltr' id='par_1_32' title="bbox 567 2700 2141 2775">
     <span class='ocr_line' id='line_1_33' title="bbox 567 2700 2141 2775; baseline -0.004 -17"><span class='ocrx_word' id='word_1_212' title='bbox 567 2703 717 2775; x_wconf 85' lang='lat' dir='ltr'><strong>regis</strong></span> <span class='ocrx_word' id='word_1_213' title='bbox 741 2706 968 2773; x_wconf 89' lang='lat' dir='ltr'><strong>insuper</strong></span> <span class='ocrx_word' id='word_1_214' title='bbox 998 2703 1228 2772; x_wconf 73' lang='lat' dir='ltr'><strong>adiicias</strong></span> <span class='ocrx_word' id='word_1_215' title='bbox 1246 2704 1289 2766; x_wconf 83' lang='grc'><strong>⁵,</strong></span> <span class='ocrx_word' id='word_1_216' title='bbox 1330 2721 1348 2753; x_wconf 73' lang='grc' dir='ltr'><strong>ι</strong></span> <span class='ocrx_word' id='word_1_217' title='bbox 1375 2709 1431 2756; x_wconf 90' lang='lat' dir='ltr'><strong>et</strong></span> <span class='ocrx_word' id='word_1_218' title='bbox 1455 2710 1575 2756; x_wconf 89' lang='lat' dir='ltr'><strong>esto</strong></span> <span class='ocrx_word' id='word_1_219' title='bbox 1598 2702 1677 2755; x_wconf 89' lang='lat' dir='ltr'><strong>illi</strong></span> <span class='ocrx_word' id='word_1_220' title='bbox 1709 2700 1913 2755; x_wconf 91' lang='lat' dir='ltr'><strong>invicta</strong></span> <span class='ocrx_word' id='word_1_221' title='bbox 1942 2700 2141 2755; x_wconf 87' lang='lat' dir='ltr'><strong>adver-</strong></span> 
     </span>
    </p>
   </div>
   <div class='ocr_carea' id='block_1_33' title="bbox 566 2790 2142 2847">
    <p class='ocr_par' dir='ltr' id='par_1_33' title="bbox 566 2790 2142 2847">
     <span class='ocr_line' id='line_1_34' title="bbox 566 2790 2142 2847; baseline -0.002 -1"><span class='ocrx_word' id='word_1_222' title='bbox 566 2804 659 2846; x_wconf 83' lang='lat' dir='ltr'><strong>sus</strong></span> <span class='ocrx_word' id='word_1_223' title='bbox 691 2791 955 2846; x_wconf 66' lang='lat' dir='ltr'><strong>Barbaros</strong></span> <span class='ocrx_word' id='word_1_224' title='bbox 976 2791 1103 2845; x_wconf 81' lang='lat' dir='ltr'><strong>belli</strong></span> <span class='ocrx_word' id='word_1_225' title='bbox 1131 2791 1277 2847; x_wconf 88' lang='lat' dir='ltr'><strong>socia</strong></span> <span class='ocrx_word' id='word_1_226' title='bbox 1310 2808 1324 2844; x_wconf 89' lang='lat'><strong>:</strong></span> <span class='ocrx_word' id='word_1_227' title='bbox 1364 2799 1425 2843; x_wconf 88' lang='lat' dir='ltr'><strong>ut</strong></span> <span class='ocrx_word' id='word_1_228' title='bbox 1460 2790 1752 2845; x_wconf 73' lang='lat' dir='ltr'><strong>bzereditas</strong></span> <span class='ocrx_word' id='word_1_229' title='bbox 1791 2799 1881 2844; x_wconf 89' lang='lat' dir='ltr'><strong>tua</strong></span> <span class='ocrx_word' id='word_1_230' title='bbox 1913 2798 1967 2844; x_wconf 90' lang='lat' dir='ltr'><strong>et</strong></span> <span class='ocrx_word' id='word_1_231' title='bbox 1997 2804 2142 2844; x_wconf 71' lang='lat' dir='ltr'><strong>cura:</strong></span> 
     </span>
    </p>
   </div>
   <div class='ocr_carea' id='block_1_34' title="bbox 572 2882 2142 2953">
    <p class='ocr_par' dir='ltr' id='par_1_34' title="bbox 572 2882 2142 2953">
     <span class='ocr_line' id='line_1_35' title="bbox 572 2882 2142 2953; baseline 0.001 -19"><span class='ocrx_word' id='word_1_232' title='bbox 572 2890 676 2935; x_wconf 81' lang='lat' dir='ltr'><strong>tuae</strong></span> <span class='ocrx_word' id='word_1_233' title='bbox 699 2882 908 2937; x_wconf 89' lang='lat' dir='ltr'><strong>credita</strong></span> <span class='ocrx_word' id='word_1_234' title='bbox 938 2897 1131 2952; x_wconf 83' lang='lat' dir='ltr'><strong>magna</strong></span> <span class='ocrx_word' id='word_1_235' title='bbox 1166 2883 1322 2947; x_wconf 90' lang='lat' dir='ltr'><strong>urbs,</strong></span> <span class='ocrx_word' id='word_1_236' title='bbox 1353 2882 1477 2937; x_wconf 88' lang='lat' dir='ltr'><strong>fons</strong></span> <span class='ocrx_word' id='word_1_237' title='bbox 1498 2892 1556 2937; x_wconf 86' lang='lat' dir='ltr'><strong>et</strong></span> <span class='ocrx_word' id='word_1_238' title='bbox 1580 2882 1732 2937; x_wconf 80' lang='lat' dir='ltr'><strong>radix</strong></span> <span class='ocrx_word' id='word_1_239' title='bbox 1758 2882 1978 2953; x_wconf 84' lang='lat' dir='ltr'><strong>pietatis</strong></span> <span class='ocrx_word' id='word_1_240' title='bbox 1999 2896 2142 2937; x_wconf 83' lang='lat' dir='ltr'><strong>sem-</strong></span> 
     </span>
    </p>
   </div>
   <div class='ocr_carea' id='block_1_35' title="bbox 569 2969 1561 3042">
    <p class='ocr_par' dir='ltr' id='par_1_35' title="bbox 569 2969 1561 3042">
     <span class='ocr_line' id='line_1_36' title="bbox 569 2969 1561 3042; baseline 0.002 -19"><span class='ocrx_word' id='word_1_241' title='bbox 569 2984 669 3039; x_wconf 88' lang='lat' dir='ltr'><strong>per</strong></span> <span class='ocrx_word' id='word_1_242' title='bbox 697 2969 880 3026; x_wconf 84' lang='lat' dir='ltr'><strong>virens</strong></span> <span class='ocrx_word' id='word_1_243' title='bbox 921 2980 977 3025; x_wconf 90' lang='lat' dir='ltr'><strong>et</strong></span> <span class='ocrx_word' id='word_1_244' title='bbox 1004 2972 1264 3042; x_wconf 88' lang='lat' dir='ltr'><strong>perennis</strong></span> <span class='ocrx_word' id='word_1_245' title='bbox 1292 2979 1561 3026; x_wconf 83' lang='lat' dir='ltr'><strong>servetur.</strong></span> 
     </span>
    </p>
   </div>
   <div class='ocr_carea' id='block_1_36' title="bbox 641 3264 2142 3340">
    <p class='ocr_par' dir='ltr' id='par_1_36' title="bbox 641 3264 2142 3340">
     <span class='ocr_line' id='line_1_37' title="bbox 641 3264 2142 3340; baseline 0 -16"><span class='ocrx_word' id='word_1_246' title='bbox 641 3269 969 3340; x_wconf 80' lang='lat' dir='ltr'><strong>Angelorum</strong></span> <span class='ocrx_word' id='word_1_247' title='bbox 997 3266 1164 3337; x_wconf 84' lang='lat' dir='ltr'><strong>igitur</strong></span> <span class='ocrx_word' id='word_1_248' title='bbox 1191 3264 1395 3336; x_wconf 84' lang='lat' dir='ltr'><strong>linguis</strong></span> <span class='ocrx_word' id='word_1_249' title='bbox 1433 3266 1551 3322; x_wconf 53' lang='lat' dir='ltr'><strong>haec</strong></span> <span class='ocrx_word' id='word_1_250' title='bbox 1592 3264 1901 3332; x_wconf 87' lang='lat' dir='ltr'><strong>dimittens,</strong></span> <span class='ocrx_word' id='word_1_251' title='bbox 1941 3268 2142 3339; x_wconf 84' lang='lat' dir='ltr'><strong>quibus</strong></span> 
     </span>
    </p>
   </div>
   <div class='ocr_carea' id='block_1_37' title="bbox 571 3357 2143 3431">
    <p class='ocr_par' dir='ltr' id='par_1_37' title="bbox 571 3357 2143 3431">
     <span class='ocr_line' id='line_1_38' title="bbox 571 3357 2143 3431; baseline 0.001 -17"><span class='ocrx_word' id='word_1_252' title='bbox 571 3361 790 3431; x_wconf 87' lang='lat' dir='ltr'><strong>quidem</strong></span> <span class='ocrx_word' id='word_1_253' title='bbox 817 3361 1133 3431; x_wconf 83' lang='lat' dir='ltr'><strong>angelorum</strong></span> <span class='ocrx_word' id='word_1_254' title='bbox 1161 3357 1365 3428; x_wconf 80' lang='lat' dir='ltr'><strong>linguis</strong></span> <span class='ocrx_word' id='word_1_255' title='bbox 1398 3358 1450 3412; x_wconf 88' lang='lat' dir='ltr'><strong>id</strong></span> <span class='ocrx_word' id='word_1_256' title='bbox 1501 3368 1696 3413; x_wconf 90' lang='lat' dir='ltr'><strong>natura</strong></span> <span class='ocrx_word' id='word_1_257' title='bbox 1740 3359 2008 3413; x_wconf 89' lang='lat' dir='ltr'><strong>tributum</strong></span> <span class='ocrx_word' id='word_1_258' title='bbox 2038 3369 2143 3427; x_wconf 86' lang='lat' dir='ltr'><strong>est,</strong></span> 
     </span>
    </p>
   </div>
   <div class='ocr_carea' id='block_1_38' title="bbox 572 3451 2146 3523">
    <p class='ocr_par' dir='ltr' id='par_1_38' title="bbox 572 3451 2146 3523">
     <span class='ocr_line' id='line_1_39' title="bbox 572 3451 2146 3523; baseline -0.002 -14"><span class='ocrx_word' id='word_1_259' title='bbox 572 3463 635 3509; x_wconf 89' lang='lat' dir='ltr'><strong>ut</strong></span> <span class='ocrx_word' id='word_1_260' title='bbox 658 3451 1089 3523; x_wconf 81' lang='lat' dir='ltr'><strong>magnitudinem</strong></span> <span class='ocrx_word' id='word_1_261' title='bbox 1121 3462 1290 3516; x_wconf 88' lang='lat' dir='ltr'><strong>tuam,</strong></span> <span class='ocrx_word' id='word_1_262' title='bbox 1319 3466 1533 3505; x_wconf 88' lang='lat' dir='ltr'><strong>necnon</strong></span> <span class='ocrx_word' id='word_1_263' title='bbox 1563 3451 2058 3507; x_wconf 89' lang='lat' dir='ltr'><strong>ineontaminatam</strong></span> <span class='ocrx_word' id='word_1_264' title='bbox 2089 3461 2146 3506; x_wconf 89' lang='lat' dir='ltr'><strong>et</strong></span> 
     </span>
    </p>
   </div>
   <div class='ocr_carea' id='block_1_39' title="bbox 573 3541 2147 3612">
    <p class='ocr_par' dir='ltr' id='par_1_39' title="bbox 573 3541 2147 3612">
     <span class='ocr_line' id='line_1_40' title="bbox 573 3541 2147 3612; baseline -0.001 -14"><span class='ocrx_word' id='word_1_265' title='bbox 573 3544 999 3609; x_wconf 9' lang='lat' dir='ltr'><strong>immaculatum,</strong></span> <span class='ocrx_word' id='word_1_266' title='bbox 1022 3550 1172 3595; x_wconf 87' lang='lat' dir='ltr'><strong>tuam</strong></span> <span class='ocrx_word' id='word_1_267' title='bbox 1202 3541 1520 3610; x_wconf 87' lang='lat' dir='ltr'><strong>puritatem,</strong></span> <span class='ocrx_word' id='word_1_268' title='bbox 1547 3541 1698 3611; x_wconf 91' lang='lat' dir='ltr'><strong>ipsos</strong></span> <span class='ocrx_word' id='word_1_269' title='bbox 1721 3558 2013 3612; x_wconf 84' lang='lat' dir='ltr'><strong>supremos</strong></span> <span class='ocrx_word' id='word_1_270' title='bbox 2052 3558 2147 3597; x_wconf 85' lang='lat' dir='ltr'><strong>an-</strong></span> 
     </span>
    </p>
   </div>
   <div class='ocr_carea' id='block_1_40' title="bbox 575 3630 2145 3702">
    <p class='ocr_par' dir='ltr' id='par_1_40' title="bbox 575 3630 2145 3702">
     <span class='ocr_line' id='line_1_41' title="bbox 575 3630 2145 3702; baseline -0.002 -15"><span class='ocrx_word' id='word_1_271' title='bbox 575 3633 1026 3702; x_wconf 87' lang='lat' dir='ltr'><strong>tiquissimosque</strong></span> <span class='ocrx_word' id='word_1_272' title='bbox 1070 3630 1326 3684; x_wconf 83' lang='lat' dir='ltr'><strong>Tltronos</strong></span> <span class='ocrx_word' id='word_1_273' title='bbox 1355 3640 1409 3684; x_wconf 91' lang='lat' dir='ltr'><strong>et</strong></span> <span class='ocrx_word' id='word_1_274' title='bbox 1432 3630 1735 3685; x_wconf 87' lang='lat' dir='ltr'><strong>Cltcrubim</strong></span> <span class='ocrx_word' id='word_1_275' title='bbox 1768 3641 2145 3701; x_wconf 84' lang='lat' dir='ltr'><strong>superantem,</strong></span> 
     </span>
    </p>
   </div>
   <div class='ocr_carea' id='block_1_41' title="bbox 577 3721 2151 3791">
    <p class='ocr_par' dir='ltr' id='par_1_41' title="bbox 577 3721 2151 3791">
     <span class='ocr_line' id='line_1_42' title="bbox 577 3721 2151 3791; baseline -0.001 -13"><span class='ocrx_word' id='word_1_276' title='bbox 577 3722 862 3778; x_wconf 83' lang='lat' dir='ltr'><strong>celebrare</strong></span> <span class='ocrx_word' id='word_1_277' title='bbox 913 3721 1151 3782; x_wconf 87' lang='lat' dir='ltr'><strong>valeant,</strong></span> <span class='ocrx_word' id='word_1_278' title='bbox 1202 3730 1259 3774; x_wconf 88' lang='lat' dir='ltr'><strong>et</strong></span> <span class='ocrx_word' id='word_1_279' title='bbox 1306 3721 1567 3774; x_wconf 88' lang='lat' dir='ltr'><strong>laudibus</strong></span> <span class='ocrx_word' id='word_1_280' title='bbox 1604 3734 1836 3786; x_wconf 88' lang='lat' dir='ltr'><strong>ornare,</strong></span> <span class='ocrx_word' id='word_1_281' title='bbox 1879 3738 1943 3776; x_wconf 89' lang='lat' dir='ltr'><strong>ac</strong></span> <span class='ocrx_word' id='word_1_282' title='bbox 1986 3722 2151 3791; x_wconf 87' lang='lat' dir='ltr'><strong>spiri-</strong></span> 
     </span>
    </p>
   </div>
   <div class='ocr_carea' id='block_1_42' title="bbox 577 3809 2146 3880">
    <p class='ocr_par' dir='ltr' id='par_1_42' title="bbox 577 3809 2146 3880">
     <span class='ocr_line' id='line_1_43' title="bbox 577 3809 2146 3880; baseline -0.002 -11"><span class='ocrx_word' id='word_1_283' title='bbox 577 3813 798 3869; x_wconf 79' lang='lat' dir='ltr'><strong>tt&#39;aliter</strong></span> <span class='ocrx_word' id='word_1_284' title='bbox 829 3810 928 3864; x_wconf 92' lang='lat' dir='ltr'><strong>tibi</strong></span> <span class='ocrx_word' id='word_1_285' title='bbox 958 3809 1209 3863; x_wconf 79' lang='lat' dir='ltr'><strong>confiteri</strong></span> <span class='ocrx_word' id='word_1_286' title='bbox 1247 3809 1319 3863; x_wconf 93' lang='lat' dir='ltr'><strong>ob</strong></span> <span class='ocrx_word' id='word_1_287' title='bbox 1364 3819 1511 3865; x_wconf 91' lang='lat' dir='ltr'><strong>tuam</strong></span> <span class='ocrx_word' id='word_1_288' title='bbox 1549 3825 1678 3880; x_wconf 85' lang='lat' dir='ltr'><strong>erga</strong></span> <span class='ocrx_word' id='word_1_289' title='bbox 1714 3825 1817 3866; x_wconf 90' lang='lat' dir='ltr'><strong>nos</strong></span> <span class='ocrx_word' id='word_1_290' title='bbox 1854 3813 2146 3866; x_wconf 74' lang='lat' dir='ltr'><strong>commise-</strong></span> 
     </span>
    </p>
   </div>
   <div class='ocr_carea' id='block_1_43' title="bbox 578 3901 2148 3971">
    <p class='ocr_par' dir='ltr' id='par_1_43' title="bbox 578 3901 2148 3971">
     <span class='ocr_line' id='line_1_44' title="bbox 578 3901 2148 3971; baseline -0.002 -11"><span class='ocrx_word' id='word_1_291' title='bbox 578 3903 852 3960; x_wconf 82' lang='lat' dir='ltr'><strong>rationem</strong></span> <span class='ocrx_word' id='word_1_292' title='bbox 897 3910 953 3956; x_wconf 96' lang='lat' dir='ltr'><strong>et</strong></span> <span class='ocrx_word' id='word_1_293' title='bbox 988 3901 1421 3971; x_wconf 76' lang='lat' dir='ltr'><strong>benignitatem;</strong></span> <span class='ocrx_word' id='word_1_294' title='bbox 1452 3902 1631 3956; x_wconf 88' lang='lat' dir='ltr'><strong>solum</strong></span> <span class='ocrx_word' id='word_1_295' title='bbox 1665 3916 1767 3971; x_wconf 90' lang='lat' dir='ltr'><strong>ego</strong></span> <span class='ocrx_word' id='word_1_296' title='bbox 1800 3901 2148 3957; x_wconf 91' lang='lat' dir='ltr'><strong>ferventissi-</strong></span> 
     </span>
    </p>
   </div>
   <div class='ocr_carea' id='block_1_44' title="bbox 578 3991 2149 4061">
    <p class='ocr_par' dir='ltr' id='par_1_44' title="bbox 578 3991 2149 4061">
     <span class='ocr_line' id='line_1_45' title="bbox 578 3991 2149 4061; baseline -0.004 -10"><span class='ocrx_word' id='word_1_297' title='bbox 578 4010 728 4051; x_wconf 88' lang='lat' dir='ltr'><strong>mum</strong></span> <span class='ocrx_word' id='word_1_298' title='bbox 778 4008 1021 4048; x_wconf 86' lang='lat' dir='ltr'><strong>amorem</strong></span> <span class='ocrx_word' id='word_1_299' title='bbox 1069 3992 1127 4045; x_wconf 90' lang='lat' dir='ltr'><strong>in</strong></span> <span class='ocrx_word' id='word_1_300' title='bbox 1178 3991 1355 4046; x_wconf 88' lang='lat' dir='ltr'><strong>vicem</strong></span> <span class='ocrx_word' id='word_1_301' title='bbox 1414 3991 1591 4046; x_wconf 79' lang='lat' dir='ltr'><strong>olfero</strong></span> <span class='ocrx_word' id='word_1_302' title='bbox 1651 3992 1776 4056; x_wconf 88' lang='lat' dir='ltr'><strong>tibi,</strong></span> <span class='ocrx_word' id='word_1_303' title='bbox 1844 4006 1966 4061; x_wconf 83' lang='lat' dir='ltr'><strong>quae</strong></span> <span class='ocrx_word' id='word_1_304' title='bbox 2023 4007 2149 4046; x_wconf 89' lang='lat' dir='ltr'><strong>cum</strong></span> 
     </span>
    </p>
   </div>
   <div class='ocr_carea' id='block_1_45' title="bbox 578 4079 2145 4152">
    <p class='ocr_par' dir='ltr' id='par_1_45' title="bbox 578 4079 2145 4152">
     <span class='ocr_line' id='line_1_46' title="bbox 578 4079 2145 4152; baseline -0.003 -13"><span class='ocrx_word' id='word_1_305' title='bbox 578 4083 992 4152; x_wconf 82' lang='lat' dir='ltr'><strong>Unigenito-ac</strong></span> <span class='ocrx_word' id='word_1_306' title='bbox 1036 4079 1411 4149; x_wconf 85' lang='lat' dir='ltr'><strong>Pritnogenito</strong></span> <span class='ocrx_word' id='word_1_307' title='bbox 1461 4088 1558 4134; x_wconf 92' lang='lat' dir='ltr'><strong>tuo</strong></span> <span class='ocrx_word' id='word_1_308' title='bbox 1603 4082 2145 4151; x_wconf 88' lang='lat' dir='ltr'><strong>providentissimum</strong></span> 
     </span>
    </p>
   </div>
   <div class='ocr_carea' id='block_1_46' title="bbox 579 4172 2149 4244">
    <p class='ocr_par' dir='ltr' id='par_1_46' title="bbox 579 4172 2149 4244">
     <span class='ocr_line' id='line_1_47' title="bbox 579 4172 2149 4244; baseline 0 -15"><span class='ocrx_word' id='word_1_309' title='bbox 579 4173 1118 4240; x_wconf 88' lang='lat' dir='ltr'><strong>saluberrimumque</strong></span> <span class='ocrx_word' id='word_1_310' title='bbox 1164 4186 1294 4241; x_wconf 80' lang='lat' dir='ltr'><strong>erga</strong></span> <span class='ocrx_word' id='word_1_311' title='bbox 1352 4172 1654 4228; x_wconf 85' lang='lat' dir='ltr'><strong>humanum</strong></span> <span class='ocrx_word' id='word_1_312' title='bbox 1693 4188 1869 4244; x_wconf 79' lang='lat' dir='ltr'><strong>genus</strong></span> <span class='ocrx_word' id='word_1_313' title='bbox 1906 4189 2149 4231; x_wconf 90' lang='lat' dir='ltr'><strong>amorem</strong></span> 
     </span>
    </p>
   </div>
   <div class='ocr_carea' id='block_1_47' title="bbox 582 4264 890 4320">
    <p class='ocr_par' dir='ltr' id='par_1_47' title="bbox 582 4264 890 4320">
     <span class='ocr_line' id='line_1_48' title="bbox 582 4264 890 4320; baseline -0.006 0"><span class='ocrx_word' id='word_1_314' title='bbox 582 4264 890 4320; x_wconf 88' lang='lat' dir='ltr'><strong>nutrivisti.</strong></span> 
     </span>
    </p>
   </div>
   <div class='ocr_carea' id='block_1_48' title="bbox 654 4356 2147 4429">
    <p class='ocr_par' dir='ltr' id='par_1_48' title="bbox 654 4356 2147 4429">
     <span class='ocr_line' id='line_1_49' title="bbox 654 4356 2147 4429; baseline 0 -18"><span class='ocrx_word' id='word_1_315' title='bbox 654 4356 721 4412; x_wconf 89' lang='lat' dir='ltr'><strong>Et</strong></span> <span class='ocrx_word' id='word_1_316' title='bbox 748 4356 882 4410; x_wconf 89' lang='lat' dir='ltr'><strong>mihi</strong></span> <span class='ocrx_word' id='word_1_317' title='bbox 915 4356 1138 4427; x_wconf 86' lang='lat' dir='ltr'><strong>quidem</strong></span> <span class='ocrx_word' id='word_1_318' title='bbox 1171 4356 1634 4429; x_wconf 75' lang='lat' dir='ltr'><strong>iucundissimum</strong></span> <span class='ocrx_word' id='word_1_319' title='bbox 1668 4364 1773 4420; x_wconf 85' lang='lat' dir='ltr'><strong>est,</strong></span> <span class='ocrx_word' id='word_1_320' title='bbox 1807 4356 2147 4412; x_wconf 88' lang='lat' dir='ltr'><strong>tremendam</strong></span> 
     </span>
    </p>
   </div>
   <div class='ocr_carea' id='block_1_49' title="bbox 2220 695 3789 771">
    <p class='ocr_par' dir='ltr' id='par_1_49' title="bbox 2220 695 3789 771">
     <span class='ocr_line' id='line_1_50' title="bbox 2220 695 3789 771; baseline 0.004 -22"><span class='ocrx_word' id='word_1_321' title='bbox 2220 697 2436 759; x_wconf 84' lang='grc' dir='ltr'>πάντως</span> <span class='ocrx_word' id='word_1_322' title='bbox 2467 695 2639 767; x_wconf 88' lang='grc' dir='ltr'>δῶρον</span> <span class='ocrx_word' id='word_1_323' title='bbox 2673 696 2830 762; x_wconf 83' lang='grc' dir='ltr'><strong>Θεοῦ,</strong></span> <span class='ocrx_word' id='word_1_324' title='bbox 2859 698 2954 750; x_wconf 76' lang='grc' dir='ltr'><strong>καὶ</strong></span> <span class='ocrx_word' id='word_1_325' title='bbox 2983 698 3083 767; x_wconf 86' lang='grc' dir='ltr'>τῆς</span> <span class='ocrx_word' id='word_1_326' title='bbox 3113 699 3457 771; x_wconf 83' lang='grc' dir='ltr'>Θεομήτορός</span> <span class='ocrx_word' id='word_1_327' title='bbox 3482 718 3598 756; x_wconf 90' lang='grc' dir='ltr'>σου.</span> <span class='ocrx_word' id='word_1_328' title='bbox 3624 703 3666 755; x_wconf 85' lang='grc' dir='ltr'><strong>Τ</strong></span> <span class='ocrx_word' id='word_1_329' title='bbox 3668 703 3705 755; x_wconf 83' lang='grc' dir='ltr'><em>ἀ</em></span> <span class='ocrx_word' id='word_1_330' title='bbox 3730 721 3789 757; x_wconf 79' lang='grc' dir='ltr'><strong>τε</strong></span> 
     </span>
    </p>
   </div>
   <div class='ocr_carea' id='block_1_50' title="bbox 2219 787 3789 863">
    <p class='ocr_par' dir='ltr' id='par_1_50' title="bbox 2219 787 3789 863">
     <span class='ocr_line' id='line_1_51' title="bbox 2219 787 3789 863; baseline 0.006 -24"><span class='ocrx_word' id='word_1_331' title='bbox 2219 788 2357 858; x_wconf 76' lang='grc' dir='ltr'>πρὸς</span> <span class='ocrx_word' id='word_1_332' title='bbox 2400 787 2501 856; x_wconf 78' lang='grc' dir='ltr'>τὴν</span> <span class='ocrx_word' id='word_1_333' title='bbox 2558 788 2818 859; x_wconf 75' lang='grc' dir='ltr'>χρονικὴν</span> <span class='ocrx_word' id='word_1_334' title='bbox 2881 789 3069 855; x_wconf 77' lang='grc' dir='ltr'>σαφῶς</span> <span class='ocrx_word' id='word_1_335' title='bbox 3122 790 3459 863; x_wconf 76' lang='grc' dir='ltr'><strong>τελειότητα,</strong></span> <span class='ocrx_word' id='word_1_336' title='bbox 3512 794 3623 847; x_wconf 88' lang='grc' dir='ltr'>τίνι</span> <span class='ocrx_word' id='word_1_337' title='bbox 3682 796 3789 848; x_wconf 90' lang='grc' dir='ltr'><strong>τῶν</strong></span> 
     </span>
    </p>
   </div>
   <div class='ocr_carea' id='block_1_51' title="bbox 2220 878 3790 954">
    <p class='ocr_par' dir='ltr' id='par_1_51' title="bbox 2220 878 3790 954">
     <span class='ocr_line' id='line_1_52' title="bbox 2220 878 3790 954; baseline 0.004 -22"><span class='ocrx_word' id='word_1_338' title='bbox 2220 879 2497 942; x_wconf 81' lang='grc' dir='ltr'>ἁπάντων,</span> <span class='ocrx_word' id='word_1_339' title='bbox 2527 879 2559 950; x_wconf 85' lang='grc' dir='ltr'>ἢ</span> <span class='ocrx_word' id='word_1_340' title='bbox 2591 879 2846 944; x_wconf 81' lang='grc' dir='ltr'>ἁπασῶν,</span> <span class='ocrx_word' id='word_1_341' title='bbox 2877 878 3050 943; x_wconf 76' lang='grc' dir='ltr'>οὕτως</span> <span class='ocrx_word' id='word_1_342' title='bbox 3081 880 3157 943; x_wconf 83' lang='grc' dir='ltr'><strong>ὡς</strong></span> <span class='ocrx_word' id='word_1_343' title='bbox 3186 882 3308 950; x_wconf 71' lang='grc' dir='ltr'>ἐμοὶ</span> <span class='ocrx_word' id='word_1_344' title='bbox 3341 884 3405 954; x_wconf 76' lang='grc' dir='ltr'>τῇ</span> <span class='ocrx_word' id='word_1_345' title='bbox 3432 886 3497 953; x_wconf 81' lang='grc' dir='ltr'><strong>σῇ</strong></span> <span class='ocrx_word' id='word_1_346' title='bbox 3524 882 3790 953; x_wconf 81' lang='grc' dir='ltr'>θεραπαί-</span> 
     </span>
    </p>
   </div>
   <div class='ocr_carea' id='block_1_52' title="bbox 2221 967 3791 1044">
    <p class='ocr_par' dir='ltr' id='par_1_52' title="bbox 2221 967 3791 1044">
     <span class='ocr_line' id='line_1_53' title="bbox 2221 967 3791 1044; baseline 0 -22"><span class='ocrx_word' id='word_1_347' title='bbox 2221 986 2310 1040; x_wconf 82' lang='grc' dir='ltr'><strong>νῃ.</strong></span> <span class='ocrx_word' id='word_1_348' title='bbox 2335 969 2423 1022; x_wconf 75' lang='grc' dir='ltr'><strong>διὰ</strong></span> <span class='ocrx_word' id='word_1_349' title='bbox 2451 969 2668 1021; x_wconf 81' lang='grc' dir='ltr'>πάντων</span> <span class='ocrx_word' id='word_1_350' title='bbox 2707 967 2999 1031; x_wconf 64' lang='grc' dir='ltr'><strong>εὑὼδωσας</strong></span> <span class='ocrx_word' id='word_1_351' title='bbox 3025 969 3161 1038; x_wconf 81' lang='grc' dir='ltr'>πρὸς</span> <span class='ocrx_word' id='word_1_352' title='bbox 3191 971 3251 1022; x_wconf 75' lang='grc' dir='ltr'>τὸ</span> <span class='ocrx_word' id='word_1_353' title='bbox 3285 971 3726 1043; x_wconf 77' lang='grc' dir='ltr'>εὐμαρέστερον;</span> <span class='ocrx_word' id='word_1_354' title='bbox 3757 978 3791 1044; x_wconf 70' lang='grc' dir='ltr'>ἡ</span> 
     </span>
    </p>
   </div>
   <div class='ocr_carea' id='block_1_53' title="bbox 2221 1060 3796 1133">
    <p class='ocr_par' dir='ltr' id='par_1_53' title="bbox 2221 1060 3796 1133">
     <span class='ocr_line' id='line_1_54' title="bbox 2221 1060 3796 1133; baseline 0.004 -22"><span class='ocrx_word' id='word_1_355' title='bbox 2221 1062 2334 1121; x_wconf 85' lang='grc' dir='ltr'>τοῖς</span> <span class='ocrx_word' id='word_1_356' title='bbox 2381 1062 2591 1129; x_wconf 80' lang='grc' dir='ltr'>νοητοῖς</span> <span class='ocrx_word' id='word_1_357' title='bbox 2624 1061 2718 1113; x_wconf 77' lang='grc' dir='ltr'><strong>καὶ</strong></span> <span class='ocrx_word' id='word_1_358' title='bbox 2747 1060 3046 1130; x_wconf 80' lang='grc' dir='ltr'><strong>ἀκηράτοις</strong></span> <span class='ocrx_word' id='word_1_359' title='bbox 3092 1062 3167 1123; x_wconf 77' lang='grc' dir='ltr'><strong>ὡς</strong></span> <span class='ocrx_word' id='word_1_360' title='bbox 3198 1063 3412 1131; x_wconf 82' lang='grc' dir='ltr'>ἀληθῶς</span> <span class='ocrx_word' id='word_1_361' title='bbox 3466 1070 3796 1133; x_wconf 77' lang='grc' dir='ltr'>κροσσωτοῖς</span> 
     </span>
    </p>
   </div>
   <div class='ocr_carea' id='block_1_54' title="bbox 2224 1150 3797 1221">
    <p class='ocr_par' dir='ltr' id='par_1_54' title="bbox 2224 1150 3797 1221">
     <span class='ocr_line' id='line_1_55' title="bbox 2224 1150 3797 1221; baseline 0.003 -18"><span class='ocrx_word' id='word_1_362' title='bbox 2224 1150 2690 1220; x_wconf 77' lang='grc' dir='ltr'>περιϐεϐλημένη,</span> <span class='ocrx_word' id='word_1_363' title='bbox 2760 1150 3152 1221; x_wconf 82' lang='grc' dir='ltr'><strong>πεποικιλμένη</strong></span> <span class='ocrx_word' id='word_1_364' title='bbox 3215 1150 3528 1221; x_wconf 76' lang='grc' dir='ltr'><strong>βασίλισσα,</strong></span> <span class='ocrx_word' id='word_1_365' title='bbox 3583 1156 3674 1207; x_wconf 77' lang='grc' dir='ltr'><strong>καὶ</strong></span> <span class='ocrx_word' id='word_1_366' title='bbox 3731 1158 3797 1208; x_wconf 79' lang='grc' dir='ltr'>ἐκ</span> 
     </span>
    </p>
   </div>
   <div class='ocr_carea' id='block_1_55' title="bbox 2224 1241 3795 1314">
    <p class='ocr_par' dir='ltr' id='par_1_55' title="bbox 2224 1241 3795 1314">
     <span class='ocr_line' id='line_1_56' title="bbox 2224 1241 3795 1314; baseline 0.003 -20"><span class='ocrx_word' id='word_1_367' title='bbox 2224 1241 2414 1308; x_wconf 78' lang='grc' dir='ltr'>δεξιῶν</span> <span class='ocrx_word' id='word_1_368' title='bbox 2443 1242 2656 1293; x_wconf 77' lang='grc' dir='ltr'>ἑστῶσα</span> <span class='ocrx_word' id='word_1_369' title='bbox 2681 1241 2775 1294; x_wconf 82' lang='grc' dir='ltr'>τοῦ</span> <span class='ocrx_word' id='word_1_370' title='bbox 2808 1243 3272 1313; x_wconf 81' lang='grc' dir='ltr'><strong>παντοκράτορος.</strong></span> <span class='ocrx_word' id='word_1_371' title='bbox 3299 1245 3431 1307; x_wconf 82' lang='grc' dir='ltr'>Ταῖς</span> <span class='ocrx_word' id='word_1_372' title='bbox 3455 1248 3564 1314; x_wconf 83' lang='grc' dir='ltr'>γὰρ</span> <span class='ocrx_word' id='word_1_373' title='bbox 3584 1245 3647 1314; x_wconf 81' lang='grc' dir='ltr'><strong>δὴ</strong></span> <span class='ocrx_word' id='word_1_374' title='bbox 3677 1247 3795 1298; x_wconf 74' lang='grc' dir='ltr'>κατ’</span> 
     </span>
    </p>
   </div>
   <div class='ocr_carea' id='block_1_56' title="bbox 2228 1330 3800 1403">
    <p class='ocr_par' dir='ltr' id='par_1_56' title="bbox 2228 1330 3800 1403">
     <span class='ocr_line' id='line_1_57' title="bbox 2228 1330 3800 1403; baseline 0.001 -18"><span class='ocrx_word' id='word_1_375' title='bbox 2228 1330 2546 1401; x_wconf 82' lang='grc' dir='ltr'>ἀνθρώπους</span> <span class='ocrx_word' id='word_1_376' title='bbox 2584 1331 2916 1401; x_wconf 68' lang='grc' dir='ltr'>εὖετηρίαις,</span> <span class='ocrx_word' id='word_1_377' title='bbox 2954 1332 3023 1383; x_wconf 73' lang='grc' dir='ltr'><strong>τὰ</strong></span> <span class='ocrx_word' id='word_1_378' title='bbox 3052 1332 3172 1384; x_wconf 84' lang='grc' dir='ltr'>κατ’</span> <span class='ocrx_word' id='word_1_379' title='bbox 3207 1332 3306 1401; x_wconf 77' lang='grc' dir='ltr'><strong>ἐμὲ</strong></span> <span class='ocrx_word' id='word_1_380' title='bbox 3339 1335 3673 1403; x_wconf 73' lang='grc' dir='ltr'>πανταχόθεν</span> <span class='ocrx_word' id='word_1_381' title='bbox 3708 1351 3800 1386; x_wconf 85' lang='grc' dir='ltr'><strong>πε-</strong></span> 
     </span>
    </p>
   </div>
   <div class='ocr_carea' id='block_1_57' title="bbox 2233 1421 3801 1493">
    <p class='ocr_par' dir='ltr' id='par_1_57' title="bbox 2233 1421 3801 1493">
     <span class='ocr_line' id='line_1_58' title="bbox 2233 1421 3801 1493; baseline 0.001 -18"><span class='ocrx_word' id='word_1_382' title='bbox 2233 1421 2634 1493; x_wconf 82' lang='grc' dir='ltr'>ρικυκλώσασα,</span> <span class='ocrx_word' id='word_1_383' title='bbox 2667 1421 2701 1491; x_wconf 79' lang='grc' dir='ltr'>ἢ</span> <span class='ocrx_word' id='word_1_384' title='bbox 2732 1421 3093 1487; x_wconf 76' lang='grc' dir='ltr'>ἐπικλύσασα,</span> <span class='ocrx_word' id='word_1_385' title='bbox 3127 1423 3220 1475; x_wconf 73' lang='grc' dir='ltr'><strong>καὶ</strong></span> <span class='ocrx_word' id='word_1_386' title='bbox 3246 1423 3396 1476; x_wconf 79' lang='grc' dir='ltr'>οὐδὲν</span> <span class='ocrx_word' id='word_1_387' title='bbox 3427 1424 3507 1476; x_wconf 80' lang='grc' dir='ltr'><strong>ὅτι</strong></span> <span class='ocrx_word' id='word_1_388' title='bbox 3534 1428 3631 1493; x_wconf 84' lang='grc' dir='ltr'>τῆς</span> <span class='ocrx_word' id='word_1_389' title='bbox 3654 1426 3801 1478; x_wconf 73' lang='grc' dir='ltr'>κάτω</span> 
     </span>
    </p>
   </div>
   <div class='ocr_carea' id='block_1_58' title="bbox 2230 1511 3799 1584">
    <p class='ocr_par' dir='ltr' id='par_1_58' title="bbox 2230 1511 3799 1584">
     <span class='ocr_line' id='line_1_59' title="bbox 2230 1511 3799 1584; baseline 0.001 -18"><span class='ocrx_word' id='word_1_390' title='bbox 2230 1512 2578 1583; x_wconf 78' lang='grc' dir='ltr'>ἀνθρωπίνης</span> <span class='ocrx_word' id='word_1_391' title='bbox 2607 1513 2825 1580; x_wconf 81' lang='grc' dir='ltr'>εὐροίας</span> <span class='ocrx_word' id='word_1_392' title='bbox 2878 1511 2997 1564; x_wconf 87' lang='grc' dir='ltr'><strong>τῶν</strong></span> <span class='ocrx_word' id='word_1_393' title='bbox 3020 1515 3147 1582; x_wconf 79' lang='grc' dir='ltr'>περὶ</span> <span class='ocrx_word' id='word_1_394' title='bbox 3198 1514 3299 1582; x_wconf 79' lang='grc' dir='ltr'>ἐμὲ</span> <span class='ocrx_word' id='word_1_395' title='bbox 3332 1514 3640 1583; x_wconf 72' lang='grc' dir='ltr'>περιϐόλων</span> <span class='ocrx_word' id='word_1_396' title='bbox 3668 1519 3799 1584; x_wconf 83' lang='grc' dir='ltr'><strong>στή-</strong></span> 
     </span>
    </p>
   </div>
   <div class='ocr_carea' id='block_1_59' title="bbox 2233 1597 3804 1670">
    <p class='ocr_par' dir='ltr' id='par_1_59' title="bbox 2233 1597 3804 1670">
     <span class='ocr_line' id='line_1_60' title="bbox 2233 1597 3804 1670; baseline 0.003 -22"><span class='ocrx_word' id='word_1_397' title='bbox 2233 1614 2376 1649; x_wconf 89' lang='grc' dir='ltr'>σασα</span> <span class='ocrx_word' id='word_1_398' title='bbox 2434 1597 2737 1668; x_wconf 80' lang='grc' dir='ltr'>πόρρωθεν,</span> <span class='ocrx_word' id='word_1_399' title='bbox 2797 1598 2878 1650; x_wconf 78' lang='grc' dir='ltr'><strong>ἔτι</strong></span> <span class='ocrx_word' id='word_1_400' title='bbox 2909 1615 2983 1666; x_wconf 73' lang='grc' dir='ltr'><strong>με</strong></span> <span class='ocrx_word' id='word_1_401' title='bbox 3012 1601 3106 1651; x_wconf 72' lang='grc' dir='ltr'><strong>καὶ</strong></span> <span class='ocrx_word' id='word_1_402' title='bbox 3140 1600 3279 1669; x_wconf 80' lang='grc' dir='ltr'>πρὸς</span> <span class='ocrx_word' id='word_1_403' title='bbox 3315 1602 3377 1652; x_wconf 73' lang='grc' dir='ltr'>τὸ</span> <span class='ocrx_word' id='word_1_404' title='bbox 3422 1603 3522 1670; x_wconf 82' lang='grc' dir='ltr'>τῆς</span> <span class='ocrx_word' id='word_1_405' title='bbox 3556 1605 3680 1655; x_wconf 83' lang='grc' dir='ltr'>κατ’</span> <span class='ocrx_word' id='word_1_406' title='bbox 3710 1606 3804 1656; x_wconf 77' lang='grc' dir='ltr'><strong>ἀν-</strong></span> 
     </span>
    </p>
   </div>
   <div class='ocr_carea' id='block_1_60' title="bbox 2236 1686 3803 1761">
    <p class='ocr_par' dir='ltr' id='par_1_60' title="bbox 2236 1686 3803 1761">
     <span class='ocr_line' id='line_1_61' title="bbox 2236 1686 3803 1761; baseline 0.004 -20"><span class='ocrx_word' id='word_1_407' title='bbox 2236 1687 2489 1758; x_wconf 86' lang='grc' dir='ltr'>θρώπους</span> <span class='ocrx_word' id='word_1_408' title='bbox 2543 1689 2891 1759; x_wconf 76' lang='grc' dir='ltr'>εὐδαιμονίας</span> <span class='ocrx_word' id='word_1_409' title='bbox 2935 1692 3258 1760; x_wconf 82' lang='grc' dir='ltr'>ἀκρότατον,</span> <span class='ocrx_word' id='word_1_410' title='bbox 3309 1686 3392 1754; x_wconf 74' lang='grc' dir='ltr'>οἷς</span> <span class='ocrx_word' id='word_1_411' title='bbox 3423 1689 3572 1756; x_wconf 70' lang='grc' dir='ltr'>οἷδχς</span> <span class='ocrx_word' id='word_1_412' title='bbox 3603 1695 3803 1761; x_wconf 82' lang='grc' dir='ltr'>λόγοις,</span> 
     </span>
    </p>
   </div>
   <div class='ocr_carea' id='block_1_61' title="bbox 2235 1782 3806 1857">
    <p class='ocr_par' dir='ltr' id='par_1_61' title="bbox 2235 1782 3806 1857">
     <span class='ocr_line' id='line_1_62' title="bbox 2235 1782 3806 1857; baseline 0.006 -24"><span class='ocrx_word' id='word_1_413' title='bbox 2235 1782 2336 1850; x_wconf 85' lang='grc' dir='ltr'>τὴν</span> <span class='ocrx_word' id='word_1_414' title='bbox 2369 1782 2648 1851; x_wconf 83' lang='grc' dir='ltr'>βασιλείαν</span> <span class='ocrx_word' id='word_1_415' title='bbox 2691 1782 2986 1851; x_wconf 77' lang='grc' dir='ltr'>ἀνήγαγες.</span> <span class='ocrx_word' id='word_1_416' title='bbox 3020 1783 3242 1846; x_wconf 74' lang='grc' dir='ltr'>Τούτοις</span> <span class='ocrx_word' id='word_1_417' title='bbox 3270 1785 3331 1837; x_wconf 82' lang='grc' dir='ltr'>τὸ</span> <span class='ocrx_word' id='word_1_418' title='bbox 3367 1787 3425 1837; x_wconf 84' lang='grc' dir='ltr'><strong>ὲν</strong></span> <span class='ocrx_word' id='word_1_419' title='bbox 3452 1786 3709 1856; x_wconf 68' lang='grc' dir='ltr'>πορφύρα</span> <span class='ocrx_word' id='word_1_420' title='bbox 3729 1789 3806 1857; x_wconf 79' lang='grc'><strong>(3)</strong></span> 
     </span>
    </p>
   </div>
   <div class='ocr_carea' id='block_1_62' title="bbox 2237 1873 3812 1948">
    <p class='ocr_par' dir='ltr' id='par_1_62' title="bbox 2237 1873 3812 1948">
     <span class='ocr_line' id='line_1_63' title="bbox 2237 1873 3812 1948; baseline 0.004 -24"><span class='ocrx_word' id='word_1_421' title='bbox 2237 1873 2489 1937; x_wconf 80' lang='grc' dir='ltr'>τέθεικας</span> <span class='ocrx_word' id='word_1_422' title='bbox 2518 1874 2890 1944; x_wconf 84' lang='grc' dir='ltr'>γονιμώτατον</span> <span class='ocrx_word' id='word_1_423' title='bbox 2923 1877 2989 1945; x_wconf 75' lang='grc' dir='ltr'>τῇ</span> <span class='ocrx_word' id='word_1_424' title='bbox 3041 1879 3277 1946; x_wconf 75' lang='grc' dir='ltr'>μητρυιῇ</span> <span class='ocrx_word' id='word_1_425' title='bbox 3314 1893 3404 1945; x_wconf 87' lang='grc' dir='ltr'><strong>μοι</strong></span> <span class='ocrx_word' id='word_1_426' title='bbox 3455 1881 3655 1948; x_wconf 77' lang='grc' dir='ltr'>σχέσει,</span> <span class='ocrx_word' id='word_1_427' title='bbox 3713 1882 3812 1932; x_wconf 81' lang='grc' dir='ltr'>καὶ</span> 
     </span>
    </p>
   </div>
   <div class='ocr_carea' id='block_1_63' title="bbox 2237 1962 3813 2041">
    <p class='ocr_par' dir='ltr' id='par_1_63' title="bbox 2237 1962 3813 2041">
     <span class='ocr_line' id='line_1_64' title="bbox 2237 1962 3813 2041; baseline 0.005 -26"><span class='ocrx_word' id='word_1_428' title='bbox 2237 1962 2447 2033; x_wconf 80' lang='grc' dir='ltr'><strong>κλήσει,</strong></span> <span class='ocrx_word' id='word_1_429' title='bbox 2477 1964 2577 2033; x_wconf 82' lang='grc' dir='ltr'>τὴν</span> <span class='ocrx_word' id='word_1_430' title='bbox 2603 1965 2994 2035; x_wconf 83' lang='grc' dir='ltr'>μητρομήτορα</span> <span class='ocrx_word' id='word_1_431' title='bbox 3046 1968 3415 2037; x_wconf 80' lang='grc' dir='ltr'>προσθεμένη,</span> <span class='ocrx_word' id='word_1_432' title='bbox 3463 1970 3557 2021; x_wconf 78' lang='grc' dir='ltr'><strong>καὶ</strong></span> <span class='ocrx_word' id='word_1_433' title='bbox 3603 1987 3813 2041; x_wconf 89' lang='grc' dir='ltr'>πατρο-</span> 
     </span>
    </p>
   </div>
   <div class='ocr_carea' id='block_1_64' title="bbox 2242 2054 3811 2133">
    <p class='ocr_par' dir='ltr' id='par_1_64' title="bbox 2242 2054 3811 2133">
     <span class='ocr_line' id='line_1_65' title="bbox 2242 2054 3811 2133; baseline 0.004 -24"><span class='ocrx_word' id='word_1_434' title='bbox 2242 2057 2476 2127; x_wconf 84' lang='grc' dir='ltr'>μήτορα.</span> <span class='ocrx_word' id='word_1_435' title='bbox 2511 2054 2734 2120; x_wconf 78' lang='grc' dir='ltr'>Τούτοις</span> <span class='ocrx_word' id='word_1_436' title='bbox 2758 2058 2821 2110; x_wconf 84' lang='grc' dir='ltr'>τὸ</span> <span class='ocrx_word' id='word_1_437' title='bbox 2848 2058 2950 2128; x_wconf 78' lang='grc' dir='ltr'>τῆς</span> <span class='ocrx_word' id='word_1_438' title='bbox 2984 2058 3272 2128; x_wconf 83' lang='grc' dir='ltr'>βασιλικῆς</span> <span class='ocrx_word' id='word_1_439' title='bbox 3297 2062 3618 2125; x_wconf 81' lang='grc' dir='ltr'>δυναστείας</span> <span class='ocrx_word' id='word_1_440' title='bbox 3646 2064 3811 2133; x_wconf 75' lang='grc' dir='ltr'>μέχρι</span> 
     </span>
    </p>
   </div>
   <div class='ocr_carea' id='block_1_65' title="bbox 2240 2148 3813 2224">
    <p class='ocr_par' dir='ltr' id='par_1_65' title="bbox 2240 2148 3813 2224">
     <span class='ocr_line' id='line_1_66' title="bbox 2240 2148 3813 2224; baseline 0.004 -24"><span class='ocrx_word' id='word_1_441' title='bbox 2240 2151 2332 2201; x_wconf 71' lang='grc' dir='ltr'>καὶ</span> <span class='ocrx_word' id='word_1_442' title='bbox 2360 2149 2600 2218; x_wconf 85' lang='grc' dir='ltr'>τήμερον</span> <span class='ocrx_word' id='word_1_443' title='bbox 2627 2148 2974 2220; x_wconf 79' lang='grc' dir='ltr'>παρέζευξας</span> <span class='ocrx_word' id='word_1_444' title='bbox 3002 2152 3543 2224; x_wconf 83' lang='grc' dir='ltr'>παρατατικώτερον,</span> <span class='ocrx_word' id='word_1_445' title='bbox 3561 2157 3658 2218; x_wconf 78' lang='grc' dir='ltr'>τὰς</span> <span class='ocrx_word' id='word_1_446' title='bbox 3679 2157 3813 2208; x_wconf 71' lang='grc' dir='ltr'>καλ-</span> 
     </span>
    </p>
   </div>
   <div class='ocr_carea' id='block_1_66' title="bbox 2236 2239 3813 2314">
    <p class='ocr_par' dir='ltr' id='par_1_66' title="bbox 2236 2239 3813 2314">
     <span class='ocr_line' id='line_1_67' title="bbox 2236 2239 3813 2314; baseline 0.006 -23"><span class='ocrx_word' id='word_1_447' title='bbox 2236 2239 2473 2303; x_wconf 84' lang='grc' dir='ltr'>λινίκους</span> <span class='ocrx_word' id='word_1_448' title='bbox 2513 2239 2658 2311; x_wconf 65' lang='grc' dir='ltr'>ὑπὲρ</span> <span class='ocrx_word' id='word_1_449' title='bbox 2691 2241 2954 2311; x_wconf 83' lang='grc' dir='ltr'>βασιλέως</span> <span class='ocrx_word' id='word_1_450' title='bbox 3008 2244 3308 2314; x_wconf 71' lang='grc' dir='ltr'>ἐπιμαχίας</span> <span class='ocrx_word' id='word_1_451' title='bbox 3356 2248 3414 2299; x_wconf 79' lang='grc' dir='ltr'><strong>ὲν</strong></span> <span class='ocrx_word' id='word_1_452' title='bbox 3445 2246 3659 2313; x_wconf 83' lang='grc' dir='ltr'>δεινοῖς,</span> <span class='ocrx_word' id='word_1_453' title='bbox 3717 2252 3813 2302; x_wconf 74' lang='grc' dir='ltr'><strong>καὶ</strong></span> 
     </span>
    </p>
   </div>
   <div class='ocr_carea' id='block_1_67' title="bbox 2236 2331 3811 2408">
    <p class='ocr_par' dir='ltr' id='par_1_67' title="bbox 2236 2331 3811 2408">
     <span class='ocr_line' id='line_1_68' title="bbox 2236 2331 3811 2408; baseline 0.007 -25"><span class='ocrx_word' id='word_1_454' title='bbox 2236 2334 2451 2400; x_wconf 85' lang='grc' dir='ltr'>καιροῖς</span> <span class='ocrx_word' id='word_1_455' title='bbox 2477 2331 2846 2396; x_wconf 83' lang='grc' dir='ltr'><strong>κινδυνώδεσι,</strong></span> <span class='ocrx_word' id='word_1_456' title='bbox 2881 2335 2949 2386; x_wconf 75' lang='grc' dir='ltr'>τὰ</span> <span class='ocrx_word' id='word_1_457' title='bbox 2977 2335 3168 2388; x_wconf 89' lang='grc' dir='ltr'>τούτου</span> <span class='ocrx_word' id='word_1_458' title='bbox 3200 2340 3341 2390; x_wconf 79' lang='grc' dir='ltr'>κατὰ</span> <span class='ocrx_word' id='word_1_459' title='bbox 3371 2337 3668 2408; x_wconf 76' lang='grc' dir='ltr'>βαρϐάρων</span> <span class='ocrx_word' id='word_1_460' title='bbox 3704 2341 3811 2394; x_wconf 70' lang='grc' dir='ltr'><strong>ὑπὸ</strong></span> 
     </span>
    </p>
   </div>
   <div class='ocr_carea' id='block_1_68' title="bbox 2240 2425 3810 2503">
    <p class='ocr_par' dir='ltr' id='par_1_68' title="bbox 2240 2425 3810 2503">
     <span class='ocr_line' id='line_1_69' title="bbox 2240 2425 3810 2503; baseline 0.007 -27"><span class='ocrx_word' id='word_1_461' title='bbox 2240 2426 2323 2478; x_wconf 67' lang='grc' dir='ltr'><strong>σοὶ</strong></span> <span class='ocrx_word' id='word_1_462' title='bbox 2349 2425 2624 2495; x_wconf 77' lang='grc' dir='ltr'>συμμάχῳ</span> <span class='ocrx_word' id='word_1_463' title='bbox 2660 2425 2871 2493; x_wconf 83' lang='grc' dir='ltr'>μεγάλα</span> <span class='ocrx_word' id='word_1_464' title='bbox 2903 2443 2962 2479; x_wconf 77' lang='grc' dir='ltr'>τε</span> <span class='ocrx_word' id='word_1_465' title='bbox 3006 2429 3100 2481; x_wconf 80' lang='grc' dir='ltr'>καὶ</span> <span class='ocrx_word' id='word_1_466' title='bbox 3127 2431 3192 2499; x_wconf 81' lang='grc' dir='ltr'>τῇ</span> <span class='ocrx_word' id='word_1_467' title='bbox 3242 2430 3529 2501; x_wconf 83' lang='grc' dir='ltr'>Ῥωμαίων</span> <span class='ocrx_word' id='word_1_468' title='bbox 3571 2435 3810 2503; x_wconf 79' lang='grc' dir='ltr'>ἐπικρα-</span> 
     </span>
    </p>
   </div>
   <div class='ocr_carea' id='block_1_69' title="bbox 2238 2513 3812 2594">
    <p class='ocr_par' dir='ltr' id='par_1_69' title="bbox 2238 2513 3812 2594">
     <span class='ocr_line' id='line_1_70' title="bbox 2238 2513 3812 2594; baseline 0.006 -28"><span class='ocrx_word' id='word_1_469' title='bbox 2238 2513 2361 2583; x_wconf 65' lang='grc' dir='ltr'>τείᾳ.</span> <span class='ocrx_word' id='word_1_470' title='bbox 2413 2518 2657 2585; x_wconf 85' lang='grc' dir='ltr'>σωτήρια</span> <span class='ocrx_word' id='word_1_471' title='bbox 2708 2517 2985 2587; x_wconf 86' lang='grc' dir='ltr'>τρόπαια,</span> <span class='ocrx_word' id='word_1_472' title='bbox 3044 2520 3143 2581; x_wconf 82' lang='grc' dir='ltr'><strong>τὰς</strong></span> <span class='ocrx_word' id='word_1_473' title='bbox 3182 2520 3291 2572; x_wconf 86' lang='grc' dir='ltr'><strong>τῶν</strong></span> <span class='ocrx_word' id='word_1_474' title='bbox 3352 2523 3626 2589; x_wconf 82' lang='grc' dir='ltr'>φιλτάτων</span> <span class='ocrx_word' id='word_1_475' title='bbox 3677 2526 3812 2594; x_wconf 73' lang='grc' dir='ltr'>ἡμῖν</span> 
     </span>
    </p>
   </div>
   <div class='ocr_carea' id='block_1_70' title="bbox 2240 2609 3812 2689">
    <p class='ocr_par' dir='ltr' id='par_1_70' title="bbox 2240 2609 3812 2689">
     <span class='ocr_line' id='line_1_71' title="bbox 2240 2609 3812 2689; baseline 0.007 -29"><span class='ocrx_word' id='word_1_476' title='bbox 2240 2609 2579 2679; x_wconf 79' lang='grc' dir='ltr'>ἁναρρὡεις</span> <span class='ocrx_word' id='word_1_477' title='bbox 2609 2611 2665 2663; x_wconf 80' lang='grc' dir='ltr'><strong>ὲν</strong></span> <span class='ocrx_word' id='word_1_478' title='bbox 2694 2611 2889 2679; x_wconf 83' lang='grc' dir='ltr'>νόσοις,</span> <span class='ocrx_word' id='word_1_479' title='bbox 2917 2612 2950 2683; x_wconf 78' lang='grc' dir='ltr'>ἢ</span> <span class='ocrx_word' id='word_1_480' title='bbox 2984 2615 3080 2667; x_wconf 75' lang='grc' dir='ltr'><strong>καὶ</strong></span> <span class='ocrx_word' id='word_1_481' title='bbox 3129 2616 3457 2688; x_wconf 75' lang='grc' dir='ltr'>ἀναρρύσεις</span> <span class='ocrx_word' id='word_1_482' title='bbox 3484 2620 3549 2671; x_wconf 76' lang='grc' dir='ltr'>ἐκ</span> <span class='ocrx_word' id='word_1_483' title='bbox 3594 2619 3812 2689; x_wconf 66' lang='grc' dir='ltr'>φάρυγα</span> 
     </span>
    </p>
   </div>
   <div class='ocr_carea' id='block_1_71' title="bbox 2241 2701 3812 2775">
    <p class='ocr_par' dir='ltr' id='par_1_71' title="bbox 2241 2701 3812 2775">
     <span class='ocr_line' id='line_1_72' title="bbox 2241 2701 3812 2775; baseline 0.005 -24"><span class='ocrx_word' id='word_1_484' title='bbox 2241 2716 2334 2767; x_wconf 89' lang='grc' dir='ltr'><strong>γος</strong></span> <span class='ocrx_word' id='word_1_485' title='bbox 2370 2701 2704 2770; x_wconf 75' lang='grc' dir='ltr'>ἁρπάζοντος</span> <span class='ocrx_word' id='word_1_486' title='bbox 2738 2701 2971 2766; x_wconf 84' lang='grc' dir='ltr'>λέοντος.</span> <span class='ocrx_word' id='word_1_487' title='bbox 3010 2723 3028 2755; x_wconf 78' lang='grc' dir='ltr'><strong>ι</strong></span> <span class='ocrx_word' id='word_1_488' title='bbox 3064 2704 3401 2775; x_wconf 84' lang='grc' dir='ltr'>Προσθήσοις</span> <span class='ocrx_word' id='word_1_489' title='bbox 3435 2706 3490 2759; x_wconf 75' lang='grc' dir='ltr'><strong>δέ</strong></span> <span class='ocrx_word' id='word_1_490' title='bbox 3516 2723 3581 2775; x_wconf 84' lang='grc' dir='ltr'><strong>γε</strong></span> <span class='ocrx_word' id='word_1_491' title='bbox 3611 2709 3702 2760; x_wconf 73' lang='grc' dir='ltr'>καὶ</span> <span class='ocrx_word' id='word_1_492' title='bbox 3732 2710 3812 2761; x_wconf 79' lang='grc' dir='ltr'>ἔτι</span> 
     </span>
    </p>
   </div>
   <div class='ocr_carea' id='block_1_72' title="bbox 2243 2793 3813 2869">
    <p class='ocr_par' dir='ltr' id='par_1_72' title="bbox 2243 2793 3813 2869">
     <span class='ocr_line' id='line_1_73' title="bbox 2243 2793 3813 2869; baseline 0.005 -25"><span class='ocrx_word' id='word_1_493' title='bbox 2243 2793 2457 2862; x_wconf 75' lang='grc' dir='ltr'>ἡμέρας</span> <span class='ocrx_word' id='word_1_494' title='bbox 2481 2793 2574 2846; x_wconf 75' lang='grc' dir='ltr'>τοῦ</span> <span class='ocrx_word' id='word_1_495' title='bbox 2619 2794 2904 2864; x_wconf 85' lang='grc' dir='ltr'>βασιλέως,</span> <span class='ocrx_word' id='word_1_496' title='bbox 2944 2814 2962 2845; x_wconf 77' lang='grc' dir='ltr'>ι</span> <span class='ocrx_word' id='word_1_497' title='bbox 3009 2797 3105 2849; x_wconf 73' lang='grc' dir='ltr'>καὶ</span> <span class='ocrx_word' id='word_1_498' title='bbox 3146 2797 3436 2868; x_wconf 75' lang='grc' dir='ltr'>σύμμαχος</span> <span class='ocrx_word' id='word_1_499' title='bbox 3467 2799 3641 2869; x_wconf 80' lang='grc' dir='ltr'>τούτῳ</span> <span class='ocrx_word' id='word_1_500' title='bbox 3668 2801 3813 2852; x_wconf 69' lang='grc' dir='ltr'>κατὰ</span> 
     </span>
    </p>
   </div>
   <div class='ocr_carea' id='block_1_73' title="bbox 2234 2883 3814 2961">
    <p class='ocr_par' dir='ltr' id='par_1_73' title="bbox 2234 2883 3814 2961">
     <span class='ocr_line' id='line_1_74' title="bbox 2234 2883 3814 2961; baseline 0.003 -25"><span class='ocrx_word' id='word_1_501' title='bbox 2234 2883 2535 2954; x_wconf 80' lang='grc' dir='ltr'>’βαρϐάρων</span> <span class='ocrx_word' id='word_1_502' title='bbox 2567 2885 2924 2956; x_wconf 84' lang='grc' dir='ltr'>ἀπρόσμαχος</span> <span class='ocrx_word' id='word_1_503' title='bbox 2954 2886 3124 2954; x_wconf 88' lang='grc' dir='ltr'>γινοιο</span> <span class='ocrx_word' id='word_1_504' title='bbox 3147 2905 3161 2919; x_wconf 80' lang='grc' dir='ltr'><strong>ο</strong></span> <span class='ocrx_word' id='word_1_505' title='bbox 3196 2889 3280 2942; x_wconf 72' lang='grc' dir='ltr'>ἵνα</span> <span class='ocrx_word' id='word_1_506' title='bbox 3304 2888 3369 2955; x_wconf 75' lang='grc' dir='ltr'><strong>δή</strong></span> <span class='ocrx_word' id='word_1_507' title='bbox 3404 2905 3483 2941; x_wconf 88' lang='grc' dir='ltr'><strong>σοι</strong></span> <span class='ocrx_word' id='word_1_508' title='bbox 3508 2890 3600 2943; x_wconf 82' lang='grc' dir='ltr'>καὶ</span> <span class='ocrx_word' id='word_1_509' title='bbox 3620 2893 3653 2961; x_wconf 82' lang='grc' dir='ltr'><strong>ή</strong></span> <span class='ocrx_word' id='word_1_510' title='bbox 3684 2890 3814 2961; x_wconf 74' lang='grc' dir='ltr'>κλη-</span> 
     </span>
    </p>
   </div>
   <div class='ocr_carea' id='block_1_74' title="bbox 2250 2976 3814 3052">
    <p class='ocr_par' dir='ltr' id='par_1_74' title="bbox 2250 2976 3814 3052">
     <span class='ocr_line' id='line_1_75' title="bbox 2250 2976 3814 3052; baseline 0.003 -22"><span class='ocrx_word' id='word_1_511' title='bbox 2250 2976 2492 3046; x_wconf 81' lang='grc' dir='ltr'>ρονομία,</span> <span class='ocrx_word' id='word_1_512' title='bbox 2526 2977 2684 3048; x_wconf 71' lang='grc' dir='ltr'><strong>καὶὴ</strong></span> <span class='ocrx_word' id='word_1_513' title='bbox 2720 2979 3058 3048; x_wconf 84' lang='grc' dir='ltr'>χειρισθεϊσά</span> <span class='ocrx_word' id='word_1_514' title='bbox 3108 2995 3190 3033; x_wconf 91' lang='grc' dir='ltr'><strong>σοι</strong></span> <span class='ocrx_word' id='word_1_515' title='bbox 3230 2981 3611 3050; x_wconf 84' lang='grc' dir='ltr'>μεγαλόπολις,</span> <span class='ocrx_word' id='word_1_516' title='bbox 3662 2985 3814 3052; x_wconf 80' lang='grc' dir='ltr'>πηγὴ</span> 
     </span>
    </p>
   </div>
   <div class='ocr_carea' id='block_1_75' title="bbox 2168 3067 3810 3144">
    <p class='ocr_par' dir='ltr' id='par_1_75' title="bbox 2168 3067 3810 3144">
     <span class='ocr_line' id='line_1_76' title="bbox 2168 3067 3810 3144; baseline 0.006 -25"><span class='ocrx_word' id='word_1_517' title='bbox 2168 3079 2211 3137; x_wconf 80' lang='lat' dir='ltr'>c</span> <span class='ocrx_word' id='word_1_518' title='bbox 2245 3067 2340 3121; x_wconf 71' lang='grc' dir='ltr'><strong>καὶ</strong></span> <span class='ocrx_word' id='word_1_519' title='bbox 2388 3068 2512 3138; x_wconf 77' lang='grc' dir='ltr'>ῥίζα</span> <span class='ocrx_word' id='word_1_520' title='bbox 2559 3069 2659 3139; x_wconf 80' lang='grc' dir='ltr'>τῆς</span> <span class='ocrx_word' id='word_1_521' title='bbox 2694 3070 2981 3136; x_wconf 73' lang='grc' dir='ltr'>εὐσεϐείας</span> <span class='ocrx_word' id='word_1_522' title='bbox 3023 3071 3278 3142; x_wconf 77' lang='grc' dir='ltr'>ἀειθαλὴς</span> <span class='ocrx_word' id='word_1_523' title='bbox 3325 3072 3663 3144; x_wconf 76' lang='grc' dir='ltr'>διασὼζηται</span> <span class='ocrx_word' id='word_1_524' title='bbox 3713 3080 3810 3129; x_wconf 78' lang='grc' dir='ltr'><strong>καὶ</strong></span> 
     </span>
    </p>
   </div>
   <div class='ocr_carea' id='block_1_76' title="bbox 2243 3158 2487 3221">
    <p class='ocr_par' dir='ltr' id='par_1_76' title="bbox 2243 3158 2487 3221">
     <span class='ocr_line' id='line_1_77' title="bbox 2243 3158 2487 3221; baseline 0.004 -8"><span class='ocrx_word' id='word_1_525' title='bbox 2243 3158 2487 3221; x_wconf 77' lang='grc' dir='ltr'>ἀένναος.</span> 
     </span>
    </p>
   </div>
   <div class='ocr_carea' id='block_1_77' title="bbox 2330 3250 3813 3324">
    <p class='ocr_par' dir='ltr' id='par_1_77' title="bbox 2330 3250 3813 3324">
     <span class='ocr_line' id='line_1_78' title="bbox 2330 3250 3813 3324; baseline 0.006 -23"><span class='ocrx_word' id='word_1_526' title='bbox 2330 3250 2600 3319; x_wconf 80' lang='grc' dir='ltr'>Ἀγγέλων</span> <span class='ocrx_word' id='word_1_527' title='bbox 2630 3250 2723 3306; x_wconf 76' lang='grc' dir='ltr'>οὖν</span> <span class='ocrx_word' id='word_1_528' title='bbox 2752 3253 2844 3305; x_wconf 73' lang='grc' dir='ltr'>ἐπὶ</span> <span class='ocrx_word' id='word_1_529' title='bbox 2867 3252 3079 3316; x_wconf 74' lang='grc' dir='ltr'>τούτοις</span> <span class='ocrx_word' id='word_1_530' title='bbox 3108 3253 3309 3322; x_wconf 81' lang='grc' dir='ltr'>ἀφεῖσα</span> <span class='ocrx_word' id='word_1_531' title='bbox 3335 3254 3631 3324; x_wconf 82' lang='grc' dir='ltr'>γλώσσαις,</span> <span class='ocrx_word' id='word_1_532' title='bbox 3669 3257 3813 3311; x_wconf 80' lang='grc' dir='ltr'>αἴτι-</span> 
     </span>
    </p>
   </div>
   <div class='ocr_carea' id='block_1_78' title="bbox 2247 3343 3822 3418">
    <p class='ocr_par' dir='ltr' id='par_1_78' title="bbox 2247 3343 3822 3418">
     <span class='ocr_line' id='line_1_79' title="bbox 2247 3343 3822 3418; baseline 0.004 -23"><span class='ocrx_word' id='word_1_533' title='bbox 2247 3343 2337 3407; x_wconf 80' lang='grc' dir='ltr'>νές</span> <span class='ocrx_word' id='word_1_534' title='bbox 2361 3360 2491 3396; x_wconf 82' lang='grc' dir='ltr'>ποτε</span> <span class='ocrx_word' id='word_1_535' title='bbox 2522 3344 2769 3413; x_wconf 80' lang='grc' dir='ltr'>ἀγγέλων</span> <span class='ocrx_word' id='word_1_536' title='bbox 2802 3345 3046 3414; x_wconf 87' lang='grc' dir='ltr'>γλῶσσαι</span> <span class='ocrx_word' id='word_1_537' title='bbox 3076 3347 3352 3415; x_wconf 78' lang='grc' dir='ltr'>πεφύκασι</span> <span class='ocrx_word' id='word_1_538' title='bbox 3383 3348 3482 3418; x_wconf 84' lang='grc' dir='ltr'><strong>τὴν</strong></span> <span class='ocrx_word' id='word_1_539' title='bbox 3511 3348 3612 3417; x_wconf 83' lang='grc' dir='ltr'>σὴν</span> <span class='ocrx_word' id='word_1_540' title='bbox 3647 3350 3822 3418; x_wconf 70' lang='grc' dir='ltr'>εὐφη-</span> 
     </span>
    </p>
   </div>
   <div class='ocr_carea' id='block_1_79' title="bbox 2250 3438 3818 3514">
    <p class='ocr_par' dir='ltr' id='par_1_79' title="bbox 2250 3438 3818 3514">
     <span class='ocr_line' id='line_1_80' title="bbox 2250 3438 3818 3514; baseline 0.004 -25"><span class='ocrx_word' id='word_1_541' title='bbox 2250 3438 2373 3506; x_wconf 85' lang='grc' dir='ltr'>μεῖν</span> <span class='ocrx_word' id='word_1_542' title='bbox 2402 3454 2461 3490; x_wconf 81' lang='grc' dir='ltr'><strong>τε</strong></span> <span class='ocrx_word' id='word_1_543' title='bbox 2495 3438 2591 3491; x_wconf 78' lang='grc' dir='ltr'><strong>καὶ</strong></span> <span class='ocrx_word' id='word_1_544' title='bbox 2637 3438 2917 3509; x_wconf 86' lang='grc' dir='ltr'>γεραίρειν</span> <span class='ocrx_word' id='word_1_545' title='bbox 2954 3440 3373 3511; x_wconf 86' lang='grc' dir='ltr'>μεγαλειότητα,</span> <span class='ocrx_word' id='word_1_546' title='bbox 3421 3442 3514 3494; x_wconf 73' lang='grc' dir='ltr'>καὶ</span> <span class='ocrx_word' id='word_1_547' title='bbox 3561 3442 3622 3494; x_wconf 82' lang='grc' dir='ltr'>τὸ</span> <span class='ocrx_word' id='word_1_548' title='bbox 3675 3443 3818 3514; x_wconf 70' lang='grc' dir='ltr'>ὑπὲρ</span> 
     </span>
    </p>
   </div>
   <div class='ocr_carea' id='block_1_80' title="bbox 2247 3529 3822 3606">
    <p class='ocr_par' dir='ltr' id='par_1_80' title="bbox 2247 3529 3822 3606">
     <span class='ocr_line' id='line_1_81' title="bbox 2247 3529 3822 3606; baseline 0.004 -25"><span class='ocrx_word' id='word_1_549' title='bbox 2247 3529 2375 3590; x_wconf 78' lang='grc' dir='ltr'>τοὺς</span> <span class='ocrx_word' id='word_1_550' title='bbox 2405 3529 2687 3593; x_wconf 78' lang='grc' dir='ltr'>ἀνωτάτω,</span> <span class='ocrx_word' id='word_1_551' title='bbox 2741 3531 2836 3584; x_wconf 77' lang='grc' dir='ltr'><strong>καὶ</strong></span> <span class='ocrx_word' id='word_1_552' title='bbox 2891 3534 3303 3602; x_wconf 75' lang='grc' dir='ltr'>πρεσϐυτάτους</span> <span class='ocrx_word' id='word_1_553' title='bbox 3337 3534 3580 3606; x_wconf 86' lang='grc' dir='ltr'>θρόνους,</span> <span class='ocrx_word' id='word_1_554' title='bbox 3613 3536 3709 3588; x_wconf 78' lang='grc' dir='ltr'><strong>καὶ</strong></span> <span class='ocrx_word' id='word_1_555' title='bbox 3749 3538 3822 3587; x_wconf 67' lang='grc' dir='ltr'>τὰ</span> 
     </span>
    </p>
   </div>
   <div class='ocr_carea' id='block_1_81' title="bbox 2249 3621 3820 3698">
    <p class='ocr_par' dir='ltr' id='par_1_81' title="bbox 2249 3621 3820 3698">
     <span class='ocr_line' id='line_1_82' title="bbox 2249 3621 3820 3698; baseline -0.008 -8"><span class='ocrx_word' id='word_1_556' title='bbox 2249 3621 2516 3691; x_wconf 67' lang='grc' dir='ltr'>κερουσὶμ</span> <span class='ocrx_word' id='word_1_557' title='bbox 2569 3622 2923 3692; x_wconf 82' lang='grc' dir='ltr'>ἀκηλίδωτον,</span> <span class='ocrx_word' id='word_1_558' title='bbox 2976 3626 3073 3677; x_wconf 76' lang='grc' dir='ltr'><strong>καὶ</strong></span> <span class='ocrx_word' id='word_1_559' title='bbox 3128 3626 3445 3695; x_wconf 72' lang='grc' dir='ltr'>ἀμόλυντον,</span> <span class='ocrx_word' id='word_1_560' title='bbox 3492 3630 3586 3681; x_wconf 77' lang='grc' dir='ltr'>καὶ</span> <span class='ocrx_word' id='word_1_561' title='bbox 3615 3631 3820 3698; x_wconf 65' lang='grc' dir='ltr'>νοερᾶς</span> 
     </span>
    </p>
   </div>
   <div class='ocr_carea' id='block_1_82' title="bbox 2250 3709 3820 3789">
    <p class='ocr_par' dir='ltr' id='par_1_82' title="bbox 2250 3709 3820 3789">
     <span class='ocr_line' id='line_1_83' title="bbox 2250 3709 3820 3789; baseline 0.006 -27"><span class='ocrx_word' id='word_1_562' title='bbox 2250 3709 2733 3780; x_wconf 83' lang='grc' dir='ltr'>ἀνθομολογεῖσθαί</span> <span class='ocrx_word' id='word_1_563' title='bbox 2789 3731 2894 3778; x_wconf 91' lang='grc' dir='ltr'>σοι,</span> <span class='ocrx_word' id='word_1_564' title='bbox 2951 3715 3041 3768; x_wconf 77' lang='grc' dir='ltr'><strong>διὰ</strong></span> <span class='ocrx_word' id='word_1_565' title='bbox 3074 3716 3135 3769; x_wconf 86' lang='grc' dir='ltr'>τδ</span> <span class='ocrx_word' id='word_1_566' title='bbox 3188 3718 3317 3788; x_wconf 71' lang='grc' dir='ltr'>περὶ</span> <span class='ocrx_word' id='word_1_567' title='bbox 3354 3720 3502 3789; x_wconf 73' lang='grc' dir='ltr'>ἡμᾶς</span> <span class='ocrx_word' id='word_1_568' title='bbox 3535 3720 3820 3787; x_wconf 76' lang='grc' dir='ltr'>συμπαθές</span> 
     </span>
    </p>
   </div>
   <div class='ocr_carea' id='block_1_83' title="bbox 2250 3805 3821 3882">
    <p class='ocr_par' dir='ltr' id='par_1_83' title="bbox 2250 3805 3821 3882">
     <span class='ocr_line' id='line_1_84' title="bbox 2250 3805 3821 3882; baseline 0.004 -27"><span class='ocrx_word' id='word_1_569' title='bbox 2250 3820 2309 3856; x_wconf 88' lang='grc' dir='ltr'><strong>τε</strong></span> <span class='ocrx_word' id='word_1_570' title='bbox 2360 3805 2457 3857; x_wconf 78' lang='grc' dir='ltr'><strong>καὶ</strong></span> <span class='ocrx_word' id='word_1_571' title='bbox 2492 3805 2875 3876; x_wconf 84' lang='grc' dir='ltr'>φιλάνθρωπον</span> <span class='ocrx_word' id='word_1_572' title='bbox 2901 3826 2914 3837; x_wconf 71' lang='grc' dir='ltr'><strong>ο</strong></span> <span class='ocrx_word' id='word_1_573' title='bbox 2953 3809 3115 3878; x_wconf 88' lang='grc' dir='ltr'>μόνον</span> <span class='ocrx_word' id='word_1_574' title='bbox 3144 3808 3253 3876; x_wconf 79' lang='grc' dir='ltr'>ἐγὼ</span> <span class='ocrx_word' id='word_1_575' title='bbox 3284 3810 3372 3862; x_wconf 75' lang='grc' dir='ltr'><strong>τὸν</strong></span> <span class='ocrx_word' id='word_1_576' title='bbox 3399 3813 3821 3882; x_wconf 75' lang='grc' dir='ltr'>ἑπιστρεπτικὸν</span> 
     </span>
    </p>
   </div>
   <div class='ocr_carea' id='block_1_84' title="bbox 2249 3893 3817 3971">
    <p class='ocr_par' dir='ltr' id='par_1_84' title="bbox 2249 3893 3817 3971">
     <span class='ocr_line' id='line_1_85' title="bbox 2249 3893 3817 3971; baseline 0.006 -27"><span class='ocrx_word' id='word_1_577' title='bbox 2249 3893 2591 3963; x_wconf 80' lang='grc' dir='ltr'>ἁντεισφέρω</span> <span class='ocrx_word' id='word_1_578' title='bbox 2636 3912 2719 3948; x_wconf 92' lang='grc' dir='ltr'>σοι</span> <span class='ocrx_word' id='word_1_579' title='bbox 2779 3897 2922 3965; x_wconf 81' lang='grc' dir='ltr'>μάλα</span> <span class='ocrx_word' id='word_1_580' title='bbox 2956 3897 3149 3961; x_wconf 78' lang='grc' dir='ltr'>ζέοντα</span> <span class='ocrx_word' id='word_1_581' title='bbox 3203 3898 3402 3969; x_wconf 77' lang='grc' dir='ltr'>ἔρωτα,</span> <span class='ocrx_word' id='word_1_582' title='bbox 3456 3902 3548 3953; x_wconf 79' lang='grc' dir='ltr'><strong>τὸν</strong></span> <span class='ocrx_word' id='word_1_583' title='bbox 3580 3918 3817 3971; x_wconf 87' lang='grc' dir='ltr'>προνοη-</span> 
     </span>
    </p>
   </div>
   <div class='ocr_carea' id='block_1_85' title="bbox 2249 3985 3821 4063">
    <p class='ocr_par' dir='ltr' id='par_1_85' title="bbox 2249 3985 3821 4063">
     <span class='ocr_line' id='line_1_86' title="bbox 2249 3985 3821 4063; baseline 0.006 -25"><span class='ocrx_word' id='word_1_584' title='bbox 2249 3985 2549 4040; x_wconf 84' lang='grc' dir='ltr'>τικώτατόν</span> <span class='ocrx_word' id='word_1_585' title='bbox 2577 4006 2636 4041; x_wconf 91' lang='grc' dir='ltr'><strong>τε</strong></span> <span class='ocrx_word' id='word_1_586' title='bbox 2689 3990 2783 4042; x_wconf 76' lang='grc' dir='ltr'>καὶ</span> <span class='ocrx_word' id='word_1_587' title='bbox 2817 3992 3254 4055; x_wconf 81' lang='grc' dir='ltr'>σωστικώτατον,</span> <span class='ocrx_word' id='word_1_588' title='bbox 3290 3996 3425 4063; x_wconf 77' lang='grc' dir='ltr'>μετὰ</span> <span class='ocrx_word' id='word_1_589' title='bbox 3454 3995 3550 4047; x_wconf 85' lang='grc' dir='ltr'>τοῦ</span> <span class='ocrx_word' id='word_1_590' title='bbox 3578 3997 3821 4062; x_wconf 57' lang='lat' dir='ltr'><strong>Mavors-</strong></span> 
     </span>
    </p>
   </div>
   <div class='ocr_carea' id='block_1_86' title="bbox 2252 4077 3822 4156">
    <p class='ocr_par' dir='ltr' id='par_1_86' title="bbox 2252 4077 3822 4156">
     <span class='ocr_line' id='line_1_87' title="bbox 2252 4077 3822 4156; baseline 0.006 -27"><span class='ocrx_word' id='word_1_591' title='bbox 2252 4077 2376 4141; x_wconf 81' lang='grc' dir='ltr'>νοῦς</span> <span class='ocrx_word' id='word_1_592' title='bbox 2395 4095 2454 4130; x_wconf 87' lang='grc' dir='ltr'><strong>τε</strong></span> <span class='ocrx_word' id='word_1_593' title='bbox 2484 4081 2577 4132; x_wconf 74' lang='grc' dir='ltr'><strong>καὶ</strong></span> <span class='ocrx_word' id='word_1_594' title='bbox 2602 4081 2954 4151; x_wconf 83' lang='grc' dir='ltr'>Πρωτοτόκου</span> <span class='ocrx_word' id='word_1_595' title='bbox 2986 4083 3262 4156; x_wconf 77' lang='grc' dir='ltr'>τρεφούσῃ</span> <span class='ocrx_word' id='word_1_596' title='bbox 3293 4087 3417 4154; x_wconf 80' lang='grc' dir='ltr'>περὶ</span> <span class='ocrx_word' id='word_1_597' title='bbox 3444 4086 3507 4138; x_wconf 73' lang='grc' dir='ltr'>τὸ</span> <span class='ocrx_word' id='word_1_598' title='bbox 3545 4085 3822 4156; x_wconf 82' lang='grc' dir='ltr'>ἀνθρώπι-</span> 
     </span>
    </p>
   </div>
   <div class='ocr_carea' id='block_1_87' title="bbox 2253 4169 2566 4241">
    <p class='ocr_par' dir='ltr' id='par_1_87' title="bbox 2253 4169 2566 4241">
     <span class='ocr_line' id='line_1_88' title="bbox 2253 4169 2566 4241; baseline 0.013 -20"><span class='ocrx_word' id='word_1_599' title='bbox 2253 4186 2342 4222; x_wconf 93' lang='grc' dir='ltr'>νον</span> <span class='ocrx_word' id='word_1_600' title='bbox 2368 4169 2566 4241; x_wconf 73' lang='grc' dir='ltr'>ἔρωτα.</span> 
     </span>
    </p>
   </div>
   <div class='ocr_carea' id='block_1_88' title="bbox 2322 4336 3823 4423">
    <p class='ocr_par' dir='ltr' id='par_1_88' title="bbox 2322 4336 3823 4423">
     <span class='ocr_line' id='line_1_89' title="bbox 2322 4336 3823 4423; baseline 0.011 -32"><span class='ocrx_word' id='word_1_601' title='bbox 2322 4338 2431 4392; x_wconf 82' lang='grc' dir='ltr'>Καί</span> <span class='ocrx_word' id='word_1_602' title='bbox 2460 4357 2549 4409; x_wconf 88' lang='grc' dir='ltr'><strong>μοι</strong></span> <span class='ocrx_word' id='word_1_603' title='bbox 2603 4343 2664 4395; x_wconf 71' lang='grc' dir='ltr'>τὸ</span> <span class='ocrx_word' id='word_1_604' title='bbox 2697 4336 2923 4415; x_wconf 71' lang='grc' dir='ltr'>φρικτόν</span> <span class='ocrx_word' id='word_1_605' title='bbox 2952 4365 3012 4401; x_wconf 90' lang='grc' dir='ltr'><strong>τε</strong></span> <span class='ocrx_word' id='word_1_606' title='bbox 3048 4351 3143 4403; x_wconf 77' lang='grc' dir='ltr'><strong>καὶ</strong></span> <span class='ocrx_word' id='word_1_607' title='bbox 3176 4352 3316 4421; x_wconf 80' lang='grc' dir='ltr'>μέγα</span> <span class='ocrx_word' id='word_1_608' title='bbox 3342 4352 3443 4417; x_wconf 83' lang='grc' dir='ltr'><strong>τῆς</strong></span> <span class='ocrx_word' id='word_1_609' title='bbox 3487 4353 3590 4423; x_wconf 77' lang='grc' dir='ltr'>σῆς</span> <span class='ocrx_word' id='word_1_610' title='bbox 3624 4354 3823 4407; x_wconf 82' lang='grc' dir='ltr'>Θ;οτο-</span> 
     </span>
    </p>
   </div>
   <div class='ocr_carea' id='block_1_89' title="bbox 578 4416 2140 4517">
    <p class='ocr_par' dir='ltr' id='par_1_89' title="bbox 578 4416 2140 4517">
     <span class='ocr_line' id='line_1_90' title="bbox 578 4416 2140 4517; baseline -0.001 -16"><span class='ocrx_word' id='word_1_611' title='bbox 578 4454 637 4502; x_wconf 89' lang='lat' dir='ltr'><strong>et</strong></span> <span class='ocrx_word' id='word_1_612' title='bbox 659 4461 909 4517; x_wconf 87' lang='lat' dir='ltr'><strong>magnam</strong></span> <span class='ocrx_word' id='word_1_613' title='bbox 933 4416 1112 4500; x_wconf 71' lang='lat' dir='ltr'><strong>divini</strong></span> <span class='ocrx_word' id='word_1_614' title='bbox 1150 4416 1229 4500; x_wconf 73' lang='lat' dir='ltr'><strong>tui</strong></span> <span class='ocrx_word' id='word_1_615' title='bbox 1256 4454 1443 4514; x_wconf 88' lang='lat' dir='ltr'><strong>partus</strong></span> <span class='ocrx_word' id='word_1_616' title='bbox 1476 4416 1800 4515; x_wconf 81' lang='lat' dir='ltr'><strong>dignitatem</strong></span> <span class='ocrx_word' id='word_1_617' title='bbox 1834 4445 2140 4512; x_wconf 85' lang='lat' dir='ltr'><strong>decantare,</strong></span> 
     </span>
    </p>
   </div>
   <div class='ocr_carea' id='block_1_90' title="bbox 2237 4416 3821 4517">
    <p class='ocr_par' dir='ltr' id='par_1_90' title="bbox 2255 4416 3821 4515">
     <span class='ocr_line' id='line_1_91' title="bbox 2255 4416 3821 4515; baseline 0.011 -32"><span class='ocrx_word' id='word_1_618' title='bbox 2255 4431 2378 4494; x_wconf 84' lang='grc' dir='ltr'>κίας</span> <span class='ocrx_word' id='word_1_619' title='bbox 2408 4433 2645 4505; x_wconf 78' lang='grc' dir='ltr'>ἀξίωμα,</span> <span class='ocrx_word' id='word_1_620' title='bbox 2701 4440 3046 4513; x_wconf 84' lang='grc' dir='ltr'>περιλὰλημα</span> <span class='ocrx_word' id='word_1_621' title='bbox 3075 4416 3505 4515; x_wconf 37' lang='grc' dir='ltr'>θυμηρ-ἐστατον,</span> <span class='ocrx_word' id='word_1_622' title='bbox 3546 4416 3640 4499; x_wconf 73' lang='grc' dir='ltr'>καὶ</span> <span class='ocrx_word' id='word_1_623' title='bbox 3676 4449 3821 4501; x_wconf 67' lang='grc' dir='ltr'>ἐννό-</span> 
     </span>
    </p>
   </div>
   <div class='ocr_carea' id='block_1_91' title="bbox 580 4537 2157 4608">
    <p class='ocr_par' dir='ltr' id='par_1_91' title="bbox 580 4537 2157 4608">
     <span class='ocr_line' id='line_1_92' title="bbox 580 4537 2157 4608; baseline -0.001 -15"><span class='ocrx_word' id='word_1_624' title='bbox 580 4540 741 4608; x_wconf 80' lang='lat' dir='ltr'><strong>cujus</strong></span> <span class='ocrx_word' id='word_1_625' title='bbox 785 4538 1085 4608; x_wconf 83' lang='lat' dir='ltr'><strong>cogitatum</strong></span> <span class='ocrx_word' id='word_1_626' title='bbox 1127 4552 1393 4592; x_wconf 89' lang='lat' dir='ltr'><strong>enarrare</strong></span> <span class='ocrx_word' id='word_1_627' title='bbox 1440 4551 1689 4606; x_wconf 90' lang='lat' dir='ltr'><strong>nequeo;</strong></span> <span class='ocrx_word' id='word_1_628' title='bbox 1730 4537 1799 4590; x_wconf 91' lang='lat' dir='ltr'><strong>ad</strong></span> <span class='ocrx_word' id='word_1_629' title='bbox 1839 4546 1993 4591; x_wconf 92' lang='lat' dir='ltr'><strong>tuum</strong></span> <span class='ocrx_word' id='word_1_630' title='bbox 2022 4552 2157 4592; x_wconf 88' lang='lat' dir='ltr'><strong>vero</strong></span> 
     </span>
    </p>
   </div>
   <div class='ocr_carea' id='block_1_92' title="bbox 581 4630 2158 4701">
    <p class='ocr_par' dir='ltr' id='par_1_92' title="bbox 581 4630 2158 4701">
     <span class='ocr_line' id='line_1_93' title="bbox 581 4630 2158 4701; baseline -0.002 -16"><span class='ocrx_word' id='word_1_631' title='bbox 581 4646 802 4686; x_wconf 86' lang='lat' dir='ltr'><strong>sacrum</strong></span> <span class='ocrx_word' id='word_1_632' title='bbox 854 4630 1207 4701; x_wconf 88' lang='lat' dir='ltr'><strong>puerperium</strong></span> <span class='ocrx_word' id='word_1_633' title='bbox 1264 4643 1482 4684; x_wconf 86' lang='lat' dir='ltr'><strong>omnem</strong></span> <span class='ocrx_word' id='word_1_634' title='bbox 1537 4639 1780 4684; x_wconf 85' lang='lat' dir='ltr'><strong>sanctam</strong></span> <span class='ocrx_word' id='word_1_635' title='bbox 1823 4630 2066 4684; x_wconf 69' lang='lat' dir='ltr'><strong>laetitiam</strong></span> <span class='ocrx_word' id='word_1_636' title='bbox 2102 4636 2158 4682; x_wconf 88' lang='lat' dir='ltr'><strong>et</strong></span> 
     </span>
    </p>
   </div>
   <div class='ocr_carea' id='block_1_93' title="bbox 583 4720 2156 4795">
    <p class='ocr_par' dir='ltr' id='par_1_93' title="bbox 583 4720 2156 4795">
     <span class='ocr_line' id='line_1_94' title="bbox 583 4720 2156 4795; baseline -0.003 -17"><span class='ocrx_word' id='word_1_637' title='bbox 583 4726 920 4795; x_wconf 88' lang='lat' dir='ltr'><strong>voluptatem</strong></span> <span class='ocrx_word' id='word_1_638' title='bbox 951 4723 1177 4778; x_wconf 88' lang='lat' dir='ltr'><strong>advoco.</strong></span> <span class='ocrx_word' id='word_1_639' title='bbox 1209 4722 1288 4776; x_wconf 81' lang='lat' dir='ltr'><strong>Ac</strong></span> <span class='ocrx_word' id='word_1_640' title='bbox 1320 4720 1611 4775; x_wconf 89' lang='lat' dir='ltr'><strong>nihilmihi</strong></span> <span class='ocrx_word' id='word_1_641' title='bbox 1636 4721 1780 4774; x_wconf 86' lang='lat' dir='ltr'><strong>inter</strong></span> <span class='ocrx_word' id='word_1_642' title='bbox 1801 4722 1982 4774; x_wconf 89' lang='lat' dir='ltr'><strong>omnia</strong></span> <span class='ocrx_word' id='word_1_643' title='bbox 2000 4735 2156 4788; x_wconf 86' lang='lat' dir='ltr'><strong>aeque</strong></span> 
     </span>
    </p>
   </div>
   <div class='ocr_carea' id='block_1_94' title="bbox 577 4812 2151 4887">
    <p class='ocr_par' dir='ltr' id='par_1_94' title="bbox 577 4812 2151 4887">
     <span class='ocr_line' id='line_1_95' title="bbox 577 4812 2151 4887; baseline -0.002 -17"><span class='ocrx_word' id='word_1_644' title='bbox 577 4817 885 4887; x_wconf 84' lang='lat' dir='ltr'><strong>jucundum</strong></span> <span class='ocrx_word' id='word_1_645' title='bbox 922 4814 1113 4870; x_wconf 90' lang='lat' dir='ltr'><strong>auditu</strong></span> <span class='ocrx_word' id='word_1_646' title='bbox 1139 4814 1225 4867; x_wconf 91' lang='lat' dir='ltr'><strong>vel</strong></span> <span class='ocrx_word' id='word_1_647' title='bbox 1260 4823 1506 4878; x_wconf 86' lang='lat' dir='ltr'><strong>narratu,</strong></span> <span class='ocrx_word' id='word_1_648' title='bbox 1551 4822 1715 4880; x_wconf 86' lang='lat' dir='ltr'><strong>atque</strong></span> <span class='ocrx_word' id='word_1_649' title='bbox 1749 4821 1842 4866; x_wconf 87' lang='lat' dir='ltr'><strong>tua</strong></span> <span class='ocrx_word' id='word_1_650' title='bbox 1878 4812 2151 4868; x_wconf 90' lang='lat' dir='ltr'><strong>mirabilia</strong></span> 
     </span>
    </p>
   </div>
   <div class='ocr_carea' id='block_1_95' title="bbox 582 4901 2146 4978">
    <p class='ocr_par' dir='ltr' id='par_1_95' title="bbox 582 4901 2146 4978">
     <span class='ocr_line' id='line_1_96' title="bbox 582 4901 2146 4978; baseline -0.002 -17"><span class='ocrx_word' id='word_1_651' title='bbox 582 4916 640 4962; x_wconf 89' lang='lat' dir='ltr'><strong>et</strong></span> <span class='ocrx_word' id='word_1_652' title='bbox 680 4907 959 4978; x_wconf 83' lang='lat' dir='ltr'><strong>mysteria,</strong></span> <span class='ocrx_word' id='word_1_653' title='bbox 1002 4918 1214 4959; x_wconf 88' lang='lat' dir='ltr'><strong>necnon</strong></span> <span class='ocrx_word' id='word_1_654' title='bbox 1263 4903 1523 4972; x_wconf 83' lang='lat' dir='ltr'><strong>perennis</strong></span> <span class='ocrx_word' id='word_1_655' title='bbox 1566 4901 1838 4956; x_wconf 86' lang='lat' dir='ltr'><strong>bonorum</strong></span> <span class='ocrx_word' id='word_1_656' title='bbox 1889 4901 2146 4967; x_wconf 83' lang='lat' dir='ltr'><strong>inﬂuxus,</strong></span> 
     </span>
    </p>
   </div>
   <div class='ocr_carea' id='block_1_96' title="bbox 583 4991 2148 5064">
    <p class='ocr_par' dir='ltr' id='par_1_96' title="bbox 583 4991 2148 5064">
     <span class='ocr_line' id='line_1_97' title="bbox 583 4991 2148 5064; baseline -0.001 -15"><span class='ocrx_word' id='word_1_657' title='bbox 583 4997 677 5064; x_wconf 88' lang='lat' dir='ltr'><strong>qui</strong></span> <span class='ocrx_word' id='word_1_658' title='bbox 738 5010 770 5048; x_wconf 90' lang='lat' dir='ltr'><strong>a</strong></span> <span class='ocrx_word' id='word_1_659' title='bbox 825 4996 937 5049; x_wconf 90' lang='lat' dir='ltr'><strong>Deo</strong></span> <span class='ocrx_word' id='word_1_660' title='bbox 998 5009 1096 5063; x_wconf 90' lang='lat' dir='ltr'><strong>per</strong></span> <span class='ocrx_word' id='word_1_661' title='bbox 1162 5002 1215 5047; x_wconf 90' lang='lat' dir='ltr'><strong>te</strong></span> <span class='ocrx_word' id='word_1_662' title='bbox 1272 4991 1656 5046; x_wconf 88' lang='lat' dir='ltr'><strong>intermediam</strong></span> <span class='ocrx_word' id='word_1_663' title='bbox 1708 4992 1777 5045; x_wconf 90' lang='lat' dir='ltr'><strong>ad</strong></span> <span class='ocrx_word' id='word_1_664' title='bbox 1830 5008 1930 5047; x_wconf 89' lang='lat' dir='ltr'><strong>nos</strong></span> <span class='ocrx_word' id='word_1_665' title='bbox 1973 5007 2148 5049; x_wconf 86' lang='lat' dir='ltr'><strong>usoue</strong></span> 
     </span>
    </p>
   </div>
   <div class='ocr_carea' id='block_1_97' title="bbox 552 5086 852 5142">
    <p class='ocr_par' dir='ltr' id='par_1_97' title="bbox 552 5086 852 5142">
     <span class='ocr_line' id='line_1_98' title="bbox 552 5086 852 5142; baseline -0.013 0"><span class='ocrx_word' id='word_1_666' title='bbox 552 5128 555 5130; x_wconf 88' lang='grc'><strong>-</strong></span> <span class='ocrx_word' id='word_1_667' title='bbox 581 5086 852 5142; x_wconf 87' lang='lat' dir='ltr'><strong>decurrit.</strong></span> 
     </span>
    </p>
   </div>
   <div class='ocr_carea' id='block_1_98' title="bbox 656 5173 2146 5248">
    <p class='ocr_par' dir='ltr' id='par_1_98' title="bbox 656 5173 2146 5248">
     <span class='ocr_line' id='line_1_99' title="bbox 656 5173 2146 5248; baseline -0.004 -15"><span class='ocrx_word' id='word_1_668' title='bbox 656 5179 853 5233; x_wconf 81' lang='lat' dir='ltr'><strong>Verum</strong></span> <span class='ocrx_word' id='word_1_669' title='bbox 882 5194 982 5248; x_wconf 92' lang='lat' dir='ltr'><strong>pro</strong></span> <span class='ocrx_word' id='word_1_670' title='bbox 1005 5178 1124 5233; x_wconf 90' lang='lat' dir='ltr'><strong>istis</strong></span> <span class='ocrx_word' id='word_1_671' title='bbox 1151 5177 1288 5230; x_wconf 90' lang='lat' dir='ltr'><strong>nihil</strong></span> <span class='ocrx_word' id='word_1_672' title='bbox 1323 5176 1466 5246; x_wconf 90' lang='lat' dir='ltr'><strong>apud</strong></span> <span class='ocrx_word' id='word_1_673' title='bbox 1492 5190 1592 5230; x_wconf 88' lang='lat' dir='ltr'><strong>nos</strong></span> <span class='ocrx_word' id='word_1_674' title='bbox 1622 5188 1743 5229; x_wconf 88' lang='lat' dir='ltr'><strong>esse</strong></span> <span class='ocrx_word' id='word_1_675' title='bbox 1769 5173 1895 5228; x_wconf 90' lang='lat' dir='ltr'><strong>novi</strong></span> <span class='ocrx_word' id='word_1_676' title='bbox 1921 5173 2146 5244; x_wconf 85' lang='lat' dir='ltr'><strong>dignum</strong></span> 
     </span>
    </p>
   </div>
   <div class='ocr_carea' id='block_1_99' title="bbox 584 5267 2147 5335">
    <p class='ocr_par' dir='ltr' id='par_1_99' title="bbox 584 5267 2147 5335">
     <span class='ocr_line' id='line_1_100' title="bbox 584 5267 2147 5335; baseline -0.003 -11"><span class='ocrx_word' id='word_1_677' title='bbox 584 5281 677 5325; x_wconf 91' lang='lat' dir='ltr'><strong>tua</strong></span> <span class='ocrx_word' id='word_1_678' title='bbox 714 5286 931 5325; x_wconf 91' lang='lat' dir='ltr'><strong>omnem</strong></span> <span class='ocrx_word' id='word_1_679' title='bbox 981 5283 1290 5324; x_wconf 85' lang='lat' dir='ltr'><strong>sermonem</strong></span> <span class='ocrx_word' id='word_1_680' title='bbox 1344 5277 1401 5322; x_wconf 91' lang='lat' dir='ltr'><strong>et</strong></span> <span class='ocrx_word' id='word_1_681' title='bbox 1451 5267 1795 5322; x_wconf 89' lang='lat' dir='ltr'><strong>intellectum</strong></span> <span class='ocrx_word' id='word_1_682' title='bbox 1850 5273 2147 5335; x_wconf 88' lang='lat' dir='ltr'><strong>superante</strong></span> 
     </span>
    </p>
   </div>
   <div class='ocr_carea' id='block_1_100' title="bbox 711 5379 1606 5445">
    <p class='ocr_par' dir='ltr' id='par_1_100' title="bbox 711 5379 1606 5445">
     <span class='ocr_line' id='line_1_101' title="bbox 711 5379 1606 5445; baseline -0.004 -8"><span class='ocrx_word' id='word_1_683' title='bbox 711 5383 854 5439; x_wconf 84' lang='lat' dir='ltr'><strong>Psal.</strong></span> <span class='ocrx_word' id='word_1_684' title='bbox 887 5398 1008 5436; x_wconf 74' lang='lat' dir='ltr'><strong>Jtuv</strong></span> <span class='ocrx_word' id='word_1_685' title='bbox 1062 5381 1147 5436; x_wconf 87' lang='lat' dir='ltr'><strong>lO.</strong></span> <span class='ocrx_word' id='word_1_686' title='bbox 1223 5382 1244 5413; x_wconf 80' lang='grc'><strong><em>⁵</em></strong></span> <span class='ocrx_word' id='word_1_687' title='bbox 1269 5379 1411 5436; x_wconf 88' lang='lat' dir='ltr'><strong>Psal.</strong></span> <span class='ocrx_word' id='word_1_688' title='bbox 1439 5395 1527 5445; x_wconf 63' lang='grc' dir='ltr'>ιιι,</span> <span class='ocrx_word' id='word_1_689' title='bbox 1555 5381 1606 5434; x_wconf 92' lang='lat'><strong>7.</strong></span> 
     </span>
    </p>
   </div>
   <div class='ocr_carea' id='block_1_101' title="bbox 2253 4527 3819 4608">
    <p class='ocr_par' dir='ltr' id='par_1_101' title="bbox 2253 4527 3819 4608">
     <span class='ocr_line' id='line_1_102' title="bbox 2253 4527 3819 4608; baseline 0.012 -34"><span class='ocrx_word' id='word_1_690' title='bbox 2253 4539 2371 4592; x_wconf 91' lang='grc' dir='ltr'><strong>ημα</strong></span> <span class='ocrx_word' id='word_1_691' title='bbox 2419 4527 2773 4599; x_wconf 77' lang='grc' dir='ltr'>ἀδεάληπτον,</span> <span class='ocrx_word' id='word_1_692' title='bbox 2830 4533 2923 4585; x_wconf 83' lang='grc' dir='ltr'><strong>ἐπί</strong></span> <span class='ocrx_word' id='word_1_693' title='bbox 2974 4552 3030 4587; x_wconf 87' lang='grc' dir='ltr'><strong>τε</strong></span> <span class='ocrx_word' id='word_1_694' title='bbox 3088 4536 3187 4606; x_wconf 82' lang='grc' dir='ltr'><strong>τὴν</strong></span> <span class='ocrx_word' id='word_1_695' title='bbox 3246 4538 3346 4608; x_wconf 80' lang='grc' dir='ltr'>σὴν</span> <span class='ocrx_word' id='word_1_696' title='bbox 3375 4538 3527 4608; x_wconf 74' lang='grc' dir='ltr'>ἱερὰν</span> <span class='ocrx_word' id='word_1_697' title='bbox 3583 4540 3819 4608; x_wconf 76' lang='grc' dir='ltr'>λοχείαν,</span> 
     </span>
    </p>
   </div>
   <div class='ocr_carea' id='block_1_102' title="bbox 2256 4616 3823 4700">
    <p class='ocr_par' dir='ltr' id='par_1_102' title="bbox 2256 4616 3823 4700">
     <span class='ocr_line' id='line_1_103' title="bbox 2256 4616 3823 4700; baseline 0.011 -35"><span class='ocrx_word' id='word_1_698' title='bbox 2256 4616 2434 4669; x_wconf 77' lang='grc' dir='ltr'>πᾶσαν</span> <span class='ocrx_word' id='word_1_699' title='bbox 2484 4619 2678 4691; x_wconf 81' lang='grc' dir='ltr'>ἡδονὴν</span> <span class='ocrx_word' id='word_1_700' title='bbox 2712 4624 2883 4694; x_wconf 81' lang='grc' dir='ltr'>εὐαγῆ</span> <span class='ocrx_word' id='word_1_701' title='bbox 2934 4628 3026 4678; x_wconf 76' lang='grc' dir='ltr'>καὶ</span> <span class='ocrx_word' id='word_1_702' title='bbox 3053 4628 3265 4700; x_wconf 78' lang='grc' dir='ltr'>τρυφὴν</span> <span class='ocrx_word' id='word_1_703' title='bbox 3297 4630 3467 4684; x_wconf 79' lang='grc' dir='ltr'>καλῶ.</span> <span class='ocrx_word' id='word_1_704' title='bbox 3529 4632 3640 4684; x_wconf 81' lang='grc' dir='ltr'><strong>Καὶ</strong></span> <span class='ocrx_word' id='word_1_705' title='bbox 3671 4632 3823 4685; x_wconf 75' lang='grc' dir='ltr'>οὐδέν</span> 
     </span>
    </p>
   </div>
   <div class='ocr_carea' id='block_1_103' title="bbox 2256 4708 3821 4793">
    <p class='ocr_par' dir='ltr' id='par_1_103' title="bbox 2256 4708 3821 4793">
     <span class='ocr_line' id='line_1_104' title="bbox 2256 4708 3821 4793; baseline 0.016 -37"><span class='ocrx_word' id='word_1_706' title='bbox 2256 4722 2347 4774; x_wconf 86' lang='grc' dir='ltr'><strong>μοι</strong></span> <span class='ocrx_word' id='word_1_707' title='bbox 2378 4708 2595 4762; x_wconf 81' lang='grc' dir='ltr'>πάντων</span> <span class='ocrx_word' id='word_1_708' title='bbox 2628 4712 2770 4766; x_wconf 74' lang='grc' dir='ltr'>οὕτω</span> <span class='ocrx_word' id='word_1_709' title='bbox 2797 4716 3157 4785; x_wconf 83' lang='grc' dir='ltr'>χαριέστατον</span> <span class='ocrx_word' id='word_1_710' title='bbox 3185 4722 3455 4791; x_wconf 77' lang='grc' dir='ltr'>ἄκουσμα,</span> <span class='ocrx_word' id='word_1_711' title='bbox 3485 4723 3518 4793; x_wconf 74' lang='grc' dir='ltr'>ἢ</span> <span class='ocrx_word' id='word_1_712' title='bbox 3548 4723 3821 4791; x_wconf 80' lang='grc' dir='ltr'>δίηγημα.</span> 
     </span>
    </p>
   </div>
   <div class='ocr_carea' id='block_1_104' title="bbox 2252 4797 3824 4881">
    <p class='ocr_par' dir='ltr' id='par_1_104' title="bbox 2252 4797 3824 4881">
     <span class='ocr_line' id='line_1_105' title="bbox 2252 4797 3824 4881; baseline 0.01 -33"><span class='ocrx_word' id='word_1_713' title='bbox 2252 4797 2327 4860; x_wconf 85' lang='grc' dir='ltr'><strong>ὡς</strong></span> <span class='ocrx_word' id='word_1_714' title='bbox 2355 4799 2423 4850; x_wconf 83' lang='grc' dir='ltr'>τὰ</span> <span class='ocrx_word' id='word_1_715' title='bbox 2470 4804 2597 4871; x_wconf 73' lang='grc' dir='ltr'>περὶ</span> <span class='ocrx_word' id='word_1_716' title='bbox 2623 4803 2680 4855; x_wconf 84' lang='grc' dir='ltr'><strong>σὲ</strong></span> <span class='ocrx_word' id='word_1_717' title='bbox 2713 4804 3014 4874; x_wconf 85' lang='grc' dir='ltr'>θαυμάσια,</span> <span class='ocrx_word' id='word_1_718' title='bbox 3041 4811 3137 4862; x_wconf 70' lang='grc' dir='ltr'>καὶ</span> <span class='ocrx_word' id='word_1_719' title='bbox 3177 4813 3476 4881; x_wconf 87' lang='grc' dir='ltr'>μυστήρια,</span> <span class='ocrx_word' id='word_1_720' title='bbox 3509 4814 3605 4865; x_wconf 72' lang='grc' dir='ltr'>καὶ</span> <span class='ocrx_word' id='word_1_721' title='bbox 3633 4813 3697 4864; x_wconf 81' lang='grc' dir='ltr'><strong>τὸ</strong></span> <span class='ocrx_word' id='word_1_722' title='bbox 3722 4813 3824 4880; x_wconf 81' lang='grc' dir='ltr'>τῆς</span> 
     </span>
    </p>
   </div>
   <div class='ocr_carea' id='block_1_105' title="bbox 2253 4888 3827 4973">
    <p class='ocr_par' dir='ltr' id='par_1_105' title="bbox 2253 4888 3827 4973">
     <span class='ocr_line' id='line_1_106' title="bbox 2253 4888 3827 4973; baseline 0.008 -30"><span class='ocrx_word' id='word_1_723' title='bbox 2253 4888 2341 4955; x_wconf 73' lang='grc' dir='ltr'><strong>ἐφ’</strong></span> <span class='ocrx_word' id='word_1_724' title='bbox 2370 4891 2515 4959; x_wconf 76' lang='grc' dir='ltr'>ἡμᾶς</span> <span class='ocrx_word' id='word_1_725' title='bbox 2537 4894 2822 4968; x_wconf 77' lang='grc' dir='ltr'>ἐπιρροίας</span> <span class='ocrx_word' id='word_1_726' title='bbox 2850 4899 2961 4952; x_wconf 86' lang='grc' dir='ltr'><strong>τῶν</strong></span> <span class='ocrx_word' id='word_1_727' title='bbox 2989 4901 3211 4967; x_wconf 83' lang='grc' dir='ltr'>ἀγαθῶν</span> <span class='ocrx_word' id='word_1_728' title='bbox 3237 4904 3301 4955; x_wconf 88' lang='grc' dir='ltr'>ὲκ</span> <span class='ocrx_word' id='word_1_729' title='bbox 3322 4902 3457 4955; x_wconf 79' lang='grc' dir='ltr'>Θεοῦ</span> <span class='ocrx_word' id='word_1_730' title='bbox 3481 4902 3570 4957; x_wconf 79' lang='grc' dir='ltr'>διὰ</span> <span class='ocrx_word' id='word_1_731' title='bbox 3595 4903 3692 4956; x_wconf 76' lang='grc' dir='ltr'><strong>σοῦ</strong></span> <span class='ocrx_word' id='word_1_732' title='bbox 3726 4908 3827 4973; x_wconf 69' lang='grc' dir='ltr'><strong>μὲι</strong></span> 
     </span>
    </p>
   </div>
   <div class='ocr_carea' id='block_1_106' title="bbox 2256 4980 2628 5048">
    <p class='ocr_par' dir='ltr' id='par_1_106' title="bbox 2256 4980 2628 5048">
     <span class='ocr_line' id='line_1_107' title="bbox 2256 4980 2628 5048; baseline 0.011 -17"><span class='ocrx_word' id='word_1_733' title='bbox 2256 4992 2354 5048; x_wconf 85' lang='grc' dir='ltr'><strong>σης</strong></span> <span class='ocrx_word' id='word_1_734' title='bbox 2383 4980 2628 5043; x_wconf 87' lang='grc' dir='ltr'>ἀένναον,</span> 
     </span>
    </p>
   </div>
   <div class='ocr_carea' id='block_1_107' title="bbox 2340 5161 3830 5245">
    <p class='ocr_par' dir='ltr' id='par_1_107' title="bbox 2340 5161 3830 5245">
     <span class='ocr_line' id='line_1_108' title="bbox 2340 5161 3830 5245; baseline 0.009 -32"><span class='ocrx_word' id='word_1_735' title='bbox 2340 5161 2500 5218; x_wconf 73' lang='grc' dir='ltr'>Ἀλλὰ</span> <span class='ocrx_word' id='word_1_736' title='bbox 2522 5164 2632 5236; x_wconf 75' lang='grc' dir='ltr'>γὰρ</span> <span class='ocrx_word' id='word_1_737' title='bbox 2661 5168 2751 5219; x_wconf 72' lang='grc' dir='ltr'>ἐπὶ</span> <span class='ocrx_word' id='word_1_738' title='bbox 2779 5185 2990 5231; x_wconf 84' lang='grc' dir='ltr'>τουτοις</span> <span class='ocrx_word' id='word_1_739' title='bbox 3022 5171 3173 5236; x_wconf 79' lang='grc' dir='ltr'>ἄξιον</span> <span class='ocrx_word' id='word_1_740' title='bbox 3207 5174 3307 5240; x_wconf 71' lang='grc' dir='ltr'>μὲν</span> <span class='ocrx_word' id='word_1_741' title='bbox 3338 5173 3490 5226; x_wconf 78' lang='grc' dir='ltr'>οὐδὲν</span> <span class='ocrx_word' id='word_1_742' title='bbox 3520 5171 3664 5227; x_wconf 83' lang='grc' dir='ltr'>εἶναι</span> <span class='ocrx_word' id='word_1_743' title='bbox 3695 5190 3830 5245; x_wconf 80' lang='grc' dir='ltr'>παρ’</span> 
     </span>
    </p>
   </div>
   <div class='ocr_carea' id='block_1_108' title="bbox 2255 5256 3831 5337">
    <p class='ocr_par' dir='ltr' id='par_1_108' title="bbox 2255 5256 3831 5337">
     <span class='ocr_line' id='line_1_109' title="bbox 2255 5256 3831 5337; baseline 0.008 -29"><span class='ocrx_word' id='word_1_744' title='bbox 2255 5259 2385 5327; x_wconf 79' lang='grc' dir='ltr'>ἡμῖν</span> <span class='ocrx_word' id='word_1_745' title='bbox 2404 5256 2540 5322; x_wconf 79' lang='grc' dir='ltr'>οἶδα,</span> <span class='ocrx_word' id='word_1_746' title='bbox 2575 5260 2673 5329; x_wconf 89' lang='grc' dir='ltr'>τῆς</span> <span class='ocrx_word' id='word_1_747' title='bbox 2724 5262 2822 5331; x_wconf 85' lang='grc' dir='ltr'><strong>σῆς</strong></span> <span class='ocrx_word' id='word_1_748' title='bbox 2856 5263 2997 5332; x_wconf 83' lang='grc' dir='ltr'>ὑπὲρ</span> <span class='ocrx_word' id='word_1_749' title='bbox 3032 5263 3191 5332; x_wconf 88' lang='grc' dir='ltr'>λόγον</span> <span class='ocrx_word' id='word_1_750' title='bbox 3214 5265 3309 5317; x_wconf 69' lang='grc' dir='ltr'>καὶ</span> <span class='ocrx_word' id='word_1_751' title='bbox 3339 5266 3462 5318; x_wconf 76' lang='grc' dir='ltr'>νοῦν</span> <span class='ocrx_word' id='word_1_752' title='bbox 3495 5266 3786 5337; x_wconf 81' lang='grc' dir='ltr'>ἁγιότητος</span> <span class='ocrx_word' id='word_1_753' title='bbox 3816 5282 3831 5297; x_wconf 80' lang='grc'><strong><em>⁵</em></strong></span> 
     </span>
    </p>
   </div>
   <div class='ocr_carea' id='block_1_109' title="bbox 1831 5470 2516 5534">
    <p class='ocr_par' dir='ltr' id='par_1_109' title="bbox 1831 5470 2516 5534">
     <span class='ocr_line' id='line_1_110' title="bbox 1831 5470 2516 5534; baseline 0.001 -3"><span class='ocrx_word' id='word_1_754' title='bbox 1831 5470 2286 5534; x_wconf 84' lang='lat' dir='ltr'><strong>Montfaueouii</strong></span> <span class='ocrx_word' id='word_1_755' title='bbox 2327 5480 2516 5533; x_wconf 68' lang='lat' dir='ltr'><strong>notae.</strong></span> 
     </span>
    </p>
   </div>
   <div class='ocr_carea' id='block_1_110' title="bbox 663 5571 2152 5658">
    <p class='ocr_par' dir='ltr' id='par_1_110' title="bbox 663 5571 2152 5658">
     <span class='ocr_line' id='line_1_111' title="bbox 663 5571 2152 5658; baseline -0.004 -26"><span class='ocrx_word' id='word_1_756' title='bbox 663 5580 747 5658; x_wconf 38' lang='grc' dir='ltr'><strong>(ὅ).</strong></span> <span class='ocrx_word' id='word_1_757' title='bbox 768 5577 1068 5658; x_wconf 62' lang='grc' dir='ltr'><strong>Πορφύρᾳ.</strong></span> <span class='ocrx_word' id='word_1_758' title='bbox 1102 5576 1202 5658; x_wconf 41' lang='grc' dir='ltr'><strong>εἰς,</strong></span> <span class='ocrx_word' id='word_1_759' title='bbox 1222 5576 1754 5658; x_wconf 56' lang='lat' dir='ltr'><strong>vocabaturdonius</strong></span> <span class='ocrx_word' id='word_1_760' title='bbox 1772 5571 2152 5653; x_wconf 77' lang='lat' dir='ltr'><strong>Constantino-</strong></span> 
     </span>
    </p>
   </div>
   <div class='ocr_carea' id='block_1_111' title="bbox 584 5648 2145 5717">
    <p class='ocr_par' dir='ltr' id='par_1_111' title="bbox 584 5648 2145 5717">
     <span class='ocr_line' id='line_1_112' title="bbox 584 5648 2145 5717; baseline -0.003 -19"><span class='ocrx_word' id='word_1_761' title='bbox 584 5648 715 5717; x_wconf 79' lang='lat' dir='ltr'><strong>poli,</strong></span> <span class='ocrx_word' id='word_1_762' title='bbox 738 5652 790 5702; x_wconf 90' lang='lat' dir='ltr'><strong>in</strong></span> <span class='ocrx_word' id='word_1_763' title='bbox 826 5657 980 5716; x_wconf 82' lang='lat' dir='ltr'><strong>septo</strong></span> <span class='ocrx_word' id='word_1_764' title='bbox 1011 5648 1311 5716; x_wconf 86' lang='lat' dir='ltr'><strong>imperialis</strong></span> <span class='ocrx_word' id='word_1_765' title='bbox 1363 5648 1545 5717; x_wconf 84' lang='lat' dir='ltr'><strong>palatii</strong></span> <span class='ocrx_word' id='word_1_766' title='bbox 1588 5648 1711 5706; x_wconf 90' lang='lat' dir='ltr'><strong>sita,</strong></span> <span class='ocrx_word' id='word_1_767' title='bbox 1744 5648 1796 5697; x_wconf 90' lang='lat' dir='ltr'><strong>in</strong></span> <span class='ocrx_word' id='word_1_768' title='bbox 1835 5659 1941 5717; x_wconf 77' lang='lat' dir='ltr'><strong>qua</strong></span> <span class='ocrx_word' id='word_1_769' title='bbox 1972 5648 2145 5717; x_wconf 75' lang='lat' dir='ltr'><strong>impe-</strong></span> 
     </span>
    </p>
   </div>
   <div class='ocr_carea' id='block_1_112' title="bbox 584 5713 2146 5789">
    <p class='ocr_par' dir='ltr' id='par_1_112' title="bbox 584 5713 2146 5789">
     <span class='ocr_line' id='line_1_113' title="bbox 584 5713 2146 5789; baseline -0.004 -16"><span class='ocrx_word' id='word_1_770' title='bbox 584 5713 813 5775; x_wconf 74' lang='lat' dir='ltr'><strong>ratt&#39;iccs</strong></span> <span class='ocrx_word' id='word_1_771' title='bbox 860 5713 1048 5789; x_wconf 73' lang='lat' dir='ltr'><strong>parere</strong></span> <span class='ocrx_word' id='word_1_772' title='bbox 1094 5713 1380 5783; x_wconf 46' lang='lat' dir='ltr'><strong>&#39;solebant,</strong></span> <span class='ocrx_word' id='word_1_773' title='bbox 1419 5715 1561 5771; x_wconf 85' lang='lat' dir='ltr'><strong>unde</strong></span> <span class='ocrx_word' id='word_1_774' title='bbox 1607 5729 1806 5769; x_wconf 86' lang='lat' dir='ltr'><strong>nomen</strong></span> <span class='ocrx_word' id='word_1_775' title='bbox 1836 5713 2146 5782; x_wconf 75' lang='lat' dir='ltr'><strong>l‘orpltyro-</strong></span> 
     </span>
    </p>
   </div>
   <div class='ocr_carea' id='block_1_113' title="bbox 2257 5573 3836 5645">
    <p class='ocr_par' dir='ltr' id='par_1_113' title="bbox 2257 5573 3836 5645">
     <span class='ocr_line' id='line_1_114' title="bbox 2257 5573 3836 5645; baseline 0.002 -16"><span class='ocrx_word' id='word_1_776' title='bbox 2257 5574 2449 5644; x_wconf 81' lang='lat' dir='ltr'><strong>geniti.</strong></span> <span class='ocrx_word' id='word_1_777' title='bbox 2485 5577 2639 5630; x_wconf 79' lang='lat' dir='ltr'><strong>Anna</strong></span> <span class='ocrx_word' id='word_1_778' title='bbox 2659 5573 3173 5643; x_wconf 84' lang='lat' dir='ltr'><strong>Comn.Alexiadis,</strong></span> <span class='ocrx_word' id='word_1_779' title='bbox 3199 5576 3237 5631; x_wconf 94' lang='lat' dir='ltr'><strong>l.</strong></span> <span class='ocrx_word' id='word_1_780' title='bbox 3264 5592 3359 5645; x_wconf 83' lang='lat' dir='ltr'><strong>vn,</strong></span> <span class='ocrx_word' id='word_1_781' title='bbox 3389 5576 3555 5632; x_wconf 90' lang='lat' dir='ltr'><strong>ctalii</strong></span> <span class='ocrx_word' id='word_1_782' title='bbox 3577 5576 3836 5634; x_wconf 75' lang='lat' dir='ltr'><strong>Historiae</strong></span> 
     </span>
    </p>
   </div>
   <div class='ocr_carea' id='block_1_114' title="bbox 2257 5645 3096 5716">
    <p class='ocr_par' dir='ltr' id='par_1_114' title="bbox 2257 5645 3096 5716">
     <span class='ocr_line' id='line_1_115' title="bbox 2257 5645 3096 5716; baseline 0.002 -18"><span class='ocrx_word' id='word_1_783' title='bbox 2257 5645 2563 5715; x_wconf 73' lang='lat' dir='ltr'><strong>Byzantina:</strong></span> <span class='ocrx_word' id='word_1_784' title='bbox 2591 5658 2840 5702; x_wconf 83' lang='lat' dir='ltr'><strong>auctores</strong></span> <span class='ocrx_word' id='word_1_785' title='bbox 2873 5647 3096 5716; x_wconf 88' lang='lat' dir='ltr'><strong>passim.</strong></span> 
     </span>
    </p>
   </div>
  </div>
