4104 6200
370 343 480 410 997

1816 333 2181 397 TYPICUM.

3504 336 3619 405 .998

375 453 629 520 καθάπερ
656 448 775 503 οὐδὲ
804 447 895 502 τοῦ
920 447 978 500 τὸ
1021 446 1291 518 ἡμέτερον
1322 447 1386 499 ἐκ
1420 445 1512 500 σοῦ
1541 444 1956 515 πτωχεύσαντος

2064 455 2347 504 sanctitate
2375 464 2387 501 :
2421 453 2476 502 ut
2508 461 2681 516 neque
2710 447 2801 501 illo
2828 446 2919 516 qui
2951 453 3191 501 nostram
3217 460 3283 501 ex
3308 448 3361 502 te
3389 461 3622 504 massam

377 546 628 617 φύραμα,
653 538 733 604 οἷς
758 541 908 594 οὐδὲν
935 541 1164 607 ἑαυτῶν,
1197 540 1333 594 ἀλλὰ
1366 540 1435 593 τὰ
1470 539 1647 592 πάντα
1671 537 1833 604 Θεοῦ,
1860 539 1956 591 καὶ

376 638 560 707 ἡμεῖς.
597 634 912 704 Γεννησάσῃ
970 633 1082 702 γάρ
1116 649 1198 686 σοι
1258 632 1353 684 τὸν
1382 629 1553 698 Λόγον
1600 628 1741 697 ὑπὲρ
1772 628 1954 696 λόγον,

376 727 470 780 τὸν
504 725 691 789 ἄϋλον,
729 723 790 776 τό
818 740 879 775 τε
912 723 1158 785 ἁνενδεές
1185 721 1439 775 ἐντεῦθεν
1467 718 1838 789 ἀπεκληρὼθη
1861 722 1956 771 καὶ

374 817 599 875 τέλειον,
655 814 752 867 καὶ
805 816 873 867 τὰ
926 815 1026 885 τῆς
1078 813 1228 867 κάτω
1275 811 1509 884 ῥεούσης
1555 810 1686 880 ὕλης
1734 810 1835 863 ούκ
1868 808 1957 862 εν-

376 924 532 976 τιμα.

460 1081 683 1150 Ἐπειδὴ
717 1081 775 1133 δέ
810 1082 906 1135 καὶ
943 1082 1058 1144 τοῖς
1081 1080 1162 1133 ἐτι
1215 1079 1345 1150 περὶ
1372 1079 1441 1133 τὰ
1468 1080 1619 1134 κάτω
1650 1078 1957 1151 στρεφομέ-

385 1203 509 1234 ωιη
544 1174 637 1224 καὶ
669 1171 804 1233 ζῶσι
851 1172 973 1224 κατ’
1005 1171 1313 1238 ἄνθρωπον,
1341 1172 1627 1242 ἀμήχανον
1656 1170 1958 1241 θειοτέραις

379 1266 526 1316 τισὶν
557 1263 855 1331 ἀπαρχαῖς,
912 1264 1007 1315 καὶ
1049 1263 1189 1331 ὑπὲρ
1222 1263 1323 1331 τὴν
1360 1260 1495 1327 τύλην
1528 1260 1590 1315 τὸ
1612 1262 1713 1330 τῆς
1738 1262 1869 1332 περὶ
1898 1262 1958 1314 σὲ

381 1355 620 1416 πίστιος
675 1353 794 1416 ζέον
852 1352 1262 1406 ἐνδείκνυσθαι·
1310 1354 1393 1405 σοί
1429 1370 1488 1405 τε
1538 1356 1606 1422 τῇ
1647 1352 1740 1404 τοῦ
1782 1352 1956 1419 Λόγου

385 1450 591 1519 Μητρὶ,
610 1449 672 1502 τὸ
699 1447 791 1502 τοῦ
816 1448 989 1516 Λόγου
1015 1446 1488 1515 συγκαταϐατικόν
1510 1463 1568 1498 τε
1593 1446 1687 1498 καὶ⁸
1708 1444 1954 1514 μέτριον,

381 1541 470 1594 διὰ
514 1541 679 1610 ζήλου
714 1557 774 1591 τε
821 1541 914 1591 καὶ⁵
955 1539 1261 1609 μιμήσεως,
1320 1539 1384 1589 ἐκ
1414 1537 1522 1589 τῶν
1577 1537 1706 1606 παρ’
1741 1538 1873 1607 ἡμῖν
1896 1553 1957 1588 τε

384 1630 478 1682 καὶ
507 1630 630 1682 καθ’
669 1631 834 1697 ἡμᾶς,
865 1629 1040 1698 εὐαγῆ
1078 1627 1173 1681 καὶ
1199 1626 1336 1696 αὕτη
1371 1627 1498 1679 ναον
1542 1627 1846 1697 δειμαμένη
1879 1626 1959 1695 τῷ

381 1721 522 1789 ἁγίῳ
554 1727 667 1790 ναῷ
695 1737 800 1782 σοι,
825 1721 920 1773 καὶ
947 1722 1006 1773 ἐν
1030 1718 1367 1788 δικαιοσύνῃ,
1408 1718 1548 1772 κατὰ
1575 1718 1666 1770 τὸν
1699 1718 1789 1770 σὺν
1819 1734 1956 1789 προ-

382 1813 614 1879 πάτορα,
648 1811 741 1864 καὶ
777 1810 951 1879 μέγαν
983 1809 1165 1875 Δαϐἱδ,
1202 1809 1522 1879 θαυμαστῷ,
1559 1809 1840 1879 ὑμνῳδούς
1871 1825 1955 1861 σοι

382 1901 771 1970 μονοτρόπους,
807 1903 900 1954 καὶ
922 1903 986 1971 τῇ
1023 1900 1144 1972 θείᾳ
1172 1900 1645 1973 μακαριότητιτοῦ
1674 1901 1805 1971 παρ’
1824 1902 1957 1971 ἡμῖν

386 1992 665 2062 σώφρονος
716 1992 907 2063 θήλεος
951 1994 1167 2062 γένους,
1227 1996 1286 2046 ἐν
1334 1994 1510 2064 τούτῳ
1551 1994 1862 2064 κατῴκισω
1890 1993 1958 2047 τὰ

384 2084 577 2152 ἐτήσιὰ
620 2101 680 2137 τε
728 2086 822 2137 καὶ
865 2085 1141 2154 ὴμερήσια
1182 2084 1325 2140 κατὰ
1379 2085 1536 2154 λόγον
1567 2087 1841 2151 ἀναγκαῖα
1879 2084 1959 2154 τῷ

381 2172 681 2244 ἀπορῥύτῳ
708 2172 802 2227 τοῦ
829 2172 1103 2244 σώματος,
1129 2174 1238 2229 ἀπὸ
1271 2173 1380 2229 τῶν
1408 2174 1515 2228 σῶν
1549 2174 1803 2244 μεγάλων
1833 2175 1959 2244 ἐμοὶ

381 2264 604 2333 δωρεῶν
641 2265 849 2337 ἑκάστῃ
882 2264 1088 2319 τούτων
1125 2265 1542 2336 ἐπιμετρήσασα
1572 2267 1714 2319 κατὰ
1742 2267 1801 2318 τὸ
1825 2265 1957 2318 ἀνά-

337 2400 343 2405 .
387 2351 561 2420 λογον.
591 2353 806 2407 Μᾶλλον
827 2355 882 2407 δὲ
922 2355 1018 2409 καὶ
1043 2356 1392 2427 κοινοϐιακὴν
1424 2357 1515 2410 διὰ
1545 2357 1762 2427 παντων
1790 2374 1957 2410 κατα-

388 2443 630 2511 στήσασα
661 2443 889 2506 ταύταις
910 2446 1011 2514 τὴν
1043 2445 1297 2513 ἄσκησιν,
1329 2446 1423 2498 καὶ
1459 2446 1797 2516 πανταχόθεν
1828 2448 1959 2518 περ)⁸

385 2531 481 2600 τὴν
512 2533 664 2603 ἱερὰν
703 2533 976 2588 πολιτείαν
1026 2535 1105 2606 τῷ
1139 2537 1268 2607 θείῳ
1313 2536 1488 2607 τούτῳ
1525 2541 1864 2608 συντάγματι
1898 2541 1959 2594 τὸ

388 2623 793 2695 ἀπερίσπαστον
822 2628 1295 2698 περιποιησαμένη
1324 2632 1417 2682 καὶ
1452 2632 1895 2700 συγκροτήσασα.

457 2802 524 2853 Δί
551 2803 614 2873 δή
648 2819 740 2873 μοι
760 2804 855 2856 καὶ
877 2804 999 2856 κατ’
1034 2802 1224 2857 ἐλπίδα
1248 2820 1306 2856 τε
1334 2803 1429 2857 καὶ
1458 2805 1646 2877 εὐχὴν,
1680 2806 1771 2860 τὸν
1794 2807 1963 2878 ἀσκη-

388 2891 538 2945 τικὸν
563 2892 834 2946 διαθέουσι
868 2893 1107 2958 δίαυλον,
1136 2892 1197 2958 ἐξ
1227 2889 1288 2948 οὗ
1317 2893 1381 2963 δὴ
1407 2895 1505 2965 τὴν
1535 2895 1707 2964 καλὴν
1739 2896 1959 2967 ἐκείνην

388 2981 678 3051 ὁμολογίαν
712 2985 840 3053 περὶ
885 2984 982 3053 τὴν
1014 2984 1164 3055 ἱερὰν
1203 2985 1408 3056 ταύτην
1436 2987 1702 3057 μάνδραν,
1737 2987 1872 3041 Θεοῦ
1900 3005 1958 3041 τε

2056 539 2456 605 emendicavit;
2491 539 2635 609 apud
2658 554 2778 601 nos.
2814 540 3058 607 inquam.
3083 538 3177 607 qui
3198 538 3337 592 nihil
3369 548 3623 593 nostrum

2059 631 2349 695 habemus,
2378 629 2473 684 sed
2503 628 2689 683 omnia
2730 628 2849 690 Dei,
2886 636 2943 681 et
2991 642 3091 680 nos
3138 627 3261 697 ipsi.
3312 627 3434 681 Tibi
3475 629 3625 683 enim

2057 731 2178 787 quae
2195 731 2364 786 supra
2404 729 2625 770 omnem
2660 715 2928 769 rationem
2968 715 3207 768 Verbum
3241 716 3484 770 materiae
3525 731 3625 770 ex-

2058 822 2182 877 pers
2205 805 2470 875 genuisti,
2508 804 2640 857 hinc
2671 804 2940 857 tributum
2965 813 3049 857 est
3084 813 3143 857 ut
3170 805 3323 859 nullo
3356 820 3542 874 egeas,
3575 814 3631 859 et

2057 897 2299 968 perfecta
2347 897 2443 959 sis,
2490 903 2546 950 et
2600 903 2661 949 ut
2705 910 3046 964 quaecunque
3080 894 3356 953 deﬂuente
3399 898 3629 953 materia

2057 995 2335 1053 constant,
2368 986 2574 1041 nullius
2611 986 2757 1056 apud
2793 994 2842 1040 te
2878 986 2989 1040 sint
3017 988 3201 1056 pretii.

2125 1077 2197 1131 At
2230 1076 2677 1146 quandoquidem
2708 1076 3047 1145 impossibile
3083 1085 3189 1139 est,
3228 1085 3288 1131 ut
3318 1078 3412 1146 qui
3449 1078 3629 1133 adhuc

2059 1168 2205 1224 inter
2227 1169 2342 1223 hare
2370 1168 2557 1222 infima
2582 1177 2895 1231 versantur,
2926 1177 2982 1222 et
3010 1168 3103 1238 qui
3129 1169 3431 1223 secundum
3458 1170 3632 1224 homi-

2059 1272 2185 1311 nem
2243 1257 2411 1312 vitam
2467 1257 2695 1328 degunt,
2757 1256 3127 1310 dirinioribus
3196 1256 3524 1325 quibusdam
3574 1267 3630 1312 et

2060 1350 2290 1406 materia
2336 1351 2756 1407 sublimioribus
2793 1351 3074 1421 primitiis,
3138 1352 3404 1406 ferventis
3465 1353 3521 1407 in
3579 1363 3630 1407 te

2062 1440 2187 1496 ﬁdei
2216 1440 2351 1495 dent
2380 1441 2692 1510 specimen;
2728 1440 2827 1494 tibi
2863 1440 3024 1495 Verbi
3069 1440 3223 1494 Matri
3263 1440 3447 1506 (Verbi
3478 1440 3631 1494 scili-

2058 1539 2149 1586 cet
2189 1532 2646 1601 attemperatione
2688 1538 2746 1586 et
2786 1531 3117 1600 humilitate)
3174 1546 3273 1600 per
3337 1531 3516 1584 zelum
3572 1538 3629 1584 et

2059 1623 2448 1688 imitationem,
2474 1623 2632 1679 exiis
2653 1638 2776 1693 quae
2809 1622 2954 1692 apud
2988 1637 3088 1676 nos
3109 1629 3164 1677 et
3195 1622 3499 1677 secundum
3530 1636 3633 1675 nos

2060 1721 2212 1777 sunt,
2248 1712 2367 1782 ipsa
2397 1727 2616 1768 sacrum
2649 1711 2914 1782 templum
2947 1711 3237 1777 azdilicavi,
3275 1711 3396 1776 tibi,
3443 1730 3460 1762 ‹
3494 1725 3627 1763 san-

2058 1812 2148 1859 cto
2182 1804 2407 1875 templo,
2443 1821 2463 1858 ι
2499 1812 2556 1859 et
2580 1803 2734 1874 iuxta
2778 1804 3192 1874 progenitorem
3235 1811 3390 1857 tuum
3415 1811 3470 1857 et
3514 1817 3631 1856 ma-

2057 1910 2224 1965 gnum
2274 1894 2445 1949 David
2505 1913 2524 1947 ι
2582 1894 2638 1950 in
2680 1895 2938 1964 aequitate
2974 1892 3210 1948 mirabili
3262 1894 3282 1924 °
3315 1910 3329 1945 :
3368 1912 3387 1945 ι
3433 1892 3489 1946 ἱη
3519 1906 3632 1961 quo

2057 1986 2390 2043 cantatrices
2420 1985 2521 2041 tibi
2552 1996 2607 2042 et
2638 1986 2840 2041 divina:
2874 1985 3205 2040 beatitudini
3245 2002 3263 2034 ι
3310 1983 3475 2037 unius
3512 1997 3632 2036 mo—

2060 2078 2138 2131 ris
2170 2096 2189 2128 ι
2219 2092 2249 2132 e
2275 2077 2479 2148 pudico
2514 2078 2658 2149 apud
2684 2092 2786 2133 nos
2822 2077 3061 2132 femineo
3099 2091 3232 2131 sexu
3274 2095 3291 2127 ι
3320 2074 3629 2136 inhabitare

2056 2170 2163 2226 feci
2195 2170 2236 2223 ⁷.
2277 2189 2295 2221 ι
2335 2170 2402 2224 Ει
2436 2169 2750 2225 necessaria
2783 2184 2970 2224 annuo
2994 2179 3051 2223 et
3074 2168 3396 2238 quotidiano
3435 2166 3629 2221 caduci

2058 2262 2308 2333 corporis
2332 2262 2478 2326 usui,
2500 2277 2569 2337 ex
2591 2262 2804 2333 magnis
2833 2278 2864 2316 a
2893 2269 2945 2318 te
2977 2261 3112 2314 mihi
3145 2259 3424 2314 concessis
3445 2257 3628 2322 donis,
3721 2255 3725 2258 ’

2058 2362 2271 2407 servata
2293 2353 2673 2421 proportione,
2698 2353 2928 2423 singulis
2944 2359 3311 2421 congruenter
3332 2348 3625 2418 assignavi.

2058 2442 2201 2509 Quin
2225 2457 2281 2498 et
2303 2443 2692 2499 cernobiticam
2719 2445 2944 2498 omnino
2969 2443 3101 2511 ipsis
3119 2439 3316 2495 tradidi
3344 2440 3630 2510 Regulam,

2061 2534 2115 2589 id
2147 2536 2381 2590 maxime
2404 2544 2461 2590 et
2484 2551 2551 2591 ex
2584 2534 2733 2589 omni
2767 2542 2920 2604 parte
2949 2549 3172 2599 curans,
3202 2533 3417 2601 hocque
3441 2528 3629 2585 divino

2059 2626 2321 2681 lnstituto
2347 2628 2458 2682 illis
2488 2628 2813 2693 concilians,
2846 2636 2907 2681 ut
2938 2628 2989 2680 in
3025 2641 3180 2681 sacra
3214 2625 3305 2679 illa
3335 2637 3632 2679 conversa-

2058 2719 2210 2775 tione
2240 2720 2435 2775 alienis
2469 2720 2619 2774 curis
2645 2720 3033 2789 expediantur.

2131 2810 2241 2866 llla:
2271 2826 2409 2887 vero
2424 2812 2583 2881 juxta
2620 2826 2772 2880 spem
2805 2820 2859 2864 et
2891 2819 3081 2863 votum
3114 2825 3297 2863 meum
3332 2809 3631 2863 ascetieum

2060 2900 2366 2955 decurrunt
2395 2902 2663 2966 stadium,
2686 2916 2753 2954 ex
2782 2916 2892 2970 quo
2919 2901 3206 2970 pulchram
3244 2901 3389 2954 illam
3417 2899 3633 2970 profcs~

2062 2990 2273 3045 sionem
2319 2991 2462 3062 apud
2495 3007 2717 3047 sacrum
2749 2991 2856 3046 hoc
2902 2991 3067 3056 ovile,
3099 2991 3152 3044 in
3202 2998 3499 3059 conspectu
3538 2989 3633 3044 Dei

391 3073 484 3125 καὶ
527 3074 636 3126 τῶν
684 3075 954 3128 ἐκλεκτῶν
992 3076 1241 3144 ἀγγέλων
1293 3076 1525 3130 ἐνώπιον
1573 3078 1954 3149 ὡμολόγησαν.

2064 3093 2118 3137 et
2150 3083 2451 3137 electorum
2481 3084 2801 3153 angelorum
2827 3084 3081 3138 emisere.
3112 3083 3303 3152 Neque
3342 3097 3463 3136 mea
3490 3082 3546 3135 in
3580 3091 3632 3137 te

389 3165 498 3216 Καὶ
522 3165 642 3218 οὐδὲ
665 3167 898 3222 ἐνταῦθά
931 3185 1022 3238 μοι
1077 3169 1133 3221 αί
1179 3167 1272 3220 ἐπὶ
1315 3168 1423 3232 σοὶ,
1472 3169 1713 3236 Παρθένε
1772 3172 1962 3242 Μῆτερ

2065 3190 2182 3244 spe,
2213 3191 2246 3228 ο
2270 3175 2433 3246 Virgo
2454 3174 2625 3230 Mater
2656 3175 2772 3237 Dei,
2798 3175 2902 3229 hac
2938 3176 2990 3228 in
3021 3184 3174 3244 parte
3196 3175 3346 3243 lapsa
3375 3188 3527 3238 sum;
3567 3187 3633 3228 ac

388 3255 546 3323 Θεοῦ,
576 3259 787 3323 ἐλπίδες
814 3261 1242 3332 διημαρτήκασι,
1296 3262 1389 3314 καὶ
1419 3261 1486 3314 τὰ
1511 3264 1603 3315 ἐπὶ
1632 3262 1842 3327 τούτοις
1870 3266 1962 3316 εύ-

393 3348 719 3418 χαριστήρια
741 3349 890 3419 χοροί
919 3366 1003 3403 σοι
1033 3351 1248 3413 πάντως
1265 3352 1510 3420 ἀγγέλων
1527 3353 1853 3414 ἀνοίσουσιν,
1870 3353 1964 3416 οὒς

394 3440 485 3490 ἐπὶ
512 3440 752 3510 σωτηρίᾳ
783 3441 996 3511 χαίρειν
1024 3440 1338 3512 ἀνθρώπου,
1368 3444 1463 3493 καὶ
1490 3443 1701 3510 μεγάλα
1738 3446 1964 3515 σκιρτᾷν

392 3528 700 3601 διαγορεύει
725 3532 793 3584 τὰ
820 3532 1149 3601 Εὐαγγέλια.

475 3620 614 3673 Ἀλλ’
643 3621 754 3691 ἐγὼ
785 3622 883 3693 μὲν
922 3622 1063 3677 οὕτω
1096 3625 1158 3695 δή
1213 3642 1296 3678 σοι
1340 3629 1406 3697 τῇ
1448 3625 1684 3696 τεκούσῃ
1726 3625 1817 3678 τὸν
1844 3641 1964 3678 ποι-

390 3711 536 3781 μένα
564 3712 673 3766 τῶν
702 3714 990 3786 προϐάτων
1018 3717 1108 3771 τὸν
1163 3716 1357 3787 μέγαν,
1394 3719 1451 3771 ἐν
1485 3716 1620 3770 Θεοῦ
1673 3717 1840 3770 πόθου
1869 3733 1966 3769 πε-

391 3803 611 3876 ριουσίᾳ
637 3807 737 3876 τὴν
791 3804 940 3877 ἱερὰν
969 3809 1270 3879 ἐδειμάμην
1311 3809 1577 3880 μάνδραν,
1631 3808 1723 3862 καὶ
1762 3808 1965 3878 ἀγέλην

393 3893 538 3960 λόγῳ
563 3896 954 3967 τετιμημένην,
999 3899 1065 3968 τῇ
1089 3897 1182 3950 τοῦ
1219 3899 1457 3969 πρώτου,
1484 3899 1517 3966 ἢ
1553 3900 1650 3953 καὶ
1693 3900 1809 3963 ἐνὸς
1841 3916 1962 3953 ποι-

398 3984 583 4050 μένος,
619 3983 762 4038 κατὰ
790 3986 884 4039 τὸν
922 3987 1083 4056 σοφὸν
1114 3987 1438 4058 Σολομῶντα
1473 3990 1640 4060 μητρί
1679 4007 1762 4043 σοι
1793 4008 1965 4061 προσ-

394 4075 620 4143 ήγαγον.
674 4077 745 4130 Σὺ
794 4077 850 4130 δέ
887 4095 978 4147 μοι
1031 4078 1115 4148 (ῶ,
1164 4080 1217 4131 τί
1257 4079 1323 4133 ἄν
1353 4081 1413 4132 σέ
1460 4098 1543 4145 τις
1572 4080 1741 4135 εἰπὼν
1788 4081 1965 4153 ὀρθῶς

396 4169 717 4237 προσείποις
747 4169 847 4241 τὴν
876 4172 1322 4242 κεχαριτωμένην
1354 4173 1501 4243 παρὰ
1529 4172 1668 4244 Θεῷ,
1701 4174 1799 4243 τὴν
1823 4173 1965 4244 ὑπὲρ

396 4259 468 4311 τὰ
496 4260 765 4330 ὁρώμενα,
792 4264 892 4334 τὴν
927 4263 1069 4333 ὑπὲρ
1099 4263 1165 4315 τὰ
1196 4263 1480 4334 νοούμενα,
1510 4264 1609 4335 τὴν
1630 4267 1757 4330 τοὺς
1805 4267 1966 4336 ὅρους

400 4351 715 4420 ὑπερϐᾶσαν
770 4353 870 4425 τῆς
902 4353 1137 4423 φύσεως,
1193 4356 1294 4425 τὴν
1342 4354 1479 4408 Θεοῦ
1527 4357 1620 4409 καὶ
1662 4356 1964 4428 ἀνθρώπων

2066 3282 2164 3335 pro
2200 3267 2267 3319 iis
2298 3268 2503 3334 gratias
2536 3266 2636 3320 tibi
2666 3280 2799 3319 sane
2832 3266 3072 3320 referent
3105 3267 3422 3335 angelorum
3453 3265 3631 3331 chori,

2066 3372 2205 3425 quos
2260 3359 2327 3410 de
2385 3357 2561 3409 salute
2619 3356 2863 3408 hominis
2915 3355 3155 3425 gaudere
3206 3365 3264 3411 et
3302 3370 3636 3426 magnOpere

2065 3448 2340 3503 exsultare
2370 3448 2562 3502 dicunt
2595 3446 2914 3516 Evangelia.

2136 3626 2226 3683 Sic
2268 3628 2491 3698 quidem
2536 3629 2661 3692 tibi,
2695 3644 2818 3700 quae
2852 3644 3107 3699 magnum
3138 3628 3320 3683 ovium
3355 3628 3636 3686 Pastorem

2066 3718 2348 3787 peperisti,
2410 3719 2467 3772 in
2531 3718 2706 3773 divini
2773 3719 2977 3773 amoris
3041 3716 3379 3773 abundantia
3423 3732 3636 3772 sacram

2066 3810 2210 3863 illam
2243 3808 2483 3864 exstruxi
2516 3809 2760 3875 caulam;
2791 3818 2847 3864 et
2879 3823 3097 3880 gregem
3132 3809 3341 3862 ratione
3383 3807 3627 3861 honora-

2068 3910 2204 3965 tum,
2232 3901 2332 3954 tibi
2355 3901 2539 3971 primi,
2564 3901 2676 3956 imo
2696 3900 2845 3955 unici
2868 3900 3299 3968 Pastoris,juxta
3332 3898 3636 3967 sapientem

2066 3992 2434 4059 Salomonem,
2488 3993 2645 4048 Matri
2674 3993 2870 4048 obtuli.
2922 3992 3004 4046 Tu
3037 4005 3188 4055 vero,
3218 3990 3271 4060 (0
3301 3990 3432 4058 quid
3467 4000 3519 4043 te
3549 3990 3637 4057 di-

2065 4083 2242 4140 cendo
2293 4085 2420 4153 quis
2466 4093 2615 4139 recte
2668 4081 3123 4152 compellaverit?
3189 4080 3365 4150 gratia
3417 4081 3636 4150 plenam

2067 4174 2210 4244 apud
2240 4175 2433 4238 Deum,
2455 4190 2578 4243 quae
2603 4189 2664 4229 es
2686 4190 2851 4243 super
2882 4172 3067 4226 omnia
3098 4171 3356 4238 visibilia,
3390 4180 3444 4225 et
3473 4186 3640 4240 super

2066 4266 2248 4320 omnia
2272 4280 2393 4333 qua:
2428 4264 2711 4318 intellectu
2739 4263 3252 4332 apprehenduntur,
3284 4279 3404 4332 quze
3427 4274 3637 4318 natura:

2068 4359 2334 4414 terminos
2361 4358 2666 4428 superasti;
2707 4359 2800 4412 Dei
2820 4368 2876 4413 et
2900 4357 3187 4412 hominum
3213 4358 3479 4414 mediam!
3503 4357 3637 4428 quid

400 4442 680 4510 μεσίτιδα·
726 4445 779 4496 τί
822 4446 890 4498 τὰ
946 4445 1115 4499 πολλὰ
1152 4447 1417 4516 μηκύνω;
1459 4448 1557 4518 τὴν
1598 4448 1811 4519 ἀληθῶς
1860 4449 1962 4503 ύπδ

2069 4451 2257 4506 multis
2288 4450 2508 4504 moror?
2537 4450 2686 4505 salva
2721 4465 2913 4505 revera
2946 4450 3260 4521 virginitate
3302 4458 3359 4502 et
3389 4451 3639 4504 castitate

400 4532 667 4606 παρθενίᾳ
721 4536 816 4588 καὶ
843 4537 1099 4605 ἁγνότητι
1131 4537 1496 4609 Θεομήτορα),
1550 4541 1614 4592 σὺ
1642 4539 1700 4592 δέ
1733 4557 1827 4610 μοι
1866 4541 1967 4612 τὴν

399 4624 685 4694 ἐγκάρδιον
713 4626 895 4682 πίστιν
919 4628 1175 4692 ἐπιεικῶς
1198 4628 1651 4694 διαϐασανίσασα,
1681 4631 1830 4698 δέξαι
1866 4634 1966 4702 τὴν

398 4716 651 4788 ἀπαρχὴν
679 4718 943 4789 εὐμενῶς,
983 4721 1078 4774 καὶ
1101 4721 1177 4793 μὴ
1200 4721 1397 4794 ἁπώσῃ
1439 4740 1528 4792 μοι
1557 4724 1655 4794 τὴν
1680 4741 1968 4795 προσαγω-

399 4807 526 4875 γὴν,
561 4807 696 4877 μηδὲ
721 4809 1071 4883 ἀποστρέψῃς
1100 4811 1207 4864 ἀπὸ
1236 4811 1339 4881 τῆς
1371 4813 1559 4876 παιδός
1587 4830 1679 4865 σου
1713 4815 1774 4867 τὸ
1796 4816 1969 4885 πρόσ-

399 4901 548 4952 ωπόν
579 4918 671 4953 σου
707 4918 720 4931 ·
754 4901 890 4954 ἀλλὰ
915 4904 990 4973 τῷ
1013 4902 1171 4973 δεξιῷ
1197 4903 1296 4972 τῆς
1328 4905 1502 4975 ἀρχῆς
1525 4905 1761 4975 πρόσθες
1796 4908 1971 4962 καὶτὸ

400 4991 494 5044 τοῦ
534 4994 769 5063 πέρατος
803 4996 998 5061 αἴσιον,
1028 4994 1124 5058 τὰς
1156 4998 1267 5058 τοῖς
1295 4995 1389 5048 τοῦ
1434 4997 1703 5064 παναγίου
1735 5015 1969 5070 περιηρ-

402 5086 725 5153 γυρωμένας
759 5086 1061 5155 χαρίσμασι
1119 5086 1455 5156 Πνεύματος,
1510 5089 1602 5141 καὶ
1639 5088 1776 5161 αὕτη
1827 5091 1969 5145 κατά

402 5176 493 5227 τὸν
530 5177 767 5230 Μωΰσέα
806 5179 999 5239 διεῖσα,
1061 5179 1462 5248 παναμὼμητε,
1516 5181 1816 5252 πτέρυγας,
1873 5180 1970 5233 καὶ

402 5266 500 5337 τὴν
520 5268 688 5337 καλὴν
702 5269 901 5339 ταύτην
928 5269 1171 5341 μάνδραν
1192 5271 1335 5324 οὕτω
1353 5289 1416 5325 πε
1425 5271 1859 5344 ριθριγκώσασα,
1877 5274 1973 5327 καὶ

403 5358 483 5424 τῷ
511 5360 793 5428 περιιόντι,
834 5361 927 5413 καὶ
956 5362 1081 5413 τίνα.
1130 5362 1389 5417 καταπίοι
1435 5363 1707 5431 ζητοῦντι,
1738 5367 1976 5430 καὶτοὺς

406 5448 582 5519 ἱεροὺς
607 5451 923 5516 περιϐόλους
950 5451 1053 5505 ὑπὸ
1077 5451 1222 5523 λιμῷ
1244 5470 1301 5505 τε
1326 5454 1419 5506 καὶ
1443 5454 1580 5525 δόλῳ
1603 5473 1665 5508 πε
1675 5455 1974 5525 ριοδεύοντι

404 5540 603 5605 λέοντι,
662 5542 761 5612 τὴν
785 5534 1135 5599 ἀνατεθεῖσαν
1159 5544 1361 5614 ταύτην
1393 5547 1595 5617 ἀγέλην
1625 5551 1689 5618 τῇ
1717 5552 1804 5617 σῇ,
1834 5547 1980 5616 Παρ-

478 5723 497 5750 ⁸
525 5724 663 5777 Psal.
701 5740 839 5778 LXIV.
874 5726 926 5779 6.

2072 4540 2169 4595 Dei
2199 4540 2487 4609 Matrem!)
2519 4547 2599 4605 tu,
2650 4539 2892 4608 inquam,
2949 4541 3165 4595 interna
3212 4540 3318 4595 ﬁde
3349 4555 3467 4594 mea
3505 4540 3640 4595 satis

2068 4635 2374 4704 explorata,
2412 4633 2510 4686 has
2542 4632 2818 4701 primitias
2843 4630 3108 4686 benevolo
3143 4631 3326 4684 animo
3348 4629 3637 4697 suscipias,

2070 4735 2125 4781 et
2148 4740 2350 4780 munus
2388 4723 2537 4778 istud
2566 4739 2597 4777 a
2635 4738 2722 4777 me
2752 4723 2996 4777 oblatum
3028 4736 3097 4775 ne
3131 4721 3429 4791 respueris,
3459 4736 3641 4789 neque

2069 4823 2286 4870 avertas
2310 4813 2505 4869 faciem
2544 4822 2690 4867 tuam
2736 4828 2768 4866 a
2796 4812 2904 4865 ﬁlia
2943 4821 3033 4865 tua
3069 4828 3083 4864 :
3116 4811 3212 4865 sed
3252 4810 3429 4864 fausto
3477 4810 3642 4864 initio

2076 4922 2401 4978 prosperum
2437 4906 2601 4960 linem
2653 4905 2957 4975 adjungas,
3012 4903 3440 4973 expandensque
3484 4906 3642 4973 juxta

2075 4998 2295 5071 Moysen
2311 4998 2332 5030 ⁸
2358 5009 2478 5053 tuas
2495 4998 2823 5053 sanctissimi
2848 4997 3065 5067 Spritus
3086 4995 3248 5051 donis
3264 4994 3644 5063 deargentatas

2076 5090 2211 5154 alas,
2239 5104 2271 5143 ο
2293 5088 2668 5150 immaculata,
2698 5088 2770 5140 ita
2811 5086 3091 5157 pulchram
3128 5085 3397 5157 ejusmodi
3428 5083 3641 5137 caulam

2075 5179 2522 5243 circummunias,
2545 5193 2872 5248 gregemque
2902 5179 3065 5233 istum
3096 5188 3201 5231 tua:
3222 5176 3641 5247 magniﬁcentia:

2072 5280 2476 5334 consecratum,
2509 5288 2541 5326 ο
2585 5271 2749 5339 Virgo
2786 5279 2842 5325 et
2875 5271 3065 5336 Mater,
3094 5285 3369 5339 nunquam
3399 5282 3638 5321 circum-

2075 5363 2252 5419 veniri
2313 5365 2461 5418 sinas
2510 5377 2606 5431 per
2664 5361 2892 5416 insidias
2936 5361 3329 5415 circumeuntis
3375 5367 3431 5413 et
3477 5372 3640 5427 quem

2079 5456 2306 5510 devoret
2327 5452 2622 5523 quaerentis
2646 5453 2840 5517 leonis,
2873 5453 3114 5521 quicum
3141 5450 3281 5505 fame
3315 5461 3369 5504 et
3391 5450 3517 5502 dolo
3548 5464 3640 5501 sa-

2081 5564 2234 5603 crum
2269 5557 2482 5616 septum
2517 5545 2712 5601 circuit
2743 5564 2754 5600 :
2794 5544 3202 5615 femineumque
3233 5556 3482 5598 sororum
3523 5542 3641 5593 ani-

1021 5727 1039 5757 "
1069 5727 1208 5781 Psal.
1241 5741 1399 5791 van,
1426 5728 1476 5780 6.
1558 5727 1577 5756 ⁸
1611 5728 1769 5781 Deut.
1812 5740 1979 5793 xxx",
2018 5728 2098 5781 ll.
