4104 6200
523 298 634 366 999

1788 278 2074 342 lRENES
2112 274 2489 338 AUGUSTIE

3644 268 3775 334 1000

529 425 679 466 mum
725 407 781 463 in
828 405 1040 462 virilem
1081 404 1145 460 ad
1173 403 1434 458 virtutem
1460 399 1720 454 immutcs
1755 413 1769 448 :
1802 391 2104 448 fortissima

2219 388 2325 442 Ξένε
2355 389 2454 442 καὶ
2486 387 2685 458 μῆτερ,
2748 385 3127 456 μεγαλειότητι
3161 382 3500 454 συντηροῦσα
3536 381 3790 448 καθάπαξ

527 505 752 558 dextera
783 512 874 555 tua
903 497 1226 568 pmclarum
1261 496 1409 548 hunc
1435 505 1656 563 gregem
1676 488 1895 544 assidue
1918 495 2104 557 prote-

529 609 655 665 gas,
707 600 769 645 ut
818 589 1080 657 antiquus
1125 586 1512 656 supplantator
1561 591 1618 637 et
1671 581 1840 636 draco
1897 577 2102 632 nullam

530 683 672 754 :LpiId
717 681 864 750 ipsas
914 679 1081 733 Evam
1137 691 1334 731 rursus
1374 673 1641 736 inveniat,
1678 672 1835 742 cujus
1877 668 2107 723 auribus

527 773 776 828 exitiales
813 779 869 824 et
897 770 966 824 ad
1009 769 1210 824 inferni
1233 769 1489 837 laqueum
1518 763 1856 819 deducentes
1887 760 2109 816 cavilla-

531 869 710 921 tiones
735 873 1010 918 susurret.
1046 861 1153 915 Sed
1185 863 1345 915 simul
1378 875 1573 915 omnes
1591 860 1694 914 sub
1716 867 1810 912 tuo
1835 855 2110 911 validissi-

501 975 618 1012 .mo
668 958 976 1027 patrocinio
1049 955 1347 1008 stationem
1421 953 1710 1016 habentes,
1774 951 2109 1020 diversoque

531 1050 714 1104 studio
746 1048 1148 1110 incumbentes,
1175 1047 1322 1101 circa
1358 1060 1574 1099 sacrum
1603 1045 1708 1098 hoc
1737 1044 1953 1097 alveare
1984 1057 2110 1097 cum

532 1142 856 1196 suavissima
911 1139 1287 1194 modulatione
1321 1138 1627 1193 bombilent
1660 1154 1674 1190 :
1708 1135 1931 1190 virtutis
1995 1133 2112 1188 fru-

533 1245 682 1288 ctum
714 1249 879 1303 super
910 1234 1016 1286 mel
1044 1232 1260 1285 dulcem
1284 1239 1576 1299 operantes
1618 1247 1631 1283 :
1666 1229 1722 1282 in
1756 1228 1882 1281 aula
1919 1234 2112 1280 sancta

534 1323 633 1376 Dei
661 1323 960 1376 adorantes
989 1324 1010 1353 ⁸³
1046 1320 1343 1391 purissime
1371 1319 1660 1374 Dominum
1716 1337 1729 1369 :
1771 1319 1883 1372 Deo
1913 1315 2115 1372 sacriﬁ-

542 1421 732 1467 cantes
781 1413 1017 1468 hostiam
1060 1412 1240 1466 laudis
1280 1413 1322 1442 ‘°
1371 1427 1386 1464 :
1429 1410 1634 1478 septies
1680 1409 1736 1462 in
1769 1409 1858 1462 die
1893 1407 2115 1461 laudem

535 1503 783 1559 dicentes
813 1519 979 1572 super
1014 1502 1325 1556 testimonia
1364 1501 1592 1572 justitite
1621 1501 1820 1554 divinae
1851 1501 1891 1531 ¹¹
1935 1515 1948 1552 :
1976 1499 2117 1554 divi—

537 1609 664 1646 nam
730 1593 1130 1646 beatitudinem
1179 1601 1439 1660 tuamque
1483 1589 1915 1660 magnitudinem
1969 1590 2116 1643 cele-

540 1687 762 1740 brantes
787 1687 828 1716 "
863 1704 876 1739 :
905 1685 972 1738 ad
997 1683 1370 1740 conﬁtendum
1397 1699 1564 1753 super
1583 1683 1793 1753 judicia
1824 1681 2119 1751 supersub-

539 1777 812 1834 stantialis
858 1777 1085 1832 Deitatis
1122 1785 1456 1856 surgentes:
1506 1791 1632 1830 cum
1679 1774 1886 1830 Davide
1930 1773 2112 1828 media
2147 1753 2186 1810 Β

538 1879 700 1924 nocte
727 1869 1054 1923 extollentes
1097 1875 1315 1922 sanctas
1343 1881 1541 1920 manus
1574 1865 1639 1928 ",
1686 1864 1804 1919 sine
1845 1861 2111 1918 sermoci-

537 1961 877 2027 nationibus,
926 1961 982 2014 in
1029 1970 1259 2014 sancta:
1308 1959 1363 2014 in
1414 1957 1676 2013 Ecclesiis
1725 1955 2116 2011 benedicentes

537 2053 650 2108 Deo
671 2051 903 2106 Domino
924 2053 991 2108 de
1023 2052 1268 2107 fontibus
1287 2050 1454 2105 israel
1481 2049 1524 2081 ⁸⁸
1552 2070 1564 2103 :
1598 2057 1800 2103 terram
1833 2061 2113 2102 evacuan-

538 2152 642 2206 tes.
726 2153 966 2199 mentem
1035 2145 1191 2213 quasi
1263 2143 1364 2198 alis
1425 2144 1834 2197 sublevantes:
1885 2140 2116 2194 Domino

539 2233 889 2298 servientes,
951 2233 1146 2304 Spiritu
1192 2233 1471 2287 ferventes
1523 2232 1566 2263 “
1625 2247 1641 2284 :
1703 2231 2118 2286 considerantes

541 2325 778 2380 invicem
813 2325 889 2386 ,in
920 2323 1368 2393 provocationem
1420 2321 1712 2377 charitatis
1752 2329 1807 2376 et
1846 2322 2116 2378 bonorum

542 2429 774 2485 operum
802 2415 868 2479 ",
893 2414 1051 2484 juxta
1077 2421 1330 2469 sanctum
1351 2412 1696 2483 Apostolum.

614 2698 675 2752 In
716 2696 804 2752 his
828 2697 1012 2766 itaque
1037 2693 1196 2757 mihi,
1229 2709 1262 2750 ο
1287 2693 1460 2765 gratia
1509 2692 1666 2762 plena
1711 2692 1875 2748 Verbi
1924 2691 2119 2758 Mat‘er,

542 2797 601 2844 ct
655 2788 899 2842 onmium
960 2787 1189 2857 Regina,
1243 2802 1460 2858 gregem
1522 2787 1668 2840 hunc
1721 2801 2017 2840 conserves
2066 2795 2121 2841 et

545 2879 846 2942 custodias,
888 2887 949 2932 ut
995 2877 1123 2930 hinc
1163 2877 1343 2930 omnis
1390 2875 1595 2929 malitia
1627 2882 1682 2928 et
1719 2872 2024 2942 ignorantia
2053 2872 2121 2926 ab

546 2971 616 3026 iis
637 2970 962 3040 expellatur,
994 2977 1049 3022 et
1071 2983 1167 3037 per
1191 2967 1572 3039 purgationem
1607 2980 1827 3035 semper
1855 2964 2120 3019 accedant

547 3062 614 3117 ad
665 3061 991 3132 puritatem;
1021 3073 1323 3127 earumque
1358 3057 1790 3128 supplicationes
1837 3057 1906 3111 ad
1959 3071 2121 3110 aures

546 3155 765 3211 Domini
809 3153 1050 3209 Sabaoth
1087 3154 1412 3208 attollantur
1453 3161 1509 3208 et
1535 3152 1903 3217 inducantur;
1941 3165 2118 3219 eoque

551 3255 709 3318 pacto
740 3245 901 3300 nobis
955 3244 1085 3300 inde
1137 3244 1393 3299 adveniat
1440 3241 1808 3313 quodcunque
1847 3240 2119 3306 salutare,

547 3339 859 3397 sacerdotio
889 3340 1172 3404 videlicet,
1229 3338 1481 3410 imperio,
1520 3345 1577 3392 et
1619 3335 1932 3406 reipublica:
1963 3333 2125 3390 Chri-

547 3432 776 3497 stianae;
813 3440 873 3486 ut
907 3431 1037 3486 hinc
1062 3430 1156 3500 qui
1190 3428 1394 3484 Christi
1425 3426 1718 3497 imperium
1745 3426 2119 3492 administrat,

549 3525 607 3580 in
635 3524 857 3593 pietatis
878 3522 1193 3592 integritate
1227 3520 1477 3575 subditos
1499 3529 1684 3589 regat;
1710 3533 1899 3588 pacem
1917 3516 2125 3572 mundo

546 3622 605 3670 et
627 3613 1079 3682 tranquillitatem
1113 3612 1394 3666 conciliet.
1428 3611 1483 3664 in
1512 3609 1674 3663 bonis
1701 3609 1882 3663 omnis
1908 3606 2126 3676 generis

545 3709 826 3758 servetur;
850 3695 1229 3763 Barbarosque
1261 3695 1314 3748 in
1335 3696 1516 3764 fugam
1542 3701 1741 3756 vertat,
1761 3706 1857 3745 seu
1877 3690 2124 3745 visibiles

546 3784 664 3840 sive
684 3782 1018 3848 invisibiles;
1040 3795 1164 3836 cum
1181 3795 1277 3836 eos
1296 3781 1388 3850 qui
1419 3780 1641 3834 dorsum
1663 3779 1786 3846 ejus
1805 3779 2118 3844 observant,

549 3883 665 3930 tum
717 3887 815 3929 eos
861 3871 958 3944 qui
1013 3880 1206 3943 pectus
1260 3872 1379 3942 ejus
1426 3870 1593 3925 ferire
1652 3878 1956 3934 conantur;
2004 3868 2120 3924 sive

545 3974 785 4032 exteros,
825 3966 942 4021 sive
988 3962 1294 4034 indigenas,
1329 3978 1423 4017 seu
1456 3962 1729 4016 dracones
1760 3962 1813 4014 in
1845 3961 1966 4030 ejus
1993 3960 2120 4015 sinu

548 4067 856 4125 versantes,
901 4055 1302 4112 exsecrandum
1341 4064 1400 4110 et
1431 4052 1859 4110 abominandum
1893 4052 2120 4108 malum.

615 4327 896 4399 Ejusmodi
949 4329 1133 4400 itaque
1194 4331 1582 4400 imperatorem
1639 4346 1763 4385 cum
1792 4330 1929 4397 suis,
1977 4329 2119 4386 utin

2205 483 2300 535 ἀνε
2313 481 2679 546 πιὸούλευτον,
2715 479 2808 533 καὶ
2838 479 2898 532 τὸ
2926 479 3060 547 θῆλυ
3100 477 3237 548 πρὸς
3296 475 3500 547 ἀρετὴν
3532 475 3792 546 ἀῤῥενοῦ-

2208 590 2279 628 σα
2324 576 2391 644 τῇ
2444 571 2791 642 ἀδελφότητι,
2855 568 2950 624 καὶ
2994 569 3095 639 τὴν
3151 565 3427 636 πανσθενῆ
3484 583 3570 618 σοι
3613 564 3793 631 δεξιὰν

2208 666 2555 737 ὑπερέχουσα
2583 663 2679 717 τοῦ
2711 661 2880 716 καλοῦ
2906 660 3058 714 τοῦδε
3087 659 3345 729 ποιμνίου
3368 657 3510 711 κατὰ
3545 657 3645 727 τὴν
3679 657 3794 726 διη-

2208 760 2424 812 νέκειαν
2449 774 2462 788 ο
2515 755 2588 818 ὡς
2624 755 2896 825 μηδεμίαν
2947 753 3044 806 καὶ
3078 752 3240 804 πάλιν
3283 753 3341 803 ἐν
3385 749 3614 812 ταύταις
3651 747 3795 801 Εὔαν

2209 850 2394 920 εὑρεῖν
2423 848 2514 900 τὸν
2549 849 2773 918 ἀρχαῖον
2818 847 3148 916 πτερνιστήν
3198 861 3258 896 τε
3296 844 3389 896 καὶ
3418 841 3712 913 δράκοντα,
3761 840 3796 905 ἢ

2209 939 2493 1010 ψιθυρίσαι
2527 940 2732 1008 ταύτης
2767 937 2902 1007 πρὸς
2927 931 3044 989 ὦτα
3071 934 3424 1005 θανατηφόρα
3459 932 3798 1002 σοφίσματα,

2213 1033 2309 1086 καὶ
2342 1032 2477 1101 πρδς
2521 1031 2652 1102 ᾅδου
2689 1029 3000 1095 κατάγοντα
3033 1027 3327 1097 πέταυρον.
3369 1023 3512 1077 Ἀλλ’
3548 1025 3809 1094 ἅμαπά-

2214 1141 2317 1187 σας
2349 1123 2453 1176 ὑπὸ
2479 1123 2579 1191 τὴν
2619 1121 2717 1191 σὴν
2749 1119 3154 1192 κραταιοτάτην
3185 1117 3548 1188 αὑλιζομένας
3576 1118 3766 1187 ἀντίλη
3791 1147 3805 1158 -

2212 1213 2327 1282 ψιν,
2384 1213 2476 1266 τὸν
2529 1213 2694 1282 ἱερὸν,
2745 1211 2870 1264 καθ’
2903 1211 3098 1280 ἑτέραν
3148 1209 3427 1279 ἐπιϐολὴν,
3491 1208 3805 1278 μελισσῶνα

2214 1304 2404 1357 τοῦτον
2455 1301 2816 1374 περιϐομῦεἶν
2860 1300 3266 1371 ἐμμελέστατα,
3317 1301 3409 1352 τὸν
3460 1302 3562 1368 τῆς
3600 1298 3806 1369 ἀρετῆς

2216 1396 2595 1467 ὲργαζομένας
2629 1393 2842 1466 καρπὸν
2861 1393 3002 1462 ὑπὲρ
3029 1392 3151 1463 μέλι
3186 1391 3550 1460 γλυκάζοντα,
3581 1393 3638 1444 ἐν
3663 1390 3755 1444 αὑ)
3773 1394 3805 1459 ᾗ

2218 1489 2352 1561 ἁγίᾳ
2401 1489 2536 1542 Θεοῦ
2571 1485 2980 1560 προσκυνούσας
3027 1485 3315 1556 ἁχράντως
3364 1485 3442 1554 τῷ
3496 1482 3806 1553 κρείττονι·

2217 1581 2340 1652 Θεῷ
2368 1581 2558 1635 θυσίαν
2601 1579 2833 1640 θυούσαις
2868 1578 3162 1642 αἰνέσεως·
3201 1578 3300 1647 τῆς
3335 1577 3546 1647 ἡμέρας
3572 1577 3808 1638 ἑπτάκις

2217 1673 2313 1726 ἐπὶ
2342 1673 2410 1726 τὰ
2440 1675 2542 1743 τῆς
2575 1672 2724 1734 θείας
2773 1669 3126 1738 δικαιοσύνης
3166 1669 3427 1727 αἱνούσα;
3480 1670 3759 1740 μαρτύρια
3786 1681 3801 1695 ⁸

2216 1766 2310 1818 καὶ
2343 1765 2442 1836 τήν
2469 1781 2528 1817 τε
2559 1763 2710 1816 θείαν
2739 1763 3146 1834 μακαριότητα,
3175 1763 3278 1832 τήν
3303 1778 3361 1814 τε
3401 1761 3498 1831 σὴν
3529 1760 3770 1831 ἀνυμνού
3791 1791 3808 1801 ο

2218 1874 2316 1920 σας
2343 1855 2742 1926 μεγαλειότητα
2761 1873 2776 1886 ·
2813 1854 2908 1908 ἐπὶ
2938 1853 3008 1908 τὰ
3043 1856 3142 1925 τῆς
3175 1852 3502 1924 ὑπερουσίου
3533 1853 3809 1922 Θεὸτητος

2217 1947 2464 2018 κρίματα
2487 1944 2935 2015 ὲξεγειρομένας’
2966 1944 3104 2012 μετὰ
3128 1941 3221 1996 τοῦ
3254 1942 3418 1996 Δαθὶδ
3448 1942 3806 2012 μεσονύκτιον

2171 2084 2181 2095 .
2217 2041 2276 2092 ἐν
2304 2039 2427 2099 ταῖς
2457 2036 2608 2102 νυξὶν
2639 2035 2979 2105 ὲπαιρούσας
2998 2035 3152 2097 ὁσίας
3184 2035 3397 2106 χεῖρας,
3421 2035 3591 2104 χωρὶς
3620 2033 3807 2086 διαλο-

2217 2127 2454 2197 γισμῶν,
2477 2127 2557 2188 είς
2590 2125 2658 2178 τὰ
2692 2125 2823 2194 am
2847 2142 2862 2156 ’
2899 2128 2958 2180 ὲν
3001 2126 3321 2195 ἐκκλησίαις
3351 2126 3443 2180 τὸν
3475 2125 3609 2178 Θεὸν
3646 2127 3807 2178 εὐλο-

2218 2219 2419 2287 γούσας
2456 2217 2662 2287 Κύριον
2693 2217 2756 2270 ὲκ
2785 2216 2980 2286 πηγῶν
3014 2217 3268 2286 Ἰσραήλ’
3302 2216 3394 2270 τὸν
3439 2217 3570 2287 χοῦν
3611 2217 3811 2270 κενού-

2221 2329 2340 2378 σας,
2370 2312 2462 2364 τὸν
2509 2309 2632 2363 νοῦν
2666 2309 3011 2380 πτερούσας-’
3059 2307 3416 2372 δουλευούσας
3449 2309 3526 2379 τῷ
3577 2311 3766 2381 Κυρίῳ
3789 2329 3807 2342 ο

2219 2405 2451 2472 ζεούσας
2507 2404 2586 2476 τῷ
2641 2403 2953 2474 πνεύματιο
3011 2402 3249 2474 ἀλλήλας
3300 2402 3674 2467 κατανοούσας
3725 2406 3808 2467 είς

2223 2498 2577 2570 παροξυσμὸν
2615 2498 2858 2567 ἀγάπης,
2916 2496 3013 2551 καὶ⁸
3065 2496 3248 2550 καλῶν
3295 2495 3472 2569 ἔργων
3526 2498 3666 2550 κατὰ
3715 2497 3811 2550 τὸν

2224 2590 2364 2644 θεῖον
2407 2588 2754 2642 Ἀπόστολον.

2307 2681 2396 2734 Ἐν
2434 2678 2647 2742 τούτοις
2684 2679 2748 2750 δή
2787 2696 2876 2749 μοι
2909 2678 3009 2750 τὴν
3037 2678 3277 2750 ποίμνην
3318 2678 3544 2749 ταύτην,
3570 2667 3615 2732 ὦ
3643 2697 3812 2749 κεχα-

2225 2771 2504 2842 ριτωμένη
2526 2771 2621 2823 τοῦ
2652 2770 2824 2838 Λόγου
2852 2772 3066 2841 Μῆτερ,
3090 2773 3183 2824 καὶ
3210 2771 3320 2824 τῶν
3354 2772 3606 2825 ἁπάντων
3637 2773 3807 2824 Bac!-

2222 2862 2401 2926 λισσα,
2452 2862 2702 2930 διατήρει
2733 2876 2791 2912 τε
2823 2862 2918 2914 καὶ
2943 2860 3196 2925 διάσωζε,
3225 2861 3299 2924 ὡς
3327 2860 3580 2915 ἐντεῦθεν
3607 2861 3808 2915 κακίαν

2223 2973 2281 3008 τε
2311 2954 2516 3007 τούτων
2551 2955 2730 3007 πᾶσαν
2759 2955 2852 3006 καὶ
2886 2952 3112 3020 ἄγνοιαν
3145 2952 3550 3018 ἐξελαύνεσθαι,
3600 2957 3694 3007 καὶ
3719 2955 3809 3008 διὰ

2223 3044 2323 3115 τῆς
2345 3043 2663 3115 καθάρσεως
2686 3043 2772 3096 ἀεὶ
2793 3042 3030 3112 βαδίζειν
3053 3045 3257 3107 ταύτας
3277 3045 3410 3115 πρὸς
3433 3045 3807 3118 καθαρότητα,

2227 3139 2320 3192 καὶ
2341 3138 2440 3200 τὰς
2465 3135 2672 3190 τούτων
2708 3137 2991 3208 ἱκετηρίας
3027 3137 3106 3200 είς
3163 3130 3279 3192 ὦτα
3314 3140 3525 3211 Κυρίου
3572 3139 3807 3193 Σαϐαὼθ

2225 3228 2603 3286 ἀνατείνεσθαι
2655 3244 2714 3280 τε
2752 3228 2849 3281 καὶ
2900 3229 3323 3293 είσοικίζεοθαι·
3358 3233 3452 3285 καὶ
3479 3231 3649 3295 οὕτως
3673 3233 3809 3303 ἡμῖν

2229 3326 2438 3380 ἐκεῖθεν
2475 3325 2702 3394 ὲφὴκειν
2742 3322 2888 3377 ἆπαν
2937 3323 2965 3377 ὅ
2996 3342 3050 3378 τι
3083 3326 3383 3396 σωτήριονθ
3417 3329 3484 3395 τῇ
3537 3326 3806 3396 ίερατείᾳ,

2225 3422 2290 3490 τῇ
2325 3417 2592 3489 βασιλεία,
2627 3418 2706 3489 τῷ
2737 3417 2878 3471 κατά
2909 3417 3146 3488 Χριστὸν
3181 3415 3579 3487 πολιτεύματι·
3614 3418 3691 3482 ὼς
3719 3419 3808 3470 ὲν-

2225 3510 2418 3562 τεῦθεν
2455 3510 2550 3563 καὶ
2594 3509 2685 3564 τὸν
2718 3508 2810 3562 τοῦ
2845 3509 3088 3577 Χριστοῦ
3139 3508 3416 3579 βασιλείαν
3444 3509 3719 3574 ὅίεποντα,
3751 3511 3807 3563 ἐν

2225 3599 2582 3669 ἀκεραιότητι
2609 3599 2893 3664 εύσεὸείας
2932 3599 3144 3653 διέπειν
3186 3617 3247 3652 τε
3285 3601 3346 3653 τὸ
3385 3600 3658 3671 ὑπήκοον,
3712 3602 3808 3655 καὶ

2226 3690 2453 3762 είρήνην
2489 3691 2567 3762 τῷ
2600 3691 2792 3763 κόσμῳ
2819 3691 2917 3745 καὶ
2943 3691 3264 3746 εὐστάθειαν
3291 3692 3806 3764 πραγματεύεσθαι,

2225 3781 2283 3833 ὲν
2312 3781 2498 3845 καλοῖς
2540 3784 2789 3855 παγγενῆ
2816 3779 3017 3854 [ιζ-νεὶ]
3043 3782 3502 3855 συντηρούμενον,
3533 3783 3631 3837 καὶ
3673 3783 3809 3854 βαρ-

2228 3873 2431 3946 ϐάρους
2461 3875 2858 3946 τροπούμενον,
2889 3876 3005 3930 ὅσοι
3036 3893 3096 3930 τε
3120 3877 3325 3948 ὁρατοὶ,
3360 3876 3456 3930 καὶ
3486 3877 3601 3930 ὅσοι
3633 3878 3804 3947 ἀόρα-

2225 3981 2344 4021 τοι·
2378 3968 2492 4021 ὅσοι
2546 3985 2604 4021 τε
2652 3969 2721 4022 τὰ
2756 3968 2901 4023 νῶτα
2959 3968 3136 4040 τούτῳ
3179 3967 3464 4039 τηροῦσιν,
3511 3969 3628 4022 ὅσοι
3662 3969 3806 4022 κατὰ

2226 4059 2462 4130 στέρνων
2490 4059 2678 4113 τοῦτον
2713 4061 3012 4130 πειρῶνται
3063 4061 3285 4114 παίειν·
3325 4059 3442 4114 ὅσοι
3491 4075 3552 4113 τε
3601 4059 3808 4131 ὑπερό-

2228 4167 2354 4220 ριοι,
2386 4150 2483 4203 καὶ
2513 4151 2628 4203 ὅσοι
2652 4149 2984 4219 αὐθιγενεῖς,
3007 4150 3042 4223 ἢ
3067 4150 3347 4218 ὲγκόλπιοι
3375 4149 3552 4221 τούτῳ
3570 4148 3804 4221 δράκον-

2223 4260 2336 4308 τες,
2369 4243 2431 4296 τὺ
2459 4243 2793 4297 ἀπευκταῖόν
2819 4259 2880 4297 τε
2906 4244 3001 4297 καὶ
3024 4243 3338 4312 ἀπώμοτον.

2295 4334 2550 4388 Τοιοῦτον
2596 4334 2660 4405 δή
2695 4351 2777 4388 σοι
2817 4335 2909 4389 τὸν
2951 4335 3177 4406 βασιλέα
3207 4335 3346 4406 μετὰ
3374 4334 3483 4387 τῶν
3525 4334 3583 4400 ἐξ
3610 4333 3800 4395 αὑτοῦ.

547 4421 689 4487 aliis,
749 4420 805 4476 in
863 4421 985 4477 istis
1045 4438 1265 4493 quoque
1317 4423 1577 4492 primitiis
1632 4423 1932 4478 efferendis
1983 4421 2117 4476 mihi

2226 4427 2316 4481 τὸν
2345 4427 2415 4480 τά
2450 4444 2511 4480 τε
2564 4426 2723 4492 ἄλλα,
2756 4427 2852 4481 καὶ
2882 4429 3013 4499 περὶ
3051 4427 3150 4498 τὴν
3181 4427 3439 4498 ἀπαρχήν
3472 4444 3563 4496 μοι
3594 4426 3804 4496 ταύτην

547 4511 904 4576 concordem.
983 4514 1193 4568 socium
1263 4514 1614 4581 benevolum,
1667 4526 1724 4569 et
1791 4528 2115 4569 conservum

547 4619 752 4669 meum,
774 4605 1029 4677 egregius
1049 4607 1211 4677 hujus
1237 4607 1400 4662 ovilis
1419 4617 1594 4662 cretus
1620 4617 1773 4676 rogat
1791 4605 2116 4662 Christiana

545 4697 861 4767 reipublicae
918 4699 1252 4754 incolumem
1305 4700 1518 4756 diutius
1571 4701 1819 4760 servari;
1850 4698 2111 4768 omnique

545 4798 705 4856 pacto
738 4789 806 4842 ad
839 4789 981 4843 hanc
1031 4791 1323 4845 maximam
1363 4792 1596 4860 orbique
1640 4791 1935 4845 salutarem
1969 4791 2112 4860 peti-

549 4881 753 4933 tionem
782 4879 1206 4950 impetrandam,
1225 4893 1318 4937 tuo
1347 4885 1571 4948 auxilio,
1594 4883 1884 4953 validoque
1919 4892 2012 4937 tuo
2035 4883 2118 4954 (ut

545 4986 676 5024 vero
700 4981 1129 5029 consentaneum
1152 4977 1256 5044 est)
1284 4977 1595 5045 patrocinio
1622 4992 1761 5046 opus
1779 4975 1946 5029 habet
1971 4993 1984 5027 :
2008 4989 2116 5044 quo

545 5063 855 5127 deﬁciente,
881 5075 1045 5136 atque
1070 5068 1209 5124 adeo
1237 5069 1425 5123 divino
1448 5087 1555 5124 non
1579 5070 1833 5125 adstante
1856 5069 2112 5136 impulsu,

491 5153 496 5156 ’
547 5159 942 5214 nulliomnium
959 5160 1164 5218 bonum
1182 5164 1402 5232 aliquod
1424 5166 1640 5234 operari
1661 5163 1714 5216 in
1737 5170 1988 5232 promptu
2009 5174 2114 5219 est.

617 5333 899 5404 Ejusmodi
953 5341 1106 5396 tibia
1155 5343 1315 5397 nobis
1363 5343 1658 5412 prodeunt,
1713 5357 1746 5396 ο
1800 5343 1894 5400 Dei
1921 5344 2116 5407 Mater.

549 5428 728 5480 omnis
757 5439 1023 5486 creatura:
1052 5434 1300 5497 Domina,
1348 5451 1448 5505 pro
1487 5435 1785 5506 pra-teritis
1813 5437 2117 5506 gratiarum

549 5518 811 5580 actiones,
839 5537 940 5590 pro
990 5523 1193 5578 futuris
1240 5526 1693 5596 supplicationes.
1724 5527 1793 5581 Et
1835 5529 2119 5598 conlingat

2220 4517 2602 4588 ὁμογνώμονα,
2637 4522 2732 4573 καὶ
2768 4518 3048 4590 συνέριθον
3069 4517 3410 4589 εὐγνώμονα,
3448 4521 3543 4571 καὶ
3570 4517 3805 4586 ὁμόδουο

2222 4611 2313 4665 λον
2332 4627 2346 4640 ο
2377 4613 2406 4663 ὅ
2438 4611 2602 4674 καλὸς
2629 4605 2784 4674 οὗτος
2804 4613 2900 4683 τῆς
2921 4611 3155 4683 ποίμνης
3176 4611 3468 4682 εὐχόμενος
3489 4609 3700 4681 ὅμιλος,
3725 4610 3804 4682 τῷ

2223 4703 2365 4757 κατὰ
2403 4703 2636 4774 Χριστὸν
2684 4705 3045 4772 ἐπιμήκιστον
3099 4702 3504 4775 περισώζεσθαι
3548 4702 3804 4755 πολιτεύ-

2224 4813 2354 4865 ματι
2373 4812 2387 4825 ·
2418 4799 2560 4850 κατὰ
2601 4795 2758 4862 λόγον
2783 4797 2954 4865 δήπου
2983 4797 3201 4860 πάντως
3221 4795 3322 4865 τῆς
3353 4795 3455 4864 σῆς
3481 4794 3806 4864 ἐπικουρίας

2226 4883 2396 4938 δεῖται
2427 4886 2520 4937 καὶ
2553 4887 2842 4955 κραταιᾶς,
2903 4886 2978 4951 ὡς
3005 4886 3172 4952 εἰκὸς,
3213 4885 3551 4955 ἀντιλήψεως
3583 4886 3714 4956 περὶ
3744 4883 3806 4936 τὸ

2229 4977 2372 5046 μέγα
2399 4976 2519 5030 λίαν
2572 4977 2780 5048 αἴτημα
2827 4977 3007 5042 τοῦτο,
3059 4979 3154 5029 καὶ
3189 4979 3257 5048 τῇ
3289 4977 3590 5046 οἰκουμένῃ
3626 4976 3807 5045 σωτή-

2231 5081 2343 5135 ριον
2363 5082 2377 5096 ο
2409 5060 2473 5136 ἦς
2508 5065 2776 5135 ἀπούσης,
2796 5067 2891 5120 καὶ
2923 5067 3059 5136 μηδὲ
3088 5067 3185 5138 τῆς
3210 5066 3360 5131 θείας
3395 5065 3572 5138 ῥοπῆς
3593 5067 3808 5137 παρού-

2229 5173 2348 5226 σης,
2377 5157 2528 5210 οὐδὲν
2554 5157 2718 5212 καλὸν
2743 5157 2921 5211 οὐδενὶ
2956 5158 3065 5211 τῶν
3099 5159 3356 5212 ἁπάντων
3379 5156 3680 5228 κατορθοῦν
3711 5158 3806 5210 εύ-

2223 5248 2405 5311 πετές.

2290 5340 2529 5396 Τοιαῦτὰ
2559 5359 2640 5395 σοι
2679 5342 2748 5395 τὰ
2781 5343 2911 5414 παρ’
2944 5342 3124 5413 ἡμῶν,
3156 5338 3201 5397 ὦ
3240 5344 3547 5415 Θεομῆτορ,
3578 5343 3805 5410 ἁπάσης

2220 5433 2454 5495 κτίσεως
2485 5433 2780 5498 Δέσποινα,
2823 5435 2915 5488 ἐπί
2949 5452 3006 5487 τε
3041 5437 3154 5498 τοίς
3185 5436 3616 5508 παρεληλυθόσιν
3641 5436 3809 5504 εὐχα-

2221 5525 2503 5597 ριστήρια,
2563 5525 2668 5578 ὲπί·
2713 5543 2773 5578 τε
2833 5529 2946 5591 τοῖς
3014 5529 3298 5598 μέλλουσιν
3357 5530 3626 5602 ἱκετήρια.
3690 5527 3806 5581 Καὶ

620 5634 641 5665 ⁸
674 5633 815 5711 Ρεηιζ
847 5618 1034 5711 ιιριιιιι.ζ
1069 5635 1123 5688 9.
1206 5637 1247 5667 ιο
1275 5637 1421 5711 Ps_a_l.
1457 5637 1694 5711 αντ-17.
1775 5638 1814 5667 ’ί
1843 5637 1984 5711 135a].
2025 5653 2117 5692 cxv

2245 5637 2366 5695 £65.
2444 5637 2656 5697 "Psal.
2699 5654 2822 5707 Lxx,
2847 5639 2898 5695 8.
2978 5642 3023 5674 "
3057 5643 3200 5698 Psal.
3239 5643 3519 5711 cxxxuﬂ.
3565 5642 3609 5675 “
3641 5643 3811 5700 Psal-

549 5716 714 5770 vau,
745 5703 836 5758 27.
918 5705 962 5735 "
998 5702 1157 5759 Rom.
1199 5721 1297 5769 xu,
1331 5707 1419 5758 Η.
1499 5710 1542 5738 ³⁸
1570 5707 1736 5761 Hebr.
1770 5722 1823 5771 κ,
1855 5707 1944 5760 21.
