  <div class='ocr_page' id='page_1' title='image "/cluster/home/n/w/nwhite01/storage/ocr_20150623/127/hvd.32044073502411/509.png"; bbox 0 0 4092 6202; ppageno 0'>
   <div class='ocr_carea' id='block_1_1' title="bbox 393 311 532 380">
    <p class='ocr_par' dir='ltr' id='par_1_1' title="bbox 393 311 532 380">
     <span class='ocr_line' id='line_1_1' title="bbox 393 311 532 380; baseline -0.043 0"><span class='ocrx_word' id='word_1_1' title='bbox 393 311 532 380; x_wconf 79' lang='grc'><strong>1007</strong></span> 
     </span>
    </p>
   </div>
   <div class='ocr_carea' id='block_1_2' title="bbox 1657 287 2356 353">
    <p class='ocr_par' dir='ltr' id='par_1_2' title="bbox 1657 287 2356 353">
     <span class='ocr_line' id='line_1_2' title="bbox 1657 287 2356 353; baseline -0.01 0"><span class='ocrx_word' id='word_1_2' title='bbox 1657 291 1944 353; x_wconf 83' lang='lat' dir='ltr'><strong>IRENES</strong></span> <span class='ocrx_word' id='word_1_3' title='bbox 1979 287 2356 352; x_wconf 69' lang='lat' dir='ltr'><strong>AUGUSTIE</strong></span> 
     </span>
    </p>
   </div>
   <div class='ocr_carea' id='block_1_3' title="bbox 3511 279 3647 346">
    <p class='ocr_par' dir='ltr' id='par_1_3' title="bbox 3511 279 3647 346">
     <span class='ocr_line' id='line_1_3' title="bbox 3511 279 3647 346; baseline 0 -1"><span class='ocrx_word' id='word_1_4' title='bbox 3511 279 3647 346; x_wconf 74' lang='lat'><strong>1008</strong></span> 
     </span>
    </p>
   </div>
   <div class='ocr_carea' id='block_1_4' title="bbox 391 396 1994 489">
    <p class='ocr_par' dir='ltr' id='par_1_4' title="bbox 391 412 1962 489">
     <span class='ocr_line' id='line_1_4' title="bbox 391 412 1962 489; baseline -0.017 -5"><span class='ocrx_word' id='word_1_5' title='bbox 391 427 596 484; x_wconf 76' lang='lat' dir='ltr'><strong>labitur</strong></span> <span class='ocrx_word' id='word_1_6' title='bbox 649 430 790 478; x_wconf 83' lang='lat' dir='ltr'><strong>mter</strong></span> <span class='ocrx_word' id='word_1_7' title='bbox 839 429 1078 489; x_wconf 72' lang='lat' dir='ltr'><strong>praesens</strong></span> <span class='ocrx_word' id='word_1_8' title='bbox 1135 412 1371 484; x_wconf 84' lang='lat' dir='ltr'><strong>typicum</strong></span> <span class='ocrx_word' id='word_1_9' title='bbox 1414 423 1618 473; x_wconf 86' lang='lat' dir='ltr'><strong>meum,</strong></span> <span class='ocrx_word' id='word_1_10' title='bbox 1667 416 1724 462; x_wconf 89' lang='lat' dir='ltr'><strong>et</strong></span> <span class='ocrx_word' id='word_1_11' title='bbox 1767 419 1962 476; x_wconf 89' lang='lat' dir='ltr'><strong>supre-</strong></span> 
     </span>
    </p>
   </div>
   <div class='ocr_carea' id='block_1_5' title="bbox 2101 396 3647 489">
    <p class='ocr_par' dir='ltr' id='par_1_5' title="bbox 2101 396 3647 472">
     <span class='ocr_line' id='line_1_5' title="bbox 2101 396 3647 472; baseline -0.005 -18"><span class='ocrx_word' id='word_1_12' title='bbox 2101 403 2285 467; x_wconf 79' lang='grc' dir='ltr'>ξέσται</span> <span class='ocrx_word' id='word_1_13' title='bbox 2320 418 2434 472; x_wconf 88' lang='grc' dir='ltr'>μοι,</span> <span class='ocrx_word' id='word_1_14' title='bbox 2487 398 2580 453; x_wconf 78' lang='grc' dir='ltr'>καὶ</span> <span class='ocrx_word' id='word_1_15' title='bbox 2607 397 2836 466; x_wconf 82' lang='grc' dir='ltr'>ούδεμία</span> <span class='ocrx_word' id='word_1_16' title='bbox 2880 397 3116 469; x_wconf 70' lang='grc' dir='ltr'>διαφορὰ</span> <span class='ocrx_word' id='word_1_17' title='bbox 3150 396 3535 467; x_wconf 75' lang='grc' dir='ltr'><strong>λογισθήσεται</strong></span> <span class='ocrx_word' id='word_1_18' title='bbox 3571 399 3647 464; x_wconf 80' lang='grc' dir='ltr'>τῷ</span> 
     </span>
    </p>
   </div>
   <div class='ocr_carea' id='block_1_6' title="bbox 390 497 1961 573">
    <p class='ocr_par' dir='ltr' id='par_1_6' title="bbox 390 497 1961 573">
     <span class='ocr_line' id='line_1_6' title="bbox 390 497 1961 573; baseline -0.015 0"><span class='ocrx_word' id='word_1_19' title='bbox 390 533 534 573; x_wconf 88' lang='lat' dir='ltr'><strong>mam</strong></span> <span class='ocrx_word' id='word_1_20' title='bbox 585 530 759 568; x_wconf 86' lang='lat' dir='ltr'><strong>meam</strong></span> <span class='ocrx_word' id='word_1_21' title='bbox 810 511 1168 566; x_wconf 82' lang='lat' dir='ltr'><strong>voluntatem,</strong></span> <span class='ocrx_word' id='word_1_22' title='bbox 1227 511 1499 572; x_wconf 89' lang='lat' dir='ltr'><strong>quatenus</strong></span> <span class='ocrx_word' id='word_1_23' title='bbox 1537 514 1694 570; x_wconf 64' lang='lat' dir='ltr'><strong>teque</strong></span> <span class='ocrx_word' id='word_1_24' title='bbox 1733 497 1961 552; x_wconf 83' lang='lat' dir='ltr'><strong>ﬁrmiter</strong></span> 
     </span>
    </p>
   </div>
   <div class='ocr_carea' id='block_1_7' title="bbox 390 586 1961 676">
    <p class='ocr_par' dir='ltr' id='par_1_7' title="bbox 390 586 1961 676">
     <span class='ocr_line' id='line_1_7' title="bbox 390 586 1961 676; baseline -0.016 -11"><span class='ocrx_word' id='word_1_25' title='bbox 390 619 536 665; x_wconf 89' lang='lat' dir='ltr'><strong>stent</strong></span> <span class='ocrx_word' id='word_1_26' title='bbox 593 621 716 676; x_wconf 70' lang='lat' dir='ltr'><strong>quae</strong></span> <span class='ocrx_word' id='word_1_27' title='bbox 744 617 840 672; x_wconf 82' lang='lat' dir='ltr'><strong>per</strong></span> <span class='ocrx_word' id='word_1_28' title='bbox 886 599 1047 654; x_wconf 89' lang='lat' dir='ltr'><strong>ambo</strong></span> <span class='ocrx_word' id='word_1_29' title='bbox 1094 597 1184 650; x_wconf 91' lang='lat' dir='ltr'><strong>illa</strong></span> <span class='ocrx_word' id='word_1_30' title='bbox 1214 596 1282 649; x_wconf 91' lang='lat' dir='ltr'><strong>de</strong></span> <span class='ocrx_word' id='word_1_31' title='bbox 1339 595 1506 649; x_wconf 86' lang='lat' dir='ltr'><strong>rebus</strong></span> <span class='ocrx_word' id='word_1_32' title='bbox 1545 589 1865 645; x_wconf 74' lang='lat' dir='ltr'><strong>monasterii</strong></span> <span class='ocrx_word' id='word_1_33' title='bbox 1893 586 1961 640; x_wconf 91' lang='lat' dir='ltr'><strong>ab</strong></span> 
     </span>
    </p>
   </div>
   <div class='ocr_carea' id='block_1_8' title="bbox 393 679 1961 767">
    <p class='ocr_par' dir='ltr' id='par_1_8' title="bbox 393 679 1961 767">
     <span class='ocr_line' id='line_1_8' title="bbox 393 679 1961 767; baseline -0.013 -14"><span class='ocrx_word' id='word_1_34' title='bbox 393 697 626 767; x_wconf 84' lang='lat' dir='ltr'><strong>imperio</strong></span> <span class='ocrx_word' id='word_1_35' title='bbox 653 708 774 748; x_wconf 91' lang='lat' dir='ltr'><strong>meo</strong></span> <span class='ocrx_word' id='word_1_36' title='bbox 832 691 1050 745; x_wconf 87' lang='lat' dir='ltr'><strong>decreta</strong></span> <span class='ocrx_word' id='word_1_37' title='bbox 1106 686 1352 741; x_wconf 84' lang='lat' dir='ltr'><strong>fuerint:</strong></span> <span class='ocrx_word' id='word_1_38' title='bbox 1385 684 1492 739; x_wconf 86' lang='lat' dir='ltr'><strong>nisi</strong></span> <span class='ocrx_word' id='word_1_39' title='bbox 1521 684 1662 738; x_wconf 80' lang='lat' dir='ltr'><strong>forte</strong></span> <span class='ocrx_word' id='word_1_40' title='bbox 1713 679 1961 751; x_wconf 82' lang='lat' dir='ltr'><strong>quaedam</strong></span> 
     </span>
    </p>
   </div>
   <div class='ocr_carea' id='block_1_9' title="bbox 391 774 1965 860">
    <p class='ocr_par' dir='ltr' id='par_1_9' title="bbox 391 774 1965 860">
     <span class='ocr_line' id='line_1_9' title="bbox 391 774 1965 860; baseline -0.01 -18"><span class='ocrx_word' id='word_1_41' title='bbox 391 802 583 842; x_wconf 91' lang='lat' dir='ltr'><strong>eorum</strong></span> <span class='ocrx_word' id='word_1_42' title='bbox 621 797 742 854; x_wconf 78' lang='lat' dir='ltr'><strong>qua:</strong></span> <span class='ocrx_word' id='word_1_43' title='bbox 767 781 860 835; x_wconf 89' lang='lat' dir='ltr'><strong>hic</strong></span> <span class='ocrx_word' id='word_1_44' title='bbox 874 779 1157 860; x_wconf 58' lang='lat' dir='ltr'><strong>.deseripta</strong></span> <span class='ocrx_word' id='word_1_45' title='bbox 1187 786 1338 842; x_wconf 90' lang='lat' dir='ltr'><strong>sunt,</strong></span> <span class='ocrx_word' id='word_1_46' title='bbox 1369 784 1430 830; x_wconf 87' lang='lat' dir='ltr'><strong>ut</strong></span> <span class='ocrx_word' id='word_1_47' title='bbox 1472 774 1684 830; x_wconf 89' lang='lat' dir='ltr'><strong>dictum</strong></span> <span class='ocrx_word' id='word_1_48' title='bbox 1717 781 1823 836; x_wconf 89' lang='lat' dir='ltr'><strong>est,</strong></span> <span class='ocrx_word' id='word_1_49' title='bbox 1865 786 1965 842; x_wconf 84' lang='lat' dir='ltr'><strong>per</strong></span> 
     </span>
    </p>
   </div>
   <div class='ocr_carea' id='block_1_10' title="bbox 394 869 1432 936">
    <p class='ocr_par' dir='ltr' id='par_1_10' title="bbox 394 869 1432 936">
     <span class='ocr_line' id='line_1_10' title="bbox 394 869 1432 936; baseline -0.011 -4"><span class='ocrx_word' id='word_1_50' title='bbox 394 887 780 936; x_wconf 79' lang='lat' dir='ltr'><strong>testamentum</strong></span> <span class='ocrx_word' id='word_1_51' title='bbox 823 889 1003 928; x_wconf 92' lang='lat' dir='ltr'><strong>meum</strong></span> <span class='ocrx_word' id='word_1_52' title='bbox 1031 871 1188 926; x_wconf 90' lang='lat' dir='ltr'><strong>irrita</strong></span> <span class='ocrx_word' id='word_1_53' title='bbox 1222 869 1432 924; x_wconf 83' lang='lat' dir='ltr'><strong>ﬁerent.</strong></span> 
     </span>
    </p>
   </div>
   <div class='ocr_carea' id='block_1_11' title="bbox 464 1046 1965 1124">
    <p class='ocr_par' dir='ltr' id='par_1_11' title="bbox 464 1046 1965 1124">
     <span class='ocr_line' id='line_1_11' title="bbox 464 1046 1965 1124; baseline -0.013 -9"><span class='ocrx_word' id='word_1_54' title='bbox 464 1060 580 1115; x_wconf 81' lang='lat' dir='ltr'><strong>Hoc</strong></span> <span class='ocrx_word' id='word_1_55' title='bbox 608 1067 786 1113; x_wconf 88' lang='lat' dir='ltr'><strong>tamen</strong></span> <span class='ocrx_word' id='word_1_56' title='bbox 827 1061 1090 1124; x_wconf 67' lang='lat' dir='ltr'><strong>przetextu</strong></span> <span class='ocrx_word' id='word_1_57' title='bbox 1127 1065 1237 1106; x_wconf 93' lang='lat' dir='ltr'><strong>non</strong></span> <span class='ocrx_word' id='word_1_58' title='bbox 1265 1048 1430 1104; x_wconf 86' lang='lat' dir='ltr'><strong>debet</strong></span> <span class='ocrx_word' id='word_1_59' title='bbox 1453 1046 1718 1117; x_wconf 64' lang='lat' dir='ltr'><strong>quaepiam</strong></span> <span class='ocrx_word' id='word_1_60' title='bbox 1753 1058 1965 1106; x_wconf 90' lang='lat' dir='ltr'><strong>earum,</strong></span> 
     </span>
    </p>
   </div>
   <div class='ocr_carea' id='block_1_12' title="bbox 394 1137 1970 1224">
    <p class='ocr_par' dir='ltr' id='par_1_12' title="bbox 394 1137 1970 1224">
     <span class='ocr_line' id='line_1_12' title="bbox 394 1137 1970 1224; baseline -0.014 -15"><span class='ocrx_word' id='word_1_61' title='bbox 394 1151 595 1224; x_wconf 88' lang='lat' dir='ltr'><strong>quibus</strong></span> <span class='ocrx_word' id='word_1_62' title='bbox 623 1167 653 1205; x_wconf 91' lang='lat' dir='ltr'><strong>a</strong></span> <span class='ocrx_word' id='word_1_63' title='bbox 692 1149 976 1218; x_wconf 83' lang='lat' dir='ltr'><strong>majestate</strong></span> <span class='ocrx_word' id='word_1_64' title='bbox 1032 1158 1152 1197; x_wconf 86' lang='lat' dir='ltr'><strong>mea</strong></span> <span class='ocrx_word' id='word_1_65' title='bbox 1205 1153 1529 1196; x_wconf 86' lang='lat' dir='ltr'><strong>concessum</strong></span> <span class='ocrx_word' id='word_1_66' title='bbox 1570 1137 1739 1191; x_wconf 85' lang='lat' dir='ltr'><strong>luerit</strong></span> <span class='ocrx_word' id='word_1_67' title='bbox 1778 1150 1970 1189; x_wconf 90' lang='lat' dir='ltr'><strong>mona-</strong></span> 
     </span>
    </p>
   </div>
   <div class='ocr_carea' id='block_1_13' title="bbox 396 1228 1968 1312">
    <p class='ocr_par' dir='ltr' id='par_1_13' title="bbox 396 1228 1968 1312">
     <span class='ocr_line' id='line_1_13' title="bbox 396 1228 1968 1312; baseline -0.013 -11"><span class='ocrx_word' id='word_1_68' title='bbox 396 1235 1021 1312; x_wconf 87' lang='lat' dir='ltr'><strong>steriipatrocinium,in</strong></span> <span class='ocrx_word' id='word_1_69' title='bbox 1052 1233 1289 1303; x_wconf 82' lang='lat' dir='ltr'><strong>aliquam</strong></span> <span class='ocrx_word' id='word_1_70' title='bbox 1321 1228 1637 1285; x_wconf 83' lang='lat' dir='ltr'><strong>monasterii</strong></span> <span class='ocrx_word' id='word_1_71' title='bbox 1665 1242 1778 1282; x_wconf 88' lang='lat' dir='ltr'><strong>rem</strong></span> <span class='ocrx_word' id='word_1_72' title='bbox 1809 1237 1968 1294; x_wconf 79' lang='lat' dir='ltr'><strong>pote-</strong></span> 
     </span>
    </p>
   </div>
   <div class='ocr_carea' id='block_1_14' title="bbox 400 1320 1971 1400">
    <p class='ocr_par' dir='ltr' id='par_1_14' title="bbox 400 1320 1971 1400">
     <span class='ocr_line' id='line_1_14' title="bbox 400 1320 1971 1400; baseline -0.013 -7"><span class='ocrx_word' id='word_1_73' title='bbox 400 1346 595 1394; x_wconf 89' lang='lat' dir='ltr'><strong>statem</strong></span> <span class='ocrx_word' id='word_1_74' title='bbox 626 1333 728 1389; x_wconf 85' lang='lat' dir='ltr'><strong>sibi</strong></span> <span class='ocrx_word' id='word_1_75' title='bbox 755 1344 1034 1400; x_wconf 80' lang='lat' dir='ltr'><strong>arrogare,</strong></span> <span class='ocrx_word' id='word_1_76' title='bbox 1065 1327 1149 1381; x_wconf 85' lang='lat' dir='ltr'><strong>vel</strong></span> <span class='ocrx_word' id='word_1_77' title='bbox 1184 1323 1484 1395; x_wconf 85' lang='lat' dir='ltr'><strong>quidquam</strong></span> <span class='ocrx_word' id='word_1_78' title='bbox 1544 1321 1597 1376; x_wconf 90' lang='lat' dir='ltr'><strong>in</strong></span> <span class='ocrx_word' id='word_1_79' title='bbox 1631 1320 1738 1374; x_wconf 87' lang='lat' dir='ltr'><strong>hoc</strong></span> <span class='ocrx_word' id='word_1_80' title='bbox 1789 1321 1971 1390; x_wconf 89' lang='lat' dir='ltr'><strong>typico</strong></span> 
     </span>
    </p>
   </div>
   <div class='ocr_carea' id='block_1_15' title="bbox 399 1405 1970 1484">
    <p class='ocr_par' dir='ltr' id='par_1_15' title="bbox 399 1405 1970 1484">
     <span class='ocr_line' id='line_1_15' title="bbox 399 1405 1970 1484; baseline -0.015 0"><span class='ocrx_word' id='word_1_81' title='bbox 399 1421 1046 1484; x_wconf 85' lang='lat' dir='ltr'><strong>delinitumadulterare,</strong></span> <span class='ocrx_word' id='word_1_82' title='bbox 1101 1423 1198 1469; x_wconf 87' lang='lat' dir='ltr'><strong>aut</strong></span> <span class='ocrx_word' id='word_1_83' title='bbox 1237 1411 1548 1484; x_wconf 76' lang='lat' dir='ltr'><strong>praefectam</strong></span> <span class='ocrx_word' id='word_1_84' title='bbox 1579 1423 1854 1470; x_wconf 84' lang='lat' dir='ltr'><strong>amovere,</strong></span> <span class='ocrx_word' id='word_1_85' title='bbox 1883 1405 1970 1461; x_wconf 89' lang='lat' dir='ltr'><strong>vel</strong></span> 
     </span>
    </p>
   </div>
   <div class='ocr_carea' id='block_1_16' title="bbox 401 1500 1972 1577">
    <p class='ocr_par' dir='ltr' id='par_1_16' title="bbox 401 1500 1972 1577">
     <span class='ocr_line' id='line_1_16' title="bbox 401 1500 1972 1577; baseline -0.013 -2"><span class='ocrx_word' id='word_1_86' title='bbox 401 1519 665 1575; x_wconf 89' lang='lat' dir='ltr'><strong>moniales</strong></span> <span class='ocrx_word' id='word_1_87' title='bbox 707 1514 1018 1575; x_wconf 87' lang='lat' dir='ltr'><strong>admittere,</strong></span> <span class='ocrx_word' id='word_1_88' title='bbox 1041 1523 1137 1564; x_wconf 88' lang='lat' dir='ltr'><strong>seu</strong></span> <span class='ocrx_word' id='word_1_89' title='bbox 1160 1521 1258 1577; x_wconf 88' lang='lat' dir='ltr'><strong>pro</strong></span> <span class='ocrx_word' id='word_1_90' title='bbox 1296 1505 1455 1560; x_wconf 89' lang='lat' dir='ltr'><strong>libito</strong></span> <span class='ocrx_word' id='word_1_91' title='bbox 1510 1502 1858 1558; x_wconf 83' lang='lat' dir='ltr'><strong>introducere</strong></span> <span class='ocrx_word' id='word_1_92' title='bbox 1887 1500 1972 1555; x_wconf 88' lang='lat' dir='ltr'><strong>vel</strong></span> 
     </span>
    </p>
   </div>
   <div class='ocr_carea' id='block_1_17' title="bbox 401 1592 1976 1684">
    <p class='ocr_par' dir='ltr' id='par_1_17' title="bbox 401 1592 1976 1684">
     <span class='ocr_line' id='line_1_17' title="bbox 401 1592 1976 1684; baseline -0.013 -15"><span class='ocrx_word' id='word_1_93' title='bbox 401 1615 625 1684; x_wconf 82' lang='lat' dir='ltr'><strong>ejicere,</strong></span> <span class='ocrx_word' id='word_1_94' title='bbox 669 1619 764 1664; x_wconf 88' lang='lat' dir='ltr'><strong>aut</strong></span> <span class='ocrx_word' id='word_1_95' title='bbox 801 1621 868 1662; x_wconf 80' lang='lat' dir='ltr'><strong>ex</strong></span> <span class='ocrx_word' id='word_1_96' title='bbox 915 1601 1242 1674; x_wconf 88' lang='lat' dir='ltr'><strong>quibusdam</strong></span> <span class='ocrx_word' id='word_1_97' title='bbox 1291 1597 1540 1654; x_wconf 81' lang='lat' dir='ltr'><strong>consiliis</strong></span> <span class='ocrx_word' id='word_1_98' title='bbox 1585 1596 1756 1666; x_wconf 82' lang='lat' dir='ltr'><strong>ipsam</strong></span> <span class='ocrx_word' id='word_1_99' title='bbox 1790 1592 1976 1664; x_wconf 65' lang='lat' dir='ltr'><strong>praefe-</strong></span> 
     </span>
    </p>
   </div>
   <div class='ocr_carea' id='block_1_18' title="bbox 404 1681 1976 1764">
    <p class='ocr_par' dir='ltr' id='par_1_18' title="bbox 404 1681 1976 1764">
     <span class='ocr_line' id='line_1_18' title="bbox 404 1681 1976 1764; baseline -0.016 -5"><span class='ocrx_word' id='word_1_100' title='bbox 404 1681 570 1764; x_wconf 37' lang='lat' dir='ltr'><strong>c&#39;tam,</strong></span> <span class='ocrx_word' id='word_1_101' title='bbox 603 1699 718 1754; x_wconf 84' lang='lat' dir='ltr'><strong>sive</strong></span> <span class='ocrx_word' id='word_1_102' title='bbox 750 1705 1118 1754; x_wconf 84' lang='lat' dir='ltr'><strong>oeconomum,</strong></span> <span class='ocrx_word' id='word_1_103' title='bbox 1152 1689 1265 1744; x_wconf 90' lang='lat' dir='ltr'><strong>sive</strong></span> <span class='ocrx_word' id='word_1_104' title='bbox 1301 1687 1540 1756; x_wconf 83' lang='lat' dir='ltr'><strong>aliquam</strong></span> <span class='ocrx_word' id='word_1_105' title='bbox 1575 1699 1606 1739; x_wconf 91' lang='lat' dir='ltr'><strong>e</strong></span> <span class='ocrx_word' id='word_1_106' title='bbox 1646 1681 1976 1738; x_wconf 87' lang='lat' dir='ltr'><strong>monialibus</strong></span> 
     </span>
    </p>
   </div>
   <div class='ocr_carea' id='block_1_19' title="bbox 2071 487 3637 565">
    <p class='ocr_par' dir='ltr' id='par_1_19' title="bbox 2071 487 3637 565">
     <span class='ocr_line' id='line_1_19' title="bbox 2071 487 3637 565; baseline -0.004 -20"><span class='ocrx_word' id='word_1_107' title='bbox 2071 493 2302 565; x_wconf 83' lang='grc' dir='ltr'><strong>παρόντι</strong></span> <span class='ocrx_word' id='word_1_108' title='bbox 2332 509 2435 562; x_wconf 89' lang='grc' dir='ltr'><strong>μου</strong></span> <span class='ocrx_word' id='word_1_109' title='bbox 2465 489 2680 558; x_wconf 85' lang='grc' dir='ltr'>τυπικῷ</span> <span class='ocrx_word' id='word_1_110' title='bbox 2713 489 2848 560; x_wconf 79' lang='grc' dir='ltr'>πρὸς</span> <span class='ocrx_word' id='word_1_111' title='bbox 2880 488 2979 558; x_wconf 85' lang='grc' dir='ltr'><strong>τήν</strong></span> <span class='ocrx_word' id='word_1_112' title='bbox 3018 487 3338 542; x_wconf 74' lang='grc' dir='ltr'><strong>τελευταίαν</strong></span> <span class='ocrx_word' id='word_1_113' title='bbox 3371 505 3472 556; x_wconf 86' lang='grc' dir='ltr'><strong>μου</strong></span> <span class='ocrx_word' id='word_1_114' title='bbox 3523 487 3637 556; x_wconf 81' lang='grc' dir='ltr'>βού-</span> 
     </span>
    </p>
   </div>
   <div class='ocr_carea' id='block_1_20' title="bbox 2069 583 3650 659">
    <p class='ocr_par' dir='ltr' id='par_1_20' title="bbox 2069 583 3650 659">
     <span class='ocr_line' id='line_1_20' title="bbox 2069 583 3650 659; baseline -0.005 -17"><span class='ocrx_word' id='word_1_115' title='bbox 2069 590 2243 659; x_wconf 82' lang='grc' dir='ltr'>λησιν,</span> <span class='ocrx_word' id='word_1_116' title='bbox 2275 589 2399 641; x_wconf 84' lang='grc' dir='ltr'>ὅσον</span> <span class='ocrx_word' id='word_1_117' title='bbox 2430 587 2510 650; x_wconf 88' lang='grc' dir='ltr'><strong>είς</strong></span> <span class='ocrx_word' id='word_1_118' title='bbox 2540 585 2599 639; x_wconf 84' lang='grc' dir='ltr'>τὸ</span> <span class='ocrx_word' id='word_1_119' title='bbox 2633 585 2828 654; x_wconf 71' lang='grc' dir='ltr'>ἐπίσης</span> <span class='ocrx_word' id='word_1_120' title='bbox 2855 587 3080 656; x_wconf 78' lang='grc' dir='ltr'><strong>κρατεῖν</strong></span> <span class='ocrx_word' id='word_1_121' title='bbox 3113 585 3351 654; x_wconf 83' lang='grc' dir='ltr'><strong>ἰσχυρῶς</strong></span> <span class='ocrx_word' id='word_1_122' title='bbox 3373 585 3546 636; x_wconf 87' lang='grc' dir='ltr'>πάντα</span> <span class='ocrx_word' id='word_1_123' title='bbox 3583 583 3650 634; x_wconf 73' lang='grc' dir='ltr'><strong>τά</strong></span> 
     </span>
    </p>
   </div>
   <div class='ocr_carea' id='block_1_21' title="bbox 2069 675 3651 748">
    <p class='ocr_par' dir='ltr' id='par_1_21' title="bbox 2069 675 3651 748">
     <span class='ocr_line' id='line_1_21' title="bbox 2069 675 3651 748; baseline -0.004 -15"><span class='ocrx_word' id='word_1_124' title='bbox 2069 680 2136 732; x_wconf 79' lang='grc' dir='ltr'><strong>δι’</strong></span> <span class='ocrx_word' id='word_1_125' title='bbox 2171 679 2500 748; x_wconf 74' lang='grc' dir='ltr'>ἀμφοτέροιν</span> <span class='ocrx_word' id='word_1_126' title='bbox 2532 678 2623 728; x_wconf 75' lang='grc' dir='ltr'><strong>ἐπὶ</strong></span> <span class='ocrx_word' id='word_1_127' title='bbox 2652 678 2767 739; x_wconf 84' lang='grc' dir='ltr'>τοίς</span> <span class='ocrx_word' id='word_1_128' title='bbox 2813 675 2909 744; x_wconf 81' lang='grc' dir='ltr'>τῆς</span> <span class='ocrx_word' id='word_1_129' title='bbox 2940 676 3109 746; x_wconf 78' lang='grc' dir='ltr'>μονῆς</span> <span class='ocrx_word' id='word_1_130' title='bbox 3156 679 3224 746; x_wconf 80' lang='grc' dir='ltr'><strong>τῇ</strong></span> <span class='ocrx_word' id='word_1_131' title='bbox 3259 675 3508 746; x_wconf 75' lang='grc' dir='ltr'><strong>βασιλείᾳ</strong></span> <span class='ocrx_word' id='word_1_132' title='bbox 3547 693 3651 744; x_wconf 83' lang='grc' dir='ltr'><strong>μου</strong></span> 
     </span>
    </p>
   </div>
   <div class='ocr_carea' id='block_1_22' title="bbox 2071 767 3654 840">
    <p class='ocr_par' dir='ltr' id='par_1_22' title="bbox 2071 767 3654 840">
     <span class='ocr_line' id='line_1_22' title="bbox 2071 767 3654 840; baseline -0.006 -14"><span class='ocrx_word' id='word_1_133' title='bbox 2071 773 2334 839; x_wconf 73' lang='grc' dir='ltr'>δόξανταο</span> <span class='ocrx_word' id='word_1_134' title='bbox 2380 774 2430 824; x_wconf 85' lang='grc' dir='ltr'><strong>εί</strong></span> <span class='ocrx_word' id='word_1_135' title='bbox 2460 770 2533 840; x_wconf 89' lang='grc' dir='ltr'><strong>μή</strong></span> <span class='ocrx_word' id='word_1_136' title='bbox 2572 768 2675 821; x_wconf 87' lang='grc' dir='ltr'><strong>πού</strong></span> <span class='ocrx_word' id='word_1_137' title='bbox 2714 785 2832 821; x_wconf 85' lang='grc' dir='ltr'>τινα</span> <span class='ocrx_word' id='word_1_138' title='bbox 2880 768 2988 820; x_wconf 87' lang='grc' dir='ltr'><strong>τῶν</strong></span> <span class='ocrx_word' id='word_1_139' title='bbox 3033 767 3286 820; x_wconf 76' lang='grc' dir='ltr'><strong>ἐνταυθοῖ</strong></span> <span class='ocrx_word' id='word_1_140' title='bbox 3325 769 3654 836; x_wconf 74' lang='grc' dir='ltr'>γεγραμμέο</span> 
     </span>
    </p>
   </div>
   <div class='ocr_carea' id='block_1_23' title="bbox 2074 858 3652 935">
    <p class='ocr_par' dir='ltr' id='par_1_23' title="bbox 2074 858 3652 935">
     <span class='ocr_line' id='line_1_23' title="bbox 2074 858 3652 935; baseline -0.005 -17"><span class='ocrx_word' id='word_1_141' title='bbox 2074 884 2200 931; x_wconf 89' lang='grc' dir='ltr'>νων,</span> <span class='ocrx_word' id='word_1_142' title='bbox 2235 865 2312 927; x_wconf 80' lang='grc' dir='ltr'><strong>ὡς</strong></span> <span class='ocrx_word' id='word_1_143' title='bbox 2340 863 2580 935; x_wconf 81' lang='grc' dir='ltr'>εἴρηται,</span> <span class='ocrx_word' id='word_1_144' title='bbox 2609 860 2805 931; x_wconf 82' lang='grc' dir='ltr'>σχολὴν</span> <span class='ocrx_word' id='word_1_145' title='bbox 2835 859 2942 913; x_wconf 68' lang='grc' dir='ltr'><strong>ἀπὸ</strong></span> <span class='ocrx_word' id='word_1_146' title='bbox 2977 861 3076 930; x_wconf 80' lang='grc' dir='ltr'><strong>τῆς</strong></span> <span class='ocrx_word' id='word_1_147' title='bbox 3118 858 3385 928; x_wconf 80' lang='grc' dir='ltr'><strong>διαθήκης</strong></span> <span class='ocrx_word' id='word_1_148' title='bbox 3422 876 3526 928; x_wconf 81' lang='grc' dir='ltr'><strong>μου</strong></span> <span class='ocrx_word' id='word_1_149' title='bbox 3557 859 3652 910; x_wconf 77' lang='grc' dir='ltr'>δέ·</span> 
     </span>
    </p>
   </div>
   <div class='ocr_carea' id='block_1_24' title="bbox 2075 958 2274 1023">
    <p class='ocr_par' dir='ltr' id='par_1_24' title="bbox 2075 958 2274 1023">
     <span class='ocr_line' id='line_1_24' title="bbox 2075 958 2274 1023; baseline 0.005 -12"><span class='ocrx_word' id='word_1_150' title='bbox 2075 958 2274 1023; x_wconf 81' lang='grc' dir='ltr'>ξονται.</span> 
     </span>
    </p>
   </div>
   <div class='ocr_carea' id='block_1_25' title="bbox 2146 1037 3656 1117">
    <p class='ocr_par' dir='ltr' id='par_1_25' title="bbox 2146 1037 3656 1117">
     <span class='ocr_line' id='line_1_25' title="bbox 2146 1037 3656 1117; baseline -0.002 -18"><span class='ocrx_word' id='word_1_151' title='bbox 2146 1048 2226 1117; x_wconf 81' lang='grc' dir='ltr'><strong>Τῇ</strong></span> <span class='ocrx_word' id='word_1_152' title='bbox 2262 1045 2532 1116; x_wconf 76' lang='grc' dir='ltr'><strong>προφάσει</strong></span> <span class='ocrx_word' id='word_1_153' title='bbox 2563 1044 2618 1098; x_wconf 80' lang='grc' dir='ltr'>δὲ</span> <span class='ocrx_word' id='word_1_154' title='bbox 2650 1042 2824 1115; x_wconf 82' lang='grc' dir='ltr'>ταύτῃ</span> <span class='ocrx_word' id='word_1_155' title='bbox 2867 1044 2969 1097; x_wconf 86' lang='grc' dir='ltr'><strong>ούκ</strong></span> <span class='ocrx_word' id='word_1_156' title='bbox 3018 1041 3222 1112; x_wconf 74' lang='grc' dir='ltr'>ὀφείλει</span> <span class='ocrx_word' id='word_1_157' title='bbox 3271 1061 3357 1106; x_wconf 86' lang='grc' dir='ltr'><strong>τις</strong></span> <span class='ocrx_word' id='word_1_158' title='bbox 3405 1044 3517 1096; x_wconf 87' lang='grc' dir='ltr'><strong>τῶν</strong></span> <span class='ocrx_word' id='word_1_159' title='bbox 3565 1037 3656 1106; x_wconf 76' lang='grc' dir='ltr'><strong>αἷς</strong></span> 
     </span>
    </p>
   </div>
   <div class='ocr_carea' id='block_1_26' title="bbox 2076 1134 3655 1207">
    <p class='ocr_par' dir='ltr' id='par_1_26' title="bbox 2076 1134 3655 1207">
     <span class='ocr_line' id='line_1_26' title="bbox 2076 1134 3655 1207; baseline -0.004 -14"><span class='ocrx_word' id='word_1_160' title='bbox 2076 1137 2574 1207; x_wconf 75' lang='grc' dir='ltr'>ἀντιλαμϐάνεσθαι</span> <span class='ocrx_word' id='word_1_161' title='bbox 2599 1136 2697 1205; x_wconf 82' lang='grc' dir='ltr'>τῆς</span> <span class='ocrx_word' id='word_1_162' title='bbox 2733 1135 2900 1204; x_wconf 82' lang='grc' dir='ltr'>μονῆς</span> <span class='ocrx_word' id='word_1_163' title='bbox 2935 1136 3086 1206; x_wconf 72' lang='grc' dir='ltr'>παρὰ</span> <span class='ocrx_word' id='word_1_164' title='bbox 3117 1135 3216 1203; x_wconf 80' lang='grc' dir='ltr'><strong>τῆς</strong></span> <span class='ocrx_word' id='word_1_165' title='bbox 3249 1134 3524 1202; x_wconf 70' lang='grc' dir='ltr'>βασιλείας</span> <span class='ocrx_word' id='word_1_166' title='bbox 3550 1153 3655 1203; x_wconf 87' lang='grc' dir='ltr'><strong>μου</strong></span> 
     </span>
    </p>
   </div>
   <div class='ocr_carea' id='block_1_27' title="bbox 2077 1225 3658 1300">
    <p class='ocr_par' dir='ltr' id='par_1_27' title="bbox 2077 1225 3658 1300">
     <span class='ocr_line' id='line_1_27' title="bbox 2077 1225 3658 1300; baseline -0.004 -16"><span class='ocrx_word' id='word_1_167' title='bbox 2077 1230 2477 1300; x_wconf 76' lang='grc' dir='ltr'>ἔγκεχώρηται,</span> <span class='ocrx_word' id='word_1_168' title='bbox 2528 1226 2866 1294; x_wconf 78' lang='grc' dir='ltr'>ὲξουσιάζειν</span> <span class='ocrx_word' id='word_1_169' title='bbox 2921 1226 3066 1287; x_wconf 70' lang='grc' dir='ltr'>τινὸς</span> <span class='ocrx_word' id='word_1_170' title='bbox 3121 1225 3232 1278; x_wconf 84' lang='grc' dir='ltr'><strong>τῶν</strong></span> <span class='ocrx_word' id='word_1_171' title='bbox 3281 1229 3338 1278; x_wconf 84' lang='grc' dir='ltr'><strong>έν</strong></span> <span class='ocrx_word' id='word_1_172' title='bbox 3389 1227 3550 1296; x_wconf 82' lang='grc' dir='ltr'>αὐτῇ,</span> <span class='ocrx_word' id='word_1_173' title='bbox 3593 1228 3658 1277; x_wconf 78' lang='grc' dir='ltr'>οὐ</span> 
     </span>
    </p>
   </div>
   <div class='ocr_carea' id='block_1_28' title="bbox 2079 1318 3658 1396">
    <p class='ocr_par' dir='ltr' id='par_1_28' title="bbox 2079 1318 3658 1396">
     <span class='ocr_line' id='line_1_28' title="bbox 2079 1318 3658 1396; baseline -0.006 -17"><span class='ocrx_word' id='word_1_174' title='bbox 2079 1327 2528 1396; x_wconf 82' lang='grc' dir='ltr'>παραχαράττειν</span> <span class='ocrx_word' id='word_1_175' title='bbox 2549 1340 2602 1375; x_wconf 84' lang='grc' dir='ltr'><strong>τι</strong></span> <span class='ocrx_word' id='word_1_176' title='bbox 2631 1320 2739 1374; x_wconf 85' lang='grc' dir='ltr'>τῶν</span> <span class='ocrx_word' id='word_1_177' title='bbox 2771 1323 2828 1372; x_wconf 84' lang='grc' dir='ltr'>ὲν</span> <span class='ocrx_word' id='word_1_178' title='bbox 2862 1318 2940 1390; x_wconf 87' lang='grc' dir='ltr'>τῷ</span> <span class='ocrx_word' id='word_1_179' title='bbox 2971 1320 3202 1386; x_wconf 85' lang='grc' dir='ltr'>παρόντι</span> <span class='ocrx_word' id='word_1_180' title='bbox 3232 1319 3448 1388; x_wconf 78' lang='grc' dir='ltr'>τυπικῷ</span> <span class='ocrx_word' id='word_1_181' title='bbox 3469 1321 3658 1390; x_wconf 85' lang='grc' dir='ltr'>διωρι-</span> 
     </span>
    </p>
   </div>
   <div class='ocr_carea' id='block_1_29' title="bbox 2082 1409 3662 1487">
    <p class='ocr_par' dir='ltr' id='par_1_29' title="bbox 2082 1409 3662 1487">
     <span class='ocr_line' id='line_1_29' title="bbox 2082 1409 3662 1487; baseline -0.004 -18"><span class='ocrx_word' id='word_1_182' title='bbox 2082 1418 2313 1487; x_wconf 86' lang='grc' dir='ltr'>σμένων,</span> <span class='ocrx_word' id='word_1_183' title='bbox 2345 1415 2408 1467; x_wconf 85' lang='grc' dir='ltr'>οὐ</span> <span class='ocrx_word' id='word_1_184' title='bbox 2450 1413 2561 1484; x_wconf 73' lang='grc' dir='ltr'><strong>τήν</strong></span> <span class='ocrx_word' id='word_1_185' title='bbox 2610 1412 2924 1482; x_wconf 80' lang='grc' dir='ltr'><strong>ἡγουμένην</strong></span> <span class='ocrx_word' id='word_1_186' title='bbox 2959 1409 3245 1480; x_wconf 82' lang='grc' dir='ltr'>μεθιστᾷν,</span> <span class='ocrx_word' id='word_1_187' title='bbox 3303 1411 3363 1462; x_wconf 89' lang='grc' dir='ltr'><strong>ού</strong></span> <span class='ocrx_word' id='word_1_188' title='bbox 3417 1413 3662 1480; x_wconf 77' lang='grc' dir='ltr'>μοναχάς</span> 
     </span>
    </p>
   </div>
   <div class='ocr_carea' id='block_1_30' title="bbox 2081 1505 3665 1574">
    <p class='ocr_par' dir='ltr' id='par_1_30' title="bbox 2081 1505 3665 1574">
     <span class='ocr_line' id='line_1_30' title="bbox 2081 1505 3665 1574; baseline -0.004 -10"><span class='ocrx_word' id='word_1_189' title='bbox 2081 1511 2468 1570; x_wconf 75' lang='grc' dir='ltr'>κατατάττειν,</span> <span class='ocrx_word' id='word_1_190' title='bbox 2516 1507 2616 1560; x_wconf 75' lang='grc' dir='ltr'>οὐκ</span> <span class='ocrx_word' id='word_1_191' title='bbox 2645 1507 2910 1574; x_wconf 73' lang='grc' dir='ltr'>εἰσάγειν,</span> <span class='ocrx_word' id='word_1_192' title='bbox 2942 1506 3042 1558; x_wconf 83' lang='grc' dir='ltr'>οὐκ</span> <span class='ocrx_word' id='word_1_193' title='bbox 3087 1505 3326 1571; x_wconf 74' lang='grc' dir='ltr'>ἐξάγειν,</span> <span class='ocrx_word' id='word_1_194' title='bbox 3366 1505 3466 1557; x_wconf 80' lang='grc' dir='ltr'>οὒκ</span> <span class='ocrx_word' id='word_1_195' title='bbox 3506 1505 3665 1559; x_wconf 77' lang='grc' dir='ltr'>ἐκλο-</span> 
     </span>
    </p>
   </div>
   <div class='ocr_carea' id='block_1_31' title="bbox 2081 1596 3661 1672">
    <p class='ocr_par' dir='ltr' id='par_1_31' title="bbox 2081 1596 3661 1672">
     <span class='ocr_line' id='line_1_31' title="bbox 2081 1596 3661 1672; baseline -0.005 -17"><span class='ocrx_word' id='word_1_196' title='bbox 2081 1604 2301 1672; x_wconf 84' lang='grc' dir='ltr'>γισμοῖς</span> <span class='ocrx_word' id='word_1_197' title='bbox 2320 1617 2460 1653; x_wconf 87' lang='grc' dir='ltr'>τισιν</span> <span class='ocrx_word' id='word_1_198' title='bbox 2496 1597 2831 1660; x_wconf 75' lang='grc' dir='ltr'>ὑποτιθέναι,</span> <span class='ocrx_word' id='word_1_199' title='bbox 2869 1598 2901 1667; x_wconf 82' lang='grc' dir='ltr'>ἢ</span> <span class='ocrx_word' id='word_1_200' title='bbox 2932 1596 3100 1666; x_wconf 81' lang='grc' dir='ltr'>αὐτὴν</span> <span class='ocrx_word' id='word_1_201' title='bbox 3130 1596 3228 1667; x_wconf 84' lang='grc' dir='ltr'>τὴν</span> <span class='ocrx_word' id='word_1_202' title='bbox 3259 1598 3590 1666; x_wconf 76' lang='grc' dir='ltr'>ἡγουμένην,</span> <span class='ocrx_word' id='word_1_203' title='bbox 3625 1596 3661 1667; x_wconf 79' lang='grc' dir='ltr'>ἢ</span> 
     </span>
    </p>
   </div>
   <div class='ocr_carea' id='block_1_32' title="bbox 2082 1683 3664 1769">
    <p class='ocr_par' dir='ltr' id='par_1_32' title="bbox 2082 1683 3664 1762">
     <span class='ocr_line' id='line_1_32' title="bbox 2082 1683 3664 1762; baseline -0.004 -16"><span class='ocrx_word' id='word_1_204' title='bbox 2082 1695 2174 1746; x_wconf 79' lang='grc' dir='ltr'>τὸν</span> <span class='ocrx_word' id='word_1_205' title='bbox 2228 1692 2533 1762; x_wconf 86' lang='grc' dir='ltr'>οἰκονόμον,</span> <span class='ocrx_word' id='word_1_206' title='bbox 2582 1691 2615 1761; x_wconf 79' lang='grc' dir='ltr'>ἦ</span> <span class='ocrx_word' id='word_1_207' title='bbox 2669 1708 2792 1743; x_wconf 87' lang='grc' dir='ltr'>τινα</span> <span class='ocrx_word' id='word_1_208' title='bbox 2841 1706 2947 1741; x_wconf 91' lang='grc' dir='ltr'><strong>των</strong></span> <span class='ocrx_word' id='word_1_209' title='bbox 3007 1689 3384 1756; x_wconf 76' lang='grc' dir='ltr'>μοναζουσῶν,</span> <span class='ocrx_word' id='word_1_210' title='bbox 3439 1689 3526 1755; x_wconf 63' lang='grc' dir='ltr'><strong>ἐφ’</strong></span> <span class='ocrx_word' id='word_1_211' title='bbox 3579 1683 3664 1751; x_wconf 73' lang='grc' dir='ltr'><strong>οἷς</strong></span> 
     </span>
    </p>
   </div>
   <div class='ocr_carea' id='block_1_33' title="bbox 406 1776 1994 1859">
    <p class='ocr_par' dir='ltr' id='par_1_33' title="bbox 406 1778 1980 1859">
     <span class='ocr_line' id='line_1_33' title="bbox 406 1778 1980 1859; baseline -0.015 -10"><span class='ocrx_word' id='word_1_212' title='bbox 406 1797 460 1850; x_wconf 91' lang='lat' dir='ltr'><strong>iu</strong></span> <span class='ocrx_word' id='word_1_213' title='bbox 495 1794 561 1846; x_wconf 93' lang='lat' dir='ltr'><strong>iis</strong></span> <span class='ocrx_word' id='word_1_214' title='bbox 599 1805 830 1859; x_wconf 87' lang='lat' dir='ltr'><strong>quarum</strong></span> <span class='ocrx_word' id='word_1_215' title='bbox 886 1798 1073 1839; x_wconf 83' lang='lat' dir='ltr'><strong>curam</strong></span> <span class='ocrx_word' id='word_1_216' title='bbox 1101 1790 1158 1836; x_wconf 89' lang='lat' dir='ltr'><strong>et</strong></span> <span class='ocrx_word' id='word_1_217' title='bbox 1190 1778 1728 1836; x_wconf 84' lang='lat' dir='ltr'><strong>administrationem</strong></span> <span class='ocrx_word' id='word_1_218' title='bbox 1757 1780 1980 1846; x_wconf 80' lang='lat' dir='ltr'><strong>gerunt,</strong></span> 
     </span>
    </p>
   </div>
   <div class='ocr_carea' id='block_1_34' title="bbox 2101 1776 3667 1859">
    <p class='ocr_par' dir='ltr' id='par_1_34' title="bbox 2101 1779 3667 1853">
     <span class='ocr_line' id='line_1_34' title="bbox 2101 1779 3667 1853; baseline -0.003 -17"><span class='ocrx_word' id='word_1_219' title='bbox 2101 1783 2346 1836; x_wconf 72' lang='grc' dir='ltr'>Ξιοικοῦσί</span> <span class='ocrx_word' id='word_1_220' title='bbox 2372 1800 2430 1835; x_wconf 91' lang='grc' dir='ltr'><strong>τε</strong></span> <span class='ocrx_word' id='word_1_221' title='bbox 2464 1783 2556 1836; x_wconf 76' lang='grc' dir='ltr'><strong>καὶ</strong></span> <span class='ocrx_word' id='word_1_222' title='bbox 2583 1781 2966 1853; x_wconf 82' lang='grc' dir='ltr'>προνοοῦνται,</span> <span class='ocrx_word' id='word_1_223' title='bbox 2997 1779 3058 1832; x_wconf 80' lang='grc' dir='ltr'>οὐ</span> <span class='ocrx_word' id='word_1_224' title='bbox 3077 1781 3185 1832; x_wconf 81' lang='grc' dir='ltr'>τῶν</span> <span class='ocrx_word' id='word_1_225' title='bbox 3214 1780 3667 1848; x_wconf 75' lang='grc' dir='ltr'>είσοδιαζομένων</span> 
     </span>
    </p>
   </div>
   <div class='ocr_carea' id='block_1_35' title="bbox 407 1865 1982 1950">
    <p class='ocr_par' dir='ltr' id='par_1_35' title="bbox 407 1865 1982 1950">
     <span class='ocr_line' id='line_1_35' title="bbox 407 1865 1982 1950; baseline -0.015 -9"><span class='ocrx_word' id='word_1_226' title='bbox 407 1885 510 1940; x_wconf 85' lang='lat' dir='ltr'><strong>sibi</strong></span> <span class='ocrx_word' id='word_1_227' title='bbox 543 1881 817 1950; x_wconf 86' lang='lat' dir='ltr'><strong>subjicere</strong></span> <span class='ocrx_word' id='word_1_228' title='bbox 843 1918 858 1943; x_wconf 93' lang='lat'><strong>,</strong></span> <span class='ocrx_word' id='word_1_229' title='bbox 892 1885 988 1931; x_wconf 90' lang='lat' dir='ltr'><strong>aut</strong></span> <span class='ocrx_word' id='word_1_230' title='bbox 1024 1875 1297 1930; x_wconf 89' lang='lat' dir='ltr'><strong>redituum</strong></span> <span class='ocrx_word' id='word_1_231' title='bbox 1342 1879 1398 1926; x_wconf 90' lang='lat' dir='ltr'><strong>et</strong></span> <span class='ocrx_word' id='word_1_232' title='bbox 1426 1871 1796 1940; x_wconf 86' lang='lat' dir='ltr'><strong>impensarum</strong></span> <span class='ocrx_word' id='word_1_233' title='bbox 1835 1865 1982 1921; x_wconf 86' lang='lat' dir='ltr'><strong>noti-</strong></span> 
     </span>
    </p>
   </div>
   <div class='ocr_carea' id='block_1_36' title="bbox 412 1959 1982 2045">
    <p class='ocr_par' dir='ltr' id='par_1_36' title="bbox 412 1959 1982 2045">
     <span class='ocr_line' id='line_1_36' title="bbox 412 1959 1982 2045; baseline -0.012 -12"><span class='ocrx_word' id='word_1_234' title='bbox 412 1980 540 2032; x_wconf 86' lang='lat' dir='ltr'><strong>tiam</strong></span> <span class='ocrx_word' id='word_1_235' title='bbox 597 1973 916 2045; x_wconf 80' lang='lat' dir='ltr'><strong>postulare:</strong></span> <span class='ocrx_word' id='word_1_236' title='bbox 957 1985 1062 2024; x_wconf 88' lang='lat' dir='ltr'><strong>nec</strong></span> <span class='ocrx_word' id='word_1_237' title='bbox 1108 1966 1430 2038; x_wconf 90' lang='lat' dir='ltr'><strong>quidlibete</strong></span> <span class='ocrx_word' id='word_1_238' title='bbox 1483 1963 1817 2018; x_wconf 88' lang='lat' dir='ltr'><strong>monasterio</strong></span> <span class='ocrx_word' id='word_1_239' title='bbox 1875 1959 1982 2016; x_wconf 85' lang='lat' dir='ltr'><strong>sibi</strong></span> 
     </span>
    </p>
   </div>
   <div class='ocr_carea' id='block_1_37' title="bbox 411 2055 1982 2129">
    <p class='ocr_par' dir='ltr' id='par_1_37' title="bbox 411 2055 1982 2129">
     <span class='ocr_line' id='line_1_37' title="bbox 411 2055 1982 2129; baseline -0.011 -5"><span class='ocrx_word' id='word_1_240' title='bbox 411 2083 628 2124; x_wconf 83' lang='lat' dir='ltr'><strong>sumere</strong></span> <span class='ocrx_word' id='word_1_241' title='bbox 657 2062 967 2125; x_wconf 87' lang='lat' dir='ltr'><strong>conabitur,</strong></span> <span class='ocrx_word' id='word_1_242' title='bbox 1000 2076 1102 2116; x_wconf 90' lang='lat' dir='ltr'><strong>nec</strong></span> <span class='ocrx_word' id='word_1_243' title='bbox 1123 2057 1424 2129; x_wconf 85' lang='lat' dir='ltr'><strong>quidquam</strong></span> <span class='ocrx_word' id='word_1_244' title='bbox 1457 2055 1510 2109; x_wconf 91' lang='lat' dir='ltr'><strong>in</strong></span> <span class='ocrx_word' id='word_1_245' title='bbox 1532 2069 1620 2109; x_wconf 91' lang='lat' dir='ltr'><strong>res</strong></span> <span class='ocrx_word' id='word_1_246' title='bbox 1643 2067 1771 2109; x_wconf 81' lang='lat' dir='ltr'><strong>suas</strong></span> <span class='ocrx_word' id='word_1_247' title='bbox 1801 2061 1982 2107; x_wconf 88' lang='lat' dir='ltr'><strong>trans-</strong></span> 
     </span>
    </p>
   </div>
   <div class='ocr_carea' id='block_1_38' title="bbox 411 2145 1987 2224">
    <p class='ocr_par' dir='ltr' id='par_1_38' title="bbox 411 2145 1987 2224">
     <span class='ocr_line' id='line_1_38' title="bbox 411 2145 1987 2224; baseline -0.012 -10"><span class='ocrx_word' id='word_1_248' title='bbox 411 2161 578 2224; x_wconf 83' lang='lat' dir='ltr'><strong>ferre,</strong></span> <span class='ocrx_word' id='word_1_249' title='bbox 613 2156 698 2212; x_wconf 91' lang='lat' dir='ltr'><strong>vel</strong></span> <span class='ocrx_word' id='word_1_250' title='bbox 730 2155 798 2209; x_wconf 91' lang='lat' dir='ltr'><strong>de</strong></span> <span class='ocrx_word' id='word_1_251' title='bbox 830 2169 897 2208; x_wconf 93' lang='lat' dir='ltr'><strong>eo</strong></span> <span class='ocrx_word' id='word_1_252' title='bbox 945 2152 1241 2221; x_wconf 88' lang='lat' dir='ltr'><strong>disponere</strong></span> <span class='ocrx_word' id='word_1_253' title='bbox 1273 2147 1638 2219; x_wconf 80' lang='lat' dir='ltr'><strong>aggredietur.</strong></span> <span class='ocrx_word' id='word_1_254' title='bbox 1691 2145 1825 2200; x_wconf 88' lang='lat' dir='ltr'><strong>Nam</strong></span> <span class='ocrx_word' id='word_1_255' title='bbox 1867 2157 1987 2196; x_wconf 86' lang='lat' dir='ltr'><strong>mo-</strong></span> 
     </span>
    </p>
   </div>
   <div class='ocr_carea' id='block_1_39' title="bbox 415 2236 1985 2314">
    <p class='ocr_par' dir='ltr' id='par_1_39' title="bbox 415 2236 1985 2314">
     <span class='ocr_line' id='line_1_39' title="bbox 415 2236 1985 2314; baseline -0.012 -8"><span class='ocrx_word' id='word_1_256' title='bbox 415 2249 639 2306; x_wconf 88' lang='lat' dir='ltr'><strong>nasterii</strong></span> <span class='ocrx_word' id='word_1_257' title='bbox 672 2247 1027 2314; x_wconf 84' lang='lat' dir='ltr'><strong>omniumque</strong></span> <span class='ocrx_word' id='word_1_258' title='bbox 1073 2256 1256 2297; x_wconf 90' lang='lat' dir='ltr'><strong>rerum</strong></span> <span class='ocrx_word' id='word_1_259' title='bbox 1290 2241 1409 2311; x_wconf 89' lang='lat' dir='ltr'><strong>ejus</strong></span> <span class='ocrx_word' id='word_1_260' title='bbox 1452 2236 1985 2294; x_wconf 86' lang='lat' dir='ltr'><strong>administrationem</strong></span> 
     </span>
    </p>
   </div>
   <div class='ocr_carea' id='block_1_40' title="bbox 415 2328 1986 2413">
    <p class='ocr_par' dir='ltr' id='par_1_40' title="bbox 415 2328 1986 2413">
     <span class='ocr_line' id='line_1_40' title="bbox 415 2328 1986 2413; baseline -0.011 -17"><span class='ocrx_word' id='word_1_261' title='bbox 415 2343 518 2413; x_wconf 90' lang='lat' dir='ltr'><strong>ipsi</strong></span> <span class='ocrx_word' id='word_1_262' title='bbox 545 2339 815 2410; x_wconf 65' lang='lat' dir='ltr'><strong>praefectze</strong></span> <span class='ocrx_word' id='word_1_263' title='bbox 846 2345 902 2392; x_wconf 92' lang='lat' dir='ltr'><strong>et</strong></span> <span class='ocrx_word' id='word_1_264' title='bbox 933 2332 1266 2388; x_wconf 89' lang='lat' dir='ltr'><strong>monialibus</strong></span> <span class='ocrx_word' id='word_1_265' title='bbox 1319 2328 1773 2400; x_wconf 75' lang='lat' dir='ltr'><strong>imperturbatum</strong></span> <span class='ocrx_word' id='word_1_266' title='bbox 1830 2341 1986 2381; x_wconf 87' lang='lat' dir='ltr'><strong>eom-</strong></span> 
     </span>
    </p>
   </div>
   <div class='ocr_carea' id='block_1_41' title="bbox 419 2415 1988 2496">
    <p class='ocr_par' dir='ltr' id='par_1_41' title="bbox 419 2415 1988 2496">
     <span class='ocr_line' id='line_1_41' title="bbox 419 2415 1988 2496; baseline -0.013 -9"><span class='ocrx_word' id='word_1_267' title='bbox 419 2431 709 2492; x_wconf 84' lang='lat' dir='ltr'><strong>mittimus,</strong></span> <span class='ocrx_word' id='word_1_268' title='bbox 742 2437 801 2482; x_wconf 83' lang='grc' dir='ltr'><strong>ιιι</strong></span> <span class='ocrx_word' id='word_1_269' title='bbox 829 2427 883 2480; x_wconf 90' lang='lat' dir='ltr'><strong>in</strong></span> <span class='ocrx_word' id='word_1_270' title='bbox 913 2424 1092 2496; x_wconf 81' lang='lat' dir='ltr'><strong>typico</strong></span> <span class='ocrx_word' id='word_1_271' title='bbox 1129 2420 1462 2476; x_wconf 90' lang='lat' dir='ltr'><strong>declaratur.</strong></span> <span class='ocrx_word' id='word_1_272' title='bbox 1483 2417 1595 2472; x_wconf 78' lang='lat' dir='ltr'><strong>Hac</strong></span> <span class='ocrx_word' id='word_1_273' title='bbox 1629 2415 1778 2471; x_wconf 90' lang='lat' dir='ltr'><strong>enim</strong></span> <span class='ocrx_word' id='word_1_274' title='bbox 1809 2415 1988 2470; x_wconf 87' lang='lat' dir='ltr'><strong>solum</strong></span> 
     </span>
    </p>
   </div>
   <div class='ocr_carea' id='block_1_42' title="bbox 418 2508 1992 2588">
    <p class='ocr_par' dir='ltr' id='par_1_42' title="bbox 418 2508 1992 2588">
     <span class='ocr_line' id='line_1_42' title="bbox 418 2508 1992 2588; baseline -0.011 -10"><span class='ocrx_word' id='word_1_275' title='bbox 418 2524 485 2579; x_wconf 85' lang='lat' dir='ltr'><strong>de</strong></span> <span class='ocrx_word' id='word_1_276' title='bbox 538 2536 703 2578; x_wconf 84' lang='lat' dir='ltr'><strong>causa</strong></span> <span class='ocrx_word' id='word_1_277' title='bbox 751 2516 1043 2588; x_wconf 60' lang='lat' dir='ltr'><strong>prsidia-tas</strong></span> <span class='ocrx_word' id='word_1_278' title='bbox 1095 2511 1432 2568; x_wconf 87' lang='lat' dir='ltr'><strong>monasterio</strong></span> <span class='ocrx_word' id='word_1_279' title='bbox 1514 2508 1871 2579; x_wconf 91' lang='lat' dir='ltr'><strong>imponimus,</strong></span> <span class='ocrx_word' id='word_1_280' title='bbox 1931 2513 1992 2560; x_wconf 89' lang='lat' dir='ltr'><strong>ut</strong></span> 
     </span>
    </p>
   </div>
   <div class='ocr_carea' id='block_1_43' title="bbox 420 2607 1991 2689">
    <p class='ocr_par' dir='ltr' id='par_1_43' title="bbox 420 2607 1991 2689">
     <span class='ocr_line' id='line_1_43' title="bbox 420 2607 1991 2689; baseline -0.012 -17"><span class='ocrx_word' id='word_1_281' title='bbox 420 2619 598 2689; x_wconf 89' lang='lat' dir='ltr'><strong>ipsum</strong></span> <span class='ocrx_word' id='word_1_282' title='bbox 649 2629 776 2670; x_wconf 89' lang='lat' dir='ltr'><strong>eum</strong></span> <span class='ocrx_word' id='word_1_283' title='bbox 821 2610 981 2668; x_wconf 90' lang='lat' dir='ltr'><strong>bonis</strong></span> <span class='ocrx_word' id='word_1_284' title='bbox 1042 2607 1156 2663; x_wconf 90' lang='lat' dir='ltr'><strong>suis</strong></span> <span class='ocrx_word' id='word_1_285' title='bbox 1210 2613 1539 2662; x_wconf 83' lang='lat' dir='ltr'><strong>conservent</strong></span> <span class='ocrx_word' id='word_1_286' title='bbox 1582 2612 1640 2658; x_wconf 77' lang='lat' dir='ltr'><strong>et</strong></span> <span class='ocrx_word' id='word_1_287' title='bbox 1684 2608 1991 2672; x_wconf 76' lang='lat' dir='ltr'><strong>protegant,</strong></span> 
     </span>
    </p>
   </div>
   <div class='ocr_carea' id='block_1_44' title="bbox 421 2691 1991 2768">
    <p class='ocr_par' dir='ltr' id='par_1_44' title="bbox 421 2691 1991 2768">
     <span class='ocr_line' id='line_1_44' title="bbox 421 2691 1991 2768; baseline -0.014 -4"><span class='ocrx_word' id='word_1_288' title='bbox 421 2712 749 2764; x_wconf 79' lang='lat' dir='ltr'><strong>altercantes</strong></span> <span class='ocrx_word' id='word_1_289' title='bbox 781 2701 1045 2758; x_wconf 90' lang='lat' dir='ltr'><strong>moniales</strong></span> <span class='ocrx_word' id='word_1_290' title='bbox 1065 2699 1120 2753; x_wconf 90' lang='lat' dir='ltr'><strong>in</strong></span> <span class='ocrx_word' id='word_1_291' title='bbox 1147 2711 1336 2768; x_wconf 90' lang='lat' dir='ltr'><strong>pacem</strong></span> <span class='ocrx_word' id='word_1_292' title='bbox 1385 2703 1566 2765; x_wconf 79' lang='lat' dir='ltr'><strong>agant,</strong></span> <span class='ocrx_word' id='word_1_293' title='bbox 1595 2693 1825 2761; x_wconf 89' lang='lat' dir='ltr'><strong>illosque</strong></span> <span class='ocrx_word' id='word_1_294' title='bbox 1865 2691 1991 2744; x_wconf 89' lang='lat' dir='ltr'><strong>abs-</strong></span> 
     </span>
    </p>
   </div>
   <div class='ocr_carea' id='block_1_45' title="bbox 425 2781 1996 2866">
    <p class='ocr_par' dir='ltr' id='par_1_45' title="bbox 425 2781 1996 2866">
     <span class='ocr_line' id='line_1_45' title="bbox 425 2781 1996 2866; baseline -0.015 -10"><span class='ocrx_word' id='word_1_295' title='bbox 425 2807 667 2856; x_wconf 90' lang='lat' dir='ltr'><strong>terreant</strong></span> <span class='ocrx_word' id='word_1_296' title='bbox 713 2797 807 2865; x_wconf 85' lang='lat' dir='ltr'><strong>qui</strong></span> <span class='ocrx_word' id='word_1_297' title='bbox 841 2797 967 2866; x_wconf 84' lang='lat' dir='ltr'><strong>jura</strong></span> <span class='ocrx_word' id='word_1_298' title='bbox 1014 2787 1335 2846; x_wconf 88' lang='lat' dir='ltr'><strong>monasterii</strong></span> <span class='ocrx_word' id='word_1_299' title='bbox 1389 2801 1678 2856; x_wconf 82' lang='lat' dir='ltr'><strong>usurpare,</strong></span> <span class='ocrx_word' id='word_1_300' title='bbox 1713 2792 1807 2837; x_wconf 88' lang='lat' dir='ltr'><strong>aut</strong></span> <span class='ocrx_word' id='word_1_301' title='bbox 1837 2781 1996 2850; x_wconf 86' lang='lat' dir='ltr'><strong>quid-</strong></span> 
     </span>
    </p>
   </div>
   <div class='ocr_carea' id='block_1_46' title="bbox 420 2868 1997 2962">
    <p class='ocr_par' dir='ltr' id='par_1_46' title="bbox 420 2868 1997 2962">
     <span class='ocr_line' id='line_1_46' title="bbox 420 2868 1997 2962; baseline -0.014 -18"><span class='ocrx_word' id='word_1_302' title='bbox 420 2891 568 2962; x_wconf 81' lang='lat' dir='ltr'><strong>piam</strong></span> <span class='ocrx_word' id='word_1_303' title='bbox 599 2890 703 2944; x_wconf 83' lang='lat' dir='ltr'><strong>hoc</strong></span> <span class='ocrx_word' id='word_1_304' title='bbox 745 2886 924 2958; x_wconf 82' lang='lat' dir='ltr'><strong>typico</strong></span> <span class='ocrx_word' id='word_1_305' title='bbox 967 2883 1238 2937; x_wconf 84' lang='lat' dir='ltr'><strong>sancitum</strong></span> <span class='ocrx_word' id='word_1_306' title='bbox 1281 2875 1600 2931; x_wconf 88' lang='lat' dir='ltr'><strong>rescindere</strong></span> <span class='ocrx_word' id='word_1_307' title='bbox 1637 2873 1856 2926; x_wconf 79' lang='lat' dir='ltr'><strong>vellent.</strong></span> <span class='ocrx_word' id='word_1_308' title='bbox 1884 2868 1997 2924; x_wconf 85' lang='lat' dir='ltr'><strong>Sed</strong></span> 
     </span>
    </p>
   </div>
   <div class='ocr_carea' id='block_1_47' title="bbox 422 2961 2000 3039">
    <p class='ocr_par' dir='ltr' id='par_1_47' title="bbox 422 2961 2000 3039">
     <span class='ocr_line' id='line_1_47' title="bbox 422 2961 2000 3039; baseline -0.014 -1"><span class='ocrx_word' id='word_1_309' title='bbox 422 2961 561 3038; x_wconf 77' lang='lat' dir='ltr'><strong>satis</strong></span> <span class='ocrx_word' id='word_1_310' title='bbox 593 2979 801 3035; x_wconf 88' lang='lat' dir='ltr'><strong>habere</strong></span> <span class='ocrx_word' id='word_1_311' title='bbox 834 2977 1058 3039; x_wconf 87' lang='lat' dir='ltr'><strong>debent,</strong></span> <span class='ocrx_word' id='word_1_312' title='bbox 1114 2972 1244 3026; x_wconf 91' lang='lat' dir='ltr'><strong>dum</strong></span> <span class='ocrx_word' id='word_1_313' title='bbox 1290 2967 1537 3038; x_wconf 89' lang='lat' dir='ltr'><strong>quotidie</strong></span> <span class='ocrx_word' id='word_1_314' title='bbox 1586 2961 2000 3018; x_wconf 82' lang='lat' dir='ltr'><strong>inmonasterio</strong></span> 
     </span>
    </p>
   </div>
   <div class='ocr_carea' id='block_1_48' title="bbox 431 3053 1999 3133">
    <p class='ocr_par' dir='ltr' id='par_1_48' title="bbox 431 3053 1999 3133">
     <span class='ocr_line' id='line_1_48' title="bbox 431 3053 1999 3133; baseline -0.015 -4"><span class='ocrx_word' id='word_1_315' title='bbox 431 3072 695 3129; x_wconf 87' lang='lat' dir='ltr'><strong>memoria</strong></span> <span class='ocrx_word' id='word_1_316' title='bbox 719 3083 908 3125; x_wconf 88' lang='lat' dir='ltr'><strong>earum</strong></span> <span class='ocrx_word' id='word_1_317' title='bbox 941 3065 1054 3132; x_wconf 80' lang='lat' dir='ltr'><strong>ﬁat,</strong></span> <span class='ocrx_word' id='word_1_318' title='bbox 1091 3074 1146 3118; x_wconf 86' lang='lat' dir='ltr'><strong>et</strong></span> <span class='ocrx_word' id='word_1_319' title='bbox 1167 3069 1291 3133; x_wconf 90' lang='lat' dir='ltr'><strong>post</strong></span> <span class='ocrx_word' id='word_1_320' title='bbox 1325 3059 1536 3116; x_wconf 85' lang='lat' dir='ltr'><strong>obitum</strong></span> <span class='ocrx_word' id='word_1_321' title='bbox 1579 3057 1636 3112; x_wconf 91' lang='lat' dir='ltr'><strong>in</strong></span> <span class='ocrx_word' id='word_1_322' title='bbox 1682 3055 1856 3111; x_wconf 75' lang='lat' dir='ltr'><strong>sacris</strong></span> <span class='ocrx_word' id='word_1_323' title='bbox 1877 3053 1999 3123; x_wconf 85' lang='lat' dir='ltr'><strong>dip-</strong></span> 
     </span>
    </p>
   </div>
   <div class='ocr_carea' id='block_1_49' title="bbox 430 3160 1060 3238">
    <p class='ocr_par' dir='ltr' id='par_1_49' title="bbox 430 3160 1060 3238">
     <span class='ocr_line' id='line_1_49' title="bbox 430 3160 1060 3238; baseline -0.013 -20"><span class='ocrx_word' id='word_1_324' title='bbox 430 3165 610 3238; x_wconf 85' lang='lat' dir='ltr'><strong>tycbis</strong></span> <span class='ocrx_word' id='word_1_325' title='bbox 654 3160 1060 3217; x_wconf 85' lang='lat' dir='ltr'><strong>describantur.</strong></span> 
     </span>
    </p>
   </div>
   <div class='ocr_carea' id='block_1_50' title="bbox 498 3239 2000 3322">
    <p class='ocr_par' dir='ltr' id='par_1_50' title="bbox 498 3239 2000 3322">
     <span class='ocr_line' id='line_1_50' title="bbox 498 3239 2000 3322; baseline -0.015 -8"><span class='ocrx_word' id='word_1_326' title='bbox 498 3259 766 3314; x_wconf 83' lang='lat' dir='ltr'><strong>Volumus</strong></span> <span class='ocrx_word' id='word_1_327' title='bbox 791 3253 937 3309; x_wconf 91' lang='lat' dir='ltr'><strong>enim</strong></span> <span class='ocrx_word' id='word_1_328' title='bbox 974 3264 1214 3322; x_wconf 57' lang='lat' dir='ltr'><strong>praesens</strong></span> <span class='ocrx_word' id='word_1_329' title='bbox 1257 3246 1496 3319; x_wconf 82' lang='lat' dir='ltr'><strong>typicum</strong></span> <span class='ocrx_word' id='word_1_330' title='bbox 1531 3241 1756 3296; x_wconf 90' lang='lat' dir='ltr'><strong>omnino</strong></span> <span class='ocrx_word' id='word_1_331' title='bbox 1780 3239 2000 3294; x_wconf 83' lang='lat' dir='ltr'><strong>ﬁrmum</strong></span> 
     </span>
    </p>
   </div>
   <div class='ocr_carea' id='block_1_51' title="bbox 429 3329 2003 3416">
    <p class='ocr_par' dir='ltr' id='par_1_51' title="bbox 429 3329 2003 3416">
     <span class='ocr_line' id='line_1_51' title="bbox 429 3329 2003 3416; baseline -0.015 -10"><span class='ocrx_word' id='word_1_332' title='bbox 429 3351 862 3416; x_wconf 84' lang='lat' dir='ltr'><strong>inviolatumque</strong></span> <span class='ocrx_word' id='word_1_333' title='bbox 909 3357 1124 3413; x_wconf 89' lang='lat' dir='ltr'><strong>semper</strong></span> <span class='ocrx_word' id='word_1_334' title='bbox 1171 3339 1372 3409; x_wconf 79' lang='lat' dir='ltr'><strong>vigere,</strong></span> <span class='ocrx_word' id='word_1_335' title='bbox 1430 3343 1485 3389; x_wconf 86' lang='lat' dir='ltr'><strong>et</strong></span> <span class='ocrx_word' id='word_1_336' title='bbox 1541 3346 1724 3403; x_wconf 87' lang='lat' dir='ltr'><strong>neque</strong></span> <span class='ocrx_word' id='word_1_337' title='bbox 1791 3329 2003 3386; x_wconf 87' lang='lat' dir='ltr'><strong>addita-</strong></span> 
     </span>
    </p>
   </div>
   <div class='ocr_carea' id='block_1_52' title="bbox 430 3422 2004 3504">
    <p class='ocr_par' dir='ltr' id='par_1_52' title="bbox 430 3422 2004 3504">
     <span class='ocr_line' id='line_1_52' title="bbox 430 3422 2004 3504; baseline -0.015 -6"><span class='ocrx_word' id='word_1_338' title='bbox 430 3453 696 3504; x_wconf 86' lang='lat' dir='ltr'><strong>mentum,</strong></span> <span class='ocrx_word' id='word_1_339' title='bbox 720 3439 804 3493; x_wconf 89' lang='lat' dir='ltr'><strong>vel</strong></span> <span class='ocrx_word' id='word_1_340' title='bbox 839 3434 1231 3492; x_wconf 84' lang='lat' dir='ltr'><strong>delractionem</strong></span> <span class='ocrx_word' id='word_1_341' title='bbox 1257 3436 1351 3484; x_wconf 87' lang='lat' dir='ltr'><strong>aut</strong></span> <span class='ocrx_word' id='word_1_342' title='bbox 1379 3425 1737 3482; x_wconf 88' lang='lat' dir='ltr'><strong>mutationem</strong></span> <span class='ocrx_word' id='word_1_343' title='bbox 1799 3422 2004 3498; x_wconf 13' lang='lat' dir='ltr'><strong>admit.-</strong></span> 
     </span>
    </p>
   </div>
   <div class='ocr_carea' id='block_1_53' title="bbox 432 3495 2001 3599">
    <p class='ocr_par' dir='ltr' id='par_1_53' title="bbox 432 3495 2001 3599">
     <span class='ocr_line' id='line_1_53' title="bbox 432 3495 2001 3599; baseline -0.014 -12"><span class='ocrx_word' id='word_1_344' title='bbox 432 3545 569 3589; x_wconf 89' lang='lat' dir='ltr'><strong>tere.</strong></span> <span class='ocrx_word' id='word_1_345' title='bbox 625 3531 915 3599; x_wconf 84' lang='lat' dir='ltr'><strong>Nunquam</strong></span> <span class='ocrx_word' id='word_1_346' title='bbox 972 3526 1117 3580; x_wconf 90' lang='lat' dir='ltr'><strong>enim</strong></span> <span class='ocrx_word' id='word_1_347' title='bbox 1172 3519 1451 3592; x_wconf 87' lang='lat' dir='ltr'><strong>quidpiam</strong></span> <span class='ocrx_word' id='word_1_348' title='bbox 1485 3517 1541 3571; x_wconf 91' lang='lat' dir='ltr'><strong>in</strong></span> <span class='ocrx_word' id='word_1_349' title='bbox 1571 3531 1637 3570; x_wconf 90' lang='lat' dir='ltr'><strong>eo</strong></span> <span class='ocrx_word' id='word_1_350' title='bbox 1669 3495 2001 3569; x_wconf 84' lang='lat' dir='ltr'><strong>declaratum</strong></span> 
     </span>
    </p>
   </div>
   <div class='ocr_carea' id='block_1_54' title="bbox 433 3606 2007 3679">
    <p class='ocr_par' dir='ltr' id='par_1_54' title="bbox 433 3606 2007 3679">
     <span class='ocr_line' id='line_1_54' title="bbox 433 3606 2007 3679; baseline -0.015 1"><span class='ocrx_word' id='word_1_351' title='bbox 433 3634 531 3679; x_wconf 86' lang='lat' dir='ltr'><strong>aut</strong></span> <span class='ocrx_word' id='word_1_352' title='bbox 558 3620 947 3678; x_wconf 86' lang='lat' dir='ltr'><strong>declarandum</strong></span> <span class='ocrx_word' id='word_1_353' title='bbox 991 3615 1356 3677; x_wconf 88' lang='lat' dir='ltr'><strong>rescindetur,</strong></span> <span class='ocrx_word' id='word_1_354' title='bbox 1392 3625 1494 3664; x_wconf 89' lang='lat' dir='ltr'><strong>nec</strong></span> <span class='ocrx_word' id='word_1_355' title='bbox 1525 3608 1686 3662; x_wconf 91' lang='lat' dir='ltr'><strong>modo</strong></span> <span class='ocrx_word' id='word_1_356' title='bbox 1710 3618 1806 3661; x_wconf 87' lang='lat' dir='ltr'><strong>aut</strong></span> <span class='ocrx_word' id='word_1_357' title='bbox 1831 3606 2007 3659; x_wconf 82' lang='lat' dir='ltr'><strong>varie-</strong></span> 
     </span>
    </p>
   </div>
   <div class='ocr_carea' id='block_1_55' title="bbox 436 3698 2008 3784">
    <p class='ocr_par' dir='ltr' id='par_1_55' title="bbox 436 3698 2008 3784">
     <span class='ocr_line' id='line_1_55' title="bbox 436 3698 2008 3784; baseline -0.014 -14"><span class='ocrx_word' id='word_1_358' title='bbox 436 3727 547 3770; x_wconf 73' lang='lat' dir='ltr'><strong>tate</strong></span> <span class='ocrx_word' id='word_1_359' title='bbox 578 3713 770 3784; x_wconf 90' lang='lat' dir='ltr'><strong>quavis</strong></span> <span class='ocrx_word' id='word_1_360' title='bbox 799 3726 829 3763; x_wconf 92' lang='lat' dir='ltr'><strong>a</strong></span> <span class='ocrx_word' id='word_1_361' title='bbox 861 3720 1210 3778; x_wconf 81' lang='lat' dir='ltr'><strong>quocunque,</strong></span> <span class='ocrx_word' id='word_1_362' title='bbox 1243 3703 1329 3757; x_wconf 90' lang='lat' dir='ltr'><strong>vel</strong></span> <span class='ocrx_word' id='word_1_363' title='bbox 1366 3701 1529 3755; x_wconf 88' lang='lat' dir='ltr'><strong>unico</strong></span> <span class='ocrx_word' id='word_1_364' title='bbox 1582 3698 1843 3768; x_wconf 88' lang='lat' dir='ltr'><strong>temporis</strong></span> <span class='ocrx_word' id='word_1_365' title='bbox 1885 3710 2008 3750; x_wconf 90' lang='lat' dir='ltr'><strong>mo-</strong></span> 
     </span>
    </p>
   </div>
   <div class='ocr_carea' id='block_1_56' title="bbox 438 3788 2008 3870">
    <p class='ocr_par' dir='ltr' id='par_1_56' title="bbox 438 3788 2008 3870">
     <span class='ocr_line' id='line_1_56' title="bbox 438 3788 2008 3870; baseline -0.015 -9"><span class='ocrx_word' id='word_1_366' title='bbox 438 3815 644 3870; x_wconf 89' lang='lat' dir='ltr'><strong>mento,</strong></span> <span class='ocrx_word' id='word_1_367' title='bbox 701 3799 1010 3859; x_wconf 83' lang='lat' dir='ltr'><strong>alIicietur,</strong></span> <span class='ocrx_word' id='word_1_368' title='bbox 1066 3794 1281 3850; x_wconf 88' lang='lat' dir='ltr'><strong>etiamsi</strong></span> <span class='ocrx_word' id='word_1_369' title='bbox 1339 3791 1512 3844; x_wconf 89' lang='lat' dir='ltr'><strong>multo</strong></span> <span class='ocrx_word' id='word_1_370' title='bbox 1572 3788 1831 3842; x_wconf 87' lang='lat' dir='ltr'><strong>meliores</strong></span> <span class='ocrx_word' id='word_1_371' title='bbox 1882 3800 2008 3839; x_wconf 89' lang='lat' dir='ltr'><strong>san-</strong></span> 
     </span>
    </p>
   </div>
   <div class='ocr_carea' id='block_1_57' title="bbox 437 3878 2008 3963">
    <p class='ocr_par' dir='ltr' id='par_1_57' title="bbox 437 3878 2008 3963">
     <span class='ocr_line' id='line_1_57' title="bbox 437 3878 2008 3963; baseline -0.015 -10"><span class='ocrx_word' id='word_1_372' title='bbox 437 3899 670 3963; x_wconf 89' lang='lat' dir='ltr'><strong>ctiones,</strong></span> <span class='ocrx_word' id='word_1_373' title='bbox 705 3902 760 3949; x_wconf 87' lang='lat' dir='ltr'><strong>et</strong></span> <span class='ocrx_word' id='word_1_374' title='bbox 789 3888 1102 3948; x_wconf 80' lang='lat' dir='ltr'><strong>domesticae</strong></span> <span class='ocrx_word' id='word_1_375' title='bbox 1138 3885 1220 3940; x_wconf 89' lang='lat' dir='ltr'><strong>rei</strong></span> <span class='ocrx_word' id='word_1_376' title='bbox 1255 3881 1516 3955; x_wconf 69' lang='lat' dir='ltr'><strong>gerenda:</strong></span> <span class='ocrx_word' id='word_1_377' title='bbox 1559 3878 2008 3941; x_wconf 88' lang='lat' dir='ltr'><strong>constitutiones,</strong></span> 
     </span>
    </p>
   </div>
   <div class='ocr_carea' id='block_1_58' title="bbox 438 3968 2003 4054">
    <p class='ocr_par' dir='ltr' id='par_1_58' title="bbox 438 3968 2003 4054">
     <span class='ocr_line' id='line_1_58' title="bbox 438 3968 2003 4054; baseline -0.015 -10"><span class='ocrx_word' id='word_1_378' title='bbox 438 3990 551 4043; x_wconf 86' lang='lat' dir='ltr'><strong>sive</strong></span> <span class='ocrx_word' id='word_1_379' title='bbox 574 3987 640 4042; x_wconf 89' lang='lat' dir='ltr'><strong>ab</strong></span> <span class='ocrx_word' id='word_1_380' title='bbox 681 3987 796 4054; x_wconf 88' lang='lat' dir='ltr'><strong>ipsa</strong></span> <span class='ocrx_word' id='word_1_381' title='bbox 826 3981 1100 4054; x_wconf 68' lang='lat' dir='ltr'><strong>praifecta,</strong></span> <span class='ocrx_word' id='word_1_382' title='bbox 1128 3976 1243 4033; x_wconf 89' lang='lat' dir='ltr'><strong>sive</strong></span> <span class='ocrx_word' id='word_1_383' title='bbox 1272 3991 1302 4030; x_wconf 92' lang='lat' dir='ltr'><strong>a</strong></span> <span class='ocrx_word' id='word_1_384' title='bbox 1320 3971 1636 4028; x_wconf 85' lang='lat' dir='ltr'><strong>monasterii</strong></span> <span class='ocrx_word' id='word_1_385' title='bbox 1671 3979 1904 4040; x_wconf 86' lang='lat' dir='ltr'><strong>patrona</strong></span> <span class='ocrx_word' id='word_1_386' title='bbox 1943 3968 2003 4022; x_wconf 90' lang='lat' dir='ltr'><strong>in</strong></span> 
     </span>
    </p>
   </div>
   <div class='ocr_carea' id='block_1_59' title="bbox 441 4060 2009 4138">
    <p class='ocr_par' dir='ltr' id='par_1_59' title="bbox 441 4060 2009 4138">
     <span class='ocr_line' id='line_1_59' title="bbox 441 4060 2009 4138; baseline -0.016 -1"><span class='ocrx_word' id='word_1_387' title='bbox 441 4079 830 4137; x_wconf 88' lang='lat' dir='ltr'><strong>monasterium</strong></span> <span class='ocrx_word' id='word_1_388' title='bbox 852 4076 1262 4133; x_wconf 86' lang='lat' dir='ltr'><strong>inducerentur,</strong></span> <span class='ocrx_word' id='word_1_389' title='bbox 1290 4065 1492 4138; x_wconf 87' lang='lat' dir='ltr'><strong>quibus</strong></span> <span class='ocrx_word' id='word_1_390' title='bbox 1517 4065 1682 4119; x_wconf 89' lang='lat' dir='ltr'><strong>etiam</strong></span> <span class='ocrx_word' id='word_1_391' title='bbox 1711 4060 2009 4116; x_wconf 80' lang='lat' dir='ltr'><strong>maximum</strong></span> 
     </span>
    </p>
   </div>
   <div class='ocr_carea' id='block_1_60' title="bbox 439 4152 2012 4244">
    <p class='ocr_par' dir='ltr' id='par_1_60' title="bbox 439 4152 2012 4244">
     <span class='ocr_line' id='line_1_60' title="bbox 439 4152 2012 4244; baseline -0.013 -17"><span class='ocrx_word' id='word_1_392' title='bbox 439 4176 558 4244; x_wconf 82' lang='lat' dir='ltr'><strong>ejus</strong></span> <span class='ocrx_word' id='word_1_393' title='bbox 603 4173 984 4236; x_wconf 87' lang='lat' dir='ltr'><strong>bonorumque</strong></span> <span class='ocrx_word' id='word_1_394' title='bbox 1036 4162 1209 4234; x_wconf 90' lang='lat' dir='ltr'><strong>ipsius</strong></span> <span class='ocrx_word' id='word_1_395' title='bbox 1261 4164 1642 4230; x_wconf 83' lang='lat' dir='ltr'><strong>augmentum,</strong></span> <span class='ocrx_word' id='word_1_396' title='bbox 1705 4163 1764 4209; x_wconf 89' lang='lat' dir='ltr'><strong>et</strong></span> <span class='ocrx_word' id='word_1_397' title='bbox 1815 4152 2012 4208; x_wconf 87' lang='lat' dir='ltr'><strong>melior</strong></span> 
     </span>
    </p>
   </div>
   <div class='ocr_carea' id='block_1_61' title="bbox 443 4262 1317 4328">
    <p class='ocr_par' dir='ltr' id='par_1_61' title="bbox 443 4262 1317 4328">
     <span class='ocr_line' id='line_1_61' title="bbox 443 4262 1317 4328; baseline -0.017 -8"><span class='ocrx_word' id='word_1_398' title='bbox 443 4279 626 4320; x_wconf 81' lang='lat' dir='ltr'><strong>rerum</strong></span> <span class='ocrx_word' id='word_1_399' title='bbox 657 4271 832 4318; x_wconf 87' lang='lat' dir='ltr'><strong>status</strong></span> <span class='ocrx_word' id='word_1_400' title='bbox 884 4262 1317 4328; x_wconf 81' lang='lat' dir='ltr'><strong>exspectaretur.</strong></span> 
     </span>
    </p>
   </div>
   <div class='ocr_carea' id='block_1_62' title="bbox 1032 4387 1409 4445">
    <p class='ocr_par' dir='ltr' id='par_1_62' title="bbox 1032 4387 1409 4445">
     <span class='ocr_line' id='line_1_62' title="bbox 1032 4387 1409 4445; baseline -0.013 0"><span class='ocrx_word' id='word_1_401' title='bbox 1032 4387 1262 4445; x_wconf 81' lang='lat' dir='ltr'><strong>CAPUT</strong></span> <span class='ocrx_word' id='word_1_402' title='bbox 1320 4387 1409 4442; x_wconf 79' lang='lat' dir='ltr'><strong>IV.</strong></span> 
     </span>
    </p>
   </div>
   <div class='ocr_carea' id='block_1_63' title="bbox 443 4499 2005 4584">
    <p class='ocr_par' dir='ltr' id='par_1_63' title="bbox 443 4499 2005 4584">
     <span class='ocr_line' id='line_1_63' title="bbox 443 4499 2005 4584; baseline -0.012 -14"><span class='ocrx_word' id='word_1_403' title='bbox 443 4510 783 4584; x_wconf 15' lang='lat' dir='ltr'><strong>Quomodorin</strong></span> <span class='ocrx_word' id='word_1_404' title='bbox 812 4507 1129 4584; x_wconf 68' lang='lat' dir='ltr'><strong>monasterio</strong></span> <span class='ocrx_word' id='word_1_405' title='bbox 1144 4504 1344 4558; x_wconf 77' lang='lat' dir='ltr'><strong>versari</strong></span> <span class='ocrx_word' id='word_1_406' title='bbox 1368 4499 1586 4584; x_wconf 61' lang='lat' dir='ltr'><strong>debeant</strong></span> <span class='ocrx_word' id='word_1_407' title='bbox 1612 4505 1786 4584; x_wconf 48' lang='lat' dir='ltr'><strong>neptes</strong></span> <span class='ocrx_word' id='word_1_408' title='bbox 1807 4509 2005 4584; x_wconf 72' lang='lat' dir='ltr'><strong>nostrw</strong></span> 
     </span>
    </p>
   </div>
   <div class='ocr_carea' id='block_1_64' title="bbox 511 4566 2014 4658">
    <p class='ocr_par' dir='ltr' id='par_1_64' title="bbox 511 4566 2014 4658">
     <span class='ocr_line' id='line_1_64' title="bbox 511 4566 2014 4658; baseline -0.013 -19"><span class='ocrx_word' id='word_1_409' title='bbox 511 4566 642 4658; x_wconf 58' lang='lat' dir='ltr'><strong>quas</strong></span> <span class='ocrx_word' id='word_1_410' title='bbox 690 4577 956 4658; x_wconf 67' lang='lat' dir='ltr'><strong>detonderi</strong></span> <span class='ocrx_word' id='word_1_411' title='bbox 986 4578 1271 4644; x_wconf 78' lang='lat' dir='ltr'><strong>continget,</strong></span> <span class='ocrx_word' id='word_1_412' title='bbox 1304 4566 2014 4658; x_wconf 36' lang='lat' dir='ltr'><strong>quib‘usqueoin&#39;lillo&#39;deqere</strong></span> 
     </span>
    </p>
   </div>
   <div class='ocr_carea' id='block_1_65' title="bbox 510 4636 2014 4716">
    <p class='ocr_par' dir='ltr' id='par_1_65' title="bbox 510 4636 2014 4716">
     <span class='ocr_line' id='line_1_65' title="bbox 510 4636 2014 4716; baseline -0.013 -6"><span class='ocrx_word' id='word_1_413' title='bbox 510 4636 838 4711; x_wconf 60' lang='lat' dir='ltr'><strong>concedetur,</strong></span> <span class='ocrx_word' id='word_1_414' title='bbox 892 4661 1088 4699; x_wconf 82' lang='lat' dir='ltr'><strong>necnon</strong></span> <span class='ocrx_word' id='word_1_415' title='bbox 1119 4636 1236 4716; x_wconf 63' lang='lat' dir='ltr'><strong>quae</strong></span> <span class='ocrx_word' id='word_1_416' title='bbox 1275 4636 1336 4695; x_wconf 62' lang='lat' dir='ltr'><strong>ei;</strong></span> <span class='ocrx_word' id='word_1_417' title='bbox 1385 4638 1600 4716; x_wconf 71' lang='lat' dir='ltr'><strong>clariori</strong></span> <span class='ocrx_word' id='word_1_418' title='bbox 1649 4636 2014 4716; x_wconf 68' lang='lat' dir='ltr'><strong>ot_aplenih’da</strong></span> 
     </span>
    </p>
   </div>
   <div class='ocr_carea' id='block_1_66' title="bbox 512 4707 2021 4782">
    <p class='ocr_par' dir='ltr' id='par_1_66' title="bbox 512 4707 2021 4782">
     <span class='ocr_line' id='line_1_66' title="bbox 512 4707 2021 4782; baseline -0.015 -1"><span class='ocrx_word' id='word_1_419' title='bbox 512 4707 623 4782; x_wconf 58' lang='lat' dir='ltr'><strong>vita</strong></span> <span class='ocrx_word' id='word_1_420' title='bbox 668 4723 736 4777; x_wconf 85' lang='lat' dir='ltr'><strong>ad</strong></span> <span class='ocrx_word' id='word_1_421' title='bbox 777 4707 870 4772; x_wconf 79' lang='lat' dir='ltr'><strong>hoc</strong></span> <span class='ocrx_word' id='word_1_422' title='bbox 914 4707 1288 4771; x_wconf 69' lang='lat' dir='ltr'><strong>monasterium</strong></span> <span class='ocrx_word' id='word_1_423' title='bbox 1327 4709 1650 4772; x_wconf 74' lang='lat' dir='ltr'><strong>accedentes,</strong></span> <span class='ocrx_word' id='word_1_424' title='bbox 1699 4707 1758 4759; x_wconf 75' lang='lat' dir='ltr'><strong>in</strong></span> <span class='ocrx_word' id='word_1_425' title='bbox 1809 4723 1870 4761; x_wconf 85' lang='lat' dir='ltr'><strong>eo</strong></span> <span class='ocrx_word' id='word_1_426' title='bbox 1903 4717 2021 4762; x_wconf 82' lang='lat' dir='ltr'><strong>ton-</strong></span> 
     </span>
    </p>
   </div>
   <div class='ocr_carea' id='block_1_67' title="bbox 513 4798 724 4850">
    <p class='ocr_par' dir='ltr' id='par_1_67' title="bbox 513 4798 724 4850">
     <span class='ocr_line' id='line_1_67' title="bbox 513 4798 724 4850; baseline -0.014 0"><span class='ocrx_word' id='word_1_427' title='bbox 513 4798 724 4850; x_wconf 84' lang='lat' dir='ltr'><strong>dentur.</strong></span> 
     </span>
    </p>
   </div>
   <div class='ocr_carea' id='block_1_68' title="bbox 517 4889 2018 4980">
    <p class='ocr_par' dir='ltr' id='par_1_68' title="bbox 517 4889 2018 4980">
     <span class='ocr_line' id='line_1_68' title="bbox 517 4889 2018 4980; baseline -0.017 -13"><span class='ocrx_word' id='word_1_428' title='bbox 517 4913 574 4966; x_wconf 89' lang='lat' dir='ltr'><strong>Si</strong></span> <span class='ocrx_word' id='word_1_429' title='bbox 601 4923 724 4980; x_wconf 80' lang='lat' dir='ltr'><strong>quae</strong></span> <span class='ocrx_word' id='word_1_430' title='bbox 761 4922 827 4961; x_wconf 78' lang='lat' dir='ltr'><strong>ex</strong></span> <span class='ocrx_word' id='word_1_431' title='bbox 870 4903 1086 4958; x_wconf 85' lang='lat' dir='ltr'><strong>tiliabus</strong></span> <span class='ocrx_word' id='word_1_432' title='bbox 1119 4899 1336 4954; x_wconf 79' lang='lat' dir='ltr'><strong>dilectae</strong></span> <span class='ocrx_word' id='word_1_433' title='bbox 1368 4909 1502 4950; x_wconf 68' lang='lat' dir='ltr'><strong>mete</strong></span> <span class='ocrx_word' id='word_1_434' title='bbox 1537 4889 2018 4965; x_wconf 67' lang='lat' dir='ltr'><strong>porpbyrogenitae</strong></span> 
     </span>
    </p>
   </div>
   <div class='ocr_carea' id='block_1_69' title="bbox 448 4982 2020 5064">
    <p class='ocr_par' dir='ltr' id='par_1_69' title="bbox 448 4982 2020 5064">
     <span class='ocr_line' id='line_1_69' title="bbox 448 4982 2020 5064; baseline -0.017 -4"><span class='ocrx_word' id='word_1_435' title='bbox 448 5007 665 5060; x_wconf 64' lang='lat' dir='ltr'><strong>domnae</strong></span> <span class='ocrx_word' id='word_1_436' title='bbox 706 5001 897 5064; x_wconf 66' lang='lat' dir='ltr'><strong>Anum,</strong></span> <span class='ocrx_word' id='word_1_437' title='bbox 933 5003 1031 5050; x_wconf 86' lang='lat' dir='ltr'><strong>aut</strong></span> <span class='ocrx_word' id='word_1_438' title='bbox 1081 4991 1297 5048; x_wconf 65' lang='lat' dir='ltr'><strong>dilectae</strong></span> <span class='ocrx_word' id='word_1_439' title='bbox 1358 5001 1492 5042; x_wconf 61' lang='lat' dir='ltr'><strong>mea:</strong></span> <span class='ocrx_word' id='word_1_440' title='bbox 1537 4982 2020 5055; x_wconf 71' lang='lat' dir='ltr'><strong>porpbyrogenita:</strong></span> 
     </span>
    </p>
   </div>
   <div class='ocr_carea' id='block_1_70' title="bbox 447 5073 2017 5154">
    <p class='ocr_par' dir='ltr' id='par_1_70' title="bbox 447 5073 2017 5154">
     <span class='ocr_line' id='line_1_70' title="bbox 447 5073 2017 5154; baseline -0.018 -1"><span class='ocrx_word' id='word_1_441' title='bbox 447 5100 659 5154; x_wconf 67' lang='lat' dir='ltr'><strong>domum</strong></span> <span class='ocrx_word' id='word_1_442' title='bbox 689 5091 890 5154; x_wconf 69' lang='lat' dir='ltr'><strong>Mariae,</strong></span> <span class='ocrx_word' id='word_1_443' title='bbox 930 5088 986 5143; x_wconf 90' lang='lat' dir='ltr'><strong>in</strong></span> <span class='ocrx_word' id='word_1_444' title='bbox 1017 5086 1124 5141; x_wconf 89' lang='lat' dir='ltr'><strong>hoc</strong></span> <span class='ocrx_word' id='word_1_445' title='bbox 1152 5082 1484 5137; x_wconf 87' lang='lat' dir='ltr'><strong>monasterio</strong></span> <span class='ocrx_word' id='word_1_446' title='bbox 1514 5077 1822 5132; x_wconf 80' lang='lat' dir='ltr'><strong>mundauos</strong></span> <span class='ocrx_word' id='word_1_447' title='bbox 1844 5073 2017 5142; x_wconf 88' lang='lat' dir='ltr'><strong>capil-</strong></span> 
     </span>
    </p>
   </div>
   <div class='ocr_carea' id='block_1_71' title="bbox 445 5163 2020 5246">
    <p class='ocr_par' dir='ltr' id='par_1_71' title="bbox 445 5163 2020 5246">
     <span class='ocr_line' id='line_1_71' title="bbox 445 5163 2020 5246; baseline -0.018 0"><span class='ocrx_word' id='word_1_448' title='bbox 445 5193 530 5246; x_wconf 88' lang='lat' dir='ltr'><strong>los</strong></span> <span class='ocrx_word' id='word_1_449' title='bbox 567 5202 696 5243; x_wconf 87' lang='lat' dir='ltr'><strong>suos</strong></span> <span class='ocrx_word' id='word_1_450' title='bbox 745 5179 1032 5238; x_wconf 80' lang='lat' dir='ltr'><strong>detonderi</strong></span> <span class='ocrx_word' id='word_1_451' title='bbox 1064 5176 1342 5239; x_wconf 88' lang='lat' dir='ltr'><strong>voluerit,</strong></span> <span class='ocrx_word' id='word_1_452' title='bbox 1375 5171 1459 5226; x_wconf 89' lang='lat' dir='ltr'><strong>vel</strong></span> <span class='ocrx_word' id='word_1_453' title='bbox 1501 5171 1666 5225; x_wconf 88' lang='lat' dir='ltr'><strong>etiam</strong></span> <span class='ocrx_word' id='word_1_454' title='bbox 1703 5167 1772 5221; x_wconf 84' lang='lat' dir='ltr'><strong>ab</strong></span> <span class='ocrx_word' id='word_1_455' title='bbox 1827 5166 1896 5222; x_wconf 80' lang='lat' dir='ltr'><strong>iis</strong></span> <span class='ocrx_word' id='word_1_456' title='bbox 1927 5163 2020 5234; x_wconf 87' lang='lat' dir='ltr'><strong>qui</strong></span> 
     </span>
    </p>
   </div>
   <div class='ocr_carea' id='block_1_72' title="bbox 449 5256 2023 5339">
    <p class='ocr_par' dir='ltr' id='par_1_72' title="bbox 449 5256 2023 5339">
     <span class='ocr_line' id='line_1_72' title="bbox 449 5256 2023 5339; baseline -0.018 -1"><span class='ocrx_word' id='word_1_457' title='bbox 449 5282 583 5339; x_wconf 77' lang='lat' dir='ltr'><strong>[oris</strong></span> <span class='ocrx_word' id='word_1_458' title='bbox 625 5286 754 5334; x_wconf 87' lang='lat' dir='ltr'><strong>sunt</strong></span> <span class='ocrx_word' id='word_1_459' title='bbox 801 5275 1028 5329; x_wconf 88' lang='lat' dir='ltr'><strong>detonsa</strong></span> <span class='ocrx_word' id='word_1_460' title='bbox 1062 5266 1377 5330; x_wconf 87' lang='lat' dir='ltr'><strong>accesserit,</strong></span> <span class='ocrx_word' id='word_1_461' title='bbox 1419 5261 1756 5317; x_wconf 87' lang='lat' dir='ltr'><strong>admittenda</strong></span> <span class='ocrx_word' id='word_1_462' title='bbox 1789 5258 1914 5313; x_wconf 88' lang='lat' dir='ltr'><strong>erit.</strong></span> <span class='ocrx_word' id='word_1_463' title='bbox 1953 5256 2023 5310; x_wconf 88' lang='lat' dir='ltr'><strong>Et</strong></span> 
     </span>
    </p>
   </div>
   <div class='ocr_carea' id='block_1_73' title="bbox 453 5352 2024 5444">
    <p class='ocr_par' dir='ltr' id='par_1_73' title="bbox 453 5352 2024 5444">
     <span class='ocr_line' id='line_1_73' title="bbox 453 5352 2024 5444; baseline -0.018 -14"><span class='ocrx_word' id='word_1_464' title='bbox 453 5372 746 5444; x_wconf 89' lang='lat' dir='ltr'><strong>siquidem</strong></span> <span class='ocrx_word' id='word_1_465' title='bbox 776 5367 956 5422; x_wconf 85' lang='lat' dir='ltr'><strong>eidem</strong></span> <span class='ocrx_word' id='word_1_466' title='bbox 993 5359 1212 5417; x_wconf 90' lang='lat' dir='ltr'><strong>vivendi</strong></span> <span class='ocrx_word' id='word_1_467' title='bbox 1271 5359 1463 5412; x_wconf 70' lang='lat' dir='ltr'><strong>forma:</strong></span> <span class='ocrx_word' id='word_1_468' title='bbox 1522 5364 1578 5408; x_wconf 86' lang='lat' dir='ltr'><strong>et</strong></span> <span class='ocrx_word' id='word_1_469' title='bbox 1626 5352 1826 5422; x_wconf 70' lang='lat' dir='ltr'><strong>regula:</strong></span> <span class='ocrx_word' id='word_1_470' title='bbox 1877 5360 2024 5404; x_wconf 84' lang='lat' dir='ltr'><strong>stare</strong></span> 
     </span>
    </p>
   </div>
   <div class='ocr_carea' id='block_1_74' title="bbox 453 5441 2023 5526">
    <p class='ocr_par' dir='ltr' id='par_1_74' title="bbox 453 5441 2023 5526">
     <span class='ocr_line' id='line_1_74' title="bbox 453 5441 2023 5526; baseline -0.018 -5"><span class='ocrx_word' id='word_1_471' title='bbox 453 5441 707 5526; x_wconf 78' lang='lat' dir='ltr'><strong>voluerit,</strong></span> <span class='ocrx_word' id='word_1_472' title='bbox 735 5463 808 5516; x_wconf 92' lang='lat' dir='ltr'><strong>ita</strong></span> <span class='ocrx_word' id='word_1_473' title='bbox 839 5466 900 5512; x_wconf 90' lang='lat' dir='ltr'><strong>ut</strong></span> <span class='ocrx_word' id='word_1_474' title='bbox 934 5457 988 5510; x_wconf 92' lang='lat' dir='ltr'><strong>in</strong></span> <span class='ocrx_word' id='word_1_475' title='bbox 1037 5450 1348 5520; x_wconf 87' lang='lat' dir='ltr'><strong>disciplina,</strong></span> <span class='ocrx_word' id='word_1_476' title='bbox 1379 5449 1432 5502; x_wconf 89' lang='lat' dir='ltr'><strong>in</strong></span> <span class='ocrx_word' id='word_1_477' title='bbox 1480 5447 1658 5500; x_wconf 86' lang='lat' dir='ltr'><strong>victus</strong></span> <span class='ocrx_word' id='word_1_478' title='bbox 1694 5444 1926 5506; x_wconf 83' lang='lat' dir='ltr'><strong>ratione,</strong></span> <span class='ocrx_word' id='word_1_479' title='bbox 1968 5441 2023 5494; x_wconf 86' lang='lat' dir='ltr'><strong>in</strong></span> 
     </span>
    </p>
   </div>
   <div class='ocr_carea' id='block_1_75' title="bbox 453 5535 2023 5617">
    <p class='ocr_par' dir='ltr' id='par_1_75' title="bbox 453 5535 2023 5617">
     <span class='ocr_line' id='line_1_75' title="bbox 453 5535 2023 5617; baseline -0.018 -2"><span class='ocrx_word' id='word_1_480' title='bbox 453 5555 810 5617; x_wconf 83' lang='lat' dir='ltr'><strong>habitatione,</strong></span> <span class='ocrx_word' id='word_1_481' title='bbox 844 5552 898 5603; x_wconf 94' lang='lat' dir='ltr'><strong>in</strong></span> <span class='ocrx_word' id='word_1_482' title='bbox 935 5545 1192 5602; x_wconf 87' lang='lat' dir='ltr'><strong>universo</strong></span> <span class='ocrx_word' id='word_1_483' title='bbox 1225 5541 1460 5609; x_wconf 83' lang='lat' dir='ltr'><strong>denique</strong></span> <span class='ocrx_word' id='word_1_484' title='bbox 1485 5538 1602 5596; x_wconf 87' lang='lat' dir='ltr'><strong>alio</strong></span> <span class='ocrx_word' id='word_1_485' title='bbox 1635 5535 2023 5590; x_wconf 90' lang='lat' dir='ltr'><strong>monaebarum</strong></span> 
     </span>
    </p>
   </div>
   <div class='ocr_carea' id='block_1_76' title="bbox 454 5629 2018 5708">
    <p class='ocr_par' dir='ltr' id='par_1_76' title="bbox 454 5629 2018 5708">
     <span class='ocr_line' id='line_1_76' title="bbox 454 5629 2018 5708; baseline -0.02 0"><span class='ocrx_word' id='word_1_486' title='bbox 454 5653 509 5708; x_wconf 92' lang='lat' dir='ltr'><strong>in</strong></span> <span class='ocrx_word' id='word_1_487' title='bbox 537 5665 604 5705; x_wconf 91' lang='lat' dir='ltr'><strong>eo</strong></span> <span class='ocrx_word' id='word_1_488' title='bbox 647 5642 983 5700; x_wconf 83' lang='lat' dir='ltr'><strong>versantium</strong></span> <span class='ocrx_word' id='word_1_489' title='bbox 1037 5633 1314 5695; x_wconf 86' lang='lat' dir='ltr'><strong>instituto,</strong></span> <span class='ocrx_word' id='word_1_490' title='bbox 1373 5630 1513 5684; x_wconf 82' lang='lat' dir='ltr'><strong>nihil</strong></span> <span class='ocrx_word' id='word_1_491' title='bbox 1568 5629 1868 5689; x_wconf 81' lang='lat' dir='ltr'><strong>diversum,</strong></span> <span class='ocrx_word' id='word_1_492' title='bbox 1902 5636 2018 5679; x_wconf 85' lang='lat' dir='ltr'><strong>et-a</strong></span> 
     </span>
    </p>
   </div>
   <div class='ocr_carea' id='block_1_77' title="bbox 455 5717 2027 5806">
    <p class='ocr_par' dir='ltr' id='par_1_77' title="bbox 455 5717 2027 5806">
     <span class='ocr_line' id='line_1_77' title="bbox 455 5717 2027 5806; baseline -0.022 -1"><span class='ocrx_word' id='word_1_493' title='bbox 455 5756 776 5806; x_wconf 74' lang='lat' dir='ltr'><strong>eatcrarum</strong></span> <span class='ocrx_word' id='word_1_494' title='bbox 814 5733 1130 5793; x_wconf 86' lang='lat' dir='ltr'><strong>monialium</strong></span> <span class='ocrx_word' id='word_1_495' title='bbox 1166 5722 1579 5783; x_wconf 87' lang='lat' dir='ltr'><strong>conversatione</strong></span> <span class='ocrx_word' id='word_1_496' title='bbox 1603 5721 1840 5776; x_wconf 86' lang='lat' dir='ltr'><strong>alienum</strong></span> <span class='ocrx_word' id='word_1_497' title='bbox 1871 5717 2027 5773; x_wconf 73' lang='lat' dir='ltr'><strong>exhi-</strong></span> 
     </span>
    </p>
   </div>
   <div class='ocr_carea' id='block_1_78' title="bbox 2047 4452 2090 4504">
    <p class='ocr_par' dir='ltr' id='par_1_78' title="bbox 2047 4452 2090 4504">
     <span class='ocr_line' id='line_1_78' title="bbox 2047 4452 2090 4504; baseline 0 0"><span class='ocrx_word' id='word_1_498' title='bbox 2047 4452 2090 4504; x_wconf 84' lang='grc' dir='ltr'>ι)</span> 
     </span>
    </p>
   </div>
   <div class='ocr_carea' id='block_1_79' title="bbox 2084 1871 3667 1943">
    <p class='ocr_par' dir='ltr' id='par_1_79' title="bbox 2084 1871 3667 1943">
     <span class='ocr_line' id='line_1_79' title="bbox 2084 1871 3667 1943; baseline -0.004 -14"><span class='ocrx_word' id='word_1_499' title='bbox 2084 1893 2144 1929; x_wconf 86' lang='grc' dir='ltr'><strong>τε</strong></span> <span class='ocrx_word' id='word_1_500' title='bbox 2177 1876 2269 1929; x_wconf 72' lang='grc' dir='ltr'>καὶ</span> <span class='ocrx_word' id='word_1_501' title='bbox 2304 1873 2732 1943; x_wconf 81' lang='grc' dir='ltr'>ἐξοδιαζομένων</span> <span class='ocrx_word' id='word_1_502' title='bbox 2758 1872 2966 1940; x_wconf 77' lang='grc' dir='ltr'>εἴδησιν</span> <span class='ocrx_word' id='word_1_503' title='bbox 2994 1873 3269 1931; x_wconf 83' lang='grc' dir='ltr'>ἀπαιτεῖν.</span> <span class='ocrx_word' id='word_1_504' title='bbox 3297 1871 3330 1940; x_wconf 76' lang='grc' dir='ltr'>ἢ</span> <span class='ocrx_word' id='word_1_505' title='bbox 3363 1871 3667 1942; x_wconf 75' lang='grc' dir='ltr'>λαμεάνειν</span> 
     </span>
    </p>
   </div>
   <div class='ocr_carea' id='block_1_80' title="bbox 2084 1963 3671 2037">
    <p class='ocr_par' dir='ltr' id='par_1_80' title="bbox 2084 1963 3671 2037">
     <span class='ocr_line' id='line_1_80' title="bbox 2084 1963 3671 2037; baseline -0.004 -15"><span class='ocrx_word' id='word_1_506' title='bbox 2084 1985 2137 2022; x_wconf 90' lang='grc' dir='ltr'><strong>τι</strong></span> <span class='ocrx_word' id='word_1_507' title='bbox 2166 1969 2274 2022; x_wconf 73' lang='grc' dir='ltr'>ἀπὸ</span> <span class='ocrx_word' id='word_1_508' title='bbox 2310 1968 2410 2037; x_wconf 82' lang='grc' dir='ltr'><strong>τῆς</strong></span> <span class='ocrx_word' id='word_1_509' title='bbox 2463 1965 2632 2037; x_wconf 79' lang='grc' dir='ltr'>μονῆς</span> <span class='ocrx_word' id='word_1_510' title='bbox 2667 1965 2726 2017; x_wconf 85' lang='grc' dir='ltr'>τὸ</span> <span class='ocrx_word' id='word_1_511' title='bbox 2758 1963 2982 2017; x_wconf 83' lang='grc' dir='ltr'>σύνολον</span> <span class='ocrx_word' id='word_1_512' title='bbox 3031 1965 3354 2034; x_wconf 68' lang='grc' dir='ltr'>ἐπιχειρεῖν,</span> <span class='ocrx_word' id='word_1_513' title='bbox 3407 1965 3439 2034; x_wconf 82' lang='grc' dir='ltr'>ἢ</span> <span class='ocrx_word' id='word_1_514' title='bbox 3480 1966 3671 2031; x_wconf 82' lang='grc' dir='ltr'>νοσφί-</span> 
     </span>
    </p>
   </div>
   <div class='ocr_carea' id='block_1_81' title="bbox 2088 2057 3671 2128">
    <p class='ocr_par' dir='ltr' id='par_1_81' title="bbox 2088 2057 3671 2128">
     <span class='ocr_line' id='line_1_81' title="bbox 2088 2057 3671 2128; baseline -0.005 -14"><span class='ocrx_word' id='word_1_515' title='bbox 2088 2059 2278 2125; x_wconf 80' lang='grc' dir='ltr'>ζεσθαι</span> <span class='ocrx_word' id='word_1_516' title='bbox 2305 2060 2365 2113; x_wconf 78' lang='grc' dir='ltr'>τὸ</span> <span class='ocrx_word' id='word_1_517' title='bbox 2407 2059 2636 2124; x_wconf 82' lang='grc' dir='ltr'>οἱονοῦν,</span> <span class='ocrx_word' id='word_1_518' title='bbox 2688 2057 2720 2128; x_wconf 84' lang='grc' dir='ltr'>ἢ</span> <span class='ocrx_word' id='word_1_519' title='bbox 2765 2057 3150 2110; x_wconf 82' lang='grc' dir='ltr'>διατάττεσθαι</span> <span class='ocrx_word' id='word_1_520' title='bbox 3190 2058 3510 2127; x_wconf 76' lang='grc' dir='ltr'>ἐπιχειρεῖν.</span> <span class='ocrx_word' id='word_1_521' title='bbox 3554 2057 3671 2126; x_wconf 74' lang='grc' dir='ltr'><strong>Τὴν</strong></span> 
     </span>
    </p>
   </div>
   <div class='ocr_carea' id='block_1_82' title="bbox 2087 2147 3672 2219">
    <p class='ocr_par' dir='ltr' id='par_1_82' title="bbox 2087 2147 3672 2219">
     <span class='ocr_line' id='line_1_82' title="bbox 2087 2147 3672 2219; baseline -0.003 -17"><span class='ocrx_word' id='word_1_522' title='bbox 2087 2149 2196 2219; x_wconf 83' lang='grc' dir='ltr'>γὰρ</span> <span class='ocrx_word' id='word_1_523' title='bbox 2229 2149 2498 2219; x_wconf 84' lang='grc' dir='ltr'>διοίκησιν</span> <span class='ocrx_word' id='word_1_524' title='bbox 2529 2147 2630 2216; x_wconf 84' lang='grc' dir='ltr'>τῆς</span> <span class='ocrx_word' id='word_1_525' title='bbox 2663 2149 2852 2218; x_wconf 72' lang='grc' dir='ltr'>μονῆς,</span> <span class='ocrx_word' id='word_1_526' title='bbox 2908 2147 3002 2200; x_wconf 77' lang='grc' dir='ltr'>καὶ</span> <span class='ocrx_word' id='word_1_527' title='bbox 3043 2147 3152 2200; x_wconf 85' lang='grc' dir='ltr'>τῶν</span> <span class='ocrx_word' id='word_1_528' title='bbox 3184 2147 3278 2199; x_wconf 84' lang='grc' dir='ltr'><strong>ὑπ’</strong></span> <span class='ocrx_word' id='word_1_529' title='bbox 3322 2148 3493 2216; x_wconf 76' lang='grc' dir='ltr'>αὐτὴν</span> <span class='ocrx_word' id='word_1_530' title='bbox 3530 2147 3672 2199; x_wconf 69' lang='grc' dir='ltr'>πάν-</span> 
     </span>
    </p>
   </div>
   <div class='ocr_carea' id='block_1_83' title="bbox 2087 2235 3674 2311">
    <p class='ocr_par' dir='ltr' id='par_1_83' title="bbox 2087 2235 3674 2311">
     <span class='ocr_line' id='line_1_83' title="bbox 2087 2235 3674 2311; baseline -0.005 -17"><span class='ocrx_word' id='word_1_531' title='bbox 2087 2258 2215 2306; x_wconf 81' lang='grc' dir='ltr'><strong>⁶ι’ων,</strong></span> <span class='ocrx_word' id='word_1_532' title='bbox 2241 2238 2668 2311; x_wconf 86' lang='grc' dir='ltr'>άπερικλόνητον</span> <span class='ocrx_word' id='word_1_533' title='bbox 2701 2235 3066 2306; x_wconf 75' lang='grc' dir='ltr'>άνατιθέαμεν</span> <span class='ocrx_word' id='word_1_534' title='bbox 3090 2237 3229 2306; x_wconf 79' lang='grc' dir='ltr'>αὐτῇ</span> <span class='ocrx_word' id='word_1_535' title='bbox 3251 2238 3318 2306; x_wconf 79' lang='grc' dir='ltr'>τῇ</span> <span class='ocrx_word' id='word_1_536' title='bbox 3345 2235 3674 2306; x_wconf 74' lang='grc' dir='ltr'>προεστὼσῃ</span> 
     </span>
    </p>
   </div>
   <div class='ocr_carea' id='block_1_84' title="bbox 2095 2326 3673 2400">
    <p class='ocr_par' dir='ltr' id='par_1_84' title="bbox 2095 2326 3673 2400">
     <span class='ocr_line' id='line_1_84' title="bbox 2095 2326 3673 2400; baseline -0.006 -14"><span class='ocrx_word' id='word_1_537' title='bbox 2095 2332 2192 2386; x_wconf 74' lang='grc' dir='ltr'>καὶ</span> <span class='ocrx_word' id='word_1_538' title='bbox 2221 2333 2340 2394; x_wconf 80' lang='grc' dir='ltr'>ταῖς</span> <span class='ocrx_word' id='word_1_539' title='bbox 2365 2333 2650 2400; x_wconf 82' lang='grc' dir='ltr'>μοναχαὶς,</span> <span class='ocrx_word' id='word_1_540' title='bbox 2676 2330 2818 2383; x_wconf 83' lang='grc' dir='ltr'>κατὰ</span> <span class='ocrx_word' id='word_1_541' title='bbox 2841 2329 2941 2398; x_wconf 83' lang='grc' dir='ltr'>τὴν</span> <span class='ocrx_word' id='word_1_542' title='bbox 2963 2328 3058 2381; x_wconf 83' lang='grc' dir='ltr'>τοῦ</span> <span class='ocrx_word' id='word_1_543' title='bbox 3084 2326 3321 2380; x_wconf 84' lang='grc' dir='ltr'>τυπικοῦ</span> <span class='ocrx_word' id='word_1_544' title='bbox 3354 2326 3673 2395; x_wconf 80' lang='grc' dir='ltr'>περίληψιν.</span> 
     </span>
    </p>
   </div>
   <div class='ocr_carea' id='block_1_85' title="bbox 2104 2418 3674 2491">
    <p class='ocr_par' dir='ltr' id='par_1_85' title="bbox 2104 2418 3674 2491">
     <span class='ocr_line' id='line_1_85' title="bbox 2104 2418 3674 2491; baseline -0.006 -14"><span class='ocrx_word' id='word_1_545' title='bbox 2104 2425 2229 2477; x_wconf 70' lang='grc' dir='ltr'><strong>Ἐπὶ</strong></span> <span class='ocrx_word' id='word_1_546' title='bbox 2281 2422 2338 2476; x_wconf 84' lang='grc' dir='ltr'>δὲ</span> <span class='ocrx_word' id='word_1_547' title='bbox 2396 2422 2572 2491; x_wconf 83' lang='grc' dir='ltr'>τούτῳ</span> <span class='ocrx_word' id='word_1_548' title='bbox 2619 2421 2764 2491; x_wconf 74' lang='grc' dir='ltr'>μόνῳ</span> <span class='ocrx_word' id='word_1_549' title='bbox 2806 2421 2904 2482; x_wconf 74' lang='grc' dir='ltr'><strong>τὰς</strong></span> <span class='ocrx_word' id='word_1_550' title='bbox 2961 2418 3219 2491; x_wconf 73' lang='grc' dir='ltr'>ῥηθείσας</span> <span class='ocrx_word' id='word_1_551' title='bbox 3263 2419 3574 2486; x_wconf 70' lang='grc' dir='ltr'>ἐφιστῶμεν</span> <span class='ocrx_word' id='word_1_552' title='bbox 3601 2421 3674 2488; x_wconf 78' lang='grc' dir='ltr'>τῇ</span> 
     </span>
    </p>
   </div>
   <div class='ocr_carea' id='block_1_86' title="bbox 2096 2509 3678 2588">
    <p class='ocr_par' dir='ltr' id='par_1_86' title="bbox 2096 2509 3678 2588">
     <span class='ocr_line' id='line_1_86' title="bbox 2096 2509 3678 2588; baseline -0.005 -20"><span class='ocrx_word' id='word_1_553' title='bbox 2096 2517 2254 2588; x_wconf 75' lang='grc' dir='ltr'>μονῇ,</span> <span class='ocrx_word' id='word_1_554' title='bbox 2289 2514 2384 2566; x_wconf 70' lang='grc' dir='ltr'><strong>ἐπὶ</strong></span> <span class='ocrx_word' id='word_1_555' title='bbox 2413 2511 2490 2583; x_wconf 83' lang='grc' dir='ltr'>τῷ</span> <span class='ocrx_word' id='word_1_556' title='bbox 2532 2515 2853 2581; x_wconf 78' lang='grc' dir='ltr'>συγκροτεῖν</span> <span class='ocrx_word' id='word_1_557' title='bbox 2883 2528 2940 2562; x_wconf 81' lang='grc' dir='ltr'><strong>τε</strong></span> <span class='ocrx_word' id='word_1_558' title='bbox 2977 2511 3071 2562; x_wconf 71' lang='grc' dir='ltr'>καὶ</span> <span class='ocrx_word' id='word_1_559' title='bbox 3104 2509 3389 2580; x_wconf 82' lang='grc' dir='ltr'>περιέπειν</span> <span class='ocrx_word' id='word_1_560' title='bbox 3415 2510 3585 2578; x_wconf 78' lang='grc' dir='ltr'>αὐτήν</span> <span class='ocrx_word' id='word_1_561' title='bbox 3615 2525 3678 2560; x_wconf 79' lang='grc' dir='ltr'><strong>τε</strong></span> 
     </span>
    </p>
   </div>
   <div class='ocr_carea' id='block_1_87' title="bbox 2096 2601 3680 2674">
    <p class='ocr_par' dir='ltr' id='par_1_87' title="bbox 2096 2601 3680 2674">
     <span class='ocr_line' id='line_1_87' title="bbox 2096 2601 3680 2674; baseline -0.004 -16"><span class='ocrx_word' id='word_1_562' title='bbox 2096 2605 2288 2660; x_wconf 75' lang='grc' dir='ltr'>καὶτὰ</span> <span class='ocrx_word' id='word_1_563' title='bbox 2339 2605 2430 2658; x_wconf 84' lang='grc' dir='ltr'><strong>ὑπ’</strong></span> <span class='ocrx_word' id='word_1_564' title='bbox 2469 2603 2673 2674; x_wconf 74' lang='grc' dir='ltr'>αὐτήν·</span> <span class='ocrx_word' id='word_1_565' title='bbox 2718 2603 2812 2654; x_wconf 70' lang='grc' dir='ltr'>καὶ</span> <span class='ocrx_word' id='word_1_566' title='bbox 2861 2601 3361 2670; x_wconf 77' lang='grc' dir='ltr'>σκανδαλιζομένας</span> <span class='ocrx_word' id='word_1_567' title='bbox 3396 2603 3527 2663; x_wconf 81' lang='grc' dir='ltr'>ἰσως</span> <span class='ocrx_word' id='word_1_568' title='bbox 3575 2603 3680 2659; x_wconf 64' lang='grc' dir='ltr'>τὰς</span> 
     </span>
    </p>
   </div>
   <div class='ocr_carea' id='block_1_88' title="bbox 2099 2691 3680 2766">
    <p class='ocr_par' dir='ltr' id='par_1_88' title="bbox 2099 2691 3680 2766">
     <span class='ocr_line' id='line_1_88' title="bbox 2099 2691 3680 2766; baseline -0.004 -16"><span class='ocrx_word' id='word_1_569' title='bbox 2099 2696 2337 2766; x_wconf 81' lang='grc' dir='ltr'>μοναχὰς</span> <span class='ocrx_word' id='word_1_570' title='bbox 2368 2693 2691 2765; x_wconf 86' lang='grc' dir='ltr'>εἰρηνεύειν,</span> <span class='ocrx_word' id='word_1_571' title='bbox 2749 2695 2848 2746; x_wconf 73' lang='grc' dir='ltr'>καὶ</span> <span class='ocrx_word' id='word_1_572' title='bbox 2883 2692 3180 2746; x_wconf 78' lang='grc' dir='ltr'>ἁποσοῦεῖν</span> <span class='ocrx_word' id='word_1_573' title='bbox 3231 2693 3355 2754; x_wconf 82' lang='grc' dir='ltr'>τοὺς</span> <span class='ocrx_word' id='word_1_574' title='bbox 3392 2691 3680 2753; x_wconf 77' lang='grc' dir='ltr'>ἐθέλοντας</span> 
     </span>
    </p>
   </div>
   <div class='ocr_carea' id='block_1_89' title="bbox 2097 2781 3681 2856">
    <p class='ocr_par' dir='ltr' id='par_1_89' title="bbox 2097 2781 3681 2856">
     <span class='ocr_line' id='line_1_89' title="bbox 2097 2781 3681 2856; baseline -0.004 -15"><span class='ocrx_word' id='word_1_575' title='bbox 2097 2791 2208 2850; x_wconf 82' lang='grc' dir='ltr'>τοῖς</span> <span class='ocrx_word' id='word_1_576' title='bbox 2232 2790 2330 2855; x_wconf 83' lang='grc' dir='ltr'><strong>τῆς</strong></span> <span class='ocrx_word' id='word_1_577' title='bbox 2359 2789 2523 2856; x_wconf 79' lang='grc' dir='ltr'>μονῆς</span> <span class='ocrx_word' id='word_1_578' title='bbox 2556 2785 2915 2854; x_wconf 75' lang='grc' dir='ltr'>ἐπεμϐαίνειν</span> <span class='ocrx_word' id='word_1_579' title='bbox 2943 2783 3174 2845; x_wconf 79' lang='grc' dir='ltr'>δικαίοις</span> <span class='ocrx_word' id='word_1_580' title='bbox 3193 2799 3208 2814; x_wconf 78' lang='grc'><strong><em>⁸</em></strong></span> <span class='ocrx_word' id='word_1_581' title='bbox 3245 2783 3276 2853; x_wconf 82' lang='grc' dir='ltr'><strong>ή</strong></span> <span class='ocrx_word' id='word_1_582' title='bbox 3302 2781 3681 2852; x_wconf 84' lang='grc' dir='ltr'>παραθραύειν</span> 
     </span>
    </p>
   </div>
   <div class='ocr_carea' id='block_1_90' title="bbox 2098 2872 3668 2945">
    <p class='ocr_par' dir='ltr' id='par_1_90' title="bbox 2098 2872 3668 2945">
     <span class='ocr_line' id='line_1_90' title="bbox 2098 2872 3668 2945; baseline -0.003 -15"><span class='ocrx_word' id='word_1_583' title='bbox 2098 2894 2151 2930; x_wconf 88' lang='grc' dir='ltr'><strong>τι</strong></span> <span class='ocrx_word' id='word_1_584' title='bbox 2182 2875 2292 2929; x_wconf 82' lang='grc' dir='ltr'><strong>τῶν</strong></span> <span class='ocrx_word' id='word_1_585' title='bbox 2323 2878 2382 2928; x_wconf 86' lang='grc' dir='ltr'>ὲν</span> <span class='ocrx_word' id='word_1_586' title='bbox 2409 2875 2485 2945; x_wconf 84' lang='grc' dir='ltr'>τῷ</span> <span class='ocrx_word' id='word_1_587' title='bbox 2522 2876 2748 2945; x_wconf 71' lang='grc' dir='ltr'>παρόντι</span> <span class='ocrx_word' id='word_1_588' title='bbox 2784 2873 3003 2944; x_wconf 78' lang='grc' dir='ltr'>τυπικῷ</span> <span class='ocrx_word' id='word_1_589' title='bbox 3048 2872 3506 2944; x_wconf 85' lang='grc' dir='ltr'>διηγορευμένων.</span> <span class='ocrx_word' id='word_1_590' title='bbox 3550 2873 3668 2942; x_wconf 57' lang='grc' dir='ltr'><strong>Ἀρ.</strong></span> 
     </span>
    </p>
   </div>
   <div class='ocr_carea' id='block_1_91' title="bbox 2099 2963 3675 3036">
    <p class='ocr_par' dir='ltr' id='par_1_91' title="bbox 2099 2963 3675 3036">
     <span class='ocr_line' id='line_1_91' title="bbox 2099 2963 3675 3036; baseline -0.005 -13"><span class='ocrx_word' id='word_1_591' title='bbox 2099 2971 2250 3024; x_wconf 80' lang='grc' dir='ltr'>κέσει</span> <span class='ocrx_word' id='word_1_592' title='bbox 2290 2967 2347 3021; x_wconf 82' lang='grc' dir='ltr'>δὲ</span> <span class='ocrx_word' id='word_1_593' title='bbox 2397 2967 2586 3029; x_wconf 76' lang='grc' dir='ltr'>αὑταῖς</span> <span class='ocrx_word' id='word_1_594' title='bbox 2617 2966 2678 3018; x_wconf 80' lang='grc' dir='ltr'>τὸ</span> <span class='ocrx_word' id='word_1_595' title='bbox 2732 2963 3172 3036; x_wconf 82' lang='grc' dir='ltr'>μνημονεύεσθαι</span> <span class='ocrx_word' id='word_1_596' title='bbox 3225 2963 3388 3031; x_wconf 89' lang='grc' dir='ltr'>μόνον</span> <span class='ocrx_word' id='word_1_597' title='bbox 3439 2963 3675 3016; x_wconf 70' lang='grc' dir='ltr'>καθεκάι</span> 
     </span>
    </p>
   </div>
   <div class='ocr_carea' id='block_1_92' title="bbox 2105 3055 3678 3131">
    <p class='ocr_par' dir='ltr' id='par_1_92' title="bbox 2105 3055 3678 3131">
     <span class='ocr_line' id='line_1_92' title="bbox 2105 3055 3678 3131; baseline -0.005 -18"><span class='ocrx_word' id='word_1_598' title='bbox 2105 3077 2238 3131; x_wconf 86' lang='grc' dir='ltr'>στην</span> <span class='ocrx_word' id='word_1_599' title='bbox 2292 3060 2350 3111; x_wconf 82' lang='grc' dir='ltr'>ὲν</span> <span class='ocrx_word' id='word_1_600' title='bbox 2398 3060 2465 3128; x_wconf 80' lang='grc' dir='ltr'>τῇ</span> <span class='ocrx_word' id='word_1_601' title='bbox 2513 3060 2673 3128; x_wconf 79' lang='grc' dir='ltr'>μονῇ,</span> <span class='ocrx_word' id='word_1_602' title='bbox 2725 3058 2820 3109; x_wconf 81' lang='grc' dir='ltr'>καὶ</span> <span class='ocrx_word' id='word_1_603' title='bbox 2873 3057 3013 3126; x_wconf 82' lang='grc' dir='ltr'>μετὰ</span> <span class='ocrx_word' id='word_1_604' title='bbox 3066 3055 3297 3109; x_wconf 88' lang='grc' dir='ltr'>θάνατον</span> <span class='ocrx_word' id='word_1_605' title='bbox 3350 3057 3460 3118; x_wconf 82' lang='grc' dir='ltr'>τοῖς</span> <span class='ocrx_word' id='word_1_606' title='bbox 3512 3055 3678 3126; x_wconf 80' lang='grc' dir='ltr'>ίεροί;</span> 
     </span>
    </p>
   </div>
   <div class='ocr_carea' id='block_1_93' title="bbox 2105 3131 3583 3220">
    <p class='ocr_par' dir='ltr' id='par_1_93' title="bbox 2105 3131 3583 3220">
     <span class='ocr_line' id='line_1_93' title="bbox 2105 3131 3583 3220; baseline -0.006 -15"><span class='ocrx_word' id='word_1_607' title='bbox 2105 3149 2385 3220; x_wconf 78' lang='grc' dir='ltr'>διπτύχοις</span> <span class='ocrx_word' id='word_1_608' title='bbox 2419 3148 2746 3218; x_wconf 76' lang='grc' dir='ltr'>γράφεσθαι.</span> <span class='ocrx_word' id='word_1_609' title='bbox 3033 3131 3051 3141; x_wconf 46' lang='grc'><strong><em>⁸</em></strong></span> <span class='ocrx_word' id='word_1_610' title='bbox 3581 3162 3583 3164; x_wconf 92' lang='grc'><strong>·</strong></span> 
     </span>
    </p>
   </div>
   <div class='ocr_carea' id='block_1_94' title="bbox 2176 3233 3683 3311">
    <p class='ocr_par' dir='ltr' id='par_1_94' title="bbox 2176 3233 3683 3311">
     <span class='ocr_line' id='line_1_94' title="bbox 2176 3233 3683 3311; baseline -0.005 -17"><span class='ocrx_word' id='word_1_611' title='bbox 2176 3241 2250 3294; x_wconf 82' lang='grc' dir='ltr'><strong>Τὸ</strong></span> <span class='ocrx_word' id='word_1_612' title='bbox 2281 3241 2390 3311; x_wconf 84' lang='grc' dir='ltr'><strong>γὰρ</strong></span> <span class='ocrx_word' id='word_1_613' title='bbox 2423 3239 2596 3309; x_wconf 80' lang='grc' dir='ltr'>παρὸν</span> <span class='ocrx_word' id='word_1_614' title='bbox 2626 3236 2784 3307; x_wconf 84' lang='grc' dir='ltr'>ήμῶν</span> <span class='ocrx_word' id='word_1_615' title='bbox 2830 3235 3064 3290; x_wconf 79' lang='grc' dir='ltr'>τυπικδν</span> <span class='ocrx_word' id='word_1_616' title='bbox 3097 3233 3407 3305; x_wconf 77' lang='grc' dir='ltr'>βουλόμεθα</span> <span class='ocrx_word' id='word_1_617' title='bbox 3447 3233 3591 3303; x_wconf 72' lang='grc' dir='ltr'>ἔχειν</span> <span class='ocrx_word' id='word_1_618' title='bbox 3621 3235 3683 3287; x_wconf 73' lang='grc' dir='ltr'><strong>τὸ</strong></span> 
     </span>
    </p>
   </div>
   <div class='ocr_carea' id='block_1_95' title="bbox 2108 3325 3683 3403">
    <p class='ocr_par' dir='ltr' id='par_1_95' title="bbox 2108 3325 3683 3403">
     <span class='ocr_line' id='line_1_95' title="bbox 2108 3325 3683 3403; baseline -0.006 -16"><span class='ocrx_word' id='word_1_619' title='bbox 2108 3333 2308 3403; x_wconf 80' lang='grc' dir='ltr'>κράτος</span> <span class='ocrx_word' id='word_1_620' title='bbox 2333 3332 2628 3402; x_wconf 84' lang='grc' dir='ltr'>ἀκλόνητόν</span> <span class='ocrx_word' id='word_1_621' title='bbox 2650 3347 2709 3382; x_wconf 88' lang='grc' dir='ltr'><strong>τε</strong></span> <span class='ocrx_word' id='word_1_622' title='bbox 2725 3330 2820 3383; x_wconf 72' lang='grc' dir='ltr'><strong>καὶ</strong></span> <span class='ocrx_word' id='word_1_623' title='bbox 2842 3328 3060 3399; x_wconf 86' lang='grc' dir='ltr'>άπαράτ</span> <span class='ocrx_word' id='word_1_624' title='bbox 3071 3344 3241 3399; x_wconf 89' lang='grc' dir='ltr'>ρωτον</span> <span class='ocrx_word' id='word_1_625' title='bbox 3264 3325 3426 3398; x_wconf 80' lang='grc' dir='ltr'>μέχρι</span> <span class='ocrx_word' id='word_1_626' title='bbox 3460 3327 3683 3391; x_wconf 75' lang='grc' dir='ltr'>παντὸς,</span> 
     </span>
    </p>
   </div>
   <div class='ocr_carea' id='block_1_96' title="bbox 2113 3420 3680 3498">
    <p class='ocr_par' dir='ltr' id='par_1_96' title="bbox 2113 3420 3680 3498">
     <span class='ocr_line' id='line_1_96' title="bbox 2113 3420 3680 3498; baseline -0.007 -18"><span class='ocrx_word' id='word_1_627' title='bbox 2113 3427 2189 3498; x_wconf 78' lang='grc' dir='ltr'>μὴ</span> <span class='ocrx_word' id='word_1_628' title='bbox 2217 3425 2539 3496; x_wconf 84' lang='grc' dir='ltr'>προσθήκην</span> <span class='ocrx_word' id='word_1_629' title='bbox 2591 3424 2714 3476; x_wconf 74' lang='grc' dir='ltr'>τινά</span> <span class='ocrx_word' id='word_1_630' title='bbox 2763 3420 3074 3492; x_wconf 75' lang='grc' dir='ltr'>δεχόμενον,</span> <span class='ocrx_word' id='word_1_631' title='bbox 3124 3421 3199 3490; x_wconf 79' lang='grc' dir='ltr'>μὴ</span> <span class='ocrx_word' id='word_1_632' title='bbox 3247 3421 3562 3489; x_wconf 81' lang='grc' dir='ltr'>ἀφαίρεσιν,</span> <span class='ocrx_word' id='word_1_633' title='bbox 3604 3421 3680 3487; x_wconf 77' lang='grc' dir='ltr'>μὴ</span> 
     </span>
    </p>
   </div>
   <div class='ocr_carea' id='block_1_97' title="bbox 2115 3510 3686 3590">
    <p class='ocr_par' dir='ltr' id='par_1_97' title="bbox 2115 3510 3686 3590">
     <span class='ocr_line' id='line_1_97' title="bbox 2115 3510 3686 3590; baseline -0.007 -18"><span class='ocrx_word' id='word_1_634' title='bbox 2115 3523 2494 3590; x_wconf 80' lang='grc' dir='ltr'>μεταποίησιν.</span> <span class='ocrx_word' id='word_1_635' title='bbox 2526 3515 2793 3568; x_wconf 68' lang='grc' dir='ltr'>Οέιδέποτε</span> <span class='ocrx_word' id='word_1_636' title='bbox 2839 3513 2947 3583; x_wconf 83' lang='grc' dir='ltr'><strong>γάρ</strong></span> <span class='ocrx_word' id='word_1_637' title='bbox 2981 3529 3032 3564; x_wconf 92' lang='grc' dir='ltr'><strong>τι</strong></span> <span class='ocrx_word' id='word_1_638' title='bbox 3069 3512 3176 3564; x_wconf 84' lang='grc' dir='ltr'>τῶν</span> <span class='ocrx_word' id='word_1_639' title='bbox 3204 3513 3260 3563; x_wconf 84' lang='grc' dir='ltr'><strong>έν</strong></span> <span class='ocrx_word' id='word_1_640' title='bbox 3291 3510 3464 3580; x_wconf 88' lang='grc' dir='ltr'>τούτῳ</span> <span class='ocrx_word' id='word_1_641' title='bbox 3495 3511 3686 3579; x_wconf 80' lang='grc' dir='ltr'>διηγο-</span> 
     </span>
    </p>
   </div>
   <div class='ocr_carea' id='block_1_98' title="bbox 2115 3600 3685 3683">
    <p class='ocr_par' dir='ltr' id='par_1_98' title="bbox 2115 3600 3685 3683">
     <span class='ocr_line' id='line_1_98' title="bbox 2115 3600 3685 3683; baseline -0.008 -19"><span class='ocrx_word' id='word_1_642' title='bbox 2115 3611 2396 3683; x_wconf 82' lang='grc' dir='ltr'>ρευμένων</span> <span class='ocrx_word' id='word_1_643' title='bbox 2438 3609 2534 3661; x_wconf 80' lang='grc' dir='ltr'>καὶ</span> <span class='ocrx_word' id='word_1_644' title='bbox 2583 3602 3166 3676; x_wconf 81' lang='grc' dir='ltr'>διαγορευθησομένων</span> <span class='ocrx_word' id='word_1_645' title='bbox 3203 3600 3685 3672; x_wconf 75' lang='grc' dir='ltr'>παραὸαθήσεται,</span> 
     </span>
    </p>
   </div>
   <div class='ocr_carea' id='block_1_99' title="bbox 2113 3692 3691 3771">
    <p class='ocr_par' dir='ltr' id='par_1_99' title="bbox 2113 3692 3691 3771">
     <span class='ocr_line' id='line_1_99' title="bbox 2113 3692 3691 3771; baseline -0.01 -16"><span class='ocrx_word' id='word_1_646' title='bbox 2113 3703 2149 3771; x_wconf 76' lang='grc' dir='ltr'>ἦ</span> <span class='ocrx_word' id='word_1_647' title='bbox 2181 3717 2307 3755; x_wconf 83' lang='grc' dir='ltr'>τινα</span> <span class='ocrx_word' id='word_1_648' title='bbox 2343 3701 2565 3769; x_wconf 87' lang='grc' dir='ltr'>τρόπον,</span> <span class='ocrx_word' id='word_1_649' title='bbox 2606 3697 2639 3768; x_wconf 77' lang='grc' dir='ltr'><strong>ἢ</strong></span> <span class='ocrx_word' id='word_1_650' title='bbox 2689 3696 3051 3768; x_wconf 82' lang='grc' dir='ltr'>μεταποίησιν</span> <span class='ocrx_word' id='word_1_651' title='bbox 3091 3692 3306 3758; x_wconf 79' lang='grc' dir='ltr'>δέξεται</span> <span class='ocrx_word' id='word_1_652' title='bbox 3350 3692 3480 3762; x_wconf 79' lang='grc' dir='ltr'>παρ’</span> <span class='ocrx_word' id='word_1_653' title='bbox 3539 3692 3691 3742; x_wconf 80' lang='grc' dir='ltr'>οὐτι-</span> 
     </span>
    </p>
   </div>
   <div class='ocr_carea' id='block_1_100' title="bbox 2110 3783 3694 3860">
    <p class='ocr_par' dir='ltr' id='par_1_100' title="bbox 2110 3783 3694 3860">
     <span class='ocr_line' id='line_1_100' title="bbox 2110 3783 3694 3860; baseline -0.008 -14"><span class='ocrx_word' id='word_1_654' title='bbox 2110 3791 2326 3855; x_wconf 80' lang='grc' dir='ltr'>-νοσοῦν,</span> <span class='ocrx_word' id='word_1_655' title='bbox 2359 3791 2480 3843; x_wconf 74' lang='grc' dir='ltr'>οὐδὲ</span> <span class='ocrx_word' id='word_1_656' title='bbox 2511 3793 2572 3843; x_wconf 84' lang='grc' dir='ltr'>ὲν</span> <span class='ocrx_word' id='word_1_657' title='bbox 2603 3791 2700 3860; x_wconf 78' lang='grc' dir='ltr'><strong>μιᾷ</strong></span> <span class='ocrx_word' id='word_1_658' title='bbox 2730 3787 2928 3858; x_wconf 83' lang='grc' dir='ltr'>καιροῦ</span> <span class='ocrx_word' id='word_1_659' title='bbox 2961 3789 3130 3858; x_wconf 80' lang='grc' dir='ltr'>ῥοπῇ,</span> <span class='ocrx_word' id='word_1_660' title='bbox 3153 3786 3256 3838; x_wconf 76' lang='grc' dir='ltr'><strong>κᾶν</strong></span> <span class='ocrx_word' id='word_1_661' title='bbox 3290 3784 3469 3853; x_wconf 65' lang='grc' dir='ltr'>πολλῷ</span> <span class='ocrx_word' id='word_1_662' title='bbox 3507 3783 3694 3852; x_wconf 84' lang='grc' dir='ltr'>κρείτ-</span> 
     </span>
    </p>
   </div>
   <div class='ocr_carea' id='block_1_101' title="bbox 2115 3873 3691 3952">
    <p class='ocr_par' dir='ltr' id='par_1_101' title="bbox 2115 3873 3691 3952">
     <span class='ocr_line' id='line_1_101' title="bbox 2115 3873 3691 3952; baseline -0.009 -13"><span class='ocrx_word' id='word_1_663' title='bbox 2115 3903 2246 3939; x_wconf 89' lang='grc' dir='ltr'>τονα</span> <span class='ocrx_word' id='word_1_664' title='bbox 2267 3885 2617 3952; x_wconf 85' lang='grc' dir='ltr'>διατάγματα</span> <span class='ocrx_word' id='word_1_665' title='bbox 2648 3881 2740 3933; x_wconf 72' lang='grc' dir='ltr'>καὶ</span> <span class='ocrx_word' id='word_1_666' title='bbox 2761 3879 3021 3948; x_wconf 85' lang='grc' dir='ltr'>οἰκονομή</span> <span class='ocrx_word' id='word_1_667' title='bbox 3033 3894 3199 3948; x_wconf 83' lang='grc' dir='ltr'>ματα,</span> <span class='ocrx_word' id='word_1_668' title='bbox 3224 3876 3331 3929; x_wconf 71' lang='grc' dir='ltr'>εἴτε</span> <span class='ocrx_word' id='word_1_669' title='bbox 3358 3873 3488 3946; x_wconf 81' lang='grc' dir='ltr'>παρ’</span> <span class='ocrx_word' id='word_1_670' title='bbox 3518 3874 3691 3942; x_wconf 77' lang='grc' dir='ltr'>αὐτῆς</span> 
     </span>
    </p>
   </div>
   <div class='ocr_carea' id='block_1_102' title="bbox 2117 3965 3692 4048">
    <p class='ocr_par' dir='ltr' id='par_1_102' title="bbox 2117 3965 3692 4048">
     <span class='ocr_line' id='line_1_102' title="bbox 2117 3965 3692 4048; baseline -0.01 -18"><span class='ocrx_word' id='word_1_671' title='bbox 2117 3977 2220 4046; x_wconf 78' lang='grc' dir='ltr'><strong>τῆς</strong></span> <span class='ocrx_word' id='word_1_672' title='bbox 2254 3973 2586 4048; x_wconf 80' lang='grc' dir='ltr'>ἡγουμένης,</span> <span class='ocrx_word' id='word_1_673' title='bbox 2625 3973 2736 4024; x_wconf 84' lang='grc' dir='ltr'>είτε</span> <span class='ocrx_word' id='word_1_674' title='bbox 2779 3970 2931 4040; x_wconf 82' lang='grc' dir='ltr'>παρὰ</span> <span class='ocrx_word' id='word_1_675' title='bbox 2965 3971 3064 4039; x_wconf 80' lang='grc' dir='ltr'><strong>τῆς</strong></span> <span class='ocrx_word' id='word_1_676' title='bbox 3090 3969 3189 4037; x_wconf 82' lang='grc' dir='ltr'><strong>τῆς</strong></span> <span class='ocrx_word' id='word_1_677' title='bbox 3223 3966 3388 4036; x_wconf 82' lang='grc' dir='ltr'>μονῆς</span> <span class='ocrx_word' id='word_1_678' title='bbox 3425 3965 3692 4030; x_wconf 72' lang='grc' dir='ltr'>ἀντιλαμ-</span> 
     </span>
    </p>
   </div>
   <div class='ocr_carea' id='block_1_103' title="bbox 2119 4052 3691 4139">
    <p class='ocr_par' dir='ltr' id='par_1_103' title="bbox 2119 4052 3691 4139">
     <span class='ocr_line' id='line_1_103' title="bbox 2119 4052 3691 4139; baseline -0.011 -16"><span class='ocrx_word' id='word_1_679' title='bbox 2119 4068 2422 4139; x_wconf 76' lang='grc' dir='ltr'>ϐανομένης</span> <span class='ocrx_word' id='word_1_680' title='bbox 2474 4065 2747 4132; x_wconf 79' lang='grc' dir='ltr'>εἰσάγοιτο</span> <span class='ocrx_word' id='word_1_681' title='bbox 2789 4063 2856 4131; x_wconf 79' lang='grc' dir='ltr'><strong>τῇ</strong></span> <span class='ocrx_word' id='word_1_682' title='bbox 2911 4063 3068 4131; x_wconf 78' lang='grc' dir='ltr'>μονῇ,</span> <span class='ocrx_word' id='word_1_683' title='bbox 3101 4060 3166 4123; x_wconf 76' lang='grc' dir='ltr'><strong>ἐξ</strong></span> <span class='ocrx_word' id='word_1_684' title='bbox 3202 4052 3282 4112; x_wconf 77' lang='grc' dir='ltr'>ὧν</span> <span class='ocrx_word' id='word_1_685' title='bbox 3325 4056 3691 4126; x_wconf 61' lang='grc' dir='ltr'>προσδοκᾶται</span> 
     </span>
    </p>
   </div>
   <div class='ocr_carea' id='block_1_104' title="bbox 2112 4145 3693 4228">
    <p class='ocr_par' dir='ltr' id='par_1_104' title="bbox 2112 4145 3693 4228">
     <span class='ocr_line' id='line_1_104' title="bbox 2112 4145 3693 4228; baseline -0.006 -18"><span class='ocrx_word' id='word_1_686' title='bbox 2112 4160 2293 4228; x_wconf 80' lang='grc' dir='ltr'>αὐτήν</span> <span class='ocrx_word' id='word_1_687' title='bbox 2322 4173 2404 4220; x_wconf 89' lang='grc' dir='ltr'><strong>τε,</strong></span> <span class='ocrx_word' id='word_1_688' title='bbox 2439 4157 2536 4209; x_wconf 67' lang='grc' dir='ltr'><strong>και)⁸</strong></span> <span class='ocrx_word' id='word_1_689' title='bbox 2557 4155 2626 4206; x_wconf 78' lang='grc' dir='ltr'><strong>τὰ</strong></span> <span class='ocrx_word' id='word_1_690' title='bbox 2655 4152 2745 4205; x_wconf 81' lang='grc' dir='ltr'><strong>ὑπ’</strong></span> <span class='ocrx_word' id='word_1_691' title='bbox 2780 4153 2972 4222; x_wconf 83' lang='grc' dir='ltr'>αὐτὴν,</span> <span class='ocrx_word' id='word_1_692' title='bbox 3018 4151 3260 4204; x_wconf 66' lang='grc' dir='ltr'>ἐπίδοσιν</span> <span class='ocrx_word' id='word_1_693' title='bbox 3286 4149 3550 4217; x_wconf 76' lang='grc' dir='ltr'>μεγίστην</span> <span class='ocrx_word' id='word_1_694' title='bbox 3595 4145 3693 4200; x_wconf 76' lang='grc' dir='ltr'>λαο</span> 
     </span>
    </p>
   </div>
   <div class='ocr_carea' id='block_1_105' title="bbox 2111 4245 3061 4316">
    <p class='ocr_par' dir='ltr' id='par_1_105' title="bbox 2111 4245 3061 4316">
     <span class='ocr_line' id='line_1_105' title="bbox 2111 4245 3061 4316; baseline -0.007 -13"><span class='ocrx_word' id='word_1_695' title='bbox 2111 4250 2257 4315; x_wconf 71' lang='grc' dir='ltr'><strong>¹δεῖν,</strong></span> <span class='ocrx_word' id='word_1_696' title='bbox 2280 4249 2373 4302; x_wconf 77' lang='grc' dir='ltr'>καὶ</span> <span class='ocrx_word' id='word_1_697' title='bbox 2393 4247 2731 4302; x_wconf 70' lang='grc' dir='ltr'>κατάστασιν</span> <span class='ocrx_word' id='word_1_698' title='bbox 2754 4245 3061 4316; x_wconf 87' lang='grc' dir='ltr'>κρείττονα.</span> 
     </span>
    </p>
   </div>
   <div class='ocr_carea' id='block_1_106' title="bbox 2723 4375 3094 4434">
    <p class='ocr_par' dir='ltr' id='par_1_106' title="bbox 2723 4375 3094 4434">
     <span class='ocr_line' id='line_1_106' title="bbox 2723 4375 3094 4434; baseline -0.003 -1"><span class='ocrx_word' id='word_1_699' title='bbox 2723 4379 2976 4434; x_wconf 81' lang='grc' dir='ltr'>ΚΕΦΑΛ.</span> <span class='ocrx_word' id='word_1_700' title='bbox 3021 4375 3094 4432; x_wconf 83' lang='grc' dir='ltr'><strong>Δ’.</strong></span> 
     </span>
    </p>
   </div>
   <div class='ocr_carea' id='block_1_107' title="bbox 2123 4483 3690 4566">
    <p class='ocr_par' dir='ltr' id='par_1_107' title="bbox 2123 4483 3690 4566">
     <span class='ocr_line' id='line_1_107' title="bbox 2123 4483 3690 4566; baseline -0.01 -15"><span class='ocrx_word' id='word_1_701' title='bbox 2123 4495 2259 4566; x_wconf 84' lang='grc' dir='ltr'>Περί</span> <span class='ocrx_word' id='word_1_702' title='bbox 2288 4492 2392 4566; x_wconf 84' lang='grc' dir='ltr'>τοῦ</span> <span class='ocrx_word' id='word_1_703' title='bbox 2418 4490 2543 4566; x_wconf 72' lang='grc' dir='ltr'><strong>πῶς</strong></span> <span class='ocrx_word' id='word_1_704' title='bbox 2583 4489 2660 4566; x_wconf 69' lang='grc' dir='ltr'><strong>ξίν</strong></span> <span class='ocrx_word' id='word_1_705' title='bbox 2687 4490 2952 4566; x_wconf 66' lang='grc' dir='ltr'>διάγοιεν</span> <span class='ocrx_word' id='word_1_706' title='bbox 2975 4489 3049 4566; x_wconf 58' lang='grc' dir='ltr'><strong>ἐν</strong></span> <span class='ocrx_word' id='word_1_707' title='bbox 3077 4488 3152 4556; x_wconf 73' lang='grc' dir='ltr'>τῇ</span> <span class='ocrx_word' id='word_1_708' title='bbox 3191 4487 3352 4566; x_wconf 67' lang='grc' dir='ltr'>μοηῇ</span> <span class='ocrx_word' id='word_1_709' title='bbox 3472 4488 3540 4540; x_wconf 68' lang='grc' dir='ltr'>ἐκ</span> <span class='ocrx_word' id='word_1_710' title='bbox 3576 4483 3690 4566; x_wconf 54' lang='grc' dir='ltr'><strong>τῶν</strong></span> 
     </span>
    </p>
   </div>
   <div class='ocr_carea' id='block_1_108' title="bbox 2190 4556 3690 4634">
    <p class='ocr_par' dir='ltr' id='par_1_108' title="bbox 2190 4556 3690 4634">
     <span class='ocr_line' id='line_1_108' title="bbox 2190 4556 3690 4634; baseline -0.007 -17"><span class='ocrx_word' id='word_1_711' title='bbox 2190 4556 2454 4634; x_wconf 68' lang='grc' dir='ltr'>ἐγγόνων</span> <span class='ocrx_word' id='word_1_712' title='bbox 2489 4556 2655 4634; x_wconf 75' lang='grc' dir='ltr'>ἡμῷν</span> <span class='ocrx_word' id='word_1_713' title='bbox 2697 4556 3344 4634; x_wconf 35' lang='grc' dir='ltr'>ἀποκειρόμενᾳιρκᾳί⁷⁷</span> <span class='ocrx_word' id='word_1_714' title='bbox 3374 4559 3445 4634; x_wconf 53' lang='grc' dir='ltr'><strong>ἐξ</strong></span> <span class='ocrx_word' id='word_1_715' title='bbox 3504 4556 3690 4622; x_wconf 74' lang='grc' dir='ltr'>ταύτῃ</span> 
     </span>
    </p>
   </div>
   <div class='ocr_carea' id='block_1_109' title="bbox 2190 4627 3685 4702">
    <p class='ocr_par' dir='ltr' id='par_1_109' title="bbox 2190 4627 3685 4702">
     <span class='ocr_line' id='line_1_109' title="bbox 2190 4627 3685 4702; baseline -0.008 -14"><span class='ocrx_word' id='word_1_716' title='bbox 2190 4627 2707 4702; x_wconf 60' lang='grc' dir='ltr'>πάξραχωρηΘεῒοῄαι</span> <span class='ocrx_word' id='word_1_717' title='bbox 2739 4627 2991 4698; x_wconf 66' lang='grc' dir='ltr'>διάγειν,</span> <span class='ocrx_word' id='word_1_718' title='bbox 3020 4630 3223 4702; x_wconf 42' lang='grc' dir='ltr'>καί-αι</span> <span class='ocrx_word' id='word_1_719' title='bbox 3264 4629 3332 4681; x_wconf 85' lang='grc' dir='ltr'>ἐκ</span> <span class='ocrx_word' id='word_1_720' title='bbox 3376 4627 3685 4702; x_wconf 58' lang='grc' dir='ltr'>τῶν-περι-</span> 
     </span>
    </p>
   </div>
   <div class='ocr_carea' id='block_1_110' title="bbox 2191 4697 3694 4774">
    <p class='ocr_par' dir='ltr' id='par_1_110' title="bbox 2191 4697 3694 4774">
     <span class='ocr_line' id='line_1_110' title="bbox 2191 4697 3694 4774; baseline -0.007 -16"><span class='ocrx_word' id='word_1_721' title='bbox 2191 4697 2570 4774; x_wconf 53' lang='grc' dir='ltr'><strong>φᾰνεοῖτέρου</strong></span> <span class='ocrx_word' id='word_1_722' title='bbox 2613 4701 2758 4774; x_wconf 71' lang='grc' dir='ltr'>βίου</span> <span class='ocrx_word' id='word_1_723' title='bbox 2795 4697 2894 4774; x_wconf 70' lang='grc' dir='ltr'>καί</span> <span class='ocrx_word' id='word_1_724' title='bbox 2931 4700 3162 4774; x_wconf 62' lang='grc' dir='ltr'>σεμνοῦ</span> <span class='ocrx_word' id='word_1_725' title='bbox 3193 4697 3694 4774; x_wconf 32' lang='grc' dir='ltr'>-προσερχόιιιινᾳι</span> 
     </span>
    </p>
   </div>
   <div class='ocr_carea' id='block_1_111' title="bbox 2193 4763 3695 4844">
    <p class='ocr_par' dir='ltr' id='par_1_111' title="bbox 2193 4763 3695 4844">
     <span class='ocr_line' id='line_1_111' title="bbox 2193 4763 3695 4844; baseline -0.008 -14"><span class='ocrx_word' id='word_1_726' title='bbox 2193 4763 2266 4844; x_wconf 64' lang='grc' dir='ltr'>τῇ</span> <span class='ocrx_word' id='word_1_727' title='bbox 2295 4763 2537 4841; x_wconf 73' lang='grc' dir='ltr'>τοιαύτῃ</span> <span class='ocrx_word' id='word_1_728' title='bbox 2565 4763 2748 4840; x_wconf 80' lang='grc' dir='ltr'>μονῇ,</span> <span class='ocrx_word' id='word_1_729' title='bbox 2785 4771 2880 4824; x_wconf 81' lang='grc' dir='ltr'><strong>καὶ</strong></span> <span class='ocrx_word' id='word_1_730' title='bbox 2914 4763 3377 4839; x_wconf 75' lang='grc' dir='ltr'>ἀποκειρόμέναι</span> <span class='ocrx_word' id='word_1_731' title='bbox 3405 4763 3479 4820; x_wconf 57' lang='grc' dir='ltr'>ἐκ</span> <span class='ocrx_word' id='word_1_732' title='bbox 3514 4763 3695 4832; x_wconf 76' lang='grc' dir='ltr'>αὐτῇ.</span> 
     </span>
    </p>
   </div>
   <div class='ocr_carea' id='block_1_112' title="bbox 2207 4881 3698 4955">
    <p class='ocr_par' dir='ltr' id='par_1_112' title="bbox 2207 4881 3698 4955">
     <span class='ocr_line' id='line_1_112' title="bbox 2207 4881 3698 4955; baseline -0.009 -11"><span class='ocrx_word' id='word_1_733' title='bbox 2207 4888 2334 4944; x_wconf 82' lang='grc' dir='ltr'><strong>Ἐὰν</strong></span> <span class='ocrx_word' id='word_1_734' title='bbox 2364 4888 2420 4940; x_wconf 80' lang='grc' dir='ltr'><strong>δέ</strong></span> <span class='ocrx_word' id='word_1_735' title='bbox 2453 4904 2534 4948; x_wconf 82' lang='grc' dir='ltr'>τις</span> <span class='ocrx_word' id='word_1_736' title='bbox 2565 4885 2675 4938; x_wconf 83' lang='grc' dir='ltr'>τῶν</span> <span class='ocrx_word' id='word_1_737' title='bbox 2705 4883 3019 4955; x_wconf 82' lang='grc' dir='ltr'>θυγατέρων</span> <span class='ocrx_word' id='word_1_738' title='bbox 3057 4885 3149 4953; x_wconf 62' lang='grc' dir='ltr'><strong>τῆξ</strong></span> <span class='ocrx_word' id='word_1_739' title='bbox 3182 4881 3551 4952; x_wconf 80' lang='grc' dir='ltr'>περιποθήτου</span> <span class='ocrx_word' id='word_1_740' title='bbox 3597 4897 3698 4949; x_wconf 86' lang='grc' dir='ltr'><strong>μου</strong></span> 
     </span>
    </p>
   </div>
   <div class='ocr_carea' id='block_1_113' title="bbox 2120 4973 3696 5051">
    <p class='ocr_par' dir='ltr' id='par_1_113' title="bbox 2120 4973 3696 5051">
     <span class='ocr_line' id='line_1_113' title="bbox 2120 4973 3696 5051; baseline -0.008 -17"><span class='ocrx_word' id='word_1_741' title='bbox 2120 4979 2638 5051; x_wconf 80' lang='grc' dir='ltr'>-πορφυρογεννήτου</span> <span class='ocrx_word' id='word_1_742' title='bbox 2671 4976 2843 5046; x_wconf 79' lang='grc' dir='ltr'>κυρᾶς</span> <span class='ocrx_word' id='word_1_743' title='bbox 2869 4976 3092 5045; x_wconf 79' lang='grc' dir='ltr'>Ἀννης,</span> <span class='ocrx_word' id='word_1_744' title='bbox 3127 4977 3160 5048; x_wconf 81' lang='grc' dir='ltr'>ἢ</span> <span class='ocrx_word' id='word_1_745' title='bbox 3195 4975 3293 5041; x_wconf 78' lang='grc' dir='ltr'><strong>τῆς</strong></span> <span class='ocrx_word' id='word_1_746' title='bbox 3326 4973 3696 5043; x_wconf 73' lang='grc' dir='ltr'>περιποθήτου</span> 
     </span>
    </p>
   </div>
   <div class='ocr_carea' id='block_1_114' title="bbox 2128 5063 3696 5144">
    <p class='ocr_par' dir='ltr' id='par_1_114' title="bbox 2128 5063 3696 5144">
     <span class='ocr_line' id='line_1_114' title="bbox 2128 5063 3696 5144; baseline -0.01 -18"><span class='ocrx_word' id='word_1_747' title='bbox 2128 5090 2230 5144; x_wconf 89' lang='grc' dir='ltr'><strong>μου</strong></span> <span class='ocrx_word' id='word_1_748' title='bbox 2263 5069 2772 5142; x_wconf 70' lang='grc' dir='ltr'>πορφυρογεννήτου</span> <span class='ocrx_word' id='word_1_749' title='bbox 2810 5068 2983 5136; x_wconf 65' lang='lat' dir='ltr'><strong>mpii;</strong></span> <span class='ocrx_word' id='word_1_750' title='bbox 3012 5065 3249 5135; x_wconf 82' lang='grc' dir='ltr'>Μαρίας,</span> <span class='ocrx_word' id='word_1_751' title='bbox 3277 5067 3337 5116; x_wconf 84' lang='grc' dir='ltr'>ἐν</span> <span class='ocrx_word' id='word_1_752' title='bbox 3374 5069 3439 5133; x_wconf 61' lang='grc' dir='ltr'>τῇ</span> <span class='ocrx_word' id='word_1_753' title='bbox 3474 5063 3696 5131; x_wconf 75' lang='grc' dir='ltr'>τ.ιαύτη</span> 
     </span>
    </p>
   </div>
   <div class='ocr_carea' id='block_1_115' title="bbox 2128 5154 3699 5234">
    <p class='ocr_par' dir='ltr' id='par_1_115' title="bbox 2128 5154 3699 5234">
     <span class='ocr_line' id='line_1_115' title="bbox 2128 5154 3699 5234; baseline -0.009 -18"><span class='ocrx_word' id='word_1_754' title='bbox 2128 5166 2262 5234; x_wconf 85' lang='grc' dir='ltr'><strong>μονῇ</strong></span> <span class='ocrx_word' id='word_1_755' title='bbox 2292 5164 2388 5231; x_wconf 77' lang='grc' dir='ltr'>τὴν</span> <span class='ocrx_word' id='word_1_756' title='bbox 2411 5159 2684 5230; x_wconf 70' lang='grc' dir='ltr'>κοσμικὴν</span> <span class='ocrx_word' id='word_1_757' title='bbox 2728 5158 2893 5228; x_wconf 85' lang='grc' dir='ltr'>τρίχα</span> <span class='ocrx_word' id='word_1_758' title='bbox 2923 5157 3169 5227; x_wconf 83' lang='grc' dir='ltr'>θελήσειε</span> <span class='ocrx_word' id='word_1_759' title='bbox 3199 5157 3508 5228; x_wconf 82' lang='grc' dir='ltr'>κείρασθαι,</span> <span class='ocrx_word' id='word_1_760' title='bbox 3539 5154 3572 5225; x_wconf 81' lang='grc' dir='ltr'>ἦ</span> <span class='ocrx_word' id='word_1_761' title='bbox 3605 5169 3699 5204; x_wconf 82' lang='grc' dir='ltr'><strong>και</strong></span> 
     </span>
    </p>
   </div>
   <div class='ocr_carea' id='block_1_116' title="bbox 2127 5242 3702 5317">
    <p class='ocr_par' dir='ltr' id='par_1_116' title="bbox 2127 5242 3702 5317">
     <span class='ocr_line' id='line_1_116' title="bbox 2127 5242 3702 5317; baseline -0.011 -10"><span class='ocrx_word' id='word_1_762' title='bbox 2127 5255 2236 5307; x_wconf 69' lang='grc' dir='ltr'>άπὸ</span> <span class='ocrx_word' id='word_1_763' title='bbox 2285 5251 2394 5304; x_wconf 83' lang='grc' dir='ltr'><strong>τῶν</strong></span> <span class='ocrx_word' id='word_1_764' title='bbox 2457 5249 2564 5314; x_wconf 76' lang='grc' dir='ltr'><strong>ἔξω</strong></span> <span class='ocrx_word' id='word_1_765' title='bbox 2621 5248 2967 5317; x_wconf 81' lang='grc' dir='ltr'>ἀποκαρείσα</span> <span class='ocrx_word' id='word_1_766' title='bbox 3027 5244 3298 5308; x_wconf 75' lang='grc' dir='ltr'>εἰσέλθοι,</span> <span class='ocrx_word' id='word_1_767' title='bbox 3352 5242 3702 5314; x_wconf 77' lang='grc' dir='ltr'>παραδεκτέα</span> 
     </span>
    </p>
   </div>
   <div class='ocr_carea' id='block_1_117' title="bbox 2128 5334 3704 5410">
    <p class='ocr_par' dir='ltr' id='par_1_117' title="bbox 2128 5334 3704 5410">
     <span class='ocr_line' id='line_1_117' title="bbox 2128 5334 3704 5410; baseline -0.009 -12"><span class='ocrx_word' id='word_1_768' title='bbox 2128 5345 2302 5398; x_wconf 72' lang='grc' dir='ltr'>έῖται.</span> <span class='ocrx_word' id='word_1_769' title='bbox 2342 5342 2452 5396; x_wconf 69' lang='grc' dir='ltr'><strong>Καὶ</strong></span> <span class='ocrx_word' id='word_1_770' title='bbox 2477 5343 2527 5392; x_wconf 87' lang='grc' dir='ltr'><strong>εἰ</strong></span> <span class='ocrx_word' id='word_1_771' title='bbox 2556 5339 2656 5410; x_wconf 81' lang='grc' dir='ltr'>μὲν</span> <span class='ocrx_word' id='word_1_772' title='bbox 2685 5339 2763 5409; x_wconf 90' lang='grc' dir='ltr'>τῷ</span> <span class='ocrx_word' id='word_1_773' title='bbox 2793 5337 2938 5409; x_wconf 87' lang='grc' dir='ltr'><strong>αύτῴ</strong></span> <span class='ocrx_word' id='word_1_774' title='bbox 2967 5337 3123 5408; x_wconf 85' lang='grc' dir='ltr'>τύπῳ</span> <span class='ocrx_word' id='word_1_775' title='bbox 3153 5354 3210 5389; x_wconf 88' lang='grc' dir='ltr'><strong>τε</strong></span> <span class='ocrx_word' id='word_1_776' title='bbox 3253 5337 3344 5390; x_wconf 72' lang='grc' dir='ltr'>καὶ</span> <span class='ocrx_word' id='word_1_777' title='bbox 3372 5336 3558 5388; x_wconf 84' lang='grc' dir='ltr'>κανόνι</span> <span class='ocrx_word' id='word_1_778' title='bbox 3599 5334 3704 5400; x_wconf 79' lang='grc' dir='ltr'><strong>ὲμ-</strong></span> 
     </span>
    </p>
   </div>
   <div class='ocr_carea' id='block_1_118' title="bbox 2133 5423 3706 5509">
    <p class='ocr_par' dir='ltr' id='par_1_118' title="bbox 2133 5423 3706 5509">
     <span class='ocr_line' id='line_1_118' title="bbox 2133 5423 3706 5509; baseline -0.011 -18"><span class='ocrx_word' id='word_1_779' title='bbox 2133 5440 2318 5509; x_wconf 79' lang='grc' dir='ltr'>μένειν</span> <span class='ocrx_word' id='word_1_780' title='bbox 2348 5433 2590 5504; x_wconf 82' lang='grc' dir='ltr'>βούλοιτο</span> <span class='ocrx_word' id='word_1_781' title='bbox 2609 5431 2674 5484; x_wconf 75' lang='grc' dir='ltr'>ἐν</span> <span class='ocrx_word' id='word_1_782' title='bbox 2718 5447 2780 5484; x_wconf 84' lang='grc' dir='ltr'><strong>τε</strong></span> <span class='ocrx_word' id='word_1_783' title='bbox 2821 5433 2890 5502; x_wconf 79' lang='grc' dir='ltr'><strong>τῇ</strong></span> <span class='ocrx_word' id='word_1_784' title='bbox 2933 5430 3199 5498; x_wconf 81' lang='grc' dir='ltr'>διαγωγῇ,</span> <span class='ocrx_word' id='word_1_785' title='bbox 3241 5429 3337 5480; x_wconf 76' lang='grc' dir='ltr'>καὶ</span> <span class='ocrx_word' id='word_1_786' title='bbox 3369 5427 3570 5495; x_wconf 80' lang='grc' dir='ltr'>διαίτῃ,</span> <span class='ocrx_word' id='word_1_787' title='bbox 3609 5423 3706 5475; x_wconf 79' lang='grc' dir='ltr'>καὶ</span> 
     </span>
    </p>
   </div>
   <div class='ocr_carea' id='block_1_119' title="bbox 2135 5515 3702 5596">
    <p class='ocr_par' dir='ltr' id='par_1_119' title="bbox 2135 5515 3702 5596">
     <span class='ocr_line' id='line_1_119' title="bbox 2135 5515 3702 5596; baseline -0.011 -13"><span class='ocrx_word' id='word_1_788' title='bbox 2135 5529 2402 5596; x_wconf 63' lang='grc' dir='ltr'>κατοικία,</span> <span class='ocrx_word' id='word_1_789' title='bbox 2443 5524 2536 5577; x_wconf 78' lang='grc' dir='ltr'>καὶ</span> <span class='ocrx_word' id='word_1_790' title='bbox 2591 5522 2740 5592; x_wconf 77' lang='grc' dir='ltr'>πάσῃ</span> <span class='ocrx_word' id='word_1_791' title='bbox 2787 5521 2920 5591; x_wconf 76' lang='grc' dir='ltr'>ἄλλῃ</span> <span class='ocrx_word' id='word_1_792' title='bbox 2954 5520 3060 5572; x_wconf 80' lang='grc' dir='ltr'>τῶν</span> <span class='ocrx_word' id='word_1_793' title='bbox 3107 5522 3165 5571; x_wconf 80' lang='grc' dir='ltr'>ἐν</span> <span class='ocrx_word' id='word_1_794' title='bbox 3199 5519 3377 5590; x_wconf 78' lang='grc' dir='ltr'>ταύτῃ</span> <span class='ocrx_word' id='word_1_795' title='bbox 3417 5515 3702 5569; x_wconf 69' lang='grc' dir='ltr'>ἁσλουσὼν</span> 
     </span>
    </p>
   </div>
   <div class='ocr_carea' id='block_1_120' title="bbox 2133 5608 3702 5687">
    <p class='ocr_par' dir='ltr' id='par_1_120' title="bbox 2133 5608 3702 5687">
     <span class='ocr_line' id='line_1_120' title="bbox 2133 5608 3702 5687; baseline -0.013 -12"><span class='ocrx_word' id='word_1_796' title='bbox 2133 5621 2485 5684; x_wconf 81' lang='grc' dir='ltr'>καταστάσει,</span> <span class='ocrx_word' id='word_1_797' title='bbox 2525 5617 2690 5687; x_wconf 72' lang='grc' dir='ltr'>μηδέν</span> <span class='ocrx_word' id='word_1_798' title='bbox 2719 5633 2768 5667; x_wconf 87' lang='grc' dir='ltr'><strong>τι</strong></span> <span class='ocrx_word' id='word_1_799' title='bbox 2815 5613 3290 5681; x_wconf 44' lang='grc' dir='ltr'>παρηλλαγμένον,</span> <span class='ocrx_word' id='word_1_800' title='bbox 3325 5613 3420 5662; x_wconf 78' lang='grc' dir='ltr'>καὶ</span> <span class='ocrx_word' id='word_1_801' title='bbox 3464 5613 3557 5676; x_wconf 73' lang='grc' dir='ltr'><strong>τῆς</strong></span> <span class='ocrx_word' id='word_1_802' title='bbox 3597 5608 3702 5658; x_wconf 79' lang='grc' dir='ltr'>τῶν</span> 
     </span>
    </p>
   </div>
   <div class='ocr_carea' id='block_1_121' title="bbox 2132 5702 3705 5784">
    <p class='ocr_par' dir='ltr' id='par_1_121' title="bbox 2132 5702 3705 5784">
     <span class='ocr_line' id='line_1_121' title="bbox 2132 5702 3705 5784; baseline -0.013 -16"><span class='ocrx_word' id='word_1_803' title='bbox 2132 5713 2335 5769; x_wconf 64' lang='grc' dir='ltr'>λιιπῶν</span> <span class='ocrx_word' id='word_1_804' title='bbox 2369 5708 2715 5784; x_wconf 73' lang='grc' dir='ltr'>μοναζουσῶν</span> <span class='ocrx_word' id='word_1_805' title='bbox 2764 5709 3038 5768; x_wconf 66' lang='grc' dir='ltr'>πολιτείας</span> <span class='ocrx_word' id='word_1_806' title='bbox 3085 5705 3362 5773; x_wconf 53' lang='lat' dir='ltr'><strong>silicis-9:0;</strong></span> <span class='ocrx_word' id='word_1_807' title='bbox 3399 5702 3705 5754; x_wconf 63' lang='grc' dir='ltr'>ξτιόειιινυ·</span> 
     </span>
    </p>
   </div>
  </div>
