4092 6202
491 292 666 361 ιηοςι

1892 309 2252 372 TYPICUM.

3597 331 3736 394 Ῑθῑθ

488 411 649 476 μένη,
675 408 1036 475 εύαπόδεκτος
1057 412 1196 483 αὑτὴ
1220 412 1314 469 καὶ
1335 413 1455 484 Θεῷ
1490 417 1584 470 καὶ
1615 416 1759 485 ἐμοὶ,
1795 417 1934 488 ὑπὲρ
1962 420 2046 488 τῆς

2167 419 2368 488 buerit,
2420 433 2643 496 accepta
2696 429 2802 482 erit
2855 429 2971 486 [uec
3022 433 3130 488 Deo
3184 443 3238 490 et
3289 437 3444 500 mibi,
3509 453 3732 510 propter

485 499 715 569 ἀρίστης
750 502 1075 574 μεταϐολῆς,
1112 505 1207 558 καὶ
1237 506 1416 574 δεξιᾶς
1446 507 1806 572 ἀλλοιώσεως.

556 676 618 729 Εἰ
647 675 693 728 δ’
725 677 790 730 ἐκ
819 677 915 746 τῆς
952 680 1214 750 συνήθους
1246 682 1376 747 ἴσως
1411 683 1715 757 ἁϐροτέρας
1757 683 2052 754 διαγωγῆς,

485 767 565 829 εἰς
608 768 708 839 τὴν
736 771 876 838 ἄγαν
905 773 1150 843 σκληρὰν
1193 779 1521 844 μεταπεσεῖν
1552 777 1626 847 μὴ
1662 777 1898 841 δύναιτο,
1927 777 2056 838 τοὺς

485 857 586 925 μὲν
631 859 924 930 λογισμοὺς
962 864 1183 932 ἑαυτῆς,
1237 867 1331 920 καὶ
1384 867 1484 931 τὰς
1529 869 1758 939 πράξεις
1791 866 2055 938 ἀναθήσει

482 951 577 1003 καὶ
600 951 740 1022 αὕτη
771 953 848 1022 τῷ
887 955 1053 1025 κοινῷ
1094 958 1272 1030 Πατρὶ⁵
1300 959 1409 1012 τῶν
1461 960 1832 1029 μοναζουσῶν,
1865 959 2056 1026 ἐξαγο-

484 1042 754 1112 ρευομένη
789 1044 936 1114 αὐτῷ
976 1047 1173 1117 ἐπίσης
1221 1051 1314 1102 καὶ
1353 1054 1475 1114 ταῖς
1506 1052 1753 1115 λοιπαῖςο
1789 1051 1967 1124 διαίτῃ
1997 1052 2052 1104 δὲ

408 1181 417 1190 ,
483 1133 576 1184 καὶ
606 1131 894 1206 ψαλμῳδίᾳ
927 1140 1190 1208 χρήσεται
1218 1143 1284 1211 τῇ
1319 1143 1462 1196 κατὰ
1487 1143 1717 1213 δύναμιν
1744 1145 1964 1214 ἑαυτῆς,
1993 1143 2053 1195 ἐν

479 1221 558 1291 τῷ
589 1222 932 1298 δοθησομένῳ
963 1230 1097 1299 αὐτῇ
1141 1232 1362 1303 κελλίῳ,
1403 1235 1572 1303 ἤγουν
1609 1238 1676 1305 τῇ
1706 1236 1928 1288 ὄπισθεν
1956 1236 2050 1289 τοῦ

484 1313 692 1383 μύακος
714 1317 811 1386 τῆς
839 1319 1118 1391 τραπέζης
1147 1323 1256 1376 τῶν
1285 1325 1634 1393 μοναζουσῶν
1664 1326 1742 1396 (5)
1778 1326 2052 1396 ἐχομένως

478 1405 574 1458 τοῦ
607 1409 892 1479 περιϐόλου
923 1411 1104 1466 αὐτῶν
1126 1415 1486 1491 ἀνεγερθείσῃ
1520 1421 1692 1490 μικρᾷ
1708 1422 1942 1491 τροπικῇ
1971 1421 2049 1492 (6)

481 1497 622 1565 μετὰ
681 1497 774 1551 τοῦ
823 1504 1214 1572 παρακελλίου,
1271 1510 1365 1560 καὶ
1421 1511 1522 1577 τῆς
1553 1509 1846 1579 χρειώδους
1883 1512 2050 1582 ἄλλης

479 1586 799 1654 ἀκολουθίας
839 1591 934 1644 τοῦ
974 1595 1218 1649 τοιούτου
1245 1599 1548 1670 οἰκήματος
1591 1601 1899 1665 ἰδιαζόντως
1929 1601 2048 1655 διὰ-

479 1693 670 1744 γουσα,
703 1683 796 1735 καὶ
821 1684 1124 1756 ἑστιωμένη
1149 1690 1406 1742 ἐπέκεινα
1429 1691 1528 1758 τῆς
1553 1693 1661 1746 τῶν
1686 1693 1862 1746 ἄλλων
1884 1711 2047 1762 μονα-

479 1769 690 1831 ζουσῶν
719 1774 982 1844 συνήθους
1008 1776 1240 1848 διαίτης,
1269 1779 1449 1844 καθὼς
1480 1783 1546 1834 ἂν
1566 1783 1600 1852 ἥ
1629 1800 1687 1835 τε
1719 1785 2049 1848 κατάστασις
2085 1773 2127 1827 Β

478 1861 575 1928 τῆς
605 1863 1052 1938 ἀποκειραμένης
1081 1869 1308 1941 ἀπαιτῇ,
1339 1875 1432 1926 καὶ
1455 1874 1488 1943 ή
1510 1875 1608 1944 τῆς
1633 1873 2053 1948 καθηγουμένης

476 1951 754 2023 διάκρισις
802 1957 1156 2032 οἰκονομήσῃ.
1214 1964 1329 2016 Ἐπ’
1367 1965 1552 2028 ἀδείας
1602 1983 1661 2020 τε
1706 1967 1860 2022 ἔσται
1913 1972 2051 2040 αὐτῇ

477 2042 624 2112 ἔχειν
677 2047 773 2099 καὶ
820 2048 914 2102 δύο
967 2056 1233 2118 γυναῖκας
1288 2055 1388 2118 τὰς
1437 2057 1862 2123 ὲκδουλευούσας
1912 2063 2050 2133 αὐτῇ

480 2135 796 2206 ἐλευθέρας,
821 2141 931 2194 είτε
954 2143 1049 2196 καὶ
1065 2143 1275 2212 δούλας,
1299 2148 1618 2215 ὀφειλούσας
1635 2151 1953 2207 διοικεῖσθαι
1971 2154 2048 2225 (7)

477 2229 586 2282 ἀπὸ
613 2231 722 2284 τῶν
746 2234 844 2303 τῆς
884 2235 1076 2306 μονῆς.

560 2322 812 2393 Ἀνδρὰτι
845 2327 1028 2394 μέντοι
1066 2330 1269 2386 ἀϐάτου
1297 2335 1607 2404 ὁρισθέντος
1640 2338 1781 2394 εἶναι
1813 2340 1910 2394 τοῦ
1947 2359 2047 2411 μο-

478 2415 798 2509 ναστηρίου,
825 2420 984 2490 εἴπερ
1029 2424 1137 2494 ἄρα
1169 2424 1412 2493 βούλοιτό
1439 2446 1549 2484 τισι
1590 2436 1874 2503 συντυχεῖν
1908 2436 2048 2509 αὐτὴ

479 2505 587 2558 τῶν
615 2508 832 2561 οἰκείων
871 2512 1062 2583 αὐτῆς,
1101 2516 1211 2569 εἴτε
1245 2519 1520 2587 ἀναγκαία
1559 2523 1716 2593 χρεία
1748 2525 1918 2592 καλεῖ,
1948 2505 2050 2581 οὐκ

477 2595 691 2659 ἐξέσται
721 2599 859 2670 αὐτῇ
906 2603 1057 2667 ἐντὸς
1102 2605 1202 2672 τῆς
1234 2608 1403 2679 μονῆς
1447 2611 1670 2676 τούτους
1705 2615 2044 2685 είσαγαγεῖνο

476 2687 593 2738 ἀλλ’
622 2688 963 2755 ἐξελεύσεται
1019 2693 1157 2767 αὕτη
1189 2699 1329 2766 μετὰ
1385 2701 1474 2753 καὶ
1522 2702 1719 2774 βουλῆς
1790 2709 1890 2776 τῆς
1920 2709 2050 2762 καθ·

474 2780 790 2850 ηγουμένης
835 2785 917 2846 εἰς
943 2785 1004 2837 τὸ
1027 2789 1161 2855 πρὸς
1193 2791 1284 2842 τὸν
1319 2791 1539 2846 πυλῶνα
1578 2795 1770 2865 ἐξάγον
1804 2798 2047 2854 διαϐατι-

476 2869 606 2956 κον,
659 2873 886 2928 κάκεῖσε
941 2877 1155 2944 τούτοις
1207 2885 1647 2956 συνομιλήσασα,
1681 2891 2045 2950 είσελεύσεται

475 2952 631 3050 αὖθις
663 2960 743 3022 εἰς
767 2960 866 3030 τὴν
895 2968 1086 3034 μονὴν,
1119 2968 1319 3023 ἄϐατον
1339 2952 1533 3044 αὐτην,
1565 2975 1642 3040 ὡς
1676 2977 1910 3050 εἴρηται,
1946 2983 2045 3036 ἀν·-

471 3048 630 3118 δράσι
663 3051 1114 3122 διαφυλάττουσα.

546 3142 607 3238 ιιι
633 3143 692 3238 δέ
734 3162 817 3210 τις
851 3149 960 3201 τῶν
989 3153 1246 3208 τοιούτων
1271 3157 1333 3210 οὐ
1375 3158 1600 3215 δύναται
1645 3164 1724 3230 τῷ
1771 3165 1900 3237 περὶ
1944 3168 2045 3238 τῆς

471 3231 800 3302 ὲξελεύσεως
847 3240 946 3308 τῆς
999 3246 1170 3314 μονῆς
1216 3249 1490 3316 ὀρισθέντι
1535 3253 1630 3306 ἐπὶ
1675 3258 1796 3319 ταῖς
1828 3231 2045 3322 λοιπαξς

476 3328 837 3394 μοναζούσαις
875 3333 932 3386 ὲν
967 3334 1044 3403 τῷ
1083 3339 1313 3407 παρόντι
1343 3341 1503 3410 ἡμῶν
1536 3346 1751 3415 τυπικῷ
1785 3349 2052 3416 ἐμμένειν

471 3417 652 3488 τύπῳ,
701 3425 1243 3495 παραχωρηθήσεται
1290 3432 1442 3499 παρὰ
1471 3433 1570 3502 τῆς
1601 3435 2040 3509 καθηγουμένης,

471 3514 864 3582 περιστατικοῦ
894 3532 1039 3578 τινος
1067 3518 1205 3588 αὐτῇ
1238 3522 1570 3589 συμϐάντος,
1601 3527 1920 3598 ἐξέρχεσθαι
1945 3532 2044 3602 τῆς

473 3603 642 3695 μονῆς
675 3605 813 3672 μετὰ
844 3607 974 3674 μιᾶς
1005 3608 1116 3661 τῶν
1161 3614 1536 3685 γηραιοτέρων
1571 3619 1667 3672 καὶ
1701 3622 2046 3695 σεμνοτέρων

468 3693 736 3762 ἀδελφῶν,
763 3696 832 3766 ἢν
857 3697 923 3752 ἂν
962 3701 994 3770 ἡ
1025 3701 1412 3777 καθηγουμένη
1443 3708 1706 3778 βούλοιτο.
1737 3714 1847 3767 Καὶ
1877 3717 1907 3785 ἡ
1935 3693 2044 3786 μὲν

473 3787 683 3857 μοναχῆ
713 3789 876 3854 εὐθὺς
909 3791 1244 3864 ὑποστρέφει
1265 3813 1276 3826 ·
1306 3799 1486 3871 εκείνη
1522 3801 1578 3854 δὲ
1607 3803 1916 3878 θεασαμένη
1951 3810 2042 3862 τὸν

469 3878 806 3971 ασθενοῦντα
831 3885 1070 3954 συγγενῆ
1094 3887 1265 3957 αὐτῆς
1287 3890 1381 3944 δύο
1402 3893 1512 3945 εἴτε
1531 3896 1624 3947 καὶ
1637 3899 1785 3966 τρεῖς
1807 3900 2042 3971 ἡμέρας,

469 3969 798 4043 ὑποστρέφει
845 3978 980 4045 πρὸς
1008 3979 1108 4048 τὴν
1140 3981 1331 4050 μονήν.
1379 3983 1440 4036 Ei
1489 3985 1545 4038 δὲ
1593 3987 1684 4040 καὶ
1739 3991 1805 4043 τὰ
1840 3969 2042 4061 ἔσχατα

468 4063 593 4114 πνεῖ
625 4064 654 4114 ὀ
681 4065 924 4119 ἀσθενῶν
958 4070 1232 4141 συγγενὴς
1257 4072 1452 4142 αὐτῆς,
1496 4079 1825 4149 καρτερήσει
1861 4085 2039 4138 ὲκεϊσε

471 4155 664 4225 μέχρις
696 4156 764 4209 ἃν
813 4158 1026 4223 ἐκεῖνος
1079 4161 1222 4215 τέλει
1264 4163 1358 4215 τοῦ
1418 4165 1530 4233 βίου
1573 4169 1869 4239 χρήσηται.
1912 4175 2040 4244 Εῐγε

469 4247 562 4301 καὶ
592 4249 625 4317 ἡ
652 4247 843 4303 τούτου
879 4249 1129 4322 τελευτὴ,
1160 4254 1295 4323 πρὸς
1333 4257 1522 4328 μίανῆ
1563 4261 1656 4314 καὶ
1697 4261 1790 4315 δύο
1829 4265 2040 4336 ἡμέρας

468 4341 864 4405 ἐπεκτείνεται,
916 4343 950 4414 ἦ
987 4344 1081 4397 καὶ
1128 4345 1332 4410 πλεῖον,
1365 4349 1460 4401 καὶ
1495 4352 1560 4404 ἐκ
1592 4353 1714 4407 τότε
1765 4359 1900 4428 πρὸς
1941 4359 2042 4429 τὴν

469 4433 639 4500 μονὴν
669 4433 1025 4504 ὑποστρέφει.

553 4521 716 4577 Ἀλλὰ
768 4525 864 4578 καὶ
897 4525 952 4578 εἴ
985 4543 1069 4587 τις
1116 4529 1276 4600 ἑτέρα
1299 4530 1407 4583 τῶν
1455 4532 1522 4585 ἐκ
1579 4539 2041 4610 περιφανεστέρου

469 4612 586 4682 βίου
641 4615 734 4666 καὶ
786 4617 1179 4682 καταστάσεως
1247 4622 1474 4691 σεμνῆς,
1529 4623 1819 4698 βουληθείη
1873 4630 1930 4682 ἐν
1973 4633 2039 4701 τῇ

466 4704 695 4778 τοιαύτῃ
723 4710 857 4780 μονῇ
889 4708 989 4779 τὴν
1023 4713 1295 4784 κοσμικὴν
1325 4713 1622 4769 ἀποθέσθαι
1656 4719 1837 4789 τρίχα,
1880 4721 1912 4792 ἢ
1946 4725 2041 4776 καί

464 4795 574 4849 ἀπὸ
595 4797 704 4850 τῶν
733 4798 839 4865 ἔξω
861 4802 1204 4871 ἀποκαρείσα
1226 4806 1482 4870 είσέλθοι,
1515 4809 1862 4879 παραδεκτέα
1887 4814 2039 4870 ἔσται

2166 514 2428 582 optimam
2487 518 2633 574 illam
2681 523 3038 580 mutationem
3116 538 3172 584 et
3226 529 3440 585 felicem
3506 548 3735 587 conver-

2164 621 2402 662 Stonem.

2236 698 2294 754 Si
2324 717 2456 756 vero
2483 719 2549 757 ex
2574 715 2792 761 assueta
2833 707 2972 763 forte
2997 709 3233 766 molliori
3258 713 3384 768 vitae
3423 714 3632 771 ratione
3663 717 3732 771 ad

2163 789 2318 845 valde
2350 791 2544 846 duram
2585 803 2635 849 et
2677 811 2927 867 asperam
2970 801 3206 856 transire
3247 804 3596 872 nequiverit,
3635 822 3731 862 co-

2163 878 2461 950 gitationes
2489 885 2713 953 quidem
2745 897 2802 942 et
2836 905 3003 959 opera
3028 906 3126 946 sua
3167 892 3472 950 declarabit
3516 905 3572 952 et
3612 898 3729 966 ipsa

2161 972 2441 1054 communi
2470 974 2618 1029 Patri
2649 979 2990 1044 monialium,
3019 990 3074 1036 et
3106 991 3166 1036 ut
3221 991 3432 1040 caetera:
3462 985 3564 1054 ipsi
3597 1001 3728 1040 con-

2160 1053 2447 1113 ﬁtebitur:
2481 1061 2657 1116 vietus
2703 1080 2836 1120 vero
2871 1068 3081 1123 ratione
3120 1080 3174 1125 et
3212 1053 3511 1139 psalmodia
3547 1083 3730 1128 utetur

2155 1149 2311 1219 juxta
2339 1151 2484 1208 vires
2503 1167 2633 1208 suas
2666 1154 2720 1210 in
2770 1159 3094 1228 assignanda
3139 1161 3242 1216 sibi
3275 1164 3430 1228 cella,
3466 1164 3727 1219 nimirum

2159 1241 2213 1295 in
2233 1243 2466 1297 excitata
2484 1260 2627 1314 pone
2647 1250 2912 1319 mytulum
2935 1268 3134 1308 mensa:
3151 1255 3491 1320 mouialium,
3512 1273 3732 1312 earum-

2159 1347 2266 1401 que
2288 1333 2518 1389 ambitui
2551 1337 2832 1409 adjacente
2855 1357 3019 1411 parva
3051 1345 3282 1414 tropica,
3315 1361 3440 1400 cum
3472 1345 3728 1416 adjuncta

2158 1425 2262 1479 sibi
2324 1427 2520 1482 cellula
2562 1438 2618 1484 et
2676 1432 2904 1502 reliquis
2935 1434 3205 1504 ejusmodi
3261 1438 3541 1493 domicilio
3593 1455 3726 1494 con-

2157 1520 2518 1588 gruentibus;
2579 1521 2798 1594 illicque
2844 1524 3004 1596 degat
3047 1535 3101 1582 et
3135 1530 3387 1585 comedat
3438 1531 3725 1601 peculiari,

2156 1617 2212 1663 et
2237 1625 2267 1663 a
2303 1621 2563 1667 consueta
2596 1615 2928 1684 reliquarum
2959 1619 3277 1674 monialinm
3310 1621 3523 1676 diversa
3551 1623 3729 1677 victus

2159 1699 2391 1764 ratione,
2418 1712 2582 1771 prout
2607 1704 2852 1760 detonsm
2883 1707 3028 1764 vires
3085 1711 3438 1778 postulariut,
3464 1721 3519 1767 et
3543 1714 3729 1778 praefe-

2155 1800 2256 1846 οιαὶ
2284 1793 2544 1848 discretio
2579 1796 2947 1853 constituerit.
2973 1800 3040 1855 Et
3072 1817 3241 1870 penes
3271 1803 3561 1874 ipsanﬁerit
3591 1805 3729 1858 duas

2155 1883 2364 1939 habere
2395 1885 2674 1952 mulieres,
2703 1888 2818 1944 sive
2842 1889 3048 1947 liberas
3075 1893 3190 1947 sive
3244 1908 3451 1959 servas,
3482 1895 3586 1948 sibi
3623 1897 3726 1948 mi-

2155 1976 2470 2041 nistrantes,
2505 1993 2627 2049 qua:
2677 1981 2910 2036 seorsim
2964 1997 2993 2036 a
3051 1983 3371 2038 monasterii
3419 1984 3748 2038 famulabus'

2152 2069 2501 2126 habitabant.

2221 2340 2360 2396 Cum
2387 2351 2570 2397 autem
2609 2341 3006 2398 monasterium
3034 2342 3168 2398 viris
3204 2343 3544 2398 inaccessum
3603 2359 3724 2398 esse

2151 2431 2438 2488 deﬁnitum
2490 2434 2596 2496 sit,
2629 2434 2675 2487 si
2720 2433 2942 2503 quidem
2994 2434 3107 2504 ipsa
3153 2436 3418 2504 quosdam
3483 2437 3587 2490 sibi
3642 2436 3723 2490 fa-

2149 2523 2446 2577 miliarium
2511 2524 2715 2594 alloqui
2764 2525 3019 2590 voluerit,
3057 2527 3382 2581 necessitate
3431 2526 3483 2580 id
3534 2539 3722 2596 postu-

2149 2618 2296 2672 lante
2315 2656 2328 2680 ,
2357 2631 2466 2670 non
2501 2615 2689 2671 licebit
2709 2617 2787 2670 illi
2812 2632 2908 2671 eos
2936 2619 3001 2671 in.
3018 2620 3413 2673 monasterium
3443 2619 3722 2672 intromit-

2151 2718 2265 2763 tere
2293 2725 2307 2762 :
2336 2709 2432 2764 sed
2462 2708 2576 2778 ipsa
2606 2724 2637 2764 e
2667 2710 2938 2764 sententia
2968 2711 3236 2779 przel‘ectae
3278 2713 3452 2766 exibit
3505 2712 3572 2766 ad
3607 2728 3727 2781 per-

2147 2802 2298 2855 vium
2332 2802 2622 2856 transitura
2651 2803 2745 2872 qui
2799 2814 2884 2858 est
2935 2804 3003 2858 ad
3058 2803 3282 2868 atrium,
3315 2815 3370 2859 et
3435 2815 3721 2874 postquam

2148 2894 2222 2951 ibi
2255 2908 2380 2948 cum
2413 2895 2522 2949 illis
2566 2905 2890 2950 conversata
2921 2896 3104 2958 fuerit,
3138 2896 3479 2967 ingredietur
3534 2913 3727 2952 rursus

2147 2987 2202 3042 in
2237 2987 2660 3053 monasterium,
2712 2988 3040 3058 curabitque
3076 2997 3136 3042 ut
3190 2988 3324 3042 viris
3382 2988 3720 3044 inaccessum

2149 3083 2242 3143 sit.
2272 3091 2332 3137 ut
2361 3083 2567 3137 dictum
2597 3089 2701 3136 est.

2221 3175 2275 3230 Si
2312 3189 2445 3229 vero
2478 3191 2668 3229 earum
2698 3175 2948 3244 quaedam
2975 3173 3201 3242 obsequi
3234 3182 3470 3243 nequeat
3521 3173 3720 3242 reguize

2150 3267 2218 3321 de
2248 3282 2474 3334 egressu
2509 3281 2539 3318 e
2595 3266 2950 3326 monasterio,
2988 3279 3088 3334 pro
3125 3266 3344 3318 czeteris
3393 3265 3724 3318 monialibus

2150 3358 2204 3411 in
2233 3358 2487 3426 praesenti
2518 3357 2698 3426 typico
2747 3357 2981 3418 traditm,
3031 3355 3366 3409 concedatur
3423 3356 3472 3409 ei
3521 3372 3550 3409 a
3583 3371 3723 3423 pne-

2147 3450 2289 3504 fecta
2315 3450 2460 3516 (casu
2496 3448 2752 3518 quopiam
2785 3449 2884 3518 ipsi
2917 3446 3247 3517 accidente),
3284 3456 3344 3500 ut
3381 3462 3411 3500 e
3447 3456 3722 3501 monaste-

2149 3541 2231 3594 rio
2255 3539 2482 3595 excedat
2511 3555 2634 3594 cum
2664 3555 2770 3594 una
2793 3555 2823 3594 e
2874 3538 3159 3593 sororibus
3197 3545 3355 3592 :etate
3417 3539 3721 3607 grandiori-

2147 3634 2252 3689 bus
2289 3642 2343 3688 et
2374 3632 2806 3698 ltonestioribus,
2831 3647 3213 3703 quamcunque
3257 3631 3510 3702 praefecto
3535 3633 3724 3685 volue-

2148 3727 2237 3781 rit.
2289 3727 2357 3781 Et
2413 3726 2667 3780 monialis
2727 3725 2948 3795 quidem
2998 3725 3184 3779 statim
3221 3731 3582 3779 revertatur:
3629 3725 3717 3777 illa

2145 3835 2280 3874 vero
2331 3827 2614 3889 postquam
2663 3834 2868 3889 mgrum
2899 3825 3190 3888 cognatum
3222 3817 3412 3872 viscrit
3452 3809 3592 3871 duos
3636 3819 3720 3871 vel

2148 3920 2259 3965 tres
2285 3911 2420 3971 dies,
2463 3908 2663 3964 redibit
2678 3909 2744 3963 ad
2780 3909 3197 3964 monasterium.
3233 3909 3287 3963 Si
3319 3923 3448 3962 vero
3471 3908 3724 3963 inﬁrmus

2145 4003 2588 4074 consanguineus
2615 4013 2892 4057 extremos
2917 4001 3064 4056 emet
3097 4000 3344 4070 spiritus,
3380 4001 3488 4054 illic
3530 4019 3723 4056 mane-

2144 4094 2224 4149 bit
2254 4095 2431 4149 donec
2462 4095 2570 4147 vita
2606 4094 2826 4148 functus
2853 4093 2945 4148 sit.
2970 4092 3126 4158 Quod
3153 4091 3198 4145 si
3247 4092 3366 4162 ejus
3416 4092 3598 4146 obitus
3649 4093 3718 4147 ad

2146 4201 2314 4241 unum
2347 4186 2430 4240 vel
2455 4187 2596 4240 duos
2638 4185 2775 4249 dies,
2816 4192 2910 4238 aut
2938 4186 3061 4254 plus
3083 4184 3453 4255 protrahatur,
3493 4200 3558 4240 ex
3585 4196 3722 4241 tunc

2144 4279 2211 4334 ad
2244 4280 2637 4335 monasterium
2667 4285 2993 4332 revertetur.

2214 4547 2320 4604 Sed
2342 4555 2398 4602 et
2421 4546 2466 4600 si
2497 4545 2601 4600 alia
2636 4544 2903 4616 quaepiam
2927 4560 2994 4600 ex
3029 4545 3258 4601 clariore
3301 4547 3410 4601 vita
3437 4556 3492 4600 et
3531 4547 3715 4616 splen—

2146 4639 2278 4695 dido
2305 4647 2470 4703 statu,
2516 4637 2754 4693 voluerit
2807 4637 2863 4692 in
2911 4639 3017 4692 hoc
3053 4637 3386 4693 monasterio
3428 4638 3718 4693 saeculares

2147 4733 2425 4802 deponere
2461 4730 2688 4800 capillos
2719 4747 2732 4784 :
2776 4730 2861 4784 vel
2892 4733 2937 4783 si
2985 4730 3054 4783 ab
3085 4729 3329 4784 externis
3364 4729 3592 4784 detonsa
3622 4743 3716 4783 ac.-

2147 4824 2395 4888 cesserit,
2461 4824 2578 4892 ipsa
2628 4837 2848 4892 quoque
2903 4822 3244 4878 admittetur.
3279 4823 3347 4877 Et
3382 4823 3428 4877 si
3492 4821 3714 4892 quidem

1738 4981 2194 5048 Montl‘auconii
2250 4993 2439 5049 notat.

536 5087 614 5157 (5)
639 5089 815 5173 Μιξαξ
839 5089 951 5173 ζῇς
965 5093 1250 5173 τραπέζης
1283 5096 1401 5150 τῶν
1414 5100 1826 5167 μοναζουσῶν,
1865 5106 1915 5160 id
1934 5120 2039 5173 est,

465 5157 728 5249 ξορρεξιὰ
786 5157 1161 5249 collqcandam
1197 5157 1679 5249 saemm'mensitm
1712 5157 2038 5249 instar—my:

465 5228 565 5281 tuli
595 5228 726 5302 Asive
773 5231 997 5302 conchae
1048 5242 1380 5290 exstructus.
1420 5238 1655 5295 Consule
1716 5228 2039 5302 coetu-Ei».

467 5299 654 5388 mne-dia:
671 5299 960 5388 siin/finite
1019 5303 1316 5358 ercitatis
1349 5309 1418 5363 ab
1437 5311 1814 5368 eruditissimo
1833 5299 2036 5388 οιυίέίὁ

465 5370 908 5449 ιιιιμειιἋιιιὶιιιιι]ζ

539 5436 613 5502 (6)
651 5437 928 5519 Tpoazmnﬁ.
999 5440 1151 5498 Hanc
1207 5451 1631 5519 vocemﬂsemel
1695 5453 1918 5509 invenio
1979 5457 2033 5512 in

463 5503 818 5594 Tlteophtanis
843 5503 1306 5594 ‘C’tr9110950pht'a,
1334 5533 1386 5586 p.
1417 5503 1544 5594 57S,
1579 5503 2030 5594 edit—.niie-gTN't-I

463 5580 755 5655 κήσας.....
783 5579 892 5664 ’τὰς
948 5583 1020 5664 ἐν.
1044 5579 1122 5653 τῷ
1158 5579 1541 5664 πατριαρχείιιί
1573 5593 1788 5664 εικόνας
1817 5579 1911 5646 τοῦ
1944 5579 2031 5664 μι-

465 5647 914 5725 νροῇσεκρέτου,
943 5647 1320 5725 διὰᾳμῖουσαίόυ
1360 5647 1527 5720 aﬁ‘ca';
1570 5647 1784 5725 Eﬁsaev:
1817 5666 1906 5716 καὶ
1935 5647 2028 5717 τοῦ

467 5715 703 5785 μεγάλου
731 5715 985 5789 σεκρέτου
1011 5715 1110 5790 τῆς
1134 5726 1398 5796 τροπικῆς
1424 5728 1480 5792 ἐξ
1503 5715 1838 5800 ὑλογραφίες
1863 5715 2025 5804 055;};-

2149 5115 2506 5182 κατήνεγκεν.
2546 5109 3177 5184 G_oaru_s_ibi'rpomxi1v.
3225 5111 3395 5184 vertit
3411 5110 3711 5184 ambitum,

2149 5198 2256 5237 non
2277 5180 2634 5238 incommode
2667 5180 2948 5253 arbitror,
2977 5180 3291 5253 quanquam
3327 5182 3460 5238 mihi
3489 5187 3718 5241 omnino
3753 5202 3759 5206 '

2149 5255 2373 5323 planum
2408 5258 2635 5323 nonest
2663 5250 2795 5323 quid
2824 5251 2955 5323 illud
2987 5253 3079 5307 sit.

2221 5325 2297 5446 ‘7)
2334 5322 2711 5376 Διοικεῖσθαι.
2742 5319 2952 5389 Duplici
3009 5324 3219 5378 ratione
3259 5324 3349 5380 hic
3385 5334 3440 5379 et
3463 5325 3603 5381 infra
3633 5329 3717 5382 in-

2248 5394 2316 5446 ἱειὶ
2369 5400 2586 5446 potest:
2625 5405 2662 5443 ι.
2698 5397 2760 5442 ιιι
2785 5405 2981 5446 sensus
3015 5393 3083 5446 sit
3133 5395 3250 5446 illas
3282 5397 3512 5446 famulas
3539 5412 3568 5446 τι
3596 5413 3714 5446 mn-

2149 5393 2316 5462 telligi
2369 5400 2586 5463 potest;
2625 5405 2662 5443 ι.
2698 5397 2760 5442 ιιι
2785 5405 2981 5463 sensus
3015 5393 3083 5446 sit
3133 5395 3250 5449 illas
3282 5397 3512 5450 famulas
3539 5412 3568 5450 a
3596 5413 3714 5452 mo-

2147 5459 2382 5518 nastéri'i
2402 5459 2618 5516 ancillis
2635 5460 2902 5528 regendas
2923 5478 3076 5527 esse;
3101 5466 3154 5517 9..
3181 5467 3326 5532 ipsas
3344 5481 3374 5519 a
3395 5469 3711 5521 monasterii

2144 5533 2455 5609 famulabus
2511 5538 2820 5609 segregatas
2877 5543 3150 5609 oportere.
3185 5534 3335 5591 Hane
3385 5538 3712 5609 interpreta-
3791 5581 3796 5583 .

2143 5603 2348 5657 tionem
2401 5611 2462 5657 ut
2511 5603 2684 5670 magis
2753 5603 3043 5671 genuinam
3105 5615 3160 5660 et
3208 5621 3338 5661 vero
3392 5603 3710 5662 similiorem

2141 5673 2374 5743 amplexi
2411 5687 2622 5728 sumus.
