4104 6200
454 236 596 307 1015

1717 249 2005 312 IRENES
2047 253 2427 318 AUGUST/E

3563 265 3702 333 1016

443 370 596 419 nem,
623 362 680 410 et
736 356 1055 412 monasterii
1104 357 1304 430 regulae
1346 360 1659 415 necessario
1703 361 1807 416 sibi
1860 364 2016 419 obso-

2121 367 2276 440 τύπῳ
2303 371 2440 441 πρδς
2468 372 2715 443 ἀνάγκης
2745 372 2858 438 ἕξει
2885 373 3220 430 ἀκολουθεῖν.
3256 376 3354 429 Ἂν
3388 375 3443 429 δέ
3470 377 3533 444 γέ
3569 396 3701 432 ποτε

445 445 728 516 qucndum
759 447 898 501 fore.
941 446 996 501 Si
1049 463 1180 502 vero
1206 464 1237 503 a
1305 449 1645 506 dmmonibus
1691 460 1896 508 tentata
1934 455 2020 516 (ut

446 549 590 604 saepe
620 535 759 590 solet
789 535 1240 600 amentia),e\ire
1257 536 1481 606 quidem
1515 554 1545 593 e
1572 541 1906 595 monasterio
1931 555 2019 594 σοι

444 635 572 680 nata
599 625 786 687 fuerit,
817 625 1160 696 volueritque
1210 627 1417 683 donum
1457 645 1761 696 resumere,
1813 647 2018 701 nequa-

443 731 610 786 quam
661 716 900 771 dandum
929 729 1014 772 est
1072 719 1172 783 illi.
1227 721 1598 792 quodcunque
1645 722 1778 777 illud
1830 722 2015 777 fuerit.

443 806 596 873 Quod
625 807 770 861 enim
801 810 970 864 semel
999 810 1111 864 Deo
1140 824 1522 868 consecratum
1557 822 1660 879 est,
1695 815 2018 869 resumine-

441 895 585 966 quit,
613 905 670 950 et
721 897 814 966 qui
861 898 992 952 illud
1061 901 1311 962 resumit,
1359 903 1657 973 sacrilegus
1705 913 1810 958 est.
1860 902 2016 969 Quali

440 1001 574 1041 vero
596 1001 760 1056 ptena
809 989 1080 1058 plectatur
1136 992 1510 1063 sacrilegium,
1546 1009 1738 1050 omnes
1789 1003 2014 1058 norunt,

438 1077 572 1134 licet
595 1079 647 1134 id
672 1095 774 1136 nos
808 1083 1034 1138 minime
1091 1083 1418 1141 dixerimus.
1467 1085 1658 1156 Itaque
1712 1101 1832 1155 qua:
1885 1101 2016 1156 pro-

440 1171 624 1241 prium
677 1173 882 1228 bonum
917 1191 1012 1230 seu
1043 1176 1244 1232 mobile
1272 1177 1386 1232 sive
1419 1177 1696 1233 immobile
1731 1178 2014 1242 obtulerit,

440 1264 586 1335 legat
617 1266 771 1334 prius
804 1267 919 1322 lnec
949 1269 1118 1323 verba
1153 1277 1247 1323 :et
1283 1271 1326 1324 si
1358 1270 1582 1339 quidem
1612 1270 1791 1325 libero
1845 1279 1900 1324 et
1926 1269 2016 1340 pio

439 1358 725 1428 proposito
764 1359 975 1414 donum
1004 1361 1295 1427 obtulerit,
1322 1370 1382 1416 ut
1415 1377 1695 1433 nunquam
1734 1378 1764 1416 a
1822 1377 1880 1417 se
1916 1362 2017 1415 im-

437 1457 720 1518 posterum
749 1453 1172 1519 resumendnm,
1204 1469 1382 1524 neque
1429 1454 1557 1510 hinc
1587 1454 1761 1524 pluris
1788 1453 1911 1508 aliis
1929 1469 2017 1509 so-

438 1541 660 1597 roribus
687 1543 878 1598 habcri
914 1547 1225 1615 postularit,
1256 1559 1386 1603 tunc
1430 1548 1754 1603 admittatur
1811 1547 2014 1602 donum

439 1630 579 1701 ejus,
604 1640 659 1686 et
694 1634 869 1704 gratia
912 1635 1086 1704 plenae
1130 1648 1449 1709 reponatur,
1477 1654 1505 1692 a
1553 1652 1660 1709 qua
1712 1636 1836 1692 lidei
1905 1651 2017 1693 sua:

441 1723 752 1780 mercedem
779 1726 1026 1797 recipiet.

1033 1842 1257 1898 CAPUT
1281 1845 1414 1901 νηί.

441 1951 593 2029 Quod
613 1970 731 2029 quae
781 1973 822 2029 _a
854 1955 1192 2011 swcularibus
1219 1960 1303 2028 pio
1345 1963 1639 2029 proposito,
1701 1969 2018 2020 monasterio

513 2024 930 2098 Gratia-plerth
959 2024 1354 2095 consecrantur,
1381 2024 1633 2098 mobilia,
1656 2050 1746 2087 seu
1783 2037 2021 2091 immobi-

513 2093 609 2158 lia,
641 2093 967 2152 admittenda
995 2098 1123 2154 sint.

513 2205 619 2263 Sed
644 2215 697 2262 et
718 2207 761 2262 si
792 2212 918 2278 quis
951 2225 982 2265 e
1011 2211 1391 2279 secularibus,
1426 2213 1511 2269 vel
1533 2213 1726 2271 liberis
1788 2219 2014 2284 nostris,

440 2308 537 2354 aut
563 2299 669 2354 alia
690 2300 903 2357 ratione
938 2304 1207 2372 cognatis,
1234 2303 1349 2359 sive
1370 2304 1600 2360 omnino
1636 2307 1855 2373 alienis,
1905 2310 2019 2366 Deo

439 2391 638 2447 dilecta
670 2395 940 2450 sententia
965 2403 1021 2450 et
1079 2395 1360 2466 proposito
1407 2405 1613 2462 motus,
1648 2398 1873 2454 mobilia
1923 2411 2020 2456 aut

441 2483 740 2540 immobilia
773 2487 1021 2556 quaedam
1044 2488 1377 2543 monasterio
1399 2502 1722 2546 consecrare
1737 2493 2014 2559 voluerit;

443 2573 592 2629 hunc
624 2573 845 2645 quidem
883 2577 1263 2633 lubentissime
1302 2577 1636 2648 suscipimus
1674 2579 1744 2636 ob
1769 2581 1921 2652 pium
1948 2584 2016 2639 i-l-

439 2665 532 2719 lud
566 2667 932 2737 propositum,
965 2670 1202 2724 scientes
1229 2669 1408 2740 ipsum
1453 2685 1483 2724 a
1506 2669 1618 2726 Deo
1643 2673 1817 2730 multo
1839 2675 2020 2746 copio-

440 2758 586 2813 siore
625 2760 879 2816 mercede
899 2763 1236 2819 donandum.

511 2850 779 2906 Volumus
813 2867 962 2918 vero,
990 2865 1049 2910 ut
1084 2857 1447 2914 immobilium
1472 2861 1542 2915 ab
1581 2861 1703 2931 ipso
1733 2875 2020 2917 consecra-

441 2949 622 2995 torutn
646 2954 966 3012 proventus,
983 2961 1089 3000 non
1111 2947 1178 3001 ad
1203 2948 1380 3004 victus
1399 2952 1790 3007 monacharum
1815 2952 2019 3008 redun-

2045 1702 2094 1761 B

2123 462 2484 530 πειρασθεῖσα
2529 466 2592 517 ἐκ
2635 465 2930 534 δαιμόνων,
2975 460 3064 519 οἶα
3105 466 3278 520 πολλὰ
3307 466 3374 519 τά
3403 467 3505 536 τῆς
3534 467 3701 523 ἅδον-

2123 550 2264 616 λίας,
2305 553 2565 624 ἐκστῆναι
2598 555 2698 623 μὲν
2731 556 2834 625 τῆς
2869 557 3040 625 μονῆς
3073 557 3331 628 πειραθῇ.
3364 556 3608 626 βούλοιτο
3640 558 3698 611 δὲ

2122 645 2216 698 καὶ
2243 645 2306 698 τὸ
2330 646 2535 715 δεδωρη
2546 647 2706 716 μένον
2731 649 3042 712 ἀναλαϐεῖν,
3063 649 3122 702 οὐ
3153 650 3335 702 δοτέον
3357 650 3492 720 αὐτῇ
3517 651 3698 715 τοῦτο,

2121 737 2285 792 κᾶνό
2318 755 2370 790 τι
2423 741 2566 812 τύχῃ
2611 740 2698 793 δν·
2742 741 2803 792 τὸ
2853 743 2961 808 γὰρ
3013 740 3163 805 ἅπαξ
3214 741 3332 809 Θεῷ
3390 743 3700 812 ἀφιερωοὲν

2122 830 2506 900 ἀναφαίρετον,
2537 832 2633 885 καὶ
2663 832 2690 882 ὁ
2713 833 3119 903 ἀφαιρούμενος
3153 833 3449 902 ἱερόσυλος.
3479 835 3698 888 ὐποῑον

2121 920 2178 973 δὲ
2205 922 2268 974 τὸ
2298 922 2598 992 ίεροσυλείν
2627 922 2742 992 ἔχε,ι
2767 925 2828 977 τὸ
2853 925 3129 992 ἐπιτίμιον
3163 926 3367 988 πάντες
3393 925 3562 986 ἴσασι.
3591 926 3698 978 κᾶν

2122 1013 2284 1081 ἡμείς
2319 1014 2392 1084 μὴ
2423 1014 2694 1084 λέγωμεν.
2733 1016 2896 1068 Ὥστε
2924 1018 2957 1085 ἠ
3004 1017 3070 1070 ἂν
3104 1017 3357 1086 προσάγῖΙ
3392 1017 3450 1068 τὸ
3493 1019 3693 1070 οἰκεῖον

2120 1104 2400 1174 ἀκίνητον,
2429 1106 2461 1178 ἢ
2485 1105 2724 1176 κινητὸν,
2745 1107 3165 1175 ἀναγινωσκέτω
3186 1109 3361 1160 ταῦτα
3381 1108 3450 1159 tit
3473 1108 3694 1177 ῥήματα

2121 1196 2409 1266 πρότερον.
2448 1197 2554 1250 Καὶ
2589 1197 2750 1268 εἴπερ
2778 1198 3051 1268 ἐλευθέρῳ
3085 1198 3274 1268 σκοπῷ
3317 1199 3412 1250 καὶ
3458 1197 3698 1264 θεοφιλεῖ

2119 1289 2356 1342 ποιεῖται
2406 1288 2506 1358 τὴν
2559 1290 2948 1360 προσαγωγὴν,
3003 1290 3079 1352 ὡς
3117 1293 3254 1361 μήτε
3305 1290 3694 1360 ἀναληψομένη

2122 1378 2368 1448 ὕστερον,
2396 1379 2534 1449 μήτε
2568 1379 2902 1452 προτίμησίν
2928 1397 3052 1434 τινα
3090 1379 3340 1434 ἐντεῦθεν
3371 1382 3483 1434 τῶν
3518 1382 3697 1436 ἄλλων

2117 1468 2364 1536 ἀδελφῶν
2410 1468 2673 1539 ζητοῦσα,
2726 1471 2850 1525 τότε
2896 1471 2961 1541 δὴ
3013 1470 3396 1540 προσδεχέσθω
3427 1472 3486 1525 τὸ
3516 1473 3692 1544 δῶρον

2118 1557 2310 1627 αὐτῆς,
2341 1560 2436 1612 καὶ
2473 1562 2541 1630 τῇ
2579 1561 3012 1634 Κεχαριτωμένῃ
3042 1559 3434 1628 ἀνατεθείσθω,
3464 1562 3596 1635 παρ’
3627 1559 3697 1636 ἧς

2120 1651 2218 1704 καὶ
2245 1653 2274 1705 ὁ
2317 1651 2508 1722 μισθὸς
2540 1652 2679 1723 αὐτῇ
2716 1652 2815 1722 τῆς
2845 1651 3081 1718 πίστεως
3112 1653 3534 1726 ἀποδοθήσεται.

2723 1854 2974 1908 ΚΕΦΛΛ.
3011 1855 3094 1908 [ι’.

2119 1965 2258 2033 Περὶ
2282 1965 2406 2045 ,τοῦ
2440 1963 2601 2045 παρὰ
2636 1964 3248 2045 κωμικῶν-’θεοφιλεῖ
3274 1963 3484 2045 (ἵκοπῷ
3527 1965 3694 2045 ἀφιείς

2183 2036 2454 2104 ρούμενα
2482 2033 2556 2102 τῇ
2593 2033 2758 2102 μον-ἦ
2785 2034 2893 2101 τῆς
2932 2033 3439 2104 κεχαριτωμένης,
3482 2035 3696 2102 κινητὰ

2191 2101 2257 2159 τε
2279 2101 2378 2159 καί
2410 2101 2685 2173 ἀκίνητα,
2716 2101 2931 2159 δεκτέα
2957 2101 3133 2160 εἶναι.

2203 2217 2366 2271 Ἀλλά
2395 2219 2492 2271 καὶ
2536 2218 2590 2272 el
2616 2235 2699 2281 τις
2749 2217 2859 2272 τῶν
2905 2217 3210 2289 κοσμικῶν,
3261 2219 3292 2289 ἦ
3346 2217 3451 2272 τῶν
3488 2215 3694 2270 παίδων

2118 2309 2494 2380 ήμῶν,ἧτῶν
2541 2308 2717 2372 ἄλλως
2756 2311 3054 2378 συγγενῶν,
3105 2310 3137 2380 ἢ
3186 2310 3281 2362 καὶ
3321 2310 3495 2379 πάντη
3540 2308 3698 2361 ἀλλο-

2120 2400 2289 2472 τρίων
2320 2399 2561 2468 θεοφιλεῖ
2591 2398 2806 2473 γνώμῃ,
2858 2402 2954 2454 καὶ
2998 2401 3316 2472 προαιρέσει
3355 2399 3694 2470 κινοῦμενος,

2121 2497 2318 2565 κινητά
2367 2493 2410 2563 ἢ·
2447 2493 2681 2564 ἀκίνητά
2728 2510 2850 2547 τινα
2899 2496 2966 2563 τῇ
3023 2495 3160 2565 μονῇ
3196 2493 3500 2564 ἀφιερῶσαι
3532 2493 3698 2562 προέο

2120 2584 2285 2648 λοιτο,
2331 2583 2855 2654 ὑπεραποδεχόμεθα
2911 2583 3012 2654 μὲν
3041 2582 3238 2638 τοῦτον
3262 2585 3362 2654 τῆς
3411 2583 3697 2654 θεοφιλοῦς

2121 2675 2519 2746 προαιρέσεως,
2550 2675 2752 2739 ειδότες
2781 2676 2862 2729 ὅτι
2903 2676 2997 2730 καὶ
3036 2679 3186 2748 παρὰ
3219 2675 3357 2730 Θεοῦ
3393 2676 3695 2730 πολλαπλα-

2124 2767 2274 2822 σίονα
2303 2767 2404 2838 τήν
2436 2768 2862 2838 μισταποδοσίαν
2893 2767 3202 2839 κομίζεται.

2195 2857 2506 2930 Βουλόμεθα
2531 2859 2586 2912 δὲ
2615 2859 2716 2931 τὴν
2763 2859 2872 2913 τῶν
2909 2861 3039 2931 παρ’
3085 2860 3249 2914 αὑτοῦ
3281 2862 3404 2930 ἄφιε
3417 2858 3693 2930 ρωθέντων

2121 2951 2395 3022 ἀκινήτων
2435 2950 2718 3024 πρόσοδον,
2777 2951 2852 3022 μὴ
2900 2954 2979 3015 είς
3041 2951 3382 3023 πλεονασμδν
3432 2950 3531 3021 τῆς
3586 2948 3696 3001 τῶν

444 3032 712 3098 dantiatn,
737 3051 841 3090 nec
875 3035 940 3090 ad
955 3040 1206 3107 quamvis
1230 3040 1391 3095 aliam
1423 3049 1757 3099 statutorum
1796 3053 2014 3100 nostro-

2125 3044 2373 3114 μοναχῶν
2402 3041 2835 3098 κατακενοῦσθαι
2857 3044 3092 3115 διαίτης,
3120 3045 3154 3115 ἦ
3187 3061 3308 3099 τινα
3342 3043 3508 3113 ἀλλην
3536 3042 3694 3094 ὲναλο

441 3141 564 3182 ιυιῐι
597 3127 1036 3185 immutationem
1072 3131 1396 3188 absumatur
1433 3151 1446 3188 :
1485 3135 1581 3191 sed
1632 3135 1700 3191 ad
1761 3151 2018 3208 augmen-

439 3235 556 3275 tum
595 3223 914 3277 monialinm
940 3224 1132 3280 eadem
1171 3227 1357 3297 regula
1382 3229 1675 3293 utentium,
1703 3239 1758 3284 et
1791 3230 1860 3284 ad
1908 3230 2016 3284 lat"-

437 3313 674 3385 gitiones
727 3317 1063 3388 pauperibus
1109 3317 1424 3386 faciendas,
1483 3329 1562 3375 ut-
1601 3321 1705 3392 ipsi
1747 3322 2014 3377 libuerit:

436 3419 652 3460 necnon
677 3406 742 3460 ad
764 3416 1014 3478 sumptus
1030 3423 1130 3477 pro
1153 3409 1594 3465 solemnitatibus
1613 3418 1669 3465 et
1687 3426 2016 3467 commemoo

439 3499 770 3554 rationibus.
807 3500 998 3570 Neque
1027 3501 1176 3555 enim
1201 3501 1388 3556 licebit
1418 3504 1802 3570 oll'erentibus,
1841 3505 2015 3561 dono~

441 3606 563 3644 rum
588 3591 876 3646 occasione
900 3591 1048 3660 leges
1069 3593 1332 3662 quasdam
1369 3595 1656 3658 innovare,
1685 3606 1779 3651 aut
1812 3605 2015 3653 statuta

439 3681 648 3737 nostris
717 3683 1096 3738 sanctionibus
1151 3685 1521 3740 adversantia.
1582 3687 1688 3742 Sed
1751 3689 2018 3744 moniales

443 3774 588 3828 dona
617 3771 840 3841 quidem
889 3773 982 3843 pio
1027 3775 1314 3844 proposito
1363 3776 1550 3830 oblata
1608 3778 2018 3848 suscipient,et

443 3878 788 3935 quaecunque
858 3863 1146 3934 largitores
1178 3864 1247 3920 de
1294 3857 1911 3923 commemorationibus
1961 3877 2018 3923 et

439 3956 849 4028 erogationibus
878 3966 1140 4022 statuent,
1173 3968 1575 4030 exsequemur;
1605 3960 1730 4032 plus
1784 3976 1912 4016 vero
1951 3960 2017 4016 iis

441 4047 600 4115 nihil,
630 4056 692 4103 ut
717 4047 922 4105 dictum
954 4057 1058 4104 est.

1049 4187 1273 4246 CAPUT
1306 4190 1400 4246 IX.

2124 3135 2298 3205 λαγὴν
2325 3135 2436 3189 τῶν
2477 3135 2608 3206 παρ’
2651 3136 2811 3205 ήμῶν
2860 3136 3336 3205 διατεταγμένων⁵
3382 3134 3496 3188 ἀλλ’
3530 3133 3608 3196 είς
3634 3149 3694 3184 τε

2123 3227 2440 3299 προσθήκην
2470 3227 2726 3298 μοναχῶν
2753 3230 2830 3298 τῷ
2863 3227 3014 3297 αὐτῷ
3042 3229 3229 3281 κανόνι
3261 3227 3574 3298 χρωμένων,
3613 3227 3695 3286 εἷς

2121 3339 2180 3376 τε
2215 3323 2484 3385 διαδόσεις
2523 3325 2798 3392 πενήτων,
2823 3324 2900 3386 ὡς
2933 3324 3041 3393 ἄρα
3074 3323 3278 3384 ἐκεῖνος
3302 3321 3566 3391 βούλοιτο,
3602 3321 3697 3371 καὶ

2121 3417 2199 3478 είς
2235 3415 2438 3484 ἑορτῶν
2485 3417 2584 3469 καὶ
2626 3415 2988 3486 μνημοσύνων
3020 3414 3378 3484 ἀναλώματα.
3429 3413 3545 3466 Οὐκ
3576 3410 3697 3475 ὲξέ-

2124 3524 2249 3561 σται
2279 3507 2389 3576 γὰρ
2417 3509 2529 3570 τοῖς
2563 3507 2904 3576 προσάγουσι
2933 3510 3000 3576 τῇ
3031 3508 3254 3576 ἀφορμῇ
3285 3505 3394 3558 τῶν
3427 3519 3698 3575 προσαγοο

2125 3598 2302 3668 μένων
2325 3597 2530 3660 τύπους
2556 3597 2708 3660 τινὰς
2738 3598 3020 3662 καινίζειν,
3051 3597 3083 3668 ἢ
3106 3597 3452 3666 διατάγματα
3480 3594 3699 3647 ἐναντία

2121 3691 2234 3752 τοῖς
2258 3688 2550 3757 ἡμετέροις
2604 3689 3054 3758 διατυπώμασινο
3089 3688 3225 3743 ἀλλά
3265 3688 3330 3742 τὰ
3399 3687 3497 3756 μὲν
3530 3702 3700 3755 προσ-

2123 3778 2419 3848 ενεχθέντα
2441 3779 2680 3848 θεοφιλεῖ
2709 3779 2920 3850 σκοπῷ,
2947 3781 3210 3852 λήψονται
3235 3780 3290 3832 αἱ
3324 3777 3660 3849 μονάζουσαι
3680 3790 3694 3805 ⁸

2121 3867 2218 3920 καὶ
2245 3868 2346 3922 ὅσα
2395 3869 2523 3939 περὶ
2559 3871 2926 3940 μνημοσύνων
2965 3871 3059 3924 καὶ
3104 3869 3392 3923 διαδόσεων
3421 3864 3696 3921 διατυπώ-

2125 3977 2309 4014 σονται
2349 3962 2397 4013 οἱ
2429 3962 2822 4033 προσάγοντες,
2855 3963 3234 4034 ἐνεργήσουσι,
3271 3961 3437 4015 πλέον
3481 3959 3538 4014 δὲ
3571 3964 3699 4013 τού·

2121 4069 2229 4105 των
2261 4053 2431 4120 οὐδὲν,
2470 4053 2544 4117 ὡς
2578 4055 2922 4126 προείρηται.

2737 4190 2985 4248 ΚΕΦΑΛ.
3017 4189 3096 4244 Θ’.

441 4300 591 4368 Quod
615 4315 733 4376 qua:
765 4300 1084 4376 monasterio
1115 4304 1477 4376 assignantur,
1511 4306 1627 4376 sive
1679 4303 1891 4376 mobilia
1913 4306 2016 4359 sive

2125 4303 2262 4370 Περὶ
2311 4303 2438 4376 τοῦ-
2477 4302 2679 4376 πάντα
2707 4301 2780 4357 τὰ
2823 4302 2898 4370 τῇ
2936 4301 3097 4376 μονῇ
3145 4301 3559 4376 ἀφοριζόμενα,
3585 4301 3700 4358 ἀνα

677 4370 986 4437 immobilia,
1027 4370 1429 4441 nunqudm'sint
1464 4373 1774 4428 alienanda.

509 4483 648 4538 Volo
677 4491 739 4538 ut
766 4483 948 4538 omnia
993 4483 1326 4538 monasterio
1382 4486 1677 4555 assignata,
1729 4494 1824 4540 aut
1875 4486 2015 4540 assi-

416 4563 678 4646 gnanda,
712 4575 796 4630 vel
832 4575 1027 4645 quovis
1067 4579 1230 4632 modo
1277 4578 1666 4646 comparanda,
1693 4593 1802 4632 non
1839 4579 2016 4633 solum

436 4665 758 4729 immobilia,
796 4665 892 4721 sed
909 4675 966 4720 et
992 4666 1477 4726 mobilia,immota
1497 4681 1734 4737 semper,
1764 4673 1821 4720 et
1877 4682 2020 4720 nun-

439 4776 604 4830 quam
635 4760 869 4815 alienata
899 4761 1044 4830 apud
1069 4760 1247 4830 ipsum
1278 4770 1555 4828 maneant,
1593 4769 1650 4815 et
1672 4775 1850 4830 neque
1874 4759 2015 4815 den-

447 4863 557 4918 llﬂ',
585 4861 678 4908 aut
701 4861 1135 4917 commutentur,
1161 4862 1256 4908 aut
1288 4853 1619 4916 vendantur,
1650 4868 1746 4908 seu
1781 4868 2015 4924 quomo-

441 4947 733 5016 docunque
765 4945 1143 5000 distrahantur
1169 4946 1331 5000 :licet
1355 4947 1544 5016 duplo,
1580 4953 1675 5001 aut
1708 4945 1890 5014 triplo,
1928 4946 2016 5000 vel

437 5039 674 5110 decuplo
699 5039 876 5110 majus
912 5037 1077 5093 fuerit
1110 5037 1258 5109 quod
1299 5037 1355 5094 in
1412 5039 1586 5094 vicem
1643 5036 2015 5094 distrahendas

435 5131 519 5187 rei
547 5130 743 5197 datur;
779 5145 904 5185 nam
960 5131 1306 5202 sacrilegium
1346 5131 1508 5202 plane
1554 5139 1638 5186 est
1696 5128 2014 5201 huiusmodi

436 5221 717 5293 quidpiam
775 5222 979 5285 facere,
1031 5232 1128 5278 aut
1186 5223 1392 5278 factum
1453 5223 1764 5278 admittere.
1801 5222 1870 5277 Et
1918 5221 2013 5292 qui

440 5314 548 5369 tale
569 5315 701 5384 quid
735 5317 932 5370 fecerit
961 5324 1055 5370 aut
1115 5315 1423 5380 admiserit,
1447 5315 1492 5371 is
1534 5316 1664 5370 licet
1715 5316 2014 5386 imperator

436 5402 626 5467 fuerit,
686 5404 766 5458 vel
809 5403 1143 5472 patriarcha,
1176 5404 1260 5458 vel
1299 5405 1667 5475 magistratus,
1696 5413 1791 5458 aut
1841 5403 2015 5473 priva-

437 5502 553 5557 tus,
593 5503 689 5548 aut
743 5493 998 5566 praelecta
1053 5497 1398 5562 monasterii,
1436 5497 1518 5551 vel
1542 5497 1706 5551 etiam
1761 5495 2010 5565 quaedam

439 5587 492 5638 in
523 5599 592 5637 eo
621 5586 937 5657 degentium
964 5589 1284 5642 monialium
1308 5608 1321 5654 ;
1359 5590 1448 5642 ille
1475 5588 1696 5657 quidem
1729 5588 2013 5643 tremendo

411 5662 494 5728 "ct
527 5676 674 5744 μειο
709 5679 887 5736 Judici
915 5678 1181 5735 rationem
1241 5680 1463 5743 reddet;
1501 5679 1685 5732 sancio
1717 5689 1899 5733 autem
1953 5686 2010 5733 ut

2041 4375 2096 4436 D

2261 4372 2553 4440 εκποίητα
2585 4369 2760 4439 εἶναι,
2788 4369 2999 4442 κινητά
3039 4369 3098 4427 τε
3130 4369 3231 4428 κάξ
3257 4369 3535 4441 datarum.

2191 4483 2344 4536 Θέλω
2371 4481 2426 4538 δι
2452 4486 2546 4536 καὶ
2580 4485 2762 4540 πάντα
2805 4485 2876 4539 τά
2921 4488 2986 4556 τῇ
3027 4487 3162 4556 μονῇ
3213 4483 3607 4555 ἀφορισθέντα,
3657 4482 3692 4552 ἢ

2122 4575 2699 4648 ἀφορισθησὸμενα,ῆ
2742 4578 2992 4632 ὁπωσοῦν
3038 4577 3546 4649 προσγενησόμενα,
3596 4576 3702 4629 οὐκ

2123 4668 2356 4738 ἀκίνητα
2409 4669 2593 4738 μόνον,
2641 4670 2778 4724 ἀλλὰ
2808 4672 2904 4724 καὶ
2947 4672 3164 4740 κινητὰ,
3207 4670 3442 4740 ἀκίνητα
3490 4669 3698 4738 μένειν,

2121 4761 2215 4814 καὶ
2251 4761 2585 4832 ἀνεκποὶητα
2633 4761 2765 4833 παρ’
2793 4763 2955 4834 αὐτῇ,
2989 4762 3063 4832 μὴ
3089 4761 3432 4833 δωρούμενα,
3461 4762 3535 4832 μὴ
3564 4761 3699 4813 ἀντ-

2123 4851 2524 4922 αλλαττόμενα,
2579 4853 2653 4923 μὴ
2711 4853 3071 4923 πωλούμενα,
3152 4853 3227 4924 μὴ
3275 4852 3700 4923 όπωσδηποτοῦν

2120 4942 2524 5014 ἀποκτώμενα·
2561 4941 2664 4997 κᾶν
2701 4943 3000 5009 διπλάσιον,
3036 4944 3070 5015 ἢ
3100 4943 3440 5016 τριπλάσιον.
3473 4942 3700 5012 ἦδεκα-

2119 5033 2347 5090 πλάσιον
2398 5037 2483 5107 ειη
2537 5035 2598 5089 τὸ
2643 5036 2766 5090 ἀντὶ
2813 5035 2908 5091 τοῦ
2959 5037 3352 5108 ὲκποιουμένου
3399 5036 3694 5104 διδόμενον.

2129 5125 2428 5195 Ἰεροσυλία
2461 5127 2570 5199 γὰρ
2605 5127 2866 5198 ἄντικρυς
2899 5128 2960 5181 τδ
3005 5129 3231 5198 ποιῆσαί
3259 5147 3312 5182 τι
3359 5127 3622 5189 τοιοῦτον,
3661 5126 3697 5191 ἢ

2119 5220 2216 5272 καὶ
2263 5220 2561 5289 γενόμενον
2622 5219 3043 5286 καταδέξασθαι,
3109 5223 3204 5276 καὶ
3263 5222 3293 5274 6
3352 5219 3595 5274 τοιοῦτόν
3642 5235 3700 5271 τε

2119 5312 2377 5382 ποιήσας,
2416 5312 2450 5382 ἢ
2499 5313 2927 5383 ἀναδεχόμενος,
2986 5313 3088 5367 κᾶν
3135 5313 3384 5383 βασιλεὺς
3432 5314 3553 5380 εἴη,
3591 5309 3698 5364 κᾶν

2119 5403 2486 5474 πατριάρχης,
2519 5403 2622 5480 κάν
2654 5405 2858 5475 ἄρχων,
2890 5404 2993 5460 κάν
3025 5405 3261 5476 ίδιώτης,
3296 5405 3328 5474 ἢ
3357 5406 3389 5475 ή
3417 5406 3694 5474 ἡγουμένη

2115 5497 2216 5565 τῆς
2244 5497 2435 5565 μονῆς,
2469 5497 2500 5566 ἦ
2541 5497 2635 5550 καί
2663 5516 2746 5562 τις
2777 5500 2888 5553 τῶν
2915 5502 2972 5553 ὲν
3004 5501 3140 5570 αὐτῇ
3181 5499 3453 5570 μοναχῶν,
3487 5501 3695 5559 ἐκεῖνος

2120 5587 2220 5657 μὲν
2267 5587 2456 5654 λόγους
2488 5588 2672 5658 ὑφέξει
2713 5590 2790 5661 τῷ
2841 5591 3058 5661 φοϐερῷ
3106 5594 3200 5644 καὶ
3234 5592 3428 5660 δικαίῳ
3478 5590 3694 5658 Κριτῇι

2116 5679 2174 5732 τὸ
2213 5679 2257 5733 δ’
2292 5681 2580 5753 ἐκποιηθὲν
2621 5683 2896 5756 ἀκίνητον,
2928 5681 3394 5738 ἀποκαθέστασθαι
3431 5679 3590 5734 πάλιν
3623 5680 3691 5749 τῇ
