4104 6200
366 301 502 364 1617

1824 313 2182 378 TYPlCUM.

3485 285 3626 397 1013'

363 415 501 484 μονῇ
525 411 858 482 διορίζομαι,
891 412 1094 484 σπουδῇ
1123 413 1216 466 τοῦ
1245 414 1547 480 ἁγιωτάτοις
1574 416 1936 487 πατριάρχου,

2047 429 2191 497 quod
2223 429 2519 484 alienatum
2545 442 2650 496 est,
2681 434 3015 489 monasterio
3071 437 3412 506 restituatur,
3438 443 3621 498 SlUtlIO

357 503 422 556 ὲκ
455 503 566 556 τῶν
616 503 800 572 νόμων
846 503 1086 556 καὶτῶν
1138 506 1384 559 κανόνων
1431 507 1532 574 τήν
1565 508 1696 578 περὶ
1749 511 1940 563 τούτου

361 593 624 663 φροντίδα
659 593 898 663 ἔχοντος,
921 592 1023 662 τῆς
1047 594 1146 662 τῆς
1177 594 1347 664 μονῆς
1374 595 1439 648 ἀν
1452 596 1939 668 τιλαμόανομένης,

355 685 450 736 καὶ
508 684 618 735 τῶν
675 684 876 738 λοιπῶν
938 686 1191 755 μοναχῶν
1243 687 1810 756 ὕπομιμνησκουσῶν,
1847 691 1942 744 καὶ

356 772 822 842 ἀνακαλουμένων
859 777 991 828 αὑτό
1012 792 1026 806 ο
1060 778 1151 829 καὶ
1184 778 1385 840 παντὸς
1408 779 1596 848 ἑτέρου
1629 781 1724 833 τοῦ
1757 781 1944 850 βουλο-

357 868 522 937 μένου
549 869 650 936 τὴν
680 867 964 937 ἐκδίκησιν
995 867 1321 932 σπεύδοντος
1359 869 1425 922 δι’
1463 870 1768 924 εὐσέϐειαν.

981 979 1237 1033 ΚΕΦΑΛ.
1276 979 1336 1035 ι’.

358 1069 501 1139 Περί
539 1069 646 1125 τοῦ
698 1071 846 1124 πότε
892 1071 1142 1192 urgeor
1181 1069 1292 1138 τῆς
1330 1071 1529 1142 μονῆς
1573 1073 1940 1130 ἐκποιεῒσθαι

1049 1156 1282 1192 υναται.

1049 1156 1282 1195 υναται.

443 1255 508 1308 Ἦ
539 1255 636 1324 μὲν
681 1249 774 1308 οὖν
799 1253 909 1306 τῶν
947 1256 1226 1326 ἀκινήτων
1257 1255 1545 1327 ἐκποίησις
1579 1256 1748 1319 οὕτως
1789 1257 1941 1311 ἔσται

358 1343 720 1412 κεκωλυμένη
776 1343 1133 1396 παντάπασι·
1170 1344 1280 1397 τῶν
1324 1345 1380 1397 δὲ
1428 1347 1666 1415 κινητῶν
1715 1348 1778 1398 ὲκ
1811 1348 1940 1416 μιᾶς

359 1435 456 1489 καὶ
483 1435 650 1505 μόνης
672 1435 848 1498 αἰτίας
871 1433 1094 1502 εὔλογον
1123 1437 1338 1506 ήγεῐται
1374 1436 1406 1506 ή
1436 1437 1684 1505 βασιλεία
1721 1455 1821 1507 μου
1845 1437 1940 1508 τὴν

357 1529 682 1598 ὲκποίησιν·
719 1528 957 1595 ὁπηνίκα
991 1543 1077 1590 τις
1118 1527 1287 1598 βλάϐη
1325 1529 1537 1599 μεγάλη
1571 1530 1940 1599 προσγένηται

359 1621 424 1689 τῇ
460 1621 617 1688 μονῇ,
662 1618 835 1689 ήτοϊς
869 1618 962 1671 ὑπ’
991 1619 1163 1688 αὐτὴν
1215 1620 1492 1690 κτήμασιν
1533 1619 1591 1685 ἐξ
1635 1621 1940 1692 ἐπιδρομῆς

2045 520 2374 575 sanctissimi
2406 524 2750 590 patriarchae,
2799 527 2885 580 cui
2921 526 3224 582 secundum
3255 530 3403 602 leges
3433 543 3490 588 et
3523 551 3618 588 ea-

2043 623 2216 665 nones
2271 616 2347 666 rei
2381 613 2609 682 hujusce
2664 631 2793 670 cura
2835 616 3124 683 incumbit,
3155 630 3381 688 patrona
3430 640 3620 678 mona-

2043 701 2220 764 sterii,
2246 704 2569 774 ueterisque
2592 707 2923 761 monialibus
2954 709 3132 778 ipsum
3156 713 3529 774 monentibus.
3558 715 3622 767 il-

2041 792 2248 862 ludque
2268 797 2674 860 revocantibus,
2703 809 2757 851 et
2779 816 3107 870 quocunque
3125 802 3253 868 alio,
3270 804 3356 858 cui
3373 803 3621 873 libuerit,

2041 885 2263 956 pietatis
2291 903 2440 960 ergo,
2481 891 2884 947 restitutionem
2906 906 3157 966 urgente.

2654 1001 2880 1058 CAPUT
2925 1004 2996 1058 Χ.

2150 1086 2502 1153 Quandonam
2532 1091 2721 1146 bonum
2759 1094 2946 1150 mobile
2972 1101 3520 1158 monasteriialicnari

2749 1169 2933 1235 possit.

2111 1273 2384 1328 Alienatio
2409 1274 2593 1343 itaque
2623 1275 2988 1334 immobilium
3017 1281 3097 1336 sic
3150 1284 3374 1338 omnino
3427 1286 3618 1355 probi-

2042 1364 2156 1421 bita
2180 1365 2288 1422 erit
2316 1384 2328 1420 :
2351 1367 2637 1422 mobilium
2658 1384 2790 1424 vero
2807 1371 3191 1430 alienationem
3219 1392 3285 1432 ex
3304 1392 3408 1431 una
3430 1387 3486 1432 et
3506 1378 3628 1433 sola-

2043 1471 2204 1512 causa
2239 1458 2438 1513 rationi
2464 1469 2888 1516 consentaneam
2939 1465 3215 1522 existimat
3267 1468 3622 1538 imperatoria

2041 1563 2161 1602 mea
2183 1549 2436 1620 majestas
2465 1569 2480 1618 ;
2520 1554 2741 1622 quando
2771 1555 2981 1610 scilicet
3007 1557 3196 1625 ingens
3235 1560 3458 1629 aliquod
3519 1561 3621 1615 da-

2042 1655 2228 1695 mnum
2277 1645 2632 1709 monaslerio,
2659 1655 2753 1700 aut
2783 1649 2948 1702 rebus
2973 1649 3093 1718 ejus
3113 1652 3409 1704 accesserit
3431 1666 3499 1706 ex
3537 1651 3621 1704 in-

357 1711 549 1777 έθνῶν,
603 1710 635 1781 ἢ
686 1710 1112 1782 έμπρησμοῠ,ἢ
1170 1712 1418 1783 σεισμοῦ,
1471 1714 1705 1785 ἀποροίη
1771 1715 1826 1767 δὲ
1875 1716 1935 1767 τὸ

2042 1745 2204 1786 cursu
2233 1731 2493 1790 videlicet
2523 1737 2791 1806 gentium,
2819 1739 2904 1794 vel
2933 1756 2998 1796 ex
3035 1740 3310 1806 incendio,
3341 1751 3439 1796 aut
3462 1751 3620 1796 terra:

358 1802 722 1872 μοναστήριον
772 1804 1092 1873 χρημάτων,
1137 1803 1218 1864 είς
1260 1803 1632 1874 ἐπανόρθωσιν
1675 1805 1768 1857 τοῦ
1801 1805 1931 1876 βλα-

2035 1835 2185 1880 motu
2206 1843 2220 1891 ;
2242 1827 2744 1899 monasteriumque
2763 1831 3086 1886 destitutum
3106 1832 3268 1888 fuerit
3284 1832 3533 1901 pecuniis
3549 1831 3617 1888 ad

357 1894 564 1954 ϐέντος.
599 1894 917 1963 Τηνικαῦτα
941 1898 1052 1965 γὰρ
1080 1894 1273 1970 ὲφίημι
1306 1896 1647 1949 ὲκποιείσθαί
1670 1914 1794 1948 τινα
1826 1898 1933 1950 τῶν

2041 1916 2492 1973 restaurationem
2517 1894 2847 1988 illius,quod
2871 1920 3202 1975 detrimento
3225 1922 3484 1976 all'eetum
3509 1930 3617 1974 est.

357 1983 595 2052 κινητῶν
644 1987 722 2048 εἰς
758 1985 1134 2053 ἐπανόρθωσιν
1177 1985 1286 2038 τῶν
1332 1987 1627 2056 ἀκινήτων.
1660 1987 1769 2040 Καὶ
1812 1988 1932 2040 τότε

357 2074 434 2138 δὲ,
476 2075 563 2128 ἵνα
606 2077 743 2145 πρὸς
776 2075 937 2144 ἀγίας
973 2075 1294 2147 ἐκκλησίας,
1345 2075 1439 2129 καὶ
1481 2075 1658 2139 θείους
1709 2077 1870 2141 ναοὺς
1900 2079 1935 2144 ή

360 2167 648 2235 ἑκποίησις
673 2167 908 2234 γίνεται,
939 2166 1085 2220 ὥστε
1121 2169 1303 2238 μεῖναι
1338 2167 1406 2219 τὰ
1443 2167 1563 2237 ίερὰ
1595 2168 1758 2223 πάλιν
1791 2168 1933 2236 ἱερὰ,

361 2261 450 2309 καί
493 2257 567 2328 μή
603 2257 933 2326 κοινωθῆναι
963 2260 1032 2310 τὰ
1064 2257 1216 2325 ἆγια.
1251 2256 1332 2310 Τὰ
1366 2258 1476 2327 γὰρ
1511 2257 1660 2322 ama
1696 2259 1937 2329 ἀφιερω-

358 2350 544 2413 θέττα,
609 2349 684 2419 μή
737 2349 849 2402 δεῖν
900 2349 1236 2414 κοινοῦσθαι,
1285 2351 1398 2413 τοῖς
1442 2350 1578 2402 πᾶσι
1631 2349 1936 2422 καθέστηκε

366 2440 668 2511 γνώριμον.

434 2534 854 2606 Προαιροὺμεθα
884 2533 941 2588 δὲ
967 2534 1068 2605 τήν
1102 2534 1210 2588 τῶν
1234 2534 1470 2606 κινητῶν
1526 2535 1815 2605 ἐκποίησιν
1847 2534 1938 2590 διὰ

355 2628 457 2698 τὴν
487 2629 596 2680 τῶν
643 2628 919 2698 ἀκινήτων
951 2626 1346 2696 ἐπανόρθωσιν,
1379 2627 1476 2697 οὐχ
1505 2627 1690 2690 ἁπλῶς
1719 2627 1814 2680 καὶ
1861 2628 1940 2689 ὡς

358 2721 571 2789 ἔτυχεν,
620 2721 695 2783 ὡς
729 2719 794 2774 ἂν
828 2719 1038 2791 οἰηθείη
1073 2736 1158 2783 τις
1180 2733 1196 2750 ο
1230 2717 1349 2773 ἀλλ’
1377 2719 1459 2772 ὅτι
1509 2719 1691 2791 πολλῷ
1736 2719 1940 2788 μᾶλλον

355 2805 498 2863 οἶδεν
527 2809 760 2876 ὠψελεῖν
793 2809 890 2881 τήν
921 2810 1089 2881 μονήν
1118 2813 1150 2882 ή
1187 2810 1296 2864 τῶν
1335 2811 1610 2882 ἀκινήτων
1642 2812 1936 2882 πρόσοδος·

355 2901 451 2955 καὶ
484 2903 565 2954 ὅτι
593 2903 658 2954 έκ
693 2901 792 2972 μὲν
820 2901 918 2971 τῆς
939 2903 1046 2955 τῶν
1082 2903 1356 2972 ἀκινήτων
1389 2903 1676 2971 ὠφελείας,
1712 2904 1940 2959 δυνατόν

355 2997 505 3047 ἐστιν
536 2994 623 3046 ὅτε
657 2992 852 3060 κινητὰ
883 2993 1290 3064 ἐπικτήσασθαι
1313 3013 1327 3028 ο
1362 2995 1422 3048 τὸ
1455 2993 1501 3046 δ’
1544 2996 1786 3048 ἐναντίον
1822 2996 1940 3049 ἐστὶ

352 3085 633 3156 δυσχερές.

427 3178 536 3230 Καὶ
565 3175 768 3248 ταύτην
797 3175 854 3230 δὲ
905 3175 1007 3248 τὴν
1056 3177 1342 3248 ἐκποίησιν
1407 3180 1506 3232 οὔκ
1562 3179 1936 3244 ἀνεξετάστως

355 3266 526 3330 οὕτως
567 3267 981 3339 συγχωροῦμεν,
1035 3269 1144 3322 οὐδ’
1195 3271 1252 3323 ὲν
1304 3270 1662 3341 παραϐύστῳ,
1719 3270 1828 3323 οὐδ’
1880 3273 1939 3322 ἐν

356 3356 530 3428 γωνίᾳ
575 3357 842 3426 γίνεσθαι,
895 3359 1016 3411 οὐδὲ
1058 3359 1215 3428 μέρει
1272 3362 1378 3412 τινὶ
1435 3360 1546 3412 τῶν
1582 3361 1640 3412 ὲν
1683 3363 1749 3428 τῇ
1805 3361 1937 3430 μονῇ

355 3451 790 3521 γινωσκομένην,
841 3451 1217 3521 ἀγνοουμένην
1265 3452 1320 3505 δὲ
1366 3454 1485 3515 ταῖς
1518 3454 1766 3516 ).οιπαὶ’ς’
1803 3452 1939 3505 ἀλλά

350 3543 454 3611 τῆς
489 3540 864 3612 προεστώσης,
898 3541 994 3595 τοῦ
1032 3543 1343 3611 οἰκονόμου,
1377 3543 1479 3614 τῆς
1509 3544 1937 3614 ὲκκλησιαρχίσ-

357 3652 455 3705 σης
510 3634 643 3706 (10),
703 3634 806 3703 τῆς
867 3635 1400 3707 σκευοφυλακίσσης,
1452 3639 1547 3690 καὶ
1593 3639 1702 3691 τῶν
1732 3637 1938 3692 λοιπῶν

357 3729 669 3797 προκρίτων
699 3726 1116 3798 διακονητριῶν,
1145 3727 1237 3778 καὶ
1277 3726 1386 3780 τῶν
1419 3728 1612 3797 ίερέων
1641 3730 1736 3800 τῆς
1770 3730 1938 3800 μονῆς

355 3819 450 3870 ἰπὶ
481 3818 543 3870 τὺ
592 3818 722 3872 αὐτὸ
763 3820 1078 3881 συνιόντων,
1130 3820 1222 3871 καὶ
1264 3820 1394 3889 περὶ
1433 3819 1534 3888 τῆς
1569 3821 1938 3892 προκειμένης

355 3912 536 3978 ἐξόδου
571 3913 1061 3980 διαγινωσκόντων,
1091 3913 1186 3966 καὶ
1217 3915 1344 3984 περὶ
1370 3915 1462 3967 τοῦ
1493 3914 1935 3985 ὲκποιηθησομέ-

354 4020 447 4054 νου
469 4003 640 4066 εἴδους
671 4003 1175 4073 διασκοπουμένων,
1193 4003 1386 4058 ἔπειτά
1407 4020 1570 4057 τινων
1603 4006 1938 4074 μετακαλουο

358 4089 540 4159 μένων
571 4091 774 4159 εἴδησιν
815 4091 1050 4162 ἐχόντων
1085 4093 1309 4164 ἀκριϐῆ,
1350 4092 1444 4146 τοῦ
1477 4095 1939 4166 ἀπεμποληθησο-

360 4182 552 4249 μένου,
578 4183 882 4253 πρακτικὸν
931 4183 988 4238 δὲ
1030 4183 1400 4254 διατιμήσεως
1439 4185 1826 4255 ἐκτιθεμένων,
1879 4187 1938 4240 τὸ

359 4276 460 4327 σὺν
504 4278 616 4340 τοῖς
648 4278 893 4348 χαρτίοις
922 4280 1018 4349 τῆς
1063 4281 1229 4350 μονῆς
1263 4280 1594 4351 ἀποτεθῆναι
1626 4280 1720 4335 καὶ
1751 4283 1934 4352 διατηο

357 4365 575 4438 ρεῐσθαι
619 4368 854 4438 ὀφεῖλον,
892 4371 1114 4424 πάντων
1140 4369 1197 4424 δὲ
1248 4369 1454 4424 τούτων
1501 4373 1640 4441 μετά
1677 4372 1937 4444 είδήσεως

354 4457 454 4528 τῆς
493 4459 661 4531 μονῆς
690 4463 1233 4534 ἀντιλαμϐανομένης
1263 4462 1586 4534 γινομένων.

942 4577 1196 4632 ΚΕΦΛΛ.
1242 4577 1347 4633 ῙΑ’.

355 4664 498 4733 Περί
531 4666 636 4721 τοῦ
663 4665 790 4735 πῶς
807 4667 899 4739 δεῖ
921 4668 1440 4739 ἐπιλέγεσθαι,καί
1469 4667 1939 4737 προχειρίζεσθαι

803 4738 919 4807 τὴν
956 4741 1438 4809 καθηγουμένην.

427 4845 562 4916 Περὶ
612 4845 669 4900 δὲ
726 4848 988 4918 ὲπιλογῆς
1037 4848 1129 4900 καὶ
1166 4849 1563 4920 προχειρίσεως
1603 4848 1936 4918 ἡγουμένης,

356 4934 456 5005 ήδη
481 4935 802 5008 διαληπτέον
823 4955 836 4968 ·
871 4937 966 4991 νῦν
998 4939 1096 5010 μὲν
1119 4939 1228 5010 γὰρ
1263 4941 1484 5010 ἐποίησε
1515 4938 1938 5010 καθηγουμένην

356 5027 666 5098 ήβασιλεία
721 5047 845 5098 μου,
900 5029 969 5102 ἢν
1013 5031 1268 5099 ἐποίησε·
1320 5033 1414 5083 καὶ
1455 5031 1612 5096 αὖθις
1660 5034 1708 5085 εί
1754 5033 1934 5102 δεήσει

354 5120 688 5191 ἡγουμένης,
715 5122 818 5185 ἕως
846 5122 910 5175 ἂν
925 5122 1021 5188 ζῶ,
1041 5120 1170 5192 παρ’
1194 5121 1328 5190 ἐμοῦ
1354 5123 1668 5194 γενήσεται.
1693 5125 1847 5177 Μετὰ
1877 5123 1933 5176 δὲ

351 5212 452 5282 τήν
492 5213 632 5282 ἐμήν
687 5216 1022 5285 μετάστασιν
1081 5215 1343 5285 κρατήσει
1402 5214 1469 5266 τὰ
1500 5213 1598 5284 τῆς
1649 5214 1932 5284 παρούσης

355 5319 458 5371 μου
484 5303 802 5371 διατάξεως.
838 5303 1151 5376 Διορίζομαι
1179 5305 1306 5376 γὰρ,
1342 5305 1389 5357 εί
1424 5303 1524 5374 μὲν
1557 5305 1926 5376 προσδόκιμος

351 5395 447 5448 καὶ
477 5399 904 5469 προεγνωσμένη
929 5401 962 5469 ή
995 5400 1094 5469 τῆς
1125 5398 1265 5452 κατὰ
1297 5398 1396 5470 τήν
1431 5399 1642 5470 ἡμέραν
1683 5400 1926 5468 ήγουμέ-

350 5501 450 5554 νης
488 5489 712 5560 γένηται
738 5489 982 5560 τελευτὴ,
1015 5488 1416 5560 προσέρχεσθαι
1438 5491 1576 5561 αὐτῇ
1617 5491 1798 5542 πᾶσαν
1827 5490 1928 5561 τήν

2035 2005 2115 2060 Eo
2137 2006 2284 2060 enim
2336 2023 2465 2063 casu
2505 2009 2751 2065 concedo
2793 2021 2852 2064 ut
2877 2013 3153 2076 alieuetur
3181 2012 3386 2081 aliquid
3440 2013 3620 2066 mobi-

2038 2097 2196 2161 lium,
2247 2096 2312 2152 ad
2342 2103 2701 2156 restaurauda
2745 2103 3048 2158 immobilia
3083 2121 3096 2156 :
3129 2113 3185 2158 et
3221 2115 3351 2158 tunc
3379 2120 3443 2159 ea
3477 2106 3619 2173 lege.

2041 2199 2100 2243 ut
2135 2189 2202 2242 ad
2231 2201 2448 2247 sanctas
2489 2194 2753 2250 ecclesias
2794 2203 2846 2250 et
2879 2195 3065 2252 divina
3107 2198 3310 2267 templa
3362 2198 3622 2254 alienatio

2043 2281 2154 2344 ﬁat,
2182 2291 2383 2352 utquze
2417 2300 2569 2340 sacra
2613 2295 2761 2351 sunt,
2802 2304 2990 2344 rursus
3049 2304 3203 2343 saera
3251 2299 3526 2352 maneant,
3564 2299 3623 2346 et

2042 2382 2226 2428 sancta
2255 2391 2362 2429 non
2400 2378 2739 2445 polluantur.
2764 2379 2894 2444 Quae
2917 2381 3065 2435 enim
3099 2383 3269 2437 semel
3298 2389 3620 2437 consecrata

2042 2473 2188 2527 sunt,
2216 2479 2324 2517 non
2351 2465 2643 2533 polluenda
2679 2482 2820 2531 esse,
2850 2468 3108 2522 omnibus
3143 2480 3332 2522 notum
3365 2479 3471 2524 est.

2115 2553 2484 2624 Praeptamus
2518 2565 2700 2610 autem
2736 2556 3020 2610 mobilium
3045 2558 3455 2622 alienationem,
3487 2573 3620 2628 pro-

2042 2656 2164 2716 pter
2217 2647 2578 2701 immobilium
2621 2647 2674 2701 in
2725 2648 2996 2718 integrum
3048 2649 3475 2713 restitutionem,
3500 2666 3610 2705 non

2045 2748 2248 2793 temere
2299 2748 2355 2793 et
2385 2755 2447 2792 ex
2471 2740 2578 2794 levi
2601 2755 2786 2806 causa,
2837 2749 2894 2795 ut
2920 2741 3044 2811 quis
3080 2741 3221 2796 forte
3246 2742 3487 2811 putarit;
3517 2741 3615 2797 sed

2043 2829 2188 2900 quod
2211 2829 2572 2886 immobilium
2595 2843 2895 2902 proventus
2920 2833 3092 2888 multo
3112 2833 3334 2903 majoris
3357 2832 3624 2888 utilitatis-

2043 2922 2378 2978 monasterio
2435 2938 2557 2979 esse
2611 2925 2813 2991 soleat;
2867 2933 2924 2980 et
2975 2925 3104 2994 quia
3133 2941 3201 2979 ex
3255 2924 3620 2980 immobilium

2043 3013 2223 3068 fructu
2253 3025 2485 3083 possunt
2531 3016 2864 3086 quandoque
2888 3017 3112 3072 mobilia
3145 3019 3479 3086 comparari;
3515 3033 3618 3087 op~

1967 3099 2009 3154 C
2042 3104 2282 3175 positum
2317 3121 2446 3159 vero
2481 3106 2700 3162 dillicile
2724 3117 2827 3162 est.

2115 3196 2266 3252 llanc
2321 3207 2504 3251 autem
2551 3199 2940 3252 alienationem
2991 3214 3102 3254 non
3157 3199 3364 3268 absque
3416 3199 3620 3268 prmvio

2041 3287 2312 3350 examine,
2353 3301 2528 3355 neque
2554 3286 2608 3340 in
2636 3288 2853 3341 occulto
2886 3287 2969 3341 vel
3007 3288 3061 3340 in
3099 3289 3298 3356 angulo
3333 3289 3450 3342 ﬁeri
3481 3305 3615 3343 con-

2039 3377 2324 3440 cedimus;
2348 3391 2528 3446 neque
2549 3376 2876 3446 quibusdam
2906 3376 2961 3430 in
2995 3377 3331 3432 monasterio
3361 3377 3412 3430 id
3436 3377 3613 3431 scien-

2041 3467 2209 3531 tibus,
2262 3467 2484 3537 reliquis
2556 3483 2685 3522 vero
2719 3467 3122 3538 ignorantibus,
3180 3467 3274 3521 sed
3335 3468 3608 3536 przel'eeta,

2039 3573 2346 3622 meonomo,
2383 3559 2629 3614 ecclesia:
2655 3560 2965 3629 przeposita,
3002 3559 3474 3629 scevopbylaeissa
3517 3573 3615 3614 seu

2040 3666 2294 3706 vasorum
2327 3651 2575 3718 cus:ode,
2596 3652 2917 3720 exterisque
2945 3650 3241 3721 praecipuis
3263 3650 3614 3714 ollieiabbus,

2039 3751 2094 3796 et
2119 3743 2435 3797 monasterii
2459 3742 2843 3796 sacerdotibus
2865 3741 2918 3795 in
2943 3756 3110 3795 unum
3134 3739 3616 3804 convenientibus,

2039 3850 2104 3890 ac
2134 3833 2201 3888 de
2231 3834 2483 3904 prreseuti
2514 3844 2733 3904 sumptu
2756 3833 3208 3905 dijudicantibus.
3233 3833 3410 3902 deque
3434 3833 3620 3902 Specie

2037 3928 2325 3984 alienanda
2377 3927 2830 3982 deliberantibus.
2882 3926 3088 3982 Deinde
3118 3925 3341 3994 quidam
3383 3925 3620 3978 advoca-

2039 4019 2270 4085 buntur,
2328 4004 2534 4089 quibus
2568 4035 2656 4074 res
2693 4018 2976 4072 vendenda
3017 4015 3188 4087 probe
3239 4025 3366 4069 nota
3394 4014 3484 4075 sit,
3519 4015 3616 4078 qui

2042 4121 2224 4166 actum
2258 4111 2642 4166 aestimationis
2677 4109 2862 4171 edent,
2899 4123 3024 4162 eum
3056 4104 3265 4159 chartis
3298 4104 3616 4158 monasterii

2042 4203 2419 4272 reponendum
2441 4211 2494 4255 et
2528 4199 2943 4255 asservandum.
2972 4197 3094 4254 llaec
3123 4196 3308 4252 omnia
3333 4211 3462 4250 vero
3484 4194 3622 4250 ﬁent

2042 4295 2248 4350 sciente
2281 4292 2596 4349 monasterii
2627 4299 2879 4365 patrona.

2622 4582 2851 4640 CAPUT
2923 4581 3020 4640 XI.

2151 4673 2419 4741 Quomodo
2466 4671 2705 4744 eligenda
2735 4685 2784 4728 et
2815 4673 3114 4728 ordinanda
3144 4676 3210 4729 sit
3242 4673 3512 4744 ρηεῙειισ.

2121 4852 2196 4908 De
2227 4852 2497 4908 electione
2531 4861 2587 4908 et
2611 4852 2959 4909 ordinatione
2995 4855 3266 4924 praelecta!
3290 4853 3401 4923 jam
3437 4852 3617 4908 disse-

2045 4945 2276 4998 rendum
2300 4956 2418 5012 est;
2448 4955 2504 5000 et
2533 4961 2678 5000 nunc
2714 4946 2937 5016 quidem
2967 4963 3086 5002 eam
3117 4948 3428 5018 pra-lectam
3483 4960 3618 5000 eon-

2041 5036 2224 5092 stituit
2250 5039 2507 5108 majestas
2536 5054 2679 5104 mea,
2705 5055 2870 5109 quam
2900 5038 3240 5094 constituere
3267 5037 3448 5092 libuit.
3473 5037 3538 5090 Et
3566 5035 3614 5090 si

2041 5144 2236 5183 rursus
2274 5129 2532 5199 prtefecta
2575 5145 2715 5200 epus
2748 5130 2934 5193 fuerit,
2970 5129 3150 5184 donec
3178 5129 3235 5182 in
3260 5129 3396 5184 vivis
3425 5143 3521 5184 ero
3540 5167 3558 5194 ,
3583 5142 3614 5180 a

2040 5233 2128 5273 me
2177 5219 2516 5274 instituetur.
2559 5219 2690 5276 Post
2735 5219 3040 5274 discessum
3088 5233 3219 5273 vero
3247 5231 3616 5287 meum,pr;e-

2043 5326 2170 5366 scus
2199 5320 2464 5366 statutum
2500 5327 2682 5367 meum
2712 5313 3006 5369 obtinebit.
3054 5312 3254 5368 Sancio
3277 5312 3448 5370 enim.
3482 5318 3540 5364 ut
3567 5309 3613 5364 si

2043 5403 2264 5472 quidem
2313 5415 2667 5475 exspectatus
2699 5416 2756 5462 et
2806 5405 3095 5476 prmscitus
3131 5406 3295 5460 tulerit
3341 5403 3614 5474 praetecta:

2044 5493 2214 5549 illitus
2239 5498 2482 5568 emporis
2504 5498 2708 5565 obitus,
2737 5511 2958 5552 sorores
2981 5511 3175 5552 omnes
3193 5495 3364 5567 ipsam
3385 5494 3610 5560 adeant,

1625 5603 2080 5667 Montfauconii
2143 5620 2330 5671 noue.

428 5706 538 5777 (ξο)
574 5709 647 5764 De
678 5711 794 5764 istis
829 5710 1024 5767 oﬂiciis
1055 5710 1194 5767 infra
1233 5725 1333 5767 suo
1367 5712 1509 5766 loco.
