4104 6200
580 313 722 384 102⁸3

1835 309 2020 372 ΙΗΕΝ
2032 308 2120 366 ES
2162 310 2199 363 A
2214 305 2540 366 UGUSTA!

3679 303 3816 367 1924

574 442 633 486 c:
662 442 787 484 cum
817 442 847 480 a
892 422 1146 495 prafecta
1184 422 1275 478 ﬁat
1313 422 1628 478 oﬂicialium
1666 423 1949 486 delectus,
1998 419 2136 474 absit

2243 418 2442 489 λούσης
2471 418 2739 488 γίνεσθαι,
2767 415 2862 470 καὶ
2905 417 3004 487 τῆς
3048 416 3156 470 τῶν
3186 414 3392 470 λοιπῶν
3421 415 3820 486 summm.»

575 516 1039 580 contentio,'absit
1056 514 1280 577 invidia,
1307 515 1448 570 absit
1473 531 1606 569 vana
1631 515 1870 576 affectio.
1893 525 1947 569 et
1969 515 2140 586 gratia

577 611 1002 668 inconsiderata.
1065 607 1171 662 Sed
1207 614 1358 662 recto
1390 607 1620 678 judicio,
1656 607 1805 678 justo
1852 623 2038 676 scopo,
2085 617 2142 660 et

495 684 497 687 Ι
572 719 696 759 cum
756 701 1010 762 veritate,
1072 701 1228 770 quasi
1278 701 1608 755 observante
1678 701 1770 754 illo
1833 700 1994 754 oculo
2045 699 2139 768 qui

571 796 754 850 omnia
779 793 1021 862 respicit,
1049 794 1128 847 sic
1153 809 1181 846 a
1214 792 1656 863 vobisjudiciutn
1682 801 1736 848 et
1761 807 1987 847 examen
2022 792 2136 847 ﬁat.

569 887 647 941 Ne
675 887 985 956 procedatis
1007 885 1174 956 igitur
1197 884 1262 938 ad
1292 899 1499 955 pugnas
1515 895 1568 940 et
1595 885 1967 940 dissensiones
1998 885 2140 938 inter

568 977 915 1045 eligendum;
958 976 1052 1030 sed
1088 990 1214 1030 cum
1261 991 1557 1041 consensu,
1603 991 1737 1047 pace
1775 984 1831 1032 et
1869 976 2138 1032 charitate

567 1069 797 1124 electam
834 1068 1225 1138 promoveatis.

642 1321 919 1378 Electione
949 1338 1079 1378 vero
1126 1334 1183 1379 et
1220 1325 1566 1394 promotione
1596 1326 1759 1385 facta.
1808 1327 1954 1382 nulla
1993 1328 2134 1382 indi.

569 1429 674 1482 gne
713 1413 918 1469 insiliat
951 1415 1016 1468 ad
1052 1415 1456 1484 praefecturam,
1493 1423 1589 1469 aut
1615 1417 1761 1471 aliud
1792 1419 1996 1486 quovis-
2019 1419 2138 1472 otii-

566 1505 711 1557 cium
737 1506 1108 1569 anibiendutn,
1156 1522 1330 1560 annos
1365 1507 1506 1562 forte
1549 1510 1916 1577 praetendens,
1961 1513 2046 1566 vel
2081 1512 2136 1566 in

567 1595 780 1664 agendo
831 1596 1133 1660 solertiam,
1167 1599 1250 1652 vel
1297 1599 1660 1666 nobilitatem,
1697 1609 1790 1654 aut
1823 1602 1977 1657 datas
2007 1619 2135 1672 pos-

566 1685 860 1750 sessiones,
915 1688 996 1741 vel
1045 1690 1327 1757 pecunias.
1357 1690 1461 1746 Sed
1501 1692 1587 1745 illa
1617 1692 1759 1746 inter
1781 1709 1878 1747 vos
1903 1704 2132 1764 antepo-

565 1778 744 1832 nenda
771 1779 899 1842 erit,
928 1795 1048 1847 qua:
1074 1781 1196 1834 talis
1221 1779 1405 1844 fuerit,
1431 1782 1645 1850 qualem
1672 1785 1924 1852 superior
1951 1801 2132 1840 sermo

564 1869 883 1939 descripsit;
916 1872 1163 1940 quamvis
1191 1887 1368 1942 nuper
1405 1873 1631 1928 detonsa
1663 1874 1844 1942 fuerit,
1886 1878 2136 1945 quamvis

563 1976 628 2015 ex
659 1961 868 2031 privata
901 1963 1120 2018 fortuna
1147 1964 1216 2018 ad
1247 1967 1642 2020 monasterium
1679 1969 1996 2022 accesserit.

633 2133 861 2190 Omnem
899 2134 1066 2207 igitur
1112 2136 1570 2204 benevolentiam,
1622 2155 1835 2195 omnem
1871 2142 2136 2198 obedien-

565 2223 719 2291 tiam,
765 2239 927 2279 omue
964 2226 1294 2295 obsequium
1336 2231 1606 2298 prwrecta:
1652 2241 1844 2287 vestra:
1873 2247 2130 2287 servave-

564 2315 711 2380 ritis,
760 2327 814 2371 ul
842 2335 872 2372 a
903 2319 1141 2388 quodam
1181 2311 1493 2377 divinorum
1523 2322 1741 2378 Patrum
1766 2325 1973 2378 dictum
2005 2334 2088 2378 est
2116 2341 2130 2379 :

570 2425 589 2456 ι
625 2407 680 2461 Si
737 2409 885 2462 enim
917 2425 1017 2479 pro
1044 2411 1204 2464 nobis
1254 2413 1522 2466 rationem
1572 2414 1839 2469 reddituri
1869 2416 2130 2483 suntqui

563 2501 738 2554 nostri
769 2516 954 2556 curam
983 2513 1200 2572 gerunt,
1230 2505 1505 2573 quomodo
1527 2521 1635 2560 non
1662 2507 1886 2561 omnino
1918 2508 1984 2563 iis
2002 2509 2132 2562 sub-

564 2589 664 2643 diti
701 2591 931 2656 erimus,
961 2601 1018 2647 et
1051 2602 1107 2646 ut
1157 2595 1322 2662 capiti
1363 2595 1569 2664 reliqua
1621 2596 1865 2652 membra
1886 2599 2131 2668 corporis

564 2681 907 2751 obediemus,
939 2693 998 2738 et
1027 2685 1480 2752 ininistrabitnus,
1515 2709 1534 2740 ι
1561 2697 1621 2742 ut
1641 2689 1777 2745 dicit
1828 2697 1884 2746 et
1913 2692 2133 2746 divinus

561 2774 883 2842 apostolus:
923 2793 942 2825 ι
967 2774 1202 2832 Obedite
1240 2780 2130 2853 prmpositisvestrisctsubjacete

563 2865 673 2925 eis;
717 2861 816 2930 ipsi
851 2863 996 2916 enim
1023 2865 1368 2934 pervigilant,
1399 2869 1554 2936 quasi
1588 2871 1851 2924 rationem
1877 2885 1977 2940 pro
2009 2874 2128 2927 ani-

564 2949 757 3004 mabus
794 2953 994 3007 vestris
1019 2954 1285 3009 reddituri
1314 2957 1376 3007 ιο.
1407 2975 1424 3007 υ

628 3042 734 3097 Sed
766 3053 822 3099 et
852 3044 919 3098 ad
953 3045 1186 3100 invicem
1223 3048 1569 3116 charitatem,
1600 3066 1787 3121 pacem
1817 3062 1871 3107 et
1899 3069 2123 3109 concor-
2157 3074 2202 3130 ο

561 3135 710 3191 diam
769 3140 1142 3207 servaveritis,
1199 3158 1298 3212 pro
1332 3144 1456 3199 aliis
1508 3158 1699 3201 mutuo
1747 3149 2019 3212 ardentes,
2047 3150 2131 3204 in-

559 3229 734 3285 vicem
759 3230 1152 3299 suffulcientes,
1181 3235 1560 3301 admonentes,
1600 3241 1966 3307 consolantes,
2001 3257 2126 3297 sus-

565 3321 826 3384 tinentes,
885 3324 1152 3393 quidquid
1182 3327 1335 3392 utile,
1362 3328 1628 3397 quidquid
1662 3331 1919 3396 salutare,
1950 3333 1994 3386 si
2018 3348 2128 3402 qua

559 3414 757 3478 virtus,
783 3415 826 3469 si
849 3416 1108 3485 qualaus,
1129 3418 1182 3471 id
1216 3435 1315 3487 pro
1343 3420 1555 3475 viribus
1576 3423 1791 3491 operari
1823 3425 2126 3480 studentes.

561 3504 704 3560 Dicit
740 3508 884 3561 enim
913 3509 1179 3565 Dominus
1211 3519 1399 3566 noster
1419 3512 1579 3569 Jesus
1598 3513 1851 3572 Christus
1888 3535 1900 3570 :
1943 3538 1960 3569 ι
2004 3517 2128 3573 Haec

562 3597 764 3650 mando
785 3599 941 3652 vobis
970 3610 1029 3654 ut
1052 3602 1292 3669 diligatis
1314 3604 1572 3666 invicem,
1597 3606 1742 3661 sicut
1762 3616 1817 3662 et
1840 3622 1940 3676 ego
1962 3607 2126 3661 dilexi

563 3701 662 3741 vos
692 3688 776 3750 ¹⁹;
814 3705 833 3738 ι
867 3696 960 3741 et:
991 3707 1009 3738 ι
1048 3690 1106 3743 ln
1143 3692 1246 3746 hoc
1265 3707 1601 3762 cognoscent
1629 3712 1820 3753 omnes
1871 3700 2016 3768 quod
2039 3700 2128 3754 ἀίο-

562 3775 759 3845 scipuli
785 3777 893 3832 mei
921 3779 1075 3845 estis,
1107 3782 1153 3836 si
1188 3781 1489 3840 dilexeritis
1517 3786 1752 3843 invicem
1787 3791 1849 3843 '°.
1891 3809 1909 3842 ι

635 3951 716 4006 Tu
757 3967 996 4023 quoque,
1017 3971 1050 4010 ο
1079 3955 1249 4012 Mater
1281 3957 1579 4028 spiritualis
1610 3963 1754 4017 sacri
1805 3963 1968 4036 hujus
2005 3967 2126 4020 ovi-

563 4045 650 4110 lis,
679 4055 735 4100 et
763 4046 864 4101 via:
905 4047 1037 4112 dux,
1085 4051 1360 4106 moderata
1394 4063 1512 4108 esto
1544 4057 1829 4113 sororibus
1859 4060 2124 4128 curatrix,

566 4147 867 4192 maternam
911 4139 1046 4209 ipsis
1099 4143 1341 4197 omnino
1369 4159 1598 4202 servans
1643 4149 2124 4207 benevolentiam:

563 4228 727 4282 etiam
757 4228 812 4284 id
853 4245 1128 4299 rogamus,
1165 4249 1358 4290 omnes
1404 4248 1616 4303 curato,
1644 4241 1891 4295 omnium
1923 4244 2128 4300 sollicio

566 4319 810 4372 tudinem
870 4335 1046 4391 geras,
1092 4325 1385 4389 monendo,
1446 4329 1808 4398 adhortando,
1859 4337 2124 4402 nocendo,

2243 512 2585 582 προκρῐσεως
2609 510 2758 580 παρά
2779 510 2875 578 τῆς
2898 508 3315 578 καθηγουμένης
3337 509 3654 578 γινομένης,
3709 512 3816 562 ἀπ-

2244 602 2388 654 ἐοτω
2416 602 2551 671 ἔρις,
2589 602 2809 655 ἀπέστω
2839 599 3053 668 φθόνος,
3076 600 3294 651 ἀπέστω
3320 599 3528 667 ματαία
3562 603 3814 668 προσπά-

2245 690 2384 752 θεια,
2422 692 2516 744 καὶ
2546 693 2703 761 χάρις
2748 691 3035 757 ἀλόγιστος
3057 703 3072 718 ⁸
3104 687 3283 756 κρίσει
3324 690 3380 743 δέ
3406 705 3489 741 τοι
3529 690 3687 758 ὀρθῇ,
3720 691 3816 742 aut

2245 779 2537 849 στοχασμῷ
2568 780 2808 848 ἀκρισεί,
2846 778 2942 832 καὶ
2982 776 3234 848 ἀληθείᾳ,
3265 777 3342 841 ὡς
3378 779 3685 848 ἐφορῶντος
3713 780 3813 831 τοῦ

2243 873 2308 924 τὰ
2332 871 2508 926 πάντα
2540 871 2829 942 βλέποντος
2859 868 3167 938 ὀφθαλμοῦ,
3209 870 3343 939 παρ’
3377 870 3532 940 ὑμῶν
3559 872 3591 940 ἡ
3628 871 3814 940 κρίσις

2241 981 2298 1016 τε
2323 966 2416 1017 καὶ
2441 963 2731 1032 δοκιμασία
2764 962 3016 1031 γινέσθω.
3065 961 3156 1033 Μὴ
3184 963 3472 1032 χωρήσητε
3509 963 3690 1016 τοίνυν
3730 965 3812 1027 είς

2241 1049 2513 1124 διαμάχαις
2557 1055 2651 1107 καὶ
2685 1054 3185 1124 ἀμφιγνωμοσύνας
3230 1053 3655 1124 προκρίνουσαι·
3691 1057 3812 1107 ἀλλ’

2241 1145 2300 1196 ὲν
2321 1145 2770 1218 ὀμογνωμοσύνῃ,
2804 1147 2900 1198 καὶ
2936 1145 3150 1215 εἰρήνῃ,
3178 1146 3270 1197 καὶ
3303 1144 3489 1215 ἀγάπῃ
3526 1145 3624 1216 τὴν
3660 1146 3812 1198 ἐκλε-

2239 1234 2510 1306 λεγμένην
2538 1236 2868 1305 ὲκλέγοισθε.

2312 1330 2553 1399 Οὐδεμία
2600 1331 2656 1384 δὲ
2703 1331 2877 1395 ἔσται,
2913 1333 3012 1402 τῆς
3060 1331 3293 1399 ἐκλογῆς
3333 1334 3426 1386 καὶ
3467 1333 3811 1403 προκρίσεως

2239 1421 2550 1491 γινομένης,
2595 1424 2627 1491 ἡ
2679 1424 2814 1493 πρὸς
2856 1422 2916 1475 τὸ
2942 1423 3355 1494 ήγουμενεύειν,
3391 1424 3422 1492 ἦ
3455 1425 3652 1494 ἑτέραν
3682 1428 3808 1480 τινὰ

2239 1511 2518 1565 διακονίαν
2547 1514 2907 1584 μετέρχεσθαι
2938 1514 3172 1577 ἀναξῖως
3201 1517 3542 1584 ἐπιπηδῶσα,
3582 1520 3808 1587 χρόνους

2237 1599 2398 1668 τυχὸν
2439 1602 2878 1673 προϐαλλομένη,
2922 1603 2954 1673 ἢ
3001 1605 3302 1672 ἐνέργειαν,
3346 1607 3380 1678 ἢ
3437 1608 3734 1674 εὐγένειαν,
3773 1609 3804 1676 ἢ

2240 1694 2605 1764 προσαγωγὴν
2659 1695 2956 1764 κτημάτων
3007 1697 3190 1762 τινῶν,
3240 1698 3273 1767 ἦ
3311 1701 3637 1768 χρημάτων
3689 1700 3808 1754 ἀλλ’

2238 1784 2421 1854 ἐκείνη
2447 1783 2598 1838 ἔσται
2627 1787 2970 1856 προτιμητέα
3000 1788 3057 1840 ὲν
3083 1787 3231 1857 ὑμῖν,
3257 1789 3379 1859 ἥτις
3417 1790 3482 1843 ἂν
3511 1790 3596 1860 εἴη
3621 1791 3807 1846 τοιαῦ-

2237 1893 2326 1945 τη,
2357 1877 2477 1928 οἴαν
2512 1877 2542 1929 ὁ
2586 1876 2742 1945 λόγος
2781 1879 3040 1949 ἀνωτέρω
3079 1879 3365 1950 ὑπέγραψε
3389 1898 3404 1913 ’
3443 1881 3548 1935 κᾶν
3589 1883 3652 1935 ἐκ
3683 1883 3806 1936 νέου

2236 1969 2373 2038 τύχῃ
2403 1970 2771 2039 ἀποκαρεῖσα,
2809 1969 2910 2023 κᾶν
2951 1969 3011 2036 ἐξ
3051 1972 3324 2044 ἰδιωτικῆς
3363 1971 3531 2041 τύχης
3557 1975 3622 2044 τῇ
3670 1977 3803 2044 μονῇ

2235 2060 2630 2130 προσελήλυθε.

2309 2151 2499 2205 Πᾶσαν
2527 2151 2622 2206 οὖν
2655 2151 2890 2218 εὔνοιαν,
2939 2155 3118 2207 πᾶσαν
3158 2155 3458 2224 ὑποταγὴν,
3510 2157 3688 2208 πᾶσαν
3714 2157 3810 2209 εύ-

2237 2243 2482 2296 πείθειαν
2527 2247 2594 2314 τῇ
2623 2246 2907 2316 ἡγουμένῃ
2951 2244 3107 2315 ὑμῶν
3143 2245 3497 2312 ἁποσώζοιτε,
3553 2248 3806 2318 καθάπερ

2233 2335 2337 2386 τινὶ
2365 2335 2472 2386 τῶν
2505 2334 2665 2388 θείων
2692 2335 2950 2405 Πατέρων
2999 2337 3210 2408 εἴρηται
3262 2336 3474 2404 λέγοντι
3499 2355 3514 2371 ο
3549 2357 3567 2388 ι
3604 2339 3664 2392 Εἰ
3698 2340 3808 2408 γὰρ

2235 2425 2376 2496 ὑπὲρ
2409 2426 2565 2496 ἡμῶν
2595 2427 2752 2495 λόγον
2775 2427 3068 2482 ἀποδοῦναι
3109 2429 3392 2498 μέλλουσιν
3421 2431 3469 2483 οἱ
3494 2430 3651 2499 ἡμῶν
3683 2433 3806 2482 ἐπι·

2236 2517 2547 2588 μελόμενοι,
2583 2518 2696 2580 πῶς
2729 2519 2849 2588 οὐχὶ
2885 2520 3027 2572 κατά
3056 2519 3235 2574 πάντα
3273 2521 3487 2583 τούτοις
3525 2523 3804 2591 ὑποταγη-

2235 2611 2466 2682 σόμεθα,
2493 2613 2586 2666 καὶ
2611 2612 2689 2677 ὡς
2715 2613 2924 2684 κεφαλῇ
2950 2615 3018 2667 τὰ
3046 2614 3209 2668 λοιπά
3251 2615 3389 2687 μέρη
3425 2617 3519 2669 τοῦ
3555 2616 3804 2686 σώματος

2235 2699 2620 2771 ὑπακούσομὲν
2670 2719 2728 2755 τε
2780 2706 2874 2756 καὶ
2912 2704 3430 2775 ὲξυπηρετήσομεν;
3459 2705 3643 2765 καθώς
3671 2723 3806 2775 φησι

2233 2789 2325 2840 καὶ
2357 2791 2384 2842 ὁ
2423 2789 2567 2853 θεῖος
2608 2791 2905 2855 ἀπόστολος
2929 2809 2944 2822 ⁸
2990 2810 3009 2843 ι
3044 2791 3307 2846 Πείθεσθε
3337 2799 3448 2856 τοῖς
3478 2797 3804 2866 ἡγουμένοις

2231 2878 2405 2946 ὑμῶν,
2443 2881 2537 2932 καὶ
2563 2882 2818 2934 ὑπείκετε
2841 2899 2853 2910 ·
2915 2883 3071 2936 αὐτοὶ
3111 2884 3220 2951 γὰρ
3249 2885 3624 2954 ἀγρυπνοῦσιν
3659 2886 3805 2957 ὑπὲρ

2231 2969 2340 3021 τῶν
2359 2970 2547 3040 ψυχῶν
2582 2971 2762 3040 ὑμῶν,
2790 2971 2864 3034 ὡς
2888 2973 3044 3040 λόγον
3077 2973 3470 3039 ἀποδώσοντες.
3508 2997 3528 3029 ι

2318 3062 2481 3116 Ἀλλά
2511 3063 2604 3116 καὶ
2641 3064 2774 3133 πρὸς
2824 3063 3062 3136 ἀλλήλας
3094 3067 3350 3135 ἀγάπην,
3386 3070 3632 3140 εἰρήνην,
3677 3073 3807 3141 ὁμό-

2238 3168 2386 3205 νοιαν
2419 3152 2781 3219 φυλάττουσαι
2811 3155 2956 3226 είητέ
2991 3172 3101 3224 μοι,
3154 3157 3403 3227 ἀλλήλων
3431 3160 3812 3230 ύπερκαιόμε-

2235 3261 2346 3306 ναι,
2405 3244 2642 3315 ἀλλήλας
2693 3247 3179 3317 ὑποστηρίςουσαι,
3230 3251 3596 3314 νουθετοῦσαι,
3636 3271 3813 3325 παραο

2237 3333 2524 3400 καλοῦσαι,
2560 3337 2916 3406 ἀνεχόμεναι·
2951 3340 3060 3391 πᾶν
3087 3337 3142 3390 εί
3166 3355 3220 3392 τι
3245 3342 3504 3412 χρηστὸν,
3537 3344 3592 3395 εἶ
3623 3362 3675 3397 τι
3712 3363 3815 3400 σω.

2234 3430 2440 3499 τὴριον,
2475 3429 2532 3483 εί
2552 3445 2637 3492 τις
2665 3430 2859 3500 ἀρετὴ,
2889 3431 2983 3483 καὶ
3013 3431 3065 3484 εἴ
3084 3449 3165 3494 τις
3191 3431 3431 3496 ἔπαινος,
3479 3433 3808 3489 σπεύδουσαι

2235 3520 2314 3581 εἰς
2334 3518 2564 3588 δύναμιν
2596 3519 2896 3589 κατορθοῦν
2914 3533 2928 3547 ·
2964 3519 3100 3590 φησὶ
3127 3521 3236 3591 γὰρ
3257 3521 3351 3574 καὶ
3376 3524 3403 3575 ὁ
3426 3521 3628 3594 Κύριος
3649 3524 3814 3594 ἡμῶν

2248 3609 2450 3678 Ἰησοῦς
2478 3611 2712 3678 Χριστός
2740 3627 2752 3640 ·
2784 3629 2804 3662 ι
2824 3609 3011 3664 Ταῦτα
3039 3612 3355 3681 ἐντέλλομαι
3376 3613 3524 3682 ὑμῖν,
3559 3613 3647 3667 ἵνα
3679 3616 3812 3683 ἀγα·

2234 3701 2375 3752 πᾶτε
2407 3700 2694 3769 ἀλλήλους,
2729 3701 2912 3764 καθὼς
2939 3701 3095 3770 κάγὼ
3119 3703 3262 3772 ὑμᾶς
3287 3703 3554 3773 ἠγάπησα
3579 3721 3595 3737 ·
3631 3725 3652 3757 ι
3689 3709 3807 3770 καὶ,

2241 3807 2260 3840 ι
2309 3789 2396 3841 Ἐν
2441 3790 2618 3860 τούτῳ
2651 3789 2955 3858 γνώσονται
3010 3792 3209 3855 πάντες
3265 3792 3348 3845 ὅτι
3391 3794 3518 3863 ἐμοὶ
3563 3795 3811 3864 μαθηταί

2233 3881 2376 3943 ἐστε,
2399 3881 2495 3934 ὲάν
2518 3881 2769 3948 ἀγαπᾶτε
2802 3882 3090 3951 ἀλλήλους.
3126 3901 3148 3934 ι

2305 3973 2417 4027 Καὶ
2447 3973 2510 4026 σὺ
2541 3972 2618 4040 δὲ,
2647 3967 2692 4027 ὦ
2724 3974 2896 4044 μῆτερ
2926 3973 3272 4044 πνευματικὴ
3294 3975 3392 4045 τῆς
3425 3976 3577 4047 ἱερᾶς
3600 3977 3808 4047 ταύτης

2236 4066 2492 4138 ποίμνης,
2523 4066 2616 4118 καὶ
2649 4065 2833 4133 ὁδηγὲ,
2866 4065 3062 4136 μετρία
3093 4064 3182 4117 ἔσο
3213 4067 3332 4128 ταῖς
3355 4065 3617 4134 ἀδελφαῖς
3646 4068 3810 4136 κηδε-

2238 4158 2455 4228 μονικὴ,
2503 4157 2596 4210 καὶ
2643 4157 2706 4210 τὸ
2738 4157 2860 4210 ὅλον
2907 4157 3180 4228 μητρικὴν
3209 4158 3404 4221 αὑταῖς
3447 4159 3808 4224 ἀποσώξουσα

2234 4249 2330 4320 τὴν
2353 4248 2584 4301 εὔνοιαν.
2623 4248 2730 4301 Ναὶ
2763 4246 3212 4319 παρακαλοῦμεν,
3247 4247 3438 4301 πασῶν
3489 4251 3676 4318 κήδου,
3710 4254 3808 4303 καὶ

2235 4341 2426 4395 πασῶν
2451 4339 2699 4410 ἀντέχου,
2727 4340 3077 4405 νουθετοῦσα,
3127 4338 3492 4412 παραινοῦσα,
3518 4341 3803 4395 διδάσκου-

561 4410 1012 4482 rogando,a-gras
1043 4415 1310 4478 sanando,
1333 4417 1576 4476 inﬁrmas
1600 4425 1976 4488 sustentando,
2002 4427 2120 4480 ani-

2236 4449 2320 4498 σα,
2357 4431 2771 4502 παρακαλοῦσα,
2805 4432 3069 4496 νοσούσας
3116 4431 3440 4500 ὐγιάζουσα,
3471 4433 3808 4497 ἀσθενούσας

561 4522 652 4562 mo
671 4503 988 4560 deﬁcientes
1031 4507 1386 4570 consolando.
1405 4523 1693 4579 peccantes
1720 4519 2122 4584 convertenda;

559 4606 612 4653 et
658 4605 718 4650 ut
749 4596 882 4650 dicit
927 4603 1148 4650 sanctus
1201 4598 1471 4656 Basilius:
1505 4622 1524 4654 ι
1563 4603 1683 4673 Ipse
1737 4607 2022 4674 praefectus
2067 4619 2128 4664 ut

560 4698 717 4759 pater
759 4691 1031 4760 genuinos
1066 4692 1206 4746 ﬁlios
1266 4707 1486 4758 curans,
1515 4693 1855 4765 singulorum
1890 4702 2130 4755 necessi-

562 4786 700 4833 tates
731 4779 1067 4847 observabit,
1122 4792 1179 4836 et
1209 4797 1307 4851 pro
1355 4783 1611 4840 facultate
1651 4801 1958 4858 congruum
1993 4791 2126 4846 affe-

557 4880 644 4925 ret
693 4873 995 4928 remedium
1023 4884 1078 4929 et
1103 4875 1727 4949 sollicitudinem;quod
1780 4897 1911 4938 vero
1957 4901 2126 4940 mem-

559 4961 718 5016 brum
753 4979 944 5020 revera
976 4965 1304 5031 inﬁrtnatnr,
1331 4969 1448 5024 sive
1470 4975 1835 5042 corporaliter
1869 4977 1985 5032 sive
2013 4981 2122 5048 spi-

559 5053 850 5121 ritualiter,
875 5073 1000 5113 cum
1030 5057 1297 5115 charitate
1325 5069 1380 5115 et
1413 5063 1691 5132 spirituali
1737 5067 2121 5128 benevolentia

556 5147 816 5218 portabit.
845 5166 864 5201 ι

1139 5347 1365 5406 CAPUT
1400 5350 1539 5407 XIII.

556 5437 634 5492 De
662 5439 922 5494 amotione
947 5439 1057 5508 ejus
1085 5455 1201 5509 qua:
1250 5457 1396 5494 secus
1430 5461 1602 5565 bqitam
1633 5463 1735 5516 par
1765 5457 1839 5502 est
1864 5451 2123 5521 prwfecue

1184 5527 1372 5564 munus
1398 5530 1426 5565 ο
1463 5532 1476 5565 ι
1510 5555 1522 5565 .

1184 5527 1372 5564 munus
1398 5527 1522 5567 ουιι.

625 5600 694 5655 Et
724 5600 840 5656 hac
871 5601 1094 5670 quidem
1127 5599 1202 5655 ita
1229 5617 1285 5656 se
1310 5603 1564 5660 habeant.
1589 5605 1718 5670 Quae
1740 5623 1874 5665 vero
1896 5613 2122 5681 posthac

2229 4522 2668 4592 ύποστηρίζουσα
2697 4563 2713 4589 ,
2777 4521 3208 4594 ὀλιγοψυχούσας
3276 4523 3758 4594 παραμυθουμένη
3791 4565 3806 4587 ,

2229 4597 2648 4687 ἁμαρτανούσας
2706 4615 3144 4684 ἑπιστρέφουσα’
3203 4616 3299 4668 καὶ
3347 4615 3533 4679 καθώς
3569 4633 3749 4685 φησιν
3780 4619 3810 4668 ὁ

2228 4705 2384 4774 ἅγιος
2410 4706 2690 4770 Βασίλειος
2718 4705 2892 4774 λέγων
2913 4720 2928 4736 ο
2963 4725 2983 4758 ι
3018 4706 3190 4771 am;
3221 4708 3248 4759 ό
3274 4707 3704 4777 καθηγούμενος,
3733 4708 3810 4771 ὡς

2229 4797 2412 4868 πατὴρ
2446 4796 2649 4850 παίδων
2689 4797 2930 4865 γνησίων
2979 4798 3397 4868 ἐπιμελόμενος,
3449 4799 3810 4866 ἐπισκέψεται
3854 4833 3864 4840 -

2233 4887 2331 4959 τὴν
2358 4887 2478 4942 καθ’
2508 4887 2625 4950 ὲνδς
2674 4887 2906 4940 ἑκάστου
2947 4888 3159 4958 χρείαν,
3193 4888 3286 4942 καὶ
3317 4889 3418 4959 τὴν
3456 4890 3812 4960 ἁρμόζουσαν

2232 4979 2435 5044 εἰσάξει
2463 4979 2602 5032 κατά
2634 4979 2695 5033 τδ
2715 4979 2939 5033 δυνατὺν
2968 4980 3289 5050 θεραπείαν,
3319 4983 3414 5034 καὶ
3463 4983 3810 5051 ἐπιμέλειαν,

2233 5072 2325 5125 καὶ
2355 5073 2416 5125 τὸ
2466 5072 2586 5126 κατ’
2618 5072 2874 5142 ἀλήθειαν
2909 5071 3172 5124 ἀσθενοῦν
3211 5073 3392 5140 μέλος,
3424 5073 3533 5124 εἴτε
3565 5087 3812 5141 σωματι-

2234 5163 2366 5227 κῶς,
2391 5164 2499 5216 εἴτε
2528 5164 2797 5235 ψυχικῶς,
2834 5164 2974 5234 μετά
3005 5164 3227 5234 ἀγάπης
3249 5167 3344 5218 καὶ
3374 5165 3474 5235 τῆς
3505 5180 3812 5234 πνευματι-

2235 5254 2336 5325 κῆς
2365 5255 2576 5319 εὐνοίας
2603 5255 2975 5309 διαϐαστάσει.
3011 5272 3030 5306 ι

2811 5367 3062 5420 ΚΕΦΔΑ.
3106 5366 3203 5421 1Γ’.

2231 5459 2364 5538 "cpi
2375 5475 2481 5528 μετ
2489 5457 2822 5526 ακινήσεως
2838 5455 2948 5526 τῆς
2953 5457 3038 5527 μὴ
3053 5457 3131 5524 ὠς
3149 5457 3239 5512 δεῖ
3258 5457 3806 5528 ὴγουμεγευούσης.

2297 5616 2406 5672 Καὶ
2447 5615 2622 5670 ταῦτα
2667 5615 2766 5688 μὲν
2793 5615 2989 5681 οὕτως.
3026 5615 3107 5671 Τά
3153 5615 3210 5670 δὲ
3240 5614 3368 5687 ἑξῆς
3400 5613 3633 5688 ῥηθῆναι
3667 5614 3808 5686 μέλ-

628 5723 670 5755 ¹⁸
701 5721 867 5780 llcbr.
907 5741 1021 5792 vni,
1049 5725 1132 5779 17.
1215 5727 1254 5760 ⁸⁸
1286 5727 1440 5783 Joan.
1469 5744 1594 5798 ΜΨ,
1631 5730 1714 5788 15.
1798 5735 1841 5766 ²⁰
1877 5737 2030 5792 Joan.
2071 5739 2188 5808 x151,
2220 5741 2309 5798 '55.
