4092 6202
509 269 644 338 1031

1661 333 1664 335 λ
1775 262 2058 325 IRENES
2089 262 2467 326 AUGUSTJE

3619 261 3770 328 1032

509 392 634 430 nem
658 389 826 445 super
856 382 1057 430 terram
1086 392 1099 428 :
1124 382 1367 429 attamen
1403 373 1475 429 ob
1505 373 1801 430 humanam
1851 373 2067 428 infirmi

2185 374 2458 445 μηδεμίαν
2502 369 2640 427 εῖναι
2671 371 2765 426 ἐπὶ
2790 372 2891 443 γῆς
2917 389 2930 404 ⁸
2975 371 3110 427 ἀλλά
3143 372 3233 427 διὰ
3270 371 3371 444 τὴν
3413 372 3767 446 ἀνθρωπίνην

509 477 677 523 tatem
695 467 974 539 iubemus,
1008 476 1068 519 nt
1107 466 1151 519 si
1179 465 1403 535 quidem
1459 467 1659 522 mulier
1703 467 1770 521 ad
1799 475 2079 522 monaste-

510 559 654 612 rium
683 558 1000 619 accesserit,
1051 564 1226 610 mater
1261 555 1402 612 forte
1448 557 1738 628 cujusdam
1799 557 2079 619 monialis,

508 659 602 705 ant
633 664 808 712 soror.
841 658 935 704 aut
984 649 1172 704 fratris
1205 664 1367 714 uxor,
1405 649 1747 720 ingrediatur
1777 649 1834 703 in
1882 665 2077 704 mona-

508 742 739 797 sterium
789 741 1130 796 concedente
1177 741 1463 810 praelecta;
1519 751 1576 798 et
1625 753 1914 813 postquam
1951 760 2076 799 cum

509 831 840 887 monialibus
871 832 1182 902 appositum
1209 833 1393 889 cibum
1417 836 1734 905 sumpserit.
1759 836 1982 892 recedet
2008 835 2074 891 ad

508 937 816 991 vesperam,
853 921 899 976 si
954 922 1178 992 quidem
1228 923 1500 978 valentem
1551 933 1839 994 cognatam
1896 926 2077 980 visum

509 1012 803 1068 accesserit
839 1031 851 1065 :
887 1012 1052 1082 idque
1081 1012 1246 1068 faciet
1279 1013 1448 1068 semel
1473 1023 1572 1067 aut
1614 1013 1699 1068 bis
1738 1014 1792 1068 in
1821 1029 1987 1068 anno.
2016 1013 2077 1070 Si

509 1120 640 1159 vero
675 1105 970 1169 infirmam,
1009 1113 1066 1158 et
1094 1105 1247 1175 gravi
1298 1105 1492 1159 morbo
1517 1105 1797 1160 detentam
1833 1106 1918 1160 :si
1949 1106 2078 1175 qui-

506 1199 630 1252 dem
661 1209 835 1252 mater
865 1198 1051 1262 fnerit,
1078 1198 1132 1252 in
1163 1197 1503 1252 monasterio
1533 1198 1799 1261 manebit,
1824 1207 1881 1253 et
1903 1213 2078 1268 πίνος

509 1291 645 1342 tanti
681 1290 803 1343 ﬁlim
829 1290 1114 1345 assidebit.
1142 1291 1398 1345 Secundo
1421 1301 1603 1345 autem
1634 1291 1744 1351 die.
1794 1290 1888 1344 ubi
1919 1290 2072 1345 simi-

507 1381 635 1436 liter
658 1397 782 1436 cum
807 1383 1136 1436 monialibus
1153 1383 1337 1437 cibum
1357 1383 1676 1452 sumpserit,
1702 1381 1769 1436 ad
1793 1397 2074 1452 vesperam

509 1474 750 1531 recedet.
785 1474 840 1529 Si
873 1489 1004 1528 vero
1029 1490 1189 1528 soror
1219 1474 1407 1539 fuerit,
1440 1484 1539 1529 aut
1573 1473 1758 1528 fratris
1791 1478 1949 1538 uxor,
1980 1482 2078 1528 aut

504 1583 573 1620 ex
606 1581 799 1622 sorore
847 1566 935 1621 vel
987 1565 1158 1620 fratre
1209 1566 1416 1635 neptis,
1463 1581 1586 1634 qua:
1629 1565 1844 1620 visendi
1899 1566 2074 1637 gratia

505 1661 759 1724 accessit.
791 1660 1016 1715 omnino
1041 1675 1151 1729 qua
1179 1660 1269 1715 die
1312 1660 1526 1716 venerit
1547 1659 1614 1714 ad
1643 1674 1930 1730 vesperam
1957 1659 2075 1715 dis-

505 1752 687 1808 cedet.

578 1844 634 1899 Si
689 1853 870 1898 antem
906 1845 992 1900 vir
1043 1845 1212 1900 fuerit
1259 1845 1355 1914 qui
1410 1845 1582 1900 visum
1628 1844 1861 1911 accedit,
1919 1854 2076 1914 pater

505 1936 667 2000 forte,
703 1937 786 1990 vel
820 1936 1010 2001 frater,
1045 1945 1139 1991 aut
1182 1936 1393 1992 sororis
1443 1937 1664 2007 conjux,
1698 1937 1754 1991 in
1798 1946 2076 1991 monaste-

505 2027 649 2082 rium
677 2027 899 2096 quidem
925 2029 1240 2083 nullatenus
1274 2028 1646 2098 ingredietur;
1675 2027 1808 2082 illud
1839 2043 2077 2098 namque

506 2119 640 2172 viris
663 2134 891 2188 prorsus
919 2119 1285 2183 inaccessum,
1311 2135 1374 2174 ac
1395 2129 1658 2189 perpetuo
1679 2119 1924 2175 clausum
1952 2135 2076 2176 esse

504 2208 696 2262 statuit
731 2207 1022 2277 imperium
1050 2223 1254 2262 meum.
1284 2206 1406 2277 Ipso
1437 2223 1467 2262 a
1496 2207 1631 2262 foris
1655 2208 2074 2278 pulsante,'mo-

504 2300 729 2367 uitaque
759 2298 1028 2367 prmfccta,
1062 2313 1184 2368 quae
1215 2297 1389 2354 videri
1415 2297 1766 2354 desideratur
1795 2300 2071 2366 monialis,

498 2390 656 2460 jussu
690 2391 810 2460 ejus
846 2389 913 2443 ad
959 2391 1164 2444 ostium
1209 2391 1461 2454 accedet,
1505 2407 1612 2446 una
1640 2399 1825 2446 autem
1869 2391 1972 2446 ibit
2015 2403 2074 2448 et

503 2486 777 2554 praefecta,
812 2483 858 2537 si
894 2483 1134 2538 voluerit
1178 2492 1234 2537 et
1264 2482 1529 2552 potuerit,
1575 2483 1660 2537 vel
1689 2482 1805 2553 ipsa
1845 2483 2073 2554 iubente

505 2594 610 2631 una
630 2591 699 2630 ex
738 2574 1059 2630 senioribus
1083 2583 1141 2629 et
1171 2573 1675 2628 venerabilioribus
1713 2573 2069 2629 monialibus.

502 2665 676 2720 Janua
709 2682 838 2720 vero
872 2674 1082 2734 aperta,
1113 2676 1264 2720 stans
1288 2666 1404 2736 ipse
1435 2665 1504 2720 ad
1537 2667 1764 2731 ostium,
1793 2675 1851 2722 et
1880 2668 2072 2737 paucis

504 2759 795 2812 monialem
825 2759 1117 2822 allocutus,
1151 2758 1430 2814 abscedet.
1484 2757 1541 2813 Si
1574 2769 1759 2814 autem
1804 2759 2071 2814 monacba

504 2851 571 2906 ad
611 2865 774 2918 quam
825 2849 1110 2904 visendam
1146 2860 1328 2917 pater,
1358 2850 1443 2904 vel
1490 2851 1677 2913 frater,
1731 2859 1830 2904 aut
1862 2851 2071 2906 sororis

502 2941 734 2994 maritus
769 2939 1022 3003 accessit,
1053 2940 1424 3009 :egrotaverit,
1465 2941 1657 3009 sicque
1699 2957 1758 2997 se
1790 2941 2068 3009 habuerit,

2181 467 2465 520 ἀσθένειαν
2493 465 2788 535 κελεύομεν
2807 505 2821 531 ,
2863 465 2951 518 ἵνα
2977 467 3138 534 ειπερ
3168 466 3496 539 παραϐάλλῃ
3525 470 3589 536 τῇ
3619 473 3764 539 μονῇ

2181 558 2341 629 γυνὴ,
2373 559 2557 628 μήτηρ
2587 556 2750 628 τυχὸν
2787 556 3147 627 μοναζούσης,
3181 557 3214 628 ἢ
3245 557 3470 627 ἀδελφὴ,
3501 558 3534 630 ἢ
3569 558 3763 631 νύμφη

2181 648 2268 702 ἐπ’
2295 647 2532 718 ἀδελφῷ,
2583 647 2954 703 εἰσελεύσεται
3009 650 3090 712 είς
3119 649 3182 703 τὸ
3225 651 3609 721 μοναστήριον,
3657 653 3760 720 τῆς

2181 738 2496 809 ἡγουμένης
2548 738 2974 810 ἐπιτρεπούσης,
3021 737 3117 792 καὶ
3168 742 3579 796 συνεπιαθεῖσα
3631 746 3762 808 ταῖς

2184 830 2446 900 μοναχαῖς
2511 828 2611 900 τὴν
2676 828 3076 900 παρατεθεῖσαν
3123 829 3370 902 τροφὴν,
3424 831 3764 906 ὑποχωρήση

2181 920 2319 990 πρὸς
2371 919 2651 989 ἑσπέραν,
2705 921 2866 993 εἴπερ
2935 921 3288 989 ὑγιαίνουσαν
3338 922 3468 976 ἰδεῖν
3518 925 3762 995 συγγενῆ

2180 1011 2514 1082 παρεγένετο
2539 1029 2553 1041 ·
2582 1011 2858 1066 καὶτοῦτο
2878 1012 3066 1083 δράσει
3097 1011 3296 1085 άπαξῆ
3326 1014 3402 1079 δὶς
3437 1013 3531 1068 τοῦ
3565 1017 3755 1069 ἐνιαυ-

2177 1103 2303 1156 τοῦ·⁶
2338 1103 2460 1156 εἰδὲ
2490 1103 2748 1157 νοσοῦσαν
2771 1103 2867 1157 καὶ
2894 1103 3047 1158 νόσον
3087 1103 3333 1176 βαρεῖαν,
3364 1107 3414 1159 εί
3447 1106 3546 1176 μὲν
3571 1109 3762 1178 μήτηρ

2178 1193 2289 1264 εἴη,
2324 1195 2692 1264 ἐγκαταμενεῖ
2731 1197 2799 1266 τῇ
2835 1197 2993 1265 μονῇ,
3047 1197 3140 1248 καὶ
3177 1195 3542 1267 παρεδρεύσει
3571 1202 3638 1268 τῇ
3678 1217 3760 1251 vo-

2179 1284 2348 1356 σούση
2373 1285 2631 1357 θυγατρίο
2666 1286 2762 1340 καὶ
2795 1289 2936 1340 κατά
2965 1287 3064 1356 τὴν
3099 1287 3360 1358 δευτέραν
3393 1289 3605 1361 ἡμέραν
3634 1293 3761 1353 sui;

2179 1380 2442 1447 μοναχαῖς
2469 1377 2668 1449 ὁμοίως
2703 1379 3136 1442 συνεστιαθεῑσα,
3168 1381 3304 1450 πρὸς
3337 1380 3578 1452 ἑσπέραν
3623 1384 3760 1435 ὑπο-

2177 1469 2439 1538 χωρήσει.
2469 1469 2532 1522 ΕΙ
2562 1467 2619 1522 δὲ
2648 1467 2856 1540 ἀδελφὴ
2889 1471 3168 1538 τυγχάνει,
3200 1471 3444 1540 ῆνύμφη
3475 1473 3562 1525 ἐπ’
3597 1473 3756 1526 ἀὶελ-

2179 1559 2286 1629 φῷ,
2335 1559 2369 1630 ἢ
2399 1560 2594 1630 ἀνεψιὰ
2627 1560 2735 1615 ἀπὸ
2767 1561 3001 1632 ἀδελφῆς
3029 1562 3062 1634 ἢ
3089 1563 3346 1633 ἀδελφοῦ,
3386 1566 3418 1634 ἡ
3452 1563 3589 1636 πρὸς
3621 1565 3758 1618 θέαν

2177 1653 2508 1724 ἀφικομένη,
2535 1653 2712 1724 πάντη
2746 1671 2808 1707 τε
2835 1656 2926 1707 καὶ
2953 1655 3170 1717 πάντως
3203 1655 3339 1724 πρὸς
3361 1657 3425 1726 ἦν
3444 1656 3510 1710 ἂν
3541 1657 3756 1728 ἡμέραν

2104 1719 2151 1778 Β
2179 1719 2442 1816 ἀιρῐκηται
2473 1719 2610 1816 πρὸς
2629 1719 2870 1817 ἑσπέραν
2891 1719 3259 1819 ὑποχωρήσειξ

2251 1837 2314 1889 El
2352 1837 2409 1890 δέ
2437 1838 2578 1909 ἀνὴρ
2623 1840 2708 1904 είη
2743 1841 2771 1892 6
2803 1840 2938 1908 πρὸς
2985 1841 3117 1894 θέαν
3167 1840 3526 1910 παραϐαλὼν,
3566 1842 3754 1912 πατὴρ

2176 1928 2360 1999 τυχὸν,
2391 1930 2425 2002 ἢ
2454 1931 2706 2001 ἀδελφὸς.
2736 1932 2768 2003 ἢ
2805 1933 2892 1984 ἐπ’
2916 1933 3120 2004 ἀδελφῇ
3153 1917 3428 2004 γαμϐρδς,
3462 1934 3540 1998 είς
3572 1935 3670 2004 μὲν
3691 1935 3757 1986 τὸ

2180 2023 2541 2095 μοναστήριον
2592 2024 2849 2096 οὐδαμῶς
2904 2025 3317 2080 εἰσελεύσεταιο
3376 2027 3577 2082 ἀϐατον
3641 2027 3754 2096 γὰρ

2176 2109 2336 2164 τοῦτο
2367 2113 2714 2166 παντάπασιν
2739 2113 2998 2186 ἀνδράσιν
3036 2116 3068 2185 ἡ
3101 2114 3350 2186 βασιλεία
3387 2134 3487 2187 μου
3515 2116 3756 2186 διορίζε-

2177 2223 2284 2272 ται,
2319 2207 2412 2259 καὶ
2442 2206 2828 2277 κεκλεισμένον
2875 2207 3161 2278 διηνεκῶς.
3202 2209 3445 2284 Ἐξωθεν
3494 2209 3551 2262 δέ
3587 2209 3757 2280 κρού-

2177 2313 2371 2358 σαντος
2392 2297 2580 2364 αὑτοῦ,
2609 2299 2712 2369 τῆς
2733 2299 3043 2371 ἡγουμένης
3067 2302 3532 2372 ὐπομνησθείσης,
3565 2304 3598 2373 ἡ
3620 2303 3751 2356 θεα-

2176 2385 2333 2458 Θῆναι
2365 2387 2670 2460 ζητουμένη
2702 2390 3010 2460 μονάζουσα
3041 2393 3288 2446 κελεύσει
3314 2394 3514 2464 ταύτης
3557 2395 3754 2462 ἀφίξε-

2173 2497 2264 2532 ται
2292 2479 2426 2550 πρὸς
2455 2481 2548 2534 τὸν
2573 2481 2816 2546 πυλῶνα,
2845 2484 3196 2552 συναφίξεται
3216 2486 3271 2539 δέ
3291 2487 3385 2539 καὶ
3409 2489 3442 2556 η
3481 2487 3753 2557 καθηγου-

2177 2571 2334 2642 μένη,
2360 2572 2518 2642 είπερ
2537 2571 2712 2627 ἐθέλει
2742 2575 2836 2628 καὶ
2866 2574 3105 2644 δύναιτο,
3133 2577 3167 2648 ἢ
3197 2577 3531 2648 κελευσάσης
3556 2579 3748 2648 αὺτῆυ,

2177 2665 2275 2735 μία
2294 2663 2402 2719 τῶν
2423 2665 2852 2740 γηραλεωτέρων
2892 2669 2986 2722 καὶ
3001 2671 3341 2740 τιμιωτέρων
3376 2671 3748 2742 μοναζουσῶν.

2173 2757 2284 2810 Καὶ
2307 2758 2406 2826 τῆς
2429 2758 2600 2829 θύρας
2631 2761 2944 2832 ἀνοιγείσης
2966 2762 3099 2833 πρὸς
3131 2763 3209 2834 τῷ
3234 2764 3440 2818 πυλῶνι
3471 2765 3621 2828 στὰς,
3651 2767 3749 2818 καὶ

2175 2845 2346 2917 βραχύ
2390 2863 2442 2900 τι
2473 2849 2790 2921 διομιλήσας
2818 2855 2884 2922 τῇ
2936 2855 3170 2925 μοναχῇ,
3199 2855 3580 2910 ἀπελεύσεται.
3616 2855 3678 2908 Εἰ
3701 2854 3750 2909 δ’

2174 2935 2360 3007 ίσωςή
2391 2938 2623 3010 μοναχὴ,
2653 2936 2720 3012 ἧς
2745 2941 2882 3012 πρὸς
2907 2943 3007 3013 τὴν
3038 2942 3164 2998 θέαν
3207 2944 3234 2997 ὁ
3265 2945 3448 3016 πατὴρ
3482 2946 3747 3016 ἀφίκετο,

503 3037 567 3083 ιιι
599 3029 667 3083 ad
719 3030 921 3083 ostium
973 3029 1237 3085 accedere
1267 3040 1526 3100 nequeat,
1575 3046 1679 3088 nec
1735 3047 1805 3088 eo
1843 3034 2066 3103 quidem

2171 3029 2204 3102 ἢ
2231 3029 2260 3082 6
2293 3029 2540 3100 ἀδελφὸς,
2587 3032 2619 3103 ἢ
2652 3034 2678 3087 6
2705 3032 2792 3086 ἐπ’
2833 3034 3035 3106 ἀδελφῇ
3086 3037 3358 3108 γαμϐρὸς,
3391 3038 3596 3107 νοσοίη,
3649 3042 3751 3092 καὶ

501 3136 632 3176 casu
665 3121 864 3192 aliquis
898 3137 1091 3177 eorum
1149 3123 1494 3193 ingredietur
1540 3125 1594 3178 in
1647 3126 2066 3181 monasterium.

499 3212 559 3268 Si
590 3222 774 3269 tamen
824 3230 966 3284 aegra
1009 3216 1246 3272 voluerit
1294 3225 1351 3271 et
1395 3217 1770 3272 necessarium
1821 3217 2064 3284 duxerit,

499 3305 856 3360 accedentem
897 3307 1371 3377 consanguineum
1416 3307 1630 3372 videre,
1680 3309 1812 3364 sella
1867 3310 2072 3382 depor-

503 3405 635 3460 tata,
693 3405 751 3452 et
794 3396 863 3452 ad
916 3398 1122 3453 ostium
1159 3398 1362 3463 locata,
1405 3399 1590 3455 videat
1629 3414 1756 3456 eum
1811 3401 1944 3469 illic,
2011 3412 2070 3459 et

497 3487 702 3546 dehinc
733 3491 1052 3555 reducatur,
1088 3493 1243 3548 valde
1265 3495 1415 3548 enim
1462 3495 1753 3551 molestum
1785 3504 1932 3551 esset
1961 3496 2064 3552 imo

499 3581 654 3650 perio
678 3597 822 3646 meo.
853 3592 910 3638 et
943 3585 1210 3639 voluntati
1235 3601 1369 3640 meae
1402 3602 1736 3657 repugnans,
1761 3587 1806 3642 si
1839 3588 2066 3644 daretur

497 3673 634 3726 viris
659 3674 877 3728 occasio
912 3675 1193 3744 ingressus
1223 3676 1277 3729 in
1305 3679 1723 3744 monasterium,
1746 3687 1801 3733 et
1823 3680 2067 3734 exterior

494 3769 656 3830 porta
691 3775 804 3815 non
838 3764 1102 3817 continuo
1137 3765 1396 3820 omnibus
1441 3767 1828 3834 clauderetur;
1864 3769 2065 3824 timen-

497 3849 626 3904 dum
662 3851 808 3906 enim
864 3868 934 3908 ne
977 3854 1226 3922 quaedam
1259 3858 1575 3912 nocumenti
1626 3857 1885 3914 diabolici
1932 3875 2064 3929 per-

495 3943 672 3999 nicies
697 3953 848 4000 casto
871 3960 1073 4015 sponso
1118 3946 1468 4017 deSponsatis
1507 3965 1616 4005 una
1652 3950 2058 4022 ingrederetur.

494 4033 764 4102 Quocirca
785 4037 936 4092 omni
958 4039 1205 4108 ingressu
1230 4039 1379 4095 viros
1403 4041 1674 4097 arcendos
1696 4041 1974 4109 existimo,
2006 4051 2062 4099 et

493 4124 570 4179 ita
597 4126 786 4197 jubeo.
828 4127 977 4184 Idem
1025 4145 1247 4200 quoque
1295 4131 1562 4199 obtineat,
1617 4133 1788 4189 etiam
1845 4134 1893 4190 si
1934 4134 2061 4205 quis

492 4217 579 4286 vir
596 4217 904 4286 prazfectam
932 4219 1274 4276 alloeuturus
1289 4223 1356 4277 ad
1389 4224 1784 4280 monasterium
1809 4225 2059 4282 accedat.

561 4477 617 4534 Si
649 4494 782 4534 vero
821 4482 1106 4553 cujuso'am
1160 4485 1482 4541 monialium
1540 4499 1696 4560 pater
1748 4500 1845 4548 aut
1877 4503 2057 4550 mater

493 4584 733 4640 unquam
763 4574 1131 4643 aagrotaverit,
1157 4591 1336 4646 eoque
1381 4577 1638 4637 redactus
1675 4582 1750 4637 sit
1789 4593 2057 4640 utextre-

492 4677 612 4717 mos
638 4664 862 4734 spiritus
894 4667 1129 4732 exhalet,
1177 4670 1522 4742 volueritque
1563 4677 1851 4742 monacba,
1899 4679 2058 4748 cujus

492 4763 649 4821 pater
694 4764 790 4810 aut
839 4766 1015 4814 mater
1065 4757 1395 4827 inﬁrmatur,
1462 4771 1518 4818 et
1555 4780 1782 4822 necesse
1838 4769 2057 4824 duxerit

489 4855 844 4915 a-grotantem
871 4861 1105 4918 patrem,
1164 4861 1260 4906 aut
1305 4862 1536 4910 matrem
1575 4857 1836 4921 invisere,
1891 4875 2049 4930 egre-

489 4935 676 4991 dietur
710 4953 739 4991 e
761 4941 1096 4995 monasterio
1113 4943 1267 5012 jussu
1309 4944 1602 5014 prefectae,
1635 4946 1774 5002 duas
1813 4965 1843 5005 e
1873 4952 2055 5006 senio-

493 5027 650 5083 ribus
676 5039 733 5086 et
761 5032 1261 5091 venerabilioribus
1291 5037 1623 5093 monialibus
1659 5054 1846 5094 secum
1891 5057 2049 5097 assu-

488 5135 665 5186 mens,
691 5131 747 5176 ct
775 5132 1062 5194 postquam
1093 5127 1292 5184 viderit
1312 5144 1516 5200 aegrum
1553 5129 1668 5187 sive
1695 5143 1904 5202 patrem
1935 5134 2050 5189 sive

485 5219 738 5278 matrem,
770 5213 838 5268 ad
874 5230 1160 5284 vesperam
1195 5229 1506 5276 revertetur
1526 5221 1593 5277 ad
1628 5225 2048 5291 monasterium,

482 5303 635 5359 nullo
665 5303 828 5361 modo
853 5308 1131 5366 sustinens
1155 5309 1293 5368 foris
1313 5317 1703 5370 monasterium
1730 5331 1976 5374 manere.

550 5479 628 5536 Ne
656 5481 804 5554 ipsos
821 5487 1042 5556 quidem
1069 5501 1457 5560 procuratores
1484 5512 1665 5551 rerum
1700 5501 2043 5568 monasterii,

480 5584 658 5639 neque
683 5588 778 5629 eos
812 5577 905 5648 qui
938 5579 1043 5634 alia
1074 5581 1141 5636 de
1173 5599 1336 5638 causa
1366 5581 1662 5650 accedunt.
1718 5591 1926 5659 quibus
1948 5609 2046 5648 ne-

477 5662 780 5721 cessarium
807 5668 947 5726 forte
971 5678 1026 5727 et
1049 5673 1180 5728 utile
1211 5684 1297 5731 est
1324 5676 1502 5733 videri
1525 5696 1555 5732 a
1582 5683 1864 5750 praelecta,
1902 5685 2047 5740 intra

2169 3122 2339 3186 οὕτως
2367 3123 2482 3194 ἔχοι
2507 3123 2582 3190 ὡς
2612 3125 2747 3197 μηδὲ
2774 3126 2850 3198 τῷ
2881 3128 3086 3182 πυλῶνι
3108 3129 3434 3200 προσϐαλεῖν
3461 3131 3746 3197 δύνασθαι,

2169 3212 2270 3266 οὐκ
2303 3213 2674 3304 είεελεύσεται
2704 3216 2804 3288 μὲν
2828 3217 2949 3271 ούδέ
2971 3219 3112 3273 οὕτω
3137 3237 3220 3284 τις
3255 3221 3434 3274 αὐτῶν
3461 3223 3541 3286 είς
3565 3223 3627 3275 τὸ
3648 3239 3750 3292 μο-

2167 3311 2481 3382 ναστήριον.
2518 3310 2580 3365 El
2605 3312 2663 3366 δέ
2694 3312 2937 3382 βούλοιτο
2966 3316 3000 3386 ἠ
3030 3315 3283 3380 νοσοῦσα,
3324 3317 3419 3371 καὶ
3448 3318 3746 3386 ἀναγκαῖον

2168 3401 2375 3472 ἡγοῖτο,
2403 3404 2495 3457 τὸν
2525 3405 2913 3474 παραϐαλόντα
2946 3407 3076 3460 ίδεῖν
3108 3410 3370 3480 συγγενῆ,
3411 3410 3614 3481 φορείῳ
3642 3410 3744 3480 βα-

2170 3492 2483 3564 σταχθεῖσα.
2511 3497 2604 3549 καὶ
2637 3498 2773 3568 πρὸς
2801 3496 2879 3567 τῷ
2905 3499 3113 3552 πυλῶνι
3138 3501 3425 3572 γενομένη,
3453 3501 3743 3558 θεασάσθω

2165 3584 2328 3636 αὐτὸν
2363 3586 2565 3650 ἐκεῖσε,
2594 3588 2689 3640 καὶ
2720 3589 3084 3661 ἐπαναχθήτω
3112 3609 3126 3622 ο
3160 3591 3222 3645 τὸ
3251 3593 3361 3664 γὰρ
3389 3593 3571 3647 δοῦναι
3604 3597 3742 3665 πρό-

2165 3687 2328 3738 φασιν
2355 3673 2564 3726 εἰσόδου
2589 3677 2701 3739 τοῖς
2731 3676 2961 3748 ἀνδράσι
2999 3679 3134 3748 πρὸς
3178 3680 3280 3749 τὴν
3307 3682 3497 3752 μονὴν,
3532 3685 3628 3736 καὶ
3664 3685 3741 3753 μὴ

2163 3759 2263 3830 τὴν
2299 3761 2406 3827 ἔξω
2439 3764 2614 3835 πύλην
2662 3767 2825 3829 εὐθὺς
2855 3769 3284 3826 ἀποκεκλεῖσθαι
3335 3776 3493 3841 πᾶσι,
3533 3776 3741 3850 σφόδρα

2164 3856 2420 3922 φορτικὸν
2449 3857 2514 3924 τῇ
2541 3855 2789 3928 βασιλείᾳ
2824 3877 2928 3930 μου
2961 3864 3057 3916 καὶ
3083 3863 3406 3934 ἀϐούλητον.
3459 3867 3593 3929 Δέος
3629 3869 3740 3938 γὰρ

2165 3944 2240 4015 μή
2270 3962 2322 3998 τι
2348 3946 2580 4019 συνέλθῃ
2628 3948 2826 4020 βλάϐος
2857 3953 3125 4025 ἐπηρείας
3158 3955 3482 4028 δαιμονικῆς
3511 3960 3628 4021 ταῖς
3657 3960 3738 4030 τῷ

2163 4034 2312 4106 ἀγνῷ
2341 4037 2580 4110 Νυμφίῳ
2609 4045 3050 4114 νυμφευομέναις
3075 4063 3092 4079 ο
3137 4049 3232 4103 καὶ
3256 4047 3344 4103 διὰ
3370 4047 3525 4102 τοῦτο
3557 4051 3737 4120 πάσης

2161 4127 2369 4186 εἰσόδου
2391 4133 2516 4196 τοὺς
2541 4133 2741 4206 ἀνδρας
2762 4136 3125 4208 ἀπείργεσθαι
3145 4141 3444 4212 προσήκειν
3470 4142 3734 4213 ἡγοῦμαι,

2159 4221 2255 4276 καὶ
2280 4221 2453 4287 οὕτως
2476 4225 2884 4299 διακελεύομαι.
2940 4230 3015 4283 Τὸ
3042 4229 3088 4284 δ’
3123 4232 3256 4285 αὐτὸ
3289 4235 3595 4305 κρατείτω,
3632 4237 3738 4290 κᾶν

2163 4314 2212 4366 εί
2232 4316 2298 4384 τῇ
2331 4316 2654 4390 προεστὼσῃ
2690 4319 3073 4392 ἐντευξόμενος
3114 4322 3255 4395 ἀνὴρ
3282 4327 3348 4396 τῇ
3381 4329 3517 4396 μονῇ
3550 4343 3734 4398 παρα-

2083 4373 2136 4434 υ
2163 4373 2338 4460 σάλξι.

2231 4497 2296 4551 Εἰ
2319 4497 2364 4552 δ’
2394 4496 2524 4563 ἴσως
2550 4499 2658 4554 τῶν
2691 4504 3040 4574 μοναζουσῶν
3071 4524 3218 4572 τινος
3255 4494 3458 4582 πατὴρ,
3484 4512 3516 4583 ἢ
3546 4513 3731 4584 μήτηρ

2159 4586 2366 4659 νοσοίη,
2413 4589 2509 4643 καὶ
2554 4590 2730 4657 οὕτως
2779 4593 2894 4666 ἔχοι
2944 4595 3086 4649 ὥστε
3117 4599 3188 4653 ea.
3235 4598 3524 4654 τελευταῖα
3558 4603 3731 4666 πνεῖν,

2160 4678 2401 4749 βούλοιτο
2453 4681 2511 4737 δέ
2559 4684 2591 4752 ὴ
2642 4685 2954 4756 μονάςουσα
2989 4682 3058 4760 ἦς
3084 4691 3113 4742 6
3144 4691 3350 4761 πατὴρ,
3389 4691 3420 4761 ἢ
3455 4695 3490 4763 ἡ
3547 4695 3734 4765 μήτηρ

2157 4771 2506 4844 ἀρρωστοίη,
2540 4781 2639 4829 καὶ
2689 4777 2992 4846 ἀναγκαῖον
3030 4783 3216 4851 ἡγοῖτο
3261 4783 3349 4838 τὸν
3397 4785 3732 4842 ἀσθενοῦντα

2157 4864 2394 4935 πατέρα,
2427 4865 2460 4936 ἢ
2495 4865 2593 4938 τὴν
2618 4868 2833 4940 μητέρα
2870 4871 3019 4938 ἰδεῖν,
3051 4872 3395 4939 ἐξελεύσεται
3427 4881 3524 4947 τῆς
3562 4881 3733 4948 μονῆς

2158 4955 2453 5024 προστάξει
2485 4959 2585 5029 τῆς
2615 4959 3057 5034 καθηγουμένης,
3109 4969 3616 5037 συμπαραλαϐοὖσα
3639 4971 3733 5024 δύο

2156 5046 2309 5109 τινάς
2332 5047 2437 5101 τῶν
2475 5049 2904 5126 γηραλεωτέρων
2953 5055 3046 5108 καὶ
3087 5061 3429 5132 σεμνοτέρων
3463 5065 3732 5132 μονάζον-

2159 5137 2287 5203 σῶν,
2317 5137 2407 5191 καὶ
2433 5139 2746 5213 θεασαμένη
2794 5145 2883 5198 τὸν
2930 5146 3188 5201 νοσοῦντα
3216 5155 3430 5220 πατέρα
3467 5156 3651 5225 τυχδν,
3696 5157 3728 5225 ἢ

2154 5233 2250 5299 τὴν
2279 5233 2514 5303 μητέρα,
2567 5237 2703 5306 πρὸς
2733 5239 2976 5308 ἑσπέραν
3017 5241 3407 5315 ἐπανακάμψει
3457 5251 3594 5320 πρὸς
3629 5251 3729 5318 τὴν

2158 5322 2347 5392 μονὴν,
2389 5324 2642 5396 μηδαμοῦ
2679 5328 2982 5405 ἀνεχομένη
3017 5334 3198 5402 μεῖναι
3245 5336 3445 5403 ἔξωθεν
3474 5340 3571 5409 τῆς
3628 5359 3730 5410 μο-

2156 5431 2276 5483 νης.

2222 5506 2432 5571 Αὐτοὺς
2485 5508 2734 5580 μέντοιγε
2786 5515 2915 5580 τοὺς
2965 5521 3403 5590 προνοουμένους
3458 5523 3566 5577 τῶν
3625 5525 3730 5593 τῆ;

2132 5597 2344 5668 μονῆς,
2364 5603 2454 5653 καὶ
2484 5603 2610 5666 τοὺς
2630 5605 2803 5670 ἄλλως
2833 5610 3302 5679 παραϐάλλοντας,
3320 5608 3404 5678 οἷς
3429 5615 3727 5685 ἀναγκαίόν

2153 5691 2300 5744 ἐστιν
2331 5689 2461 5758 ἴσως
2499 5695 2594 5750 καὶ
2615 5697 2874 5768 χρειῶδες
2898 5700 3126 5759 θεᾶσθαι
3155 5705 3304 5777 παρὰ
3323 5706 3422 5778 τῆς
3451 5707 3730 5790 καθηγοψ
3755 5773 3770 5782 .
