4104 6200
404 319 548 384 1033

1837 313 2198 376 TYPICUM.
2294 265 2297 268 ’

3513 318 3649 384 103i

404 434 594 502 μένης,
628 428 729 483 οὐκ
764 426 978 482 ἔνδοθεν
1034 422 1132 493 τῆς
1193 422 1360 493 μονῆς
1404 422 1752 492 ἐντυγχάνειν
1805 421 1977 492 ταύτῃ

2087 418 2483 474 monasterium
2518 419 2690 491 ipsam
2710 420 3009 476 convenire
3045 422 3341 480 volumus:
3388 427 3485 481 sed
3534 428 3651 500 ipsa

404 520 731 593 βουλόμεθα,
771 517 889 573 ἀλλ’
920 514 1263 582 ἐξελεύσεται
1315 514 1454 584 αὕτη
1497 515 1637 582 μετά
1677 511 1851 583 δύο,ῆ
1886 514 1981 566 καὶ

401 614 571 684 τριῶν
600 609 788 682 γραῶν
813 608 923 663 τῶν
949 606 1358 677 εύλαϐεστέρων
1390 605 1519 675 ἄχρι
1545 603 1638 655 τοῦ
1668 605 1776 655 ἔσω
1800 602 1981 655 πυλῶ-

402 720 513 768 νος,
544 702 640 755 καὶ
669 700 876 771 μεταξὺ
929 698 1040 752 τῶν
1072 696 1166 751 δύο
1220 693 1482 749 πυλώνων
1532 692 1840 758 ἐντεύξεται
1868 695 1980 752 τοῖς

400 793 882 865 παραγινομένοις,
912 792 1005 845 καὶ
1038 787 1317 860 φροντίσει
1360 786 1469 840 τῶν
1492 786 1592 854 τῆς
1626 785 1794 856 μονῆς
1815 802 1828 815 ·
1879 779 1980 837 εἶτ’

398 885 557 951 αὖθις
607 889 689 950 εἰς
736 886 835 954 τὴν
873 884 1041 955 μονὴν
1084 880 1388 944 ἐλεύσεται,
1417 877 1618 933 ἄϐατον
1647 876 1854 946 ταύτην
1882 892 1980 944 gau-

398 976 673 1029 λάττουσα
704 974 985 1045 ἀνδράσιν,
1040 971 1115 1034 ὡς
1140 969 1380 1040 εἴρηται.
1419 968 1544 1020 Ἐὰν
1573 966 1630 1018 δὲ
1664 967 1738 1036 μὴ
1841 966 1978 1018 ἐπά-

400 1084 605 1137 ναγκες
643 1067 829 1137 ἔργον,
860 1065 928 1118 δι’
956 1064 983 1116 ὃ
1010 1062 1193 1133 μέλλει
1245 1059 1566 1130 ὲξέρχεσθαι
1594 1058 1688 1111 καὶ
1716 1057 1982 1128 ἐντυγχά-

400 1177 513 1213 νειν
546 1161 657 1221 τοῖς
689 1156 1091 1219 εἰσϐάλλουσι-ι,
1148 1155 1235 1207 ἴνα
1286 1153 1363 1224 μὴ
1393 1152 1704 1225 ἔξέρχηται.
1737 1152 1853 1206 ἀλλ’
1895 1157 1980 1206 ἵνα

402 1247 932 1317 ὑπομιμνήσκηται,
989 1244 1099 1296 εἴτε
1152 1241 1306 1312 παρὰ
1353 1242 1445 1294 τοῦ
1498 1241 1809 1311 οἰκονόμου,
1867 1241 1978 1295 εἴτε

403 1336 558 1407 παρὰ
605 1335 705 1390 τοῦ
732 1334 1125 1407 πρεσϐυτέρου,
1167 1334 1262 1387 καὶ
1289 1332 1318 1385 ὃ
1344 1332 1492 1385 δοκεῖ
1528 1333 1805 1403 συμφέρον
1833 1335 1979 1388 οξκο-

402 1432 649 1498 νομείται
691 1428 821 1500 παρ’
848 1428 1036 1499 αὐτῆς.
1079 1428 1141 1479 El
1180 1426 1238 1479 δὲ
1284 1426 1424 1496 γυνὴ
1457 1425 1593 1497 πρὸς
1642 1426 1770 1480 θέαν
1800 1427 1976 1497 αὐτῆς

402 1522 484 1584 εἰς
506 1520 604 1592 τὴν
631 1520 803 1591 μονὴν
848 1520 1122 1591 ἀφίκοιτο,
1156 1519 1224 1588 τῇ
1270 1515 1464 1588 γνώμῃ
1496 1514 1700 1585 ταύτης
1744 1515 1807 1570 τὸ
1838 1519 1979 1588 πρᾶ-

400 1628 519 1682 γμα
543 1610 939 1682 ἀνατιθέαμεψ
974 1610 1033 1664 οὐ
1068 1610 1177 1681 γὰρ
1211 1607 1277 1662 ἂν
1308 1609 1461 1678 παρὰ
1488 1608 1611 1669 τοὺς
1646 1610 1977 1677 ἁσκητικοὺς

399 1704 632 1769 κανόνας
645 1702 742 1775 τὴν
761 1702 1000 1767 ἔντευξιν
1022 1701 1359 1773 ποιήσασθαι
1380 1699 1689 1771 ὑπομείνειε
1712 1698 1850 1770 πρὸς
1876 1699 1975 1771 τὴν

397 1792 603 1858 ἔξωθεν
635 1791 1110 1864 παραϐάλλουσαν.

468 1887 532 1939 Εἰ
555 1886 613 1940 δέ
642 1903 726 1950 τις
751 1887 860 1940 τῶν
885 1886 985 1957 βίῳ
1014 1884 1196 1958 σεμνῷ
1216 1884 1645 1955 κεκοσμημένων
1674 1884 1970 1953 γυναικῶν,

398 1974 684 2044 κοσμικῶν
716 1974 749 2047 ἢ
787 1975 1041 2046 μοναχῶν
1076 1975 1186 2029 ἀπὸ
1214 1974 1323 2028 τῶν
1354 1974 1481 2041 ἔξω,
1518 1973 1606 2027 διὰ
1642 1975 1743 2045 τὴν
1780 1974 1890 2028 τῶν
1916 1976 1974 2029 ὲν

398 2065 536 2136 αὐτῇ
572 2066 929 2136 ἀσκουμένων
962 2066 1314 2138 μοναζουσῶν
1346 2065 1569 2138 ἀρετὴν,
1614 2066 1830 2139 θελήσει
1864 2085 1972 2122 πα-

400 2153 655 2225 ραϐαλεῖν
686 2158 754 2227 τῇ
786 2159 944 2228 μονῇ,
974 2157 1037 2211 οὐ
1059 2156 1435 2227 κωλυθήσεται
1461 2158 1829 2224 παντάπασιν,
1859 2158 1974 2211 ἀλλ’

398 2244 768 2299 εἰσελεύσεται
799 2247 858 2300 ἑν
895 2248 1033 2319 αὐτῇ
1068 2246 1365 2319 προστάξει
1394 2248 1492 2319 τῆς
1521 2248 1971 2320 καθηγουμένης*

403 2337 500 2389 καὶ
553 2338 963 2392 συνεστιαθείσα
1016 2342 1137 2403 ταῖς
1193 2342 1475 2411 μοναχαῖς,
1540 2340 1675 2411 πρὸς
1733 2341 1974 2411 ἑσπέραν

399 2425 767 2499 ὕποχωρήσει.
821 2430 883 2482 Et
915 2430 972 2483 δὲ
1017 2429 1262 2500 βούλοιτο
1321 2432 1354 2502 ή
1396 2431 1839 2501 παραδάλλουσα,
1879 2432 1977 2485 καὶ

397 2519 691 2587 ἀναγκαῖον
715 2522 901 2592 ἡγοῖτο
937 2524 1117 2593 μεῖναι
1146 2524 1204 2576 ὲν
1232 2525 1295 2593 τῇ
1333 2525 1494 2593 μονῇ,
1523 2524 1891 2594 ἐγκαταμενεί
1918 2525 1976 2578 ὲν

399 2612 563 2682 αὐτῇ,
596 2613 689 2667 καὶ
713 2616 779 2684 τῇ
809 2614 1040 2687 ἐπιούσῃ
1068 2615 1251 2686 ἡμέρᾳ
1290 2613 1658 2684 ὑποχωρήσει.
1685 2615 1794 2668 Καὶ
1816 2614 1978 2669 τοῦτο

396 2703 687 2772 γενήσεται
716 2704 862 2771 ἅπαξ
894 2704 925 2775 ἢ
975 2705 1055 2768 δὶς
1084 2704 1177 2757 τοῦ
1212 2703 1480 2768 ἐνιαυτοῦ,
1515 2703 1601 2772 ἐφ’
1630 2705 1838 2778 ἑκάστῃ
1868 2705 1976 2761 τῶν

398 2795 867 2865 παραόαλλουσῶν
902 2796 1146 2849 εύλασῶν
1176 2795 1478 2864 γυναικῶν.
1522 2798 1585 2848 Αἰ
1630 2798 1842 2849 τουτονὶ
1886 2798 1977 2851 τὸν

397 2885 598 2956 τρόπον
620 2891 1059 2959 παραγενόμεναι
1083 2889 1394 2943 ἀνάπαυσιν
1417 2887 1628 2953 ἕξουσιν
1650 2889 1707 2942 ὲν
1732 2887 1810 2959 τῷ
1838 2888 1974 2960 πλη.

399 2977 515 3031 σίον
544 2978 637 3032 τοῦ
670 2979 915 3045 πυλῶνος
955 2983 1235 3053 γενομένῳ
1281 2981 1687 3052 ἀρχονταρικίῳ
1714 2980 1851 3052 (12),
1881 2981 1977 3035 καὶ

398 3069 797 3126 εἰσελεύσονται
842 3073 930 3126 διὰ
968 3073 1062 3126 τοῦ
1119 3075 1296 3127 ἐκεῖσε
1344 3074 1612 3144 παρόντος
1654 3072 1968 3127 διασατικοῠ

400 3161 495 3215 καὶ
524 3161 896 3230 ἐξελεύσονται
926 3166 985 3217 ἐν
1012 3168 1079 3235 τῇ
1111 3168 1269 3237 μονῇ.

976 3256 1228 3310 ΚΕΦΑΛ.
1270 3256 1375 3309 lH'.

398 3342 538 3414 Περὶ
574 3343 683 3399 τυῦ
724 3347 891 3416 «apd
921 3347 1079 3416 τίνος
1110 3346 1205 3400 δεῖ
1235 3346 1507 3416 τίνεσθαι
1543 3347 1648 3416 τὰς
1672 3347 1970 3416 προχειρίο

658 3428 791 3481 σεις
823 3414 940 3469 τῶν
963 3414 1413 3485 ὄιακονητριῶν,
1440 3417 1540 3469 καὶ
1571 3414 1719 3484 πῶςέ

466 3527 663 3582 Πασῶν
687 3528 745 3582 δὲ
777 3528 886 3583 τῶν
922 3530 1020 3599 τῆς
1058 3530 1226 3600 μονῆς
1277 3529 1674 3602 διακονητριῶν
1703 3530 1805 3603 τὴν
1835 3530 1968 3601 προσ

398 3619 582 3689 κρισίν
635 3636 694 3672 τε
743 3622 838 3675 καὶ
892 3621 1235 3693 προχειρισιν
1281 3622 1315 3691 ἡ
1372 3620 1764 3693 καθηγουμὲνη
1819 3620 1972 3675 ἔσται

400 3708 650 3772 ποιοῦσα,
682 3711 824 3764 κατὰ
855 3710 1082 3782 γνώμην
1111 3710 1321 3765 οἰκείαν
1351 3713 1446 3765 καὶ
1477 3713 1852 3783 προκρίνουσα
1881 3715 1974 3765 καὶ

398 3798 879 3872 προχειριζομένη.
920 3803 1143 3864 Ὁσάκις
1160 3801 1271 3874 γὰρ
1294 3803 1360 3857 ἂν
1387 3803 1553 3874 δεήσῃ
1588 3804 1977 3875 προχειρισθῆ-

397 3890 485 3942 vat
518 3908 642 3943 τινα
666 3894 747 3954 εἰς
768 3892 1059 3947 ὁποιανοῦν
1093 3892 1390 3957 διακονίαν,
1423 3894 1483 3947 αἱ
1511 3893 1715 3958 κλεῖδες
1743 3894 1843 3964 μὲν
1869 3894 1974 3965 πρὸ

397 3981 491 4034 τοῦ
530 3981 678 4049 ἱεροῦ
709 3982 1027 4055 τεθήσονται
1054 3983 1300 4054 βήματος
1326 3984 1463 4055 (l5),
1487 3984 1583 4037 ml.
1612 3984 1679 4037 τὰ
1704 3984 1854 4054 παρὰ
1876 3985 1975 4053 τῆς

397 4069 653 4138 τοιαύτης
678 4071 954 4134 διακονίας
986 4072 1206 4142 ῥήματα
1237 4073 1334 4126 σὺν
1365 4073 1578 4135 αὑταῖς,
1609 4073 1675 4124 ὲκ
1714 4072 1808 4125 τοῦ
1834 4089 1977 4143 παρ-

398 4161 549 4223 όντος
574 4163 805 4215 τυπικοῦ
842 4166 940 4232 τῆς
969 4163 1246 4233 βασιλείας
1279 4182 1380 4236 μου
1421 4164 1968 4236 μεταλαμϐανόμενα.

402 4249 700 4320 Τρισαγίου
738 4253 794 4307 δὲ
843 4255 1136 4325 γενομένου
1160 4296 1177 4322 ,
1225 4256 1649 4329 προσελεύσεται
1693 4257 1728 4329 ἡ
1762 4258 1843 4320 εις
1874 4256 1972 4328 τὴν

1999 1793 2047 1853 Β

2079 509 2399 580 egredietur
2427 523 2555 565 cum
2586 510 2803 566 duabus
2831 512 2919 566 vel
2954 513 3135 569 tribus
3178 524 3339 572 aetate
3388 519 3650 589 grandio-

2081 603 2236 658 ribus
2250 612 2307 658 et
2328 603 2531 673 pietate
2548 603 2876 660 clarioribus
2896 620 3070 675 usque
3091 606 3157 661 ad
3178 609 3375 664 ostium
3391 611 3627 667 interius

2077 708 2142 748 ac
2176 695 2324 751 inter
2373 694 2484 749 duo
2533 695 2674 749 ostia
2709 695 3037 753 accedentes
3078 699 3418 770 alloquetur,
3456 713 3515 759 et
3549 720 3652 760 cu-

2079 785 2223 839 rabit
2248 801 2338 841 res
2361 788 2720 853 monasterii;
2749 787 2954 844 dehinc
2992 805 3187 846 rursus
3215 793 3558 865 ingredietur
3589 798 3645 851 in

2079 876 2496 935 monasterium.
2528 877 2674 946 quod
2704 878 2836 933 viris
2862 879 3203 937 inaccessum
3248 886 3544 954 custodiet,
3587 896 3650 943 ut

2079 966 2286 1020 dictum
2310 976 2416 1021 cst.
2458 968 2514 1021 Si
2543 982 2671 1022 vero
2717 971 2999 1040 negotium
3036 974 3195 1043 cujus
3228 977 3403 1045 gratia
3456 994 3645 1049 egres-

2078 1074 2211 1114 sura
2244 1068 2348 1121 est,
2370 1069 2427 1115 et
2450 1059 2811 1117 advenientes
2851 1063 3182 1130 allocutura,
3217 1082 3327 1122 non
3352 1069 3428 1124 sit
3451 1086 3648 1127 neces-

2081 1151 2311 1214 sarium,
2357 1168 2425 1207 ne
2459 1164 2637 1216 exeat,
2671 1155 2765 1209 sed
2798 1165 3086 1211 moneatur
3116 1159 3230 1214 sive
3256 1161 3329 1216 ab
3361 1179 3649 1222 meonomo

2079 1243 2196 1298 sive
2230 1258 2259 1297 a
2285 1244 2629 1315 presbytero,
2674 1256 2729 1301 et
2761 1249 2909 1317 quod
2948 1266 3251 1321 congruum
3304 1266 3360 1311 et
3406 1259 3538 1313 utile
3571 1260 3649 1314 vi-

2079 1335 2240 1390 detur
2273 1336 2388 1404 ipsa
2419 1336 2694 1405 diSponat.
2725 1338 2782 1395 Si
2817 1355 2950 1394 vero
2980 1344 3180 1399 mulier
3204 1347 3268 1400 ad
3303 1363 3362 1402 sc
3404 1350 3647 1408 invisen-

2078 1426 2202 1481 dam
2227 1426 2295 1481 ad
2338 1430 2732 1484 monasterium
2763 1434 3002 1495 venerit,
3038 1450 3154 1491 rem
3183 1439 3303 1509 ejus
3355 1446 3644 1501 sententiae

2078 1519 2452 1576 remittimus:
2494 1537 2677 1592 neque
2718 1524 2865 1578 enim
2909 1535 3103 1582 contra
3130 1532 3461 1591 monasticas
3495 1535 3645 1606 leges

2076 1609 2412 1680 colloquium
2453 1611 2686 1666 miscere
2728 1613 3078 1684 sustinuerit,
3111 1633 3237 1673 cum
3273 1636 3338 1675 ea
3391 1638 3514 1692 qua:
3549 1641 3645 1680 ex-

2076 1702 2352 1758 trinsecus
2376 1704 2609 1759 accedit.

2145 1881 2201 1937 Si
2227 1896 2331 1950 qua
2350 1893 2535 1938 autem
2566 1898 2634 1937 ex
2669 1882 2994 1941 mulieribus
3022 1887 3254 1945 honesta
3280 1891 3391 1947 vita
3409 1896 3642 1963 ornatis,

2074 1974 2434 2030 saecularibus
2462 1976 2547 2031 vel
2571 1980 2854 2033 extraneis
2885 1979 3240 2047 monialibus,
3273 1983 3344 2037 ob
3378 1986 3642 2042 virtutem

2077 2064 2400 2121 monialium
2453 2067 2695 2123 ascetice
2754 2068 2814 2123 in
2875 2072 3215 2127 monasterio
3282 2078 3642 2144 versantium,

2072 2157 2311 2212 voluerit
2326 2158 2393 2214 ad
2413 2158 2550 2215 illud
2581 2158 2867 2226 accedere,
2891 2161 3209 2221 nullatenus
3228 2166 3642 2238 prohibebitur,

2073 2248 2170 2304 sed
2196 2248 2252 2303 in
2286 2248 2423 2303 illud
2464 2248 2716 2306 introibit
2757 2250 2918 2317 jussu
2973 2254 3285 2321 praelecta:
3321 2266 3377 2313 et
3426 2274 3645 2333 sumpta

2073 2355 2200 2396 cum
2230 2340 2562 2396 monialibus
2596 2342 2920 2405 refectione,
2951 2344 3021 2401 ad
3051 2362 3337 2418 vesperam
3398 2355 3641 2412 recedet.

2074 2432 2132 2488 Si
2155 2447 2286 2487 vero
2317 2449 2441 2503 qua:
2472 2434 2729 2500 accessit,
2765 2438 3002 2493 voluerit
3034 2450 3090 2494 et
3136 2444 3508 2500 necessarium
3540 2448 3647 2503 du-

2075 2523 2220 2579 xerit
2248 2539 2473 2581 manere
2502 2526 2559 2581 in
2599 2527 2958 2593 monasterio,
3003 2530 3060 2584 in
3106 2531 3226 2601 ipso
3290 2536 3556 2603 manebit,
3587 2550 3647 2596 et

2076 2615 2329 2683 sequenti
2386 2615 2476 2671 die
2511 2615 2780 2672 discedet.
2820 2619 2888 2675 Et
2943 2619 2997 2675 id
3062 2626 3227 2678 semel
3278 2635 3379 2681 aut
3414 2627 3499 2684 bis
3549 2645 3647 2699 per

2076 2720 2279 2758 annum
2334 2706 2676 2761 concedetur
2735 2708 2969 2779 singulis
3031 2712 3138 2781 piis
3198 2715 3521 2773 mulieribus
3570 2720 3643 2776 ad

2077 2798 2471 2853 monasterium
2494 2799 2906 2856 accedentibus.
2929 2801 3059 2868 Quae
3080 2804 3183 2861 hoc
3199 2816 3357 2875 pacto
3382 2810 3646 2868 accedent

2076 2902 2332 2944 somnum
2359 2890 2579 2960 capient
2604 2891 2659 2945 in
2677 2892 3085 2949 arcbontaricio
3107 2910 3279 2967 prope
3294 2900 3494 2956 ostium
3514 2903 3642 2971 sito,

2077 2989 2132 3035 et
2157 2996 2256 3050 per
2287 2996 2413 3036 eum
2458 2984 2552 3052 qui
2583 2982 2697 3037 illic
2722 2991 2809 3038 est
2835 2985 3127 3041 transitum
3171 2988 3554 3061 ingrcdientur
3588 2996 3643 3051 in

2081 3073 2500 3140 monasterium,
2523 3082 2579 3130 et
2596 3073 2665 3128 ab
2694 3089 2762 3130 eo
2788 3076 3165 3146 cgredientur.

2639 3251 2863 3307 CAPUT
2890 3252 3078 3308 XVIII.

2080 3345 2119 3397 Λ
2146 3358 2378 3413 quanam
2425 3340 2544 3410 ﬁeri
2567 3340 2750 3394 debeat
2780 3340 3087 3459 ofﬁ’cialium
3114 3343 3397 3410 institutio,
3424 3354 3473 3399 et
3513 3364 3645 3417 quo-

2762 3425 2863 3459 mo:
2885 3426 2934 3459 ο.

2762 3425 2934 3462 ηιοίιο.

2149 3521 2406 3578 Omnium
2464 3517 2785 3572 monasterii
2844 3515 3158 3572 ol‘licialium
3214 3519 3539 3580 eiectionem
3588 3538 3647 3583 et

2081 3615 2487 3671 institutionem
2534 3609 2792 3680 praelecta
2829 3608 3014 3671 faciet,
3067 3613 3290 3681 propria
3340 3613 3463 3672 illas
3515 3634 3646 3674 sen-

2081 3710 2253 3764 tentia
2292 3705 2505 3775 eligens
2547 3711 2604 3757 ct
2660 3701 2976 3757 instituens.
3033 3702 3258 3768 Quoties
3309 3706 3457 3762 enim
3506 3724 3646 3780 Opus

2081 3801 2249 3855 fuerit
2286 3795 2579 3867 quamdam
2635 3793 2849 3848 institui
2884 3792 2891 3800 ’
2921 3793 2989 3847 ad
3026 3795 3314 3866 quodlibet
3383 3799 3641 3867 cilicium,

2081 3892 2267 3947 claves
2296 3886 2519 3957 quidem
2558 3892 2686 3939 ante
2733 3899 2949 3939 sacrum
3002 3897 3279 3955 ponentur
3309 3888 3554 3959 adytum,
3589 3902 3649 3948 et

2082 3995 2191 4035 una
2234 3993 2360 4033 cum
2411 3976 2520 4029 illis
2564 3973 2734 4029 verba
2778 3973 3023 4040 ejusdem
3071 3973 3232 4029 olIicii
3293 3990 3362 4029 ex
3389 3983 3647 4046 praesenti

2082 4068 2301 4140 imperii
2356 4067 2464 4121 mei
2512 4065 2689 4137 typico
2746 4073 3132 4133 transsumpta.
3169 4066 3417 4137 Trisagio
3459 4078 3643 4126 autem

2082 4162 2252 4224 dicto,
2279 4157 2503 4213 accedet
2535 4170 2657 4225 quze
2681 4154 2746 4207 ad
2778 4154 2909 4209 illud
2935 4154 3171 4209 cilicium
3204 4156 3485 4228 designata
3510 4170 3595 4217 est
3626 4182 3641 4217 ε

2081 4261 2137 4308 et
2163 4254 2305 4305 facta
2323 4247 2524 4316 triplici
2549 4243 2951 4315 genuﬂexionc,
2983 4246 3332 4318 acceptisque
3371 4252 3646 4326 clavibus,

1651 4345 2118 4411 Montl‘auconii
2149 4350 2338 4405 nota}.

476 4447 591 4517 (12)
635 4447 1111 4517 'Apzortapmltp.
1137 4449 1433 4504 Existimat
1456 4450 1542 4503 vir
1563 4450 1973 4505 eruditissimus

2080 4446 2425 4517 χςνταρὶκιον
2450 4441 2677 4517 _videtur
2720 4456 2841 4517 v_ox_
2873 4440 3371 4517 ditninutiva._qu:e
3390 4446 3648 4508 domibus

405 4518 822 4589 ἀρχονταρίκιον
880 4519 933 4571 id
1001 4534 1133 4589 esse
1164 4521 1333 4587 quod,
1389 4534 1510 4588 cap.
1539 4520 1626 4582 79,
1679 4519 1975 4575 δεσποτικὰ

405 4588 686 4656 οἰκήματα
721 4597 967 4641 vocatur.
997 4588 1078 4642 Ab
1104 4588 1193 4642 illa
1229 4597 1412 4641 tamen
1444 4591 1714 4642 sententia
1744 4589 1861 4643 haec
1886 4604 1974 4642 me

407 4657 695 4727 abducunt
722 4675 734 4709 :
760 4658 812 4710 l.
836 4658 1141 4727 Qespoticae
1162 4658 1361 4711 domus
1383 4657 1495 4727 150,
1513 4657 1717 4727 cubitis
1736 4659 1804 4713 ab
1829 4659 1975 4713 ostio

408 4725 706 4788 distabant,
745 4739 803 4780 ut
834 4719 1059 4780 ciernere
1088 4735 1173 4798 est
1210 4727 1388 4797 capite
1446 4726 1673 4793 ultimo;
1706 4728 1977 4798 αρχοντα-

413 4798 604 4866 ρῑλκιον
641 4805 825 4849 autem
863 4798 1066 4850 dicitur
1124 4796 1293 4850 fuisse
1347 4811 1514 4866 prope
1544 4798 1745 4866 ostium
1781 4796 1810 4866 τί
1832 4805 1888 4850 at
1920 4796 1977 4849 in

408 4864 705 4918 admodum
740 4875 971 4933 angusto
991 4864 1431 4928 monasterio,'ut
1450 4864 1597 4919 istud
1622 4873 1763 4929 erat,
1790 4865 1843 4918 id
1872 4879 1980 4918 non

410 4934 691 4988 diceretur
740 4951 908 5002 prope
967 4935 1190 4997 ostium,
1248 4935 1394 5003 quod
1438 4936 1507 4988 ab
1532 4949 1598 4988 co
1630 4943 1782 4989 tanto
1806 4936 1984 5003 Spatio

410 5002 664 5074 distaret.
704 5004 770 5057 Et
821 5004 994 5074 quod
1021 5005 1194 5074 magis
1256 5002 1435 5074 urget,
1466 5005 1762 5072 despoticze
1787 5002 1985 5059 domus

411 5073 479 5125 ad
528 5074 834 5144 oppositam
895 5073 1060 5144 ostio
1096 5073 1310 5144 plagam
1361 5075 1481 5127 sita:
1512 5081 1854 5144 e_rant:nam
1887 5075 1982 5141 qui

412 5151 580 5209 caput
608 5142 881 5212 ultimum,
921 5142 989 5195 de
1020 5142 1127 5195 situ
1154 5142 1494 5208 monasterii,
1521 5142 1811 5212 diligenter
1844 5157 1982 5197 con-

420 5210 710 5284 siderabit,
770 5212 1149 5284 deprehendet
1200 5213 1511 5284 despOticas
1553 5210 1746 5266 doinos
1793 5228 1984 5284 versus

416 5281 755 5348 aquilonem.
779 5282 981 5336 ostium
1024 5296 1153 5336 vero
1176 5283 1244 5337 ad
1286 5281 1569 5337 meridiem
1589 5286 1755 5335 situm
1786 5282 1979 5337 fuisse.

414 5348 628 5422 Ostium
663 5360 844 5405 autem
878 5352 1100 5422 unicum
1131 5364 1252 5408 erat
1282 5354 1337 5407 in
1367 5351 1721 5417 monasterio,
1752 5353 1899 5422 quod
1928 5353 1983 5406 in

417 5418 648 5493 interius
665 5423 970 5493 etexterius
991 5421 1359 5493 dividebatur,
1373 5434 1434 5478 ut
1448 5439 1513 5477 ex
1530 5418 1784 5493 pluribus
1796 5422 1985 5493 Typiei

416 5487 555 5562 locis
577 5489 882 5562 intelligere
908 5499 1014 5545 est.
1035 5491 1090 5544 2.
1115 5493 1249 5558 Quis
1275 5487 1464 5548 credat
1483 5487 1575 5547 eas
1592 5508 1713 5562 qua:
1735 5487 1985 5547 secessus

418 5559 589 5626 gratia
606 5559 675 5612 ad
701 5559 1092 5615 monasterium
1112 5562 1462 5627 accedebant,
1486 5563 1554 5616 ad
1578 5559 1982 5630 imperatoriam

419 5630 452 5701 tt
479 5630 806 5701 .nn.m,rubi
829 5645 1059 5700 magnus
1090 5631 1335 5685 virorum
1373 5632 1776 5701 mulierumque
1805 5632 1983 5685 famu-

419 5697 563 5752 latus
600 5699 908 5765 habitabat,
926 5697 1187 5755 'cubitum
1219 5704 1532 5758 amandatas
1554 5697 1736 5757 fuisse.
1763 5702 1818 5756 '5.
1854 5702 1982 5772 Ἀρ-

702 5795 979 5874 ΡΑτιιοι..
1016 5797 1133 5858 Gn.
1163 5793 1459 5858 CXXVII.

2082 4509 2192 4572 illis
2220 4509 2602 4580 amplissimis,
2643 4519 2702 4565 ut
2755 4509 2988 4566 habetur
3035 4526 3156 4580 cap.
3211 4509 3297 4576 79,
3351 4521 3647 4577 convenire

2082 4586 2294 4660 nequit.
2316 4580 2634 4660 Necomcit
2676 4580 2822 4660 quod
2873 4581 3237 4660 hic‘di‘eitur;
3263 4583 3648 4660 Ιηετράῑαηιυι-

2083 4659 2140 4712 in
2172 4651 2561 4711 monasterium
2587 4667 2684 4721 per
2710 4652 2904 4718 ἐξάγον
2953 4651 3303 4717 διαδατικόνς
3335 4651 3468 4710 hinc
3497 4663 3646 4714 enim

2086 4743 2197 4781 non
2251 4722 2578 4795 putandum,
2609 4736 2788 4795 casae
2848 4721 3169 4795 monasterii
3203 4734 3359 4795 septo
3397 4739 3647 4794 egressas

2088 4790 2298 4859 fuisse;
2351 4807 2478 4847 nam
2544 4806 2666 4864 cap.
2711 4790 3069 4864 l7,_‘jubctur
3098 4799 3158 4864 ut
3213 4790 3488 4864 praelecta,
3524 4812 3648 4864 qua:

2084 4873 2478 4933 procuratores
2510 4859 2823 4933 alloquendi
2850 4859 3047 4933 ’_causa
3075 4862 3143 4933 ad
3177 4859 3376 4917 oStium
3408 4859 3643 4933 accedit,

2085 4927 2234 5003 ipsos
2279 4934 2593 5003 alloquatur
2616 4930 2801 5003 _i_nter_
2845 4927 3161 5003 duopstia.
3186 4947 3380 5002 nempe
3410 4927 3646 4992 interius

2083 4997 2140 5059 εἰ
2164 4997 2427 5065 exterius,
2461 5007 2518 5055 et
2543 4998 2747 5053 debinc
2788 4997 3130 5071 ingrediatur
3151 5002 3206 5055 in
3233 4997 3643 5071 monasterium,

2089 5072 2303 5127 tametsi
2344 5071 2435 5124 illa
2462 5086 2493 5124 c
2515 5068 2848 5140 monasterio
2881 5068 3194 5140 nullatenus
3221 5068 3646 5140 egrediebatur.

2088 5141 2391 5217 Dicendum
2459 5139 2628 5208 igitur
2654 5178 2698 5217 ,_
2733 5137 3154 5217 ἀρχονταρικιον
3209 5137 3378 5217 fuisse
3447 5145 3648 5217 cellam

2088 5210 2381 5281 quamdam
2407 5223 2577 5277 prepe
2597 5208 2937 5281 ostium__no_n
2974 5208 3225 5273 interius,
3264 5209 3356 5265 sed
3378 5214 3645 5278 exterius,

2089 5276 2204 5337 sive
2232 5280 2468 5350 primum
2519 5276 2838 5350 monasterii
2892 5276 3222 5350 ingressum,
3252 5283 3393 5335 intra
3426 5276 3647 5350 septum

2092 5345 2454 5413 monasterii;
2497 5348 2646 5416 quod
2716 5360 2849 5416 rem
2904 5345 3222 5415 diligentius
3275 5345 3649 5413 consideranti

2090 5421 2318 5491 patebit.
2334 5418 2452 5491 _C_ur
2477 5415 2659 5471 autem
2682 5415 2761 5471 sic
2788 5426 3037 5491 vocet-ur,
3058 5417 3368 5491 ignoratur.

2162 5491 2276 5560 (13')
2332 5488 2519 5561 Βῇμα,
2575 5500 2638 5540 ea
2690 5500 2816 5555 pars
2874 5486 3122 5561 ecclesia:
3180 5504 3302 5561 qum
3366 5490 3508 5561 apud
3547 5507 3650 5549 nos

2070 5556 2494 5632 presbyterium
2518 5566 2765 5632 vocatur,
2786 5556 2933 5632 quod
2958 5556 3296 5632 presbyteris
3309 5570 3369 5632 et
3381 5556 3649 5618 ministris

2092 5626 2282 5709 altaris
2339 5627 2757 5709 assignatansit2
2807 5626 2876 5709 de
2906 5641 3041 5708 .quo
3068 5626 3189 5685 l‘u’se
3216 5631 3467 5687 eruditus
3492 5633 3650 5687 Pater

2091 5700 2235 5756 Goar
2262 5700 2317 5754 in
2346 5695 2501 5754 Notis
2532 5697 2601 5754 ad
2626 5695 3043 5769 Euebologium.

3219 5791 3294 5852 33
