4104 6200
436 276 580 345 1035
1704 263 1990 327 IBENES
2027 263 2410 326 AUGUS’I‘A‘.I
3552 263 3693 328 1036

438 404 609 466 caput
646 398 835 464 postea
868 388 1141 461 praelecta:
1171 383 1479 450 inclinabit,
1522 383 1677 455 prius
1712 383 2008 454 procidens

2124 382 2391 436 ἵιακονίαν
2426 380 2830 454 ἀφορισθείσα·
2879 363 3065 449 τρίτον
3113 396 3176 434 τε
3232 378 3700 451 γονυκλιτήσασα,

439 486 509 543 ad
552 487 720 557 pedes
741 481 1009 553 ejusdem,
1034 488 1092 534 et
1120 486 1307 548 postea
1334 489 1587 547 surgens.
1620 474 1717 529 Illa
1737 488 1871 528 vero
1892 488 2014 529 eam

2124 476 2213 530 ml
2262 475 2362 540 τὰς
2396 474 2545 541 κλεῖς
2583 476 2863 546 εἰληφυῖα,
2902 475 3185 528 ὕποκλινεϊ
3238 473 3380 545 μετά
3417 473 3578 527 τοῦτο
3624 478 3693 546 τῇ

443 580 716 639 instituet,
760 577 874 629 haec
925 572 1098 628 verba
1151 571 1343 627 dicens
1386 586 1402 624 :
1468 588 1487 620 ι
1540 567 1897 622 Immaculata
1959 574 2018 619 et

2124 566 2511 641 καθηγουμένῃ
2540 567 2639 637 τὴν
2673 566 2936 637 κεφαλὴν,
2971 566 3237 636 πρότερον
3269 564 3517 619 πεσοῦσα
3548 568 3701 635 παρα

438 671 615 743 gratia
646 670 804 736 plena
834 665 1069 735 Deipara
1098 663 1349 734 designat
1384 670 1435 717 te
1469 660 1536 715 ad
1593 658 1834 714 otlicium
1882 656 1948 711 Ν.
1989 672 2007 707 ι

2124 660 2241 722 τοὺς
2271 659 2437 721 πόδας
2470 662 2568 728 τῆς
2596 657 3037 728 καθηγουμένης,
3071 657 3166 709 καὶ
3194 656 3499 711 ἀναστᾶσα.
3549 657 3614 709 Ἦ
3640 656 3701 709 δὲ

440 765 498 818 ln
526 762 727 832 quibus
754 773 889 813 vero
916 756 1113 812 oﬂiciis
1150 756 1333 810 claves
1353 768 1461 807 non
1493 761 1644 813 sunt,
1674 749 1742 804 ad
1788 747 2014 802 institu-

2124 753 2512 820 προχειριείται
2541 749 2767 821 ταύτην,
2824 748 3137 803 ἐπειποῦσα
3183 748 3309 801 τάδε
3335 748 3404 801 τὰ
3433 749 3656 818 ῥήματα
3682 764 3699 778 ·
3757 771 3772 801 a

440 855 648 910 tionem
696 850 969 907 sullieient
1016 848 1263 921 ejusdem
1340 844 1707 900 institutionis
1765 838 1933 894 verba
1985 852 2015 892 a

2128 857 2147 891 ι
2170 839 2234 893 Ἢ
2262 840 2635 912 ὑπεράμωμος
2657 842 2750 894 καὶ
2770 840 3194 911 κεχαριτωμένη
3219 840 3480 903 Θεοτόκος
3507 839 3705 910 ἀφορία-

438 946 700 1018 prael‘ecta
758 943 989 1013 prolata,
1063 949 1120 995 et
1174 937 1421 1007 acceptio
1480 934 1886 1003 descriptorum
1945 928 2014 984 de

440 1037 671 1108 singulis
687 1035 878 1090 olliciis
892 1042 1249 1098 statutorum,
1265 1045 1333 1084 ex
1354 1030 1475 1084 loco
1491 1026 1583 1098 qui
1612 1033 1740 1079 ante
1760 1031 2011 1078 sanctum

440 1129 664 1201 adytum
694 1127 836 1182 situs
882 1134 990 1189 est,
1047 1132 1107 1178 ut
1139 1122 1348 1177 dictum
1384 1128 1490 1175 est.
1534 1116 1767 1187 Oportet
1804 1121 2010 1175 autem,

441 1230 503 1276 ut
520 1234 865 1289 unaquaeque
893 1217 1210 1272 ollicialium
1228 1213 1488 1285 specialia
1506 1220 1712 1266 statuta
1733 1204 2014 1262 commissi

442 1313 546 1369 sibi
569 1312 754 1377 ollicii,
784 1328 815 1367 e
845 1312 968 1365 loco
993 1319 1121 1365 ante
1156 1316 1408 1363 sanctum
1439 1307 1663 1376 adytum
1704 1300 1832 1363 sito,
1863 1296 2011 1352 acci-

440 1405 585 1475 piat;
625 1414 687 1458 ut
716 1404 1053 1467 consideret,
1082 1409 1139 1457 et
1170 1401 1316 1455 unde
1345 1397 1581 1452 cilicium
1636 1394 1912 1455 desumat,
1960 1394 2016 1441 et

444 1497 537 1566 qui
564 1496 894 1566 polliceatur
916 1509 976 1549 se
1000 1492 1137 1548 illud
1166 1489 1697 1546 administraturam.

2123 931 2205 995 ζει
2235 947 2296 983 σε
2320 934 2399 994 είς
2425 930 2524 1002 τὴν
2550 932 2825 987 διακονίαν
2850 933 3061 1004 τήνδεζι
3108 932 3197 985 Ἐν
3231 933 3414 1002 μέντοι
3438 934 3559 997 ταῖς
3583 931 3705 984 δια-

2120 1022 2330 1082 κονίαις
2365 1016 2450 1085 αἶς
2476 1023 2539 1076 οὐ
2568 1024 2818 1090 πρόσεισι
2848 1023 3081 1088 κλεῖδες,
3113 1023 3441 1094 ἀρκέσουσιν
3470 1024 3547 1086 είς
3571 1039 3707 1094 προ-

2119 1112 2354 1185 χείρισιν
2377 1115 2444 1169 τὰ
2473 1115 2627 1186 παρὰ
2655 1118 2755 1184 τῆς
2772 1115 3191 1186 καθηγουμὲνης
3214 1115 3579 1184 ἐπιλεγόμενα
3605 1114 3707 1183 τῆς

2121 1206 2518 1277 προχειρίσεως
2549 1209 2792 1280 ῥήματα,
2818 1209 2914 1262 καὶ
2946 1210 2979 1278 ἡ
3008 1189 3117 1262 ἀπὸ
3136 1206 3231 1260 τοῦ
3264 1207 3373 1277 πρὸ
3401 1205 3497 1260 τοῦ
3551 1205 3704 1273 ἁγίου

2124 1295 2369 1367 βήματος
2393 1297 2558 1352 τόπου
2587 1299 2856 1371 ἀνάληψις
2884 1299 2992 1353 τῶν
3021 1299 3150 1370 περὶ
3172 1297 3412 1367 ἑκάστης
3429 1296 3706 1359 διακονίας

2123 1387 2440 1459 ἐγγράφων,
2499 1390 2573 1455 ὡς
2605 1392 2845 1462 εἴρηται,
2899 1391 3311 1463 διαταγμάτων.
3343 1388 3465 1461 Χρὴ
3518 1389 3575 1442 δὲ
3617 1389 3709 1443 καὶ

2120 1479 2224 1544 τὰς
2262 1481 2648 1553 διακονητρίας
2699 1487 2769 1538 τά
2816 1485 2914 1557 τῆς
2944 1484 3462 1555 ἐμπεπιστευμένης
3500 1480 3710 1550 ἑκάστῃ

443 1591 649 1648 τούτων
679 1589 955 1654 διακονίας
988 1589 1130 1643 tam
1179 1584 1638 1658 παραγγέλματα,
1673 1582 1738 1633 ἐκ
1775 1574 1869 1632 τοῦ
1911 1584 2019 1645 προ
2058 1573 2153 1627 τοῦ
2212 1575 2370 1644 ἀγίου
2421 1577 2668 1649 βήματος
2692 1579 2860 1634 τόπου
2893 1579 3366 1653 παραλαμϐάνειν,
3398 1578 3473 1642 ὡς
3534 1576 3602 1631 ἀν
3631 1575 3708 1628 είο

443 1683 584 1759 δείη,
636 1685 758 1743 ὅθεν
787 1699 848 1735 τε
896 1682 1214 1751 ἀναδέχεται
1266 1680 1365 1749 τὴν
1399 1676 1696 1742 διακονίαν,
1730 1673 1827 1728 καὶ
1864 1671 2014 1733 ὅπως
2052 1665 2383 1742 ὑπισχνῆται
2412 1672 2620 1746 ταύτην
2652 1674 2885 1731 διέπειν,

1018 1812 1242 1869 CAPUT
1308 1809 1454 1865 XIX.

582 1933 661 1988 De
688 1926 1143 2000 sceuophylacixsa
1189 1940 1282 1979 seu
1328 1937 1579 1978 uasorum
1639 1917 1875 1974 custode.

514 2045 656 2103 Volo
684 2058 943 2100 vasorum
963 2039 1251 2098 custodem
1291 2051 1415 2093 esse
1444 2036 1503 2091 in
1534 2029 1896 2096 monasterio,
1927 2027 2019 2083 cui

444 2139 729 2198 incumbet
787 2150 944 2193 sacra
999 2146 1131 2189 vasa
1182 2140 1239 2187 et
1298 2126 1670 2200 supellectilia
1711 2121 2016 2185 custodire,

443 2233 705 2302 omnique
735 2244 867 2285 cura
887 2234 943 2284 et
969 2225 1152 2283 studio
1182 2238 1246 2279 ea
1290 2220 1452 2293 digna
1486 2218 1691 2274 habere
1719 2233 1733 2270 :
1767 2228 1890 2286 quae
1915 2211 2019 2282 ipsi

447 2326 737 2383 tradentur
764 2336 865 2392 per
893 2317 1161 2389 scriptum
1192 2324 1249 2371 et
1297 2313 1405 2369 llde
1442 2311 1666 2382 dignum
1703 2302 2021 2362 traditionis

443 2428 649 2475 actum.
694 2413 889 2469 Ceram
934 2408 1186 2465 similiter
1229 2403 1569 2461 monasterio
1628 2400 1847 2455 allatam
1902 2396 2020 2464 ipsa

444 2508 733 2582 percipere
795 2502 983 2566 debet,
1030 2500 1262 2570 ejusque
1298 2493 1710 2567 perceptionem
1752 2496 1809 2542 et
1857 2499 2018 2540 usum

447 2577 759 2655 minutatim
795 2592 1137 2657 describere,
1158 2598 1227 2646 et
1269 2588 1539 2644 rationem
1585 2581 1857 2654 praelecta:
1894 2577 2023 2633 red-

448 2692 600 2749 dere.

518 2782 708 2838 Eidem
739 2777 1044 2842 incumbet,
1077 2787 1272 2831 cereos
1301 2772 1446 2826 intra
1470 2761 1865 2823 monasterium
1899 2772 2023 2813 mu-

446 2875 643 2931 lierum
669 2887 838 2945 opera
865 2880 1195 2941 prmparare,
1237 2878 1378 2934 quos
1405 2862 1460 2916 in
1488 2859 1809 2915 universum
1830 2848 2020 2920 templi

447 2966 720 3023 luminare
768 2959 1066 3033 quotannis
1100 2953 1344 3026 impendi
1383 2949 1672 3007 deﬁnitum
1704 2954 1826 3010 est,
1865 2945 2020 3014 juxta

449 3067 717 3115 statutum
756 3071 785 3110 a
822 3054 1109 3124 majestate
1148 3063 1269 3104 mea
1314 3045 1578 3118 pondus:
1640 3042 1873 3110 illosque
1913 3047 2023 3091 tra-

2718 1808 2977 1865 ΚΕΦΔΛ.
3015 1807 3097 1863 18'
3101 1848 3118 1864 .

2473 1926 2617 1996 Περὶ
2640 1924 2748 1994 τῆς
2779 1892 3409 1994 σ’κιευοςρυλακΙσονης.¹

2196 2040 2309 2095 Καὶ
2340 2040 2843 2112 σκευοφυλόυιισσαν
2875 2034 3016 2093 εἶναι
3056 2038 3318 2110 βούλομαι
3349 2039 3408 2092 ἐν
3445 2040 3510 2110 τῇ
3544 2041 3700 2110 μονῇ.

2125 2131 2247 2203 ἣτις
2275 2130 2481 2201 ὀφείλει
2517 2133 2808 2203 φυλάττειν
2862 2131 2933 2185 τά
2971 2129 3093 2201 ίερά
3125 2130 3292 2201 σκεύη
3326 2131 3421 2184 καλ⁵
3472 2131 3700 2194 ἔπιπλα,

2126 2224 2223 2281 καὶ
2254 2227 2519 2289 παντοίας
2537 2226 2860 2299 ἐπιμελείας
2887 2225 3074 2294 ἀξιοῦν
3106 2224 3268 2288 αὐτὰ,
3302 2225 3705 2297 παραδιδόμενα

2125 2316 2297 2387 ταύτῃ
2331 2316 2398 2371 δι’
2432 2317 2734 2387 ἐγγράφου,
2761 2318 2858 2371 καὶ
2881 2315 3198 2382 ἀξιοπίστου
3225 2316 3324 2385 τῆς
3357 2316 3704 2386 παραδόσεως

2128 2406 2457 2479 πρακτικοῦ.
2498 2407 2776 2471 Ὡσαύτως
2807 2405 2902 2459 καὶ
2934 2405 2993 2458 τὸ
3043 2402 3399 2473 εἰσαγόμενον
3424 2402 3614 2473 κηρίον
3645 2403 3703 2454 ἐν

2126 2502 2190 2571 τῇ
2222 2501 2357 2571 μονῇ
2396 2501 2430 2570 ἡ
2484 2499 2621 2571 αὐτὴ
2650 2498 2854 2568 ὀφείλει
2890 2496 3368 2567 παραλαμϐάνειν,
3403 2494 3500 2548 καὶ
3533 2510 3701 2565 προσ-

2127 2591 2438 2662 γράφεσοαι
2474 2590 2615 2645 κατά
2656 2590 2852 2643 λεπτὸν
2907 2590 3008 2653 τὰς
3066 2587 3465 2652 είσοδοεξόδους
3514 2583 3701 2648 αὐτοῦ,

2128 2683 2223 2759 καλ.
2251 2682 2671 2755 λογαριάζεσϐαι
2706 2681 2855 2753 παρὰ
2875 2681 2972 2751 τῆς
3010 2678 3348 2752 ἡγουμένης.

2209 2772 2275 2828 ἰι
2315 2775 2453 2846 αὑτὴ
2495 2775 2552 2828 δὲ
2587 2773 2791 2844 ὀφείλει
2827 2772 3031 2826 ἔσωθεν
3059 2771 3157 2841 τῆς
3200 2769 3371 2841 μονῆς
3401 2767 3491 2821 διά
3517 2783 3704 2835 γυναι-

2128 2864 2240 2918 κῶν
2286 2864 2721 2929 κατασκευάζειν
2774 2861 2843 2916 τά
2872 2860 3041 2932 κηρία
3069 2860 3138 2913 τὰ
3170 2861 3252 2923 είς
3284 2857 3570 2927 φωταψίαν
3602 2855 3705 2908 πᾶ-

2132 2977 2231 3014 σαν
2282 2959 2377 3013 τοῦ
2432 2957 2563 3013 ναοῦ
2625 2954 2997 3020 ἐξοδιάζεσθαι
3059 2951 3291 3021 ἐτησίως
3345 2948 3704 3020 διορισθέντα,

2130 3050 2272 3104 κατὰ
2299 3050 2391 3104 τὸν
2425 3047 2745 3102 τυπωθέντα
2780 3046 2932 3117 παρά
2961 3047 3062 3116 τῆς
3092 3041 3369 3114 βασιλείας
3409 3056 3513 3110 μου
3544 3055 3704 3091 σταυ⁸

450 3154 582 3209 dere
616 3150 866 3207 ecclesiae
905 3144 1236 3217 praeposita),
1277 3157 1399 3212 qua:
1449 3135 1746 3193 lucernarii
1778 3131 2021 3189 ecclesiae

2130 3145 2264 3215 θμὶν
2297 3140 2611 3216 [σταθμδν],
2648 3139 2745 3194 καὶ
2775 3137 3132 3209 παραδιδόναι
3174 3137 3241 3205 τῇ
3288 3130 3709 3203 ιέιικλησιιιρχίση⁵

450 3258 638 3300 curam
661 3248 839 3313 geret,
878 3247 939 3294 ut
961 3238 1018 3292 in
1048 3234 1414 3307 sequentibus
1444 3230 1680 3287 dicetur.
1728 3226 1850 3296 Ipsa
1880 3238 2022 3294 quo-

450 3351 557 3405 que
589 3333 779 3398 debet,
819 3344 942 3400 quae
970 3325 1282 3399 quotidiani
1306 3329 1438 3379 sunt
1482 3334 1637 3385 usus,
1667 3327 1723 3372 et
1763 3331 1886 3386 quae
1930 3327 2023 3369 so-

449 3412 832 3481 lemnitatibus
859 3420 1189 3482 inserviunt,
1209 3411 1673 3472 ecclesiarchissae
1697 3409 1751 3463 in
1777 3405 2026 3463 ecclesiae

449 3516 823 3573 ministerium
863 3513 1105 3575 tradere,
1145 3517 1204 3565 et
1252 3521 1499 3577 congruo
1543 3512 1791 3572 tempore
1828 3499 2025 3554 eadem

454 3612 524 3665 ab
560 3610 652 3664 illa
673 3619 962 3661 resumere
1001 3610 1059 3655 et
1090 3599 1369 3655 custodire
1407 3613 1420 3648 :
1455 3610 1578 3664 quae
1611 3602 1793 3646 autem
1818 3591 2027 3644 redun-

442 3702 590 3756 dant
636 3698 694 3750 in
741 3691 1167 3762 scevopbylacio
1235 3704 1332 3743 seu
1373 3685 1641 3748 sacrario,
1702 3683 1913 3737 inclusa
1968 3687 2028 3734 et

454 3791 712 3863 sigillata,
753 3800 878 3842 cum
911 3800 939 3838 a
973 3781 1256 3854 praelecta,
1278 3789 1394 3834 tum
1427 3777 1680 3845 aseipsa,
1716 3785 2022 3828 asservare.

458 3860 527 3938 Et
561 3877 749 3935 omnia
789 3873 896 3930 sibi
956 3871 1168 3928 credita
1224 3868 1459 3923 reddere
1511 3864 1793 3919 tenebitur
1833 3860 2027 3916 saltem

457 3975 553 4029 ubi
604 3972 674 4028 ab
710 3965 1031 4041 hujusmodi
1069 3962 1248 4019 oﬂicio
1320 3958 1688 4022 amovebitur,
1716 3957 1875 4027 juxta
1921 3952 2028 4009 sibi

454 4070 658 4126 factum
696 4061 1015 4121 traditionis
1044 4068 1252 4114 actum.
1306 4055 1441 4111 Nam
1483 4066 1654 4125 penes
1710 4049 2027 4120 praefectam

454 4168 542 4215 est
579 4154 840 4212 olllciales
875 4161 1135 4205 amovere
1162 4156 1217 4202 et
1244 4154 1458 4199 mutare
1486 4144 1640 4213 juxta
1688 4138 1914 4195 modum
1944 4136 2031 4192 di-

453 4248 712 4307 cendurm.
744 4244 847 4298 Eas
867 4256 1101 4311 namque
1131 4253 1253 4310 qua:
1281 4236 1350 4292 ad
1375 4235 1591 4307 singula
1611 4232 1788 4289 cilicia
1816 4232 2026 4295 electae,

2128 3253 2193 3311 σῃ
2212 3251 2229 3269 ο
2262 3238 2292 3303 ἠ
2324 3233 2501 3303 δὲτὴν
2529 3233 2629 3303 τῆς
2667 3229 2965 3301 ἐκκλησίας
3000 3228 3286 3298 ποιήσεται
3317 3223 3704 3293 φωταγωγίαν,

2126 3321 2308 3387 καθὼς
2355 3324 2413 3374 ἐν
2441 3323 2554 3384 τοῖς
2588 3319 2790 3389 ἐφεξῆς
2828 3319 3134 3389 είρήσεται.
3172 3317 3265 3368 Δεῖ
3289 3315 3345 3369 δὲ
3382 3314 3587 3383 ταύτην
3635 3313 3705 3364 τά

2130 3417 2228 3488 μὲν
2250 3417 2350 3485 τῆς
2384 3412 2760 3485 καθημερινῆς
2789 3411 3004 3482 χρείας,
3036 3410 3130 3462 καὶ
3158 3408 3228 3461 τὰ
3258 3410 3316 3460 ἐν
3341 3408 3461 3469 ταῖς
3490 3405 3706 3475 ἑορταῖς

2127 3509 2383 3580 χρειώδη,
2410 3505 2761 3575 παραδιδόναι
2786 3506 2852 3575 τῇ
2881 3501 3356 3574 ἐκκλησιαρχίσσῃ
3383 3500 3461 3561 είς
3495 3497 3706 3565 ὑπηρε-

2129 3602 2252 3654 σίαν
2281 3601 2380 3668 τῆς
2409 3597 2739 3667 ἐκκλησίας’
2798 3595 2890 3649 ὅτε
2918 3593 2974 3647 δέ
3012 3593 3228 3663 καιρδς,
3260 3588 3711 3662 παραλαμϐάνειν

2080 3752 2089 3759 ν
2128 3691 2293 3744 πάλιν
2324 3688 2497 3742 ταῦτα
2547 3688 2607 3753 ἐξ
2656 3686 2850 3756 αὐτῆς,
2887 3686 2981 3739 καὶ
3025 3683 3472 3754 παραφυλάττειν
3495 3695 3509 3711 ⁶
3543 3679 3612 3732 τά
3650 3677 3710 3731 δὲ

2128 3784 2386 3836 ἐπέκεινα
2417 3780 2523 3834 τῶν
2550 3779 2829 3851 χρειωδῶν
2863 3776 3009 3848 ἔχειν
3058 3779 3116 3829 ἐν
3155 3775 3232 3845 τῷ
3262 3769 3709 3840 σκευοφυλακείῳ

2128 3867 2559 3938 ἐγκεκλεισμένα
2608 3867 2702 3921 καὶ⁵
2737 3864 3151 3937 βεϐουλλωμένα
3182 3862 3334 3933 παρά
3382 3862 3481 3929 τῆς
3533 3858 3711 3927 καθη-

2127 3957 2424 4027 γουμένης,
2457 3957 2550 4010 καὶ
2596 3956 2767 4025 αὐτῆς
2807 3954 2984 4008 πάντα
3022 3955 3090 4007 τά
3123 3954 3296 4024 ταύτῃ
3332 3954 3710 4022 ἐμπεπιστευ-

2134 4048 2270 4117 μένα
2304 4045 2784 4116 ἀντιπαραδιδόναι
2829 4043 3176 4115 ὀφειλούσης,
3207 4043 3448 4112 ὁπηνίκα
3479 4038 3581 4094 κάν
3607 4038 3710 4107 τῆς

2128 4141 2385 4210 τοιαύτης
2432 4138 2712 4202 διακονίας
2770 4138 3138 4208 μετακινοῖτο,
3197 4135 3340 4189 κατὰ
3375 4134 3433 4187 τὸ
3484 4131 3710 4202 γεγονὸς

2130 4230 2268 4302 πρὸς
2295 4230 2469 4298 αὐτὴν
2517 4229 2618 4298 τῆς
2653 4227 3009 4297 παραδόσεως
3037 4224 3364 4296 πρακτικόν.
3412 4222 3529 4274 Ἐπ’
3553 4217 3707 4284 ἐξουσ

454 4340 701 4399 studiose
732 4347 790 4394 et
823 4336 880 4391 in
908 4334 1007 4391 Dei
1039 4333 1236 4387 timore
1265 4329 1402 4400 ipsis
1439 4327 1791 4391 incumbunt,
1815 4323 2021 4394 justum

2129 4324 2248 4386 σίας
2279 4321 2388 4392 γάρ
2419 4322 2534 4373 ἐστι
2572 4321 2638 4390 τῇ
2679 4317 3068 4387 καθηγουμένῃ
3103 4315 3363 4386 μεθιστᾷν
3388 4313 3487 4375 τὰς
3515 4311 3705 4364 διακο-

455 4440 541 4487 est
568 4430 824 4484 immOtas
851 4426 1082 4481 sinere:
1130 4421 1177 4476 si
1220 4434 1355 4476 vero
1414 4418 1757 4488 negligenter
1781 4424 1838 4468 et
1893 4427 2021 4469 cum

2130 4417 2330 4477 νούσας
2380 4414 2473 4467 καὶ
2510 4411 2855 4465 ἐναλλάττειν
2894 4407 3017 4463 καθ’
3046 4408 3106 4462 ὃν
3147 4408 3432 4478 εἰρήσεται
3482 4403 3705 4475 τρόπον.

457 4531 801 4591 contemptu,
826 4519 941 4574 sive
965 4517 1129 4573 etiam
1157 4512 1541 4568 fraudulenter
1569 4509 1676 4564 illis
1705 4507 2021 4577 fungantur,

2134 4508 2242 4572 Τὰς
2269 4505 2378 4577 γὰρ
2428 4504 2511 4574 ἐφ’
2542 4502 2750 4575 ἑκάστῃ
2782 4501 2890 4556 τῶν
2919 4499 3209 4554 διακονιῶν
3242 4491 3707 4569 προκεχειρισμέ-

456 4614 580 4672 illas
615 4624 900 4675 amovere,
934 4616 994 4664 et
1035 4606 1173 4661 alias
1219 4602 1530 4658 instituere.
1583 4598 1641 4657 Si
1676 4614 1797 4669 qua:
1838 4607 2021 4653 autem

2133 4617 2251 4662 νας.
2278 4595 2653 4668 προσεκτικιῖκ
2688 4593 2811 4665 μὲν,
2842 4588 3258 4672 καὶίθεοφόϐως.
3279 4588 3452 4651 αὐτὰς
3482 4584 3704 4656 μετιού-

456 4661 1149 4779 λέξιῖιιῆξσξζιῖξιιιὲηἱυηινίε
1181 4695 1471 4750 minimum
1510 4661 1872 4761 subripuerit,
1925 4688 2021 4745 ob-

2135 4706 2257 4757 σας,
2284 4661 2377 4761 ὲᾷν
2413 4661 2848 4757 άμετακινῆτους
2888 4683 3100 4738 δίκαιον
3126 4697 3141 4712 ·
3183 4661 3495 4751 ἀμελούσας
3523 4675 3581 4730 δὲ
3608 4676 3710 4728 αῦ-

456 4800 619 4854 noxia
646 4796 755 4852 erit
788 4791 1153 4848 immaculata:
1183 4797 1239 4843 et
1264 4784 1438 4858 gratia
1472 4783 1651 4855 plenae
1681 4779 1950 4851 Deipara,
1997 4796 2021 4837 a

2133 4780 2264 4844 τῶν,
2302 4778 2394 4832 καὶ
2424 4774 2893 4846 καταφρονούσας,
2927 4773 3058 4837 ἴσως
3097 4770 3155 4826 δὲ
3190 4772 3286 4824 καὶ
3322 4765 3708 4837 δολιευομένας

463 4904 572 4959 qua
605 4888 789 4942 claves
820 4879 1054 4951 accepit.
1269 4853 1292 4858 ⁷
1477 4853 1493 4855 ᾖ

2137 4875 2195 4927 ἐν
2232 4868 2445 4932 αὐταῖς,
2506 4866 2790 4938 μεθιστᾷν,
2853 4865 2945 4919 καὶ
2978 4862 3171 4933 ἐτέρας
3213 4858 3611 4928 ἀποκαθιστᾷν.
3644 4853 3714 4906 Et

454 4952 540 5046 sic;
567 4981 626 5035 δὲ
645 4979 852 5034 τούτων
889 4972 1255 5044 νοσφιζομένη
1299 4968 1440 5041 τύχῃ
1466 4966 1596 5039 ἄχρι
1625 4966 1719 5021 καὶ
1746 4965 1840 5019 τοῦ
1873 4968 2148 5038 τυχόντος,
2210 4964 2467 5026 ὑπόδικος
2515 4960 2669 5015 ἔσται
2714 4961 2782 5031 τῇ
2845 4958 3213 5027 παναχράντῳ
3266 4952 3363 5007 καὶ
3403 4964 3713 5022 κεχαριτω-

459 5074 597 5144 μένη
628 5070 895 5136 Θεοτόκφ,
928 5067 1023 5137 ἀφ’
1050 5060 1116 5136 ἧς
1142 5063 1250 5135 ἄρα
1285 5062 1381 5124 τάς
1410 5061 1558 5122 κλεῖς
1585 5058 1913 5128 παρέλαϐεν.

528 5165 647 5234 Ipsa
681 5178 809 5217 vero
836 5175 947 5215 non
985 5156 1154 5213 modo
1179 5156 1432 5210 vasorum
1462 5159 1645 5206 custos
1687 5149 1814 5213 erit,
1845 5149 1943 5205 sed
1971 5158 2021 5205 et

2222 5144 2288 5197 Ἦ
2321 5139 2459 5211 αὑτὴ
2517 5138 2579 5192 ού
2632 5135 3110 5206 σκευοφυλάκισσα
3164 5133 3326 5205 μόνον
3360 5128 3535 5191 ἔσται,
3571 5124 3713 5182 ἀλλὰ

456 5254 808 5315 chartarum;
848 5248 1144 5317 omniaque
1208 5244 1499 5301 cbartacea
1566 5241 1885 5296 monasterii
1940 5242 2021 5296 in-

2136 5239 2233 5293 καὶ
2282 5232 2791 5306 χαρτοφυλάκισσα,
2840 5228 2978 5301 μετά
3005 5225 3333 5297 ἀπογραφῆς
3362 5222 3430 5276 τά
3483 5219 3713 5292 χαρτῷα

457 5353 765 5399 strumenta
793 5356 917 5396 cum
951 5337 1224 5408 rescripto
1271 5334 1527 5405 accipiet.
1567 5332 1940 5394 conservabit,
1973 5339 2021 5386 et

2135 5329 2311 5381 πάντα
2344 5322 2688 5392 δικαιώματα
2719 5320 2817 5390 τῆς
2858 5321 3029 5390 μονῆς
3060 5313 3590 5387 παραλαμϐάνουσα,
3612 5313 3713 5363 καὶ

456 5433 773 5490 omnimoda
820 5399 1192 5485 sollicitudine
1249 5399 1413 5497 digna
1461 5422 1710 5488 habebit,
1765 5438 1950 5492 neque
1995 5438 2021 5477 a

2135 5414 2633 5486 παραφυλάττουσα
2686 5410 2881 5473 ταῦτα,
2931 5408 3027 5463 καὶ
3078 5407 3340 5469 παντοίας
3387 5399 3711 5471 ἐπιμελείας

383 5568 392 5575 .
455 5522 622 5579 tineis
651 5521 842 5576 abrodi
882 5522 1047 5576 sinet.
1092 5518 1149 5575 Si
1203 5494 1388 5573 autem
1442 5515 1752 5587 cujuspiam
1814 5513 2021 5568 chartae

2131 5508 2376 5574 ἀξιοῦσα,
2401 5508 2494 5561 καὶ
2526 5504 2663 5575 μηδέ
2694 5503 3014 5575 σητόϐρωτα
3045 5498 3402 5572 συγχωροῦσα
3436 5494 3717 5567 γίνεσθαι.

456 5626 596 5685 opus
620 5611 808 5676 fuerit,
853 5614 1009 5683 jussu
1063 5609 1336 5683 praetecta
1392 5585 1720 5678 postulatam
1777 5605 2021 5661 chartam

2133 5600 2335 5671 Χρείας
2353 5600 2406 5653 δὲ
2428 5598 2650 5671 χαρτίου
2669 5598 2816 5660 τινὸς
2838 5596 3149 5668 γινομένης,
3174 5589 3386 5667 ὁρισμῷ
3408 5590 3510 5659 τῆς
3536 5586 3706 5655 καθη-

457 5678 669 5765 deferet
690 5713 745 5761 et
780 5678 980 5775 tradet,
1028 5678 1277 5761 scribens
1304 5698 1482 5770 qualis
1513 5697 1603 5752 illa
1654 5696 1745 5763 sit,
1796 5705 1853 5751 et
1898 5695 2021 5765 quis

2136 5692 2413 5764 γουμένης
2441 5690 2701 5761 ἐξενέγκῃ
2732 5687 2793 5743 τὸ
2818 5687 3152 5760 ζητούμενον
3172 5684 3419 5759 χαρτίον,
3456 5678 3553 5735 καὶ
3589 5679 3713 5732 ἐπι-
