4104 6200
436 320 572 386 103⁸1

1856 328 2218 395 TYPICUM.

3558 354 3694 419 1038

422 438 610 504 δώσει,
646 435 1135 509 προσγραφομένη,
1181 437 1368 494 ὁποῖόν
1400 458 1460 495 τε
1502 440 1563 496 τὸ
1590 443 1814 515 χαρτίον
1859 445 1999 509 ἐστὶ,

2129 447 2278 540 illam
2337 456 2717 526 assumpserit.
2759 458 2976 530 Elapsis
3056 465 3288 535 posthac
3362 469 3691 540 quibusdam

424 529 523 583 καὶ
549 527 635 591 τίς
675 529 705 581 ό
751 528 906 582 τοῦτο
960 528 1383 602 ἀναλαϐόμενος.
1430 532 1684 604 Ἡμερῶν
1734 533 1793 586 δέ
1846 551 2010 587 τινων

354 624 367 638 ”
426 620 572 692 μετὰ
598 618 760 673 τοῦτο
782 619 1131 688 διελθουσῶν,
1173 624 1481 696 ὑπομνήσει
1514 625 1616 694 τὴν
1654 624 2009 697 καθηγουμέ-

422 730 545 785 νην,
605 712 701 767 καὶ
750 713 1147 770 ἀνακαλὲσεται
1204 716 1266 771 τὸ
1312 716 1601 787 ἑκϐληθὲν,
1646 717 1724 782 ὡς
1768 717 2009 791 εἴρηται.

424 802 673 876 χαρτίον,
706 805 801 859 καῖ⁵
826 804 928 858 οὐκ
960 805 1112 859 ὲάσει
1146 806 1617 877 παραπόλλυσθαι.

506 895 661 947 Ἐπεὶ
691 894 749 948 δὲ
777 898 871 949 καὶ
899 896 1427 967 τδέίσοδιαζόμενον
1456 899 1514 953 ὲν
1545 902 1612 972 τῇ
1647 901 1783 971 μονῇ
1819 898 2010 971 κηρίον

423 986 569 1040 κατὰ
624 985 773 1043 πολὺέ
817 987 1079 1043 ἐπέκεινα
1126 991 1224 1060 τῆς
1252 989 1434 1057 ἐξόδου
1469 992 1610 1059 ἐστὶ,
1650 990 1947 1061 διορίζεται
1974 992 2008 1061 ἡ

424 1076 672 1146 βασιλεία
705 1093 828 1147 μου,
865 1076 1028 1131 πέντε
1070 1079 1206 1149 μόνα
1256 1081 1590 1153 κεντηνόῳια
1622 1081 1735 1155 (id)
1763 1082 2009 1154 ὐποκρα-

423 1166 632 1221 τεῖσθαι
672 1168 733 1232 ἐξ
780 1167 970 1232 αὐτοῦ,
1015 1169 1158 1241 λόγῳ
1205 1170 1304 1241 τῆς
1354 1171 1656 1244 ἐκκλησίας
1688 1173 1785 1227 κοιλ⁵
1811 1174 2009 1245 λοιπῆς

423 1258 605 1326 ἐξόδου
627 1278 643 1294 ο
688 1260 749 1314 τὸ
776 1260 833 1314 δὲ
882 1261 1070 1315 λοιπὸν
1103 1261 1220 1332 ἅμα
1261 1261 1342 1334 τῷ
1371 1264 1798 1337 είσοδιασθῆναι,
1846 1266 2009 1330 εὐθὺς

423 1351 839 1419 διαπωλεῖσθαι,
881 1354 976 1407 καὶ
1022 1352 1263 1409 δίδοσθαι
1302 1357 1385 1420 είς
1433 1357 1632 1430 ἐτέρας
1661 1356 1876 1423 ἐξόδους
1908 1360 2009 1431 τῆς

426 1444 621 1515 μονῆς.

1026 1539 1281 1593 ΚΕΦΑΔ.
1315 1543 1400 1596 K'.

760 1627 898 1698 "api
935 1628 1047 1699 τῆς
1080 1631 1671 1702 ἐκκλησιαρχίσσης.

505 1718 569 1772 Ἦ
605 1719 707 1791 μὲν
753 1737 837 1773 τοι
876 1720 1350 1793 ὲκκλησιάρχισσα
1383 1722 1537 1795 παρὰ
1582 1725 1681 1794 τῆς
1732 1723 2002 1797 καθηγου·

2119 537 2339 635 diebus,
2382 545 2629 600 monebit
2676 549 3013 618 praafectam,
3044 561 3101 609 et
3149 537 3689 635 repetet-eductam,

2120 637 2181 683 ut
2204 628 2412 687 dictum
2445 642 2550 701 est,
2580 635 2851 705 chartam,
2889 655 2992 698 nec
3023 643 3168 702 sinet
3198 662 3319 704 eam
3346 649 3621 723 deperire.

2190 892 2648 966 Quandoquidem
2708 911 2889 957 autem
2943 918 3204 978 percepta
3256 910 3313 966 in
3358 917 3693 973 monasterio

2118 999 2264 1049 cera,
2294 1001 2589 1057 expensam
2624 992 2744 1063 ejus
2772 995 3005 1051 multum
3036 1000 3291 1065 excedit,
3340 1008 3534 1061 statuit
3588 1008 3690 1063 im-

2118 1076 2334 1145 perium
2364 1093 2547 1133 meum
2584 1092 2645 1135 ut
2670 1097 2736 1137 ex
2764 1099 2827 1138 ea
2852 1086 3096 1158 quinque
3122 1097 3341 1146 tantum
3372 1099 3692 1155 centenaria

2118 1169 2463 1224 retineantur
2492 1188 2592 1241 pro
2618 1174 2871 1243 ecclesia,
2898 1188 2955 1232 et
2985 1180 3199 1251 reliquo
3229 1198 3332 1239 usu
3363 1201 3378 1252 ;
3409 1188 3691 1246 residuum

2119 1273 2255 1312 vero
2297 1274 2423 1315 cum
2478 1263 2715 1333 primum
2747 1267 3070 1338 perceptum
3101 1273 3286 1342 fuerit,
3339 1278 3525 1333 statim
3554 1297 3693 1336 ven-

2118 1348 2302 1418 datur,
2337 1359 2393 1407 et
2418 1353 2489 1408 ad
2520 1354 2656 1411 alias
2688 1362 3008 1416 monasterii
3041 1354 3309 1434 expensas
3348 1370 3618 1429 tradatur.

2712 1535 2941 1594 CAPUT
2975 1537 3093 1594 XX.

2273 1623 2346 1678 De
2369 1623 2822 1695 ecclesiarchissa,
2853 1646 2949 1684 seu
2978 1632 3207 1688 ecclesia:
3239 1640 3546 1708 praeposita.

2192 1714 2448 1770 Ecclesiae
2488 1719 2778 1788 praeposita
2815 1737 2916 1790 per
2967 1724 3284 1793 praefectam
3327 1728 3523 1796 electa,
3573 1748 3694 1804 qua:

424 1808 595 1882 μένης
623 1812 1113 1883 προχειριζομένη,
1167 1813 1286 1884 ἥτις
1322 1813 1388 1869 ἂν
1419 1816 1558 1886 αὐτῇ
1590 1815 1715 1888 δόξῃ
1750 1817 1885 1888 πρὸς
1910 1818 2009 1890 τὴν

2117 1804 2375 1862 videlicet
2407 1807 2509 1876 ipsi
2545 1809 2613 1863 ad
2643 1810 2749 1866 tale
2793 1813 3031 1868 ollicium
3062 1825 3187 1886 apta
3218 1828 3275 1873 et
3331 1820 3531 1877 idonea
3579 1802 3691 1879 visa

421 1901 682 1972 τοιαύτην
734 1903 1015 1956 διακονίαν
1067 1904 1380 1976 πρόσφορός
1432 1922 1492 1958 τε
1549 1907 1646 1960 καὶ
1704 1907 2009 1978 ἐπιτηδεία,

422 1992 930 2063 παραλαμϐάνουσα.
962 1995 1142 2048 πάντα
1171 1997 1280 2049 ἀπὸ
1318 1998 1417 2065 τῆς
1456 1998 2004 2070 σκευοφυλακίσσης·

423 2086 491 2140 τὰ
527 2086 626 2157 μὲν
650 2090 708 2140 ὲν
740 2087 818 2158 τῷ
848 2088 963 2159 ναῷ
993 2090 1092 2160 τῆς
1122 2089 1292 2160 μονῆς
1313 2087 1599 2159 ὀφείλοντα
1627 2093 2009 2161 χρησιμεύειν,

425 2178 568 2231 κατὰ
600 2177 691 2232 τὸν
722 2180 915 2250 καιρὸν
945 2181 1046 2252 τῆς
1082 2184 1502 2254 προχειρίσεως,
1539 2182 1626 2235 διὰ
1656 2183 1966 2254 πρακτικοῦ
1987 2199 2003 2216 “

422 2272 492 2325 τὰ
537 2272 582 2325 δ’
629 2273 766 2327 ἄλλα
797 2274 864 2328 τὰ
895 2275 954 2327 ἐν
984 2276 1107 2338 ταῖς
1162 2276 1400 2346 ἑορταῖς,
1452 2274 1486 2345 ἢ
1538 2275 1605 2347 τῇ
1655 2275 2005 2348 καθημερινῇ

423 2364 617 2434 χρήσει
671 2365 982 2437 πρόσφορα,
1046 2365 1188 2421 κατὰ
1242 2368 1334 2421 τὸν
1361 2366 1554 2420 δέοντα
1595 2367 1806 2437 καιρόν.
1858 2367 2008 2439 Αὕτη

424 2458 670 2527 φροντιεῖ
698 2457 792 2511 τοῦ
824 2459 1089 2528 συνήθους
1137 2458 1346 2529 κόσμου
1390 2458 1490 2528 τῆς
1544 2458 1862 2529 ἐκκλησίας,
1914 2460 2012 2514 καὶ

422 2549 523 2618 τῆς
553 2550 947 2620 ἁφωρισμὲνης
994 2552 1052 2604 ὲν
1095 2549 1173 2623 τῷ
1212 2552 1447 2623 παρόντι
1492 2550 1711 2622 τυπικῷ
1744 2550 2006 2606 ἑκάστοτε

424 2639 710 2709 φωταψίας
733 2658 747 2670 ·
779 2640 849 2693 τὰ
876 2641 1238 2711 τετυπωμένα
1265 2641 1436 2711 κηρία
1465 2641 1809 2712 εἰργασμένα
1826 2657 2010 2712 παρα-

424 2732 925 2800 λαμϐάνουσαάπδ
974 2733 1071 2803 τῆς
1125 2733 1663 2804 σκευοφυλακίσσης,
1710 2733 1779 2787 τά
1816 2751 1876 2787 τε
1926 2735 2010 2797 είς

425 2822 805 2895 καθημερινὴν
840 2824 1052 2895 χρείαν,
1093 2826 1189 2879 καὶ
1243 2825 1312 2879 τὰ
1372 2826 1453 2891 είς
1508 2825 1750 2900 ἑκάστην
1816 2826 2010 2899 ἑορτὴν

424 2913 811 2968 ἀναλίσκεσθαι
846 2915 1190 2971 τυπωθέντα.
1222 2917 1503 2972 Ποιεῖσθαι
1533 2916 1591 2972 δὲ
1623 2919 1885 2990 φροντίδα
1913 2920 2009 2973 καὶ

423 2999 524 3071 τῆς
549 3002 1017 3074 ὲκκλησ.αστικῆς
1068 3006 1127 3059 ὲν
1168 3007 1234 3076 τῇ
1269 3006 1562 3080 ψαλμῳδίᾳ
1592 3009 2006 3074 καταστάσεως,

425 3092 610 3156 καθὼς
641 3094 761 3159 ἔθος
790 3097 907 3149 ἐστὶ
939 3098 1061 3161 ταῖς
1087 3097 1632 3171 ὲκκλησιαρχίσσαις.

511 3147 758 3253 Ὀςρείλεί
775 3147 840 3239 δὲγ
1676 3190 2010 3264 ὲκκλησιάρ-
2037 3147 2082 3207 C

427 3288 614 3346 χισσα,
648 3277 744 3331 καὶ
774 3278 1396 3351 παρεκκλησιάρχισσαν
1424 3281 1814 3351 συμπονοῦσαν
1842 3282 2009 3354 αὐτῇ,

427 3367 523 3422 καὶ
553 3369 1064 3441 καθυπηρετοῦσαν,
1100 3373 1198 3425 καὶ
1229 3370 1604 3443 συνεργοῦσαν
1644 3372 1727 3437 είς
1751 3371 1851 3443 τὴν
1880 3372 2013 3427 ἀνα-

429 3461 695 3533 κειμένην
726 3462 864 3534 αὐτῇ
898 3461 1201 3518 διακονίαν.

993 3573 1250 3630 ΚΕΦΔΛ.
1299 3575 1431 3630 KA'.

430 3668 568 3737 nep!
597 3668 709 3738 τῆς
734 3667 807 3722 τὰ
836 3665 1093 3737 ἐδώδιμα
1124 3664 1587 3735 είσοδιαζούσης
1629 3685 1714 3731 τε,
1755 3668 1851 3721 καί
1886 3668 2018 3732 ἐξο-

502 3738 823 3792 διατούσηο
851 3737 1292 3792 διακονητοίαιε.
1355 3739 1451 3791 καὶ
1503 3737 1615 3792 τῆς
1650 3741 1785 3792 παρ’
1825 3739 2018 3792 αὐτῆς

502 3738 823 3807 διαζούσης
851 3738 1292 3804 διακονητρίας,
1355 3739 1451 3791 καὶ
1503 3738 1615 3805 τῆς
1650 3741 1785 3804 παρ’
1825 3739 2019 3808 αὐτῆς

500 3810 870 3878 ὀφειλούσης
911 3807 1181 3876 γίνεσθαι
1215 3806 1446 3861 τούτων
1478 3807 1857 3877 ἀπογραφῆς.

516 3919 793 3982 Ὡσαύτως
840 3919 936 3972 καὶ
993 3916 1094 3987 τὴν
1149 3916 1219 3971 τὰ
1268 3918 1681 3989 είσοδιαζόμενα
1734 3918 1912 3974 πάντα
1950 3920 2017 3992 τῇ

431 4016 569 4085 μονῇ
610 4012 868 4085 βρώσιμα
921 4010 1329 4074 εἱσοδιάζουσάν
1374 4027 1434 4063 τε
1483 4011 1580 4064 καὶ
1635 4010 2018 4075 ὲξοδιάζουσαν

428 4106 834 4178 διακονήτριαν,
876 4101 1231 4176 διοριζόμεθα
1259 4100 1405 4156 κατὰ
1456 4100 1650 4173 μικρὸν
1704 4102 2050 4173 ἀπογράφει-ι,

432 4198 560 4250 σθαι
590 4198 688 4261 τὰς
741 4196 1006 4261 εἰσόδους,
1061 4195 1226 4248 πόσαι
1275 4212 1358 4262 τε,
1417 4195 1515 4247 καὶ
1546 4192 1698 4259 πότε,
1746 4196 1841 4248 καὶ
1875 4194 2018 4248 ὅθεν*

428 4291 534 4353 τὰς
555 4287 610 4341 δὲ
652 4288 861 4355 ἐξόδους
910 4290 1086 4343 ποιεῖν
1116 4287 1391 4359 φανερῶς,
1428 4285 1571 4339 κατὰ
1598 4286 1697 4356 τὴν
1731 4285 1830 4356 τῆς
1860 4287 2022 4355 ἡγου-

435 4383 604 4453 μένης
650 4379 983 4450 πρόσταξινδ
1018 4381 1177 4450 εῖπερ
1216 4378 1401 4450 μέλλοι
1436 4380 1502 4448 τῇ
1540 4376 1640 4448 μὲν
1669 4376 1875 4447 ἑαυτῆς
1902 4377 2018 4430 δια-

430 4473 587 4547 κονίᾳ
609 4473 674 4527 τδ
703 4474 996 4543 ἄμεμπτον
1040 4470 1475 4543 περιποιεῖσθαι,
1527 4470 1620 4522 καὶ
1645 4469 2013 4541 ἀπρόσκοπον,

430 4570 497 4637 τῇ
530 4567 587 4621 δὲ
609 4566 932 4635 ἀδελφότητι
961 4565 1111 4635 πάσῃ
1133 4563 1195 4617 τδ
1215 4561 1664 4630 ἀσκανδάλιστον,
1695 4562 1791 4616 καὶ
1813 4563 2018 4633 ἀτάρα-

433 4677 548 4731 χον,
580 4659 672 4711 καὶ
695 4657 877 4720 πάσας
911 4640 1305 4727 πληροφορεῖν.

998 4769 1252 4825 ΚΕΦΑΔ.
1295 4770 1423 4823 KB'.

904 4863 1047 4932 Περὶ
1076 4861 1185 4932 τῆς
1208 4861 1511 4930 οίνοχόης.

502 4977 614 5031 Καὶ
638 4974 887 5046 οἰνοχόην
923 4974 1324 5044 προχειριεῖται
1345 4971 1380 5041 ἡ
1412 4966 1828 5039 καθηγουμένη,
1859 4966 2011 5037 ὀφεί-

432 5068 635 5122 λουσαν
667 5065 1120 5138 παραλαμϐάνειν
1155 5063 1333 5117 πάντα
1360 5061 1451 5115 τὸν
1483 5058 1919 5129 είσοδιαζόμενον
1951 5060 2010 5111 ὲν

430 5164 502 5232 τῇ
540 5163 674 5231 μονῇ
704 5154 865 5226 οἶνον,
910 5151 1138 5212 παλαιόν
1168 5172 1228 5209 τε
1262 5154 1359 5208 καὶ
1406 5152 1549 5217 νέον,
1585 5152 1683 5204 καὶ¹
1725 5151 2011 5222 προσγρά-

433 5255 632 5325 φεσθαι
654 5252 864 5318 τοῦτον,
914 5251 1008 5305 καὶ
1030 5246 1322 5316 ἐξοδιάζειν
1354 5243 1481 5299 ἔνθα
1512 5241 1668 5313 παρὰ
1702 5242 1802 5312 τῆς
1841 5243 2010 5312 ἡγου-

438 5348 612 5420 μένης
638 5343 978 5417 προσταχθῇ.
1904 5366 1913 5378 ’

2117 1896 2306 1962 fuerit,
2355 1900 2541 1954 omnia
2591 1901 2813 1970 quidem
2848 1919 2971 1974 quae
3021 1906 3078 1960 in
3136 1910 3338 1979 templo
3371 1917 3692 1971 monasterii

2117 1990 2242 2044 usui
2293 2004 2415 2045 esse
2450 1990 2705 2047 debenta
2752 2010 3008 2050 vasorum
3067 2000 3297 2055 custode
3356 2018 3459 2073 per
3505 2014 3690 2062 actum

2115 2081 2351 2151 accipiet
2384 2090 2630 2152 tempore
2660 2084 2948 2143 electionis
2992 2107 3007 2143 :
3072 2091 3179 2145 alia
3215 2107 3347 2148 vero
3385 2093 3541 2152 festis
3597 2112 3689 2153 so-

2114 2172 2394 2229 lemnibus
2418 2184 2473 2230 et
2494 2176 2818 2247 quotidiano
2852 2181 2976 2236 usui
3008 2183 3420 2251 convenientia,
3445 2203 3691 2260 congruo

2117 2269 2385 2334 tempore.
2416 2264 2535 2335 lpsa
2559 2267 2773 2323 curabit
2793 2283 3115 2327 consuetum
3143 2275 3389 2331 ecclesiae
3412 2286 3687 2344 ornatum,

2116 2363 2173 2409 et
2194 2354 2480 2411 deﬁnitum
2511 2356 2566 2412 in
2591 2361 2846 2428 praesenti
2877 2363 3057 2433 typico
3087 2364 3323 2436 singulis
3350 2370 3692 2439 temporibus

2115 2444 2410 2511 luminare,
2451 2457 2689 2504 statutos
2730 2465 2922 2506 cereos
2952 2463 3177 2522 paratos
3217 2456 3497 2526 accipiens
3536 2474 3568 2514 a
3597 2476 3694 2516 va-

2112 2552 2300 2593 sorum
2329 2541 2577 2606 custode,
2621 2544 2737 2598 sive
2785 2560 2925 2614 quos
2955 2545 3022 2600 ad
3068 2548 3454 2618 quotidianum
3503 2567 3687 2620 usum,

2112 2630 2229 2686 sive
2254 2647 2393 2701 quos
2418 2633 2489 2688 ad
2514 2634 2757 2704 singulas
2774 2637 3152 2696 solemnitates
3169 2641 3383 2697 absumi
3403 2640 3689 2700 deﬁnitum

2111 2729 2217 2776 est.
2251 2721 2690 2781 Sollicitudinem
2726 2742 2946 2799 quoque
3000 2740 3157 2800 geret
3192 2734 3577 2792 ecclesiasticae
3631 2737 3688 2793 in

2113 2814 2417 2885 psalmodia
2452 2816 2778 2890 disciplinae,
2813 2828 2874 2877 ut
2903 2823 3074 2880 moris
3118 2834 3204 2881 est
3233 2827 3485 2885 ecclesia
3540 2844 3685 2901 pran-

2111 2907 2327 2976 positis.

2188 3179 2422 3247 Oportet
2460 3189 2643 3235 autem
2689 3187 2749 3234 ut
2789 3181 3036 3236 ecclesiae
3066 3193 3357 3252 pmpusna
3409 3189 3689 3255 pareccle-

2117 3260 2473 3325 siarcliissani
2503 3270 2702 3325 habeat
2729 3287 2788 3328 se
2815 3274 3191 3343 adjuvantem,
3221 3274 3325 3330 sibi
3365 3276 3686 3331 ministran-

2118 3368 2250 3426 tem,
2281 3369 2339 3416 et
2388 3376 2497 3416 una
2526 3376 2749 3432 operam
2799 3374 3091 3419 navantem
3122 3364 3301 3437 cilicio
3340 3366 3447 3422 sibi
3476 3368 3692 3424 incum-

2116 3453 2290 3509 benti.
2446 3466 2449 3467 '

2700 3564 2926 3622 CAPUT
2955 3566 3099 3623 XXI.

2122 3659 2195 3714 De
2227 3644 2578 3732 oﬁicialiqua:
2611 3661 2721 3732 esui
2752 3662 3047 3715 necessaria
3089 3662 3310 3732 percipit
3350 3670 3400 3716 et
3421 3664 3686 3731 expendit,

2225 3729 2273 3784 et
2307 3731 2449 3800 quod
2468 3729 2583 3785 lucc
2616 3729 2681 3784 ab
2705 3730 2822 3799 ipsa
2847 3733 3043 3801 scripto
3066 3729 3317 3786 mandari
3341 3729 3581 3789 debeam.

2189 3904 2487 3961 Oﬂicialem
2539 3905 2794 3960 similiter
2823 3905 3010 3961 omnia
3050 3906 3171 3961 esui
3202 3915 3348 3976 apta,
3400 3909 3465 3961 ad
3502 3924 3695 3963 mona-

2121 3997 2350 4051 sterium
2381 4006 2721 4067 comportata
2758 3996 3156 4067 percipientem
3187 4005 3244 4050 et
3265 3998 3690 4064 expendentcm,

2119 4089 2416 4144 statuimus
2477 4088 2790 4142 minutatim
2855 4086 3175 4142 describere
3249 4102 3372 4156 qua:
3422 4089 3690 4158 percepit,

2120 4190 2348 4251 quanta,
2404 4180 2625 4249 quando
2683 4188 2741 4233 et
2792 4179 2940 4233 unde
2987 4178 3352 4248 obvenerint;
3426 4195 3693 4251 expensas

2120 4279 2305 4325 autem
2351 4270 2504 4340 juxta
2556 4268 2873 4323 mandatum
2932 4269 3204 4338 praai'ecta:
3254 4272 3435 4342 palam
3476 4272 3690 4329 facere:

2121 4360 2167 4416 si
2216 4359 2455 4415 voluerit
2504 4359 2874 4414 ministerium
2934 4359 3159 4428 quidem
3219 4376 3380 4416 suum
3447 4363 3688 4434 irreprc-

2123 4454 2360 4509 hensum
2393 4462 2448 4508 ct
2467 4452 2803 4522 inculpatum
2831 4467 3076 4517 servare,
3105 4466 3324 4508 sorores
3339 4470 3472 4508 vero
3499 4471 3692 4510 omnes

2127 4544 2247 4602 sine
2276 4543 2536 4600 seandalo
2567 4552 2623 4599 et
2679 4543 3097 4614 perturbatione
3132 4558 3273 4613 esse,
3325 4545 3692 4617 omnibusque

2126 4639 2368 4695 animum
2391 4637 2635 4708 explere.

2682 4751 2909 4809 CAPUT
2958 4753 3124 4810 XXII.

2675 4843 2753 4897 De
2784 4846 2887 4899 vini
2910 4845 3143 4900 custode.

2166 4957 2321 5013 Vini
2369 4970 2589 5027 quoque
2624 4954 2909 5009 custodem
2969 4953 3224 5010 instituet
3286 4954 3561 5024 praetecta,
3601 4955 3691 5010 cui

2119 5050 2401 5105 incumbet
2444 5049 2632 5102 vinum
2673 5062 2849 5116 pmne
2888 5051 3225 5102 monasterio
3258 5047 3483 5101 allatum
3532 5055 3693 5102 vetus

2121 5146 2178 5195 et
2204 5155 2409 5194 novum
2438 5138 2751 5208 percipere,
2785 5136 3123 5203 describere,
3165 5145 3222 5193 et
3246 5137 3558 5207 expendere
3596 5138 3689 5193 ubi

2122 5246 2153 5287 a
2183 5232 2440 5302 pmfecta
2465 5232 2676 5302 iussum
2703 5228 2892 5286 fuerit.

1708 5453 2173 5518 Montl‘aucouii
2233 5457 2420 5513 notae.

510 5589 622 5660 (ιι)
654 5586 1045 5663 Κεντηγάρια.
1066 5581 1513 5663 ‘Ce-ntenarium'
1573 5588 1810 5661 centum.
1850 5580 2009 5635 libris

437 5656 675 5723 constat,
696 5673 822 5712 cum
846 5658 902 5729 in
926 5656 1295 5729 ponderibus,
1348 5663 1463 5729 tum
1501 5656 1556 5705 in
1594 5656 1864 5721 pecuniis.

513 5729 625 5799 (l5)
656 5721 729 5781 Ἦ
750 5728 901 5782 κατὰ
925 5721 1188 5797 καιρούς.
1212 5724 1377 5789 Quasi
1407 5721 1577 5788 dicas,
1604 5733 1727 5788 qua:
1754 5732 1851 5788 per
1873 5727 2009 5774 tem-

2117 5592 2252 5648 pora
2281 5574 2412 5648 erit,
2449 5573 2708 5644 frequens
2733 5576 2788 5648 in
2822 5576 2927 5648 hoc
2950 5591 3115 5647 opere
3142 5577 3430 5648 loquendi,
3452 5576 3691 5639 modus;

2116 5646 2173 5702 at
2198 5661 2324 5717 cum
2351 5646 2443 5700 vix
2468 5655 2595 5715 apte
2618 5646 2852 5717 exprimi
2884 5657 3070 5717 queat,
3113 5658 3167 5705 et
3198 5646 3339 5706 nihil
3368 5646 3434 5702 ad
3469 5658 3691 5702 sensum

2117 5716 2306 5784 addat,
2332 5717 2585 5773 consulto
2609 5716 2903 5773 omittitur.
