4092 6202
459 344 597 409 1039

1016 449 1238 505 CAPUT
1273 446 1474 516 χχιιι.

1027 541 1099 594 De
1156 540 1456 595 Itorrcaria.

531 637 876 695 llorrcariam
911 651 1131 706 quoque
1164 643 1369 689 statuet
1389 631 1668 704 praelecta,
1701 629 1860 699 cujus
1907 624 2026 681 olli-

458 733 601 786 cium
637 729 764 794 erit,
804 727 986 798 fruges
1013 741 1208 780 omnes
1269 735 1330 778 et
1379 722 1657 793 legumina
1716 719 2026 790 percipere,

459 840 630 893 eaque
663 822 975 891 expendere
1003 821 1160 890 jussu
1192 818 1497 888 praelecta;
1540 831 1603 869 ac
1646 812 2024 868 omnimodam

458 931 647 970 eorum
677 929 866 968 curam
904 927 1113 984 gerere,
1161 926 1229 966 ne
1261 909 1402 966 forte
1452 907 1665 962 incuria
1713 905 1771 959 in
1814 903 2033 958 horreis

461 1010 786 1080 depereant.
835 1059 842 1064 .

999 1195 1228 1252 CAPUT
1293 1193 1481 1248 XXlV.

854 1305 933 1359 De
975 1306 1135 1374 o/ﬁcio
1184 1303 1652 1373 depositariarum.

538 1419 613 1473 De
649 1416 1002 1487 perceptione
1038 1423 1092 1469 ct
1119 1428 1358 1482 expensa
1407 1413 1788 1481 pecuniarum,
1823 1425 2036 1464 necnon

465 1511 534 1566 de
563 1525 751 1565 earum
797 1507 1045 1563 custodia
1073 1517 1128 1560 et
1173 1505 1565 1574 descriptione,
1589 1505 1699 1574 jam
1743 1503 2038 1558 dicendum

465 1613 569 1657 est.
607 1603 753 1655 Duas
799 1601 946 1654 enim
1007 1597 1374 1666 depositarias
1429 1596 1481 1648 in
1524 1595 1860 1648 monasterio
1915 1609 2040 1648 esse

467 1693 782 1754 statuimus,
814 1706 1046 1760 quarum
1079 1705 1186 1743 una
1232 1688 1453 1756 quidem
1505 1687 1745 1740 arculam
1794 1695 2042 1756 recepta-

1715 326 2004 389 IRENES
2041 323 2422 385 AUGUSTA!

3571 309 3716 374 10ίο

2719 431 2972 486 ΚΕΦΑΛ.
3013 429 3156 501 KI"._

2593 524 2731 593 Hepl
2764 524 2875 593 τῆς
2902 523 3232 590 ὡρειαριάς.

2203 621 2312 673 Καὶ
2360 617 2655 689 ὼρειαρίαν
2699 616 2754 668 δὲ
2814 613 3151 683 καταστήσει
3203 611 3238 678 ἡ
3300 607 3716 678 καθηγουμένη,

2131 711 2456 780 ὀφείλουσαν
2478 709 2547 762 τὰ
2582 708 2870 777 γενήματα
2899 706 3076 759 πάντα
3107 700 3581 772 παραλαμϐάνειν,
3632 699 3718 750 ἔτι

2133 803 2190 854 δὲ
2224 802 2316 854 καὶ
2344 801 2412 854 τά
2440 800 2664 869 ὄσπρια,
2697 798 2790 850 καὶ
2819 797 2916 859 τὰς
2943 795 3158 860 ἐξόδους
3190 791 3396 845 τούτων
3422 789 3718 849 ποιεῖσθαι,

2138 893 2435 963 προστάξει
2463 893 2564 962 τῆς
2588 889 3011 959 καθηγονμένης
3035 907 3049 918 ο
3084 885 3164 937 ἔτι
3188 901 3249 937 τε
3285 882 3554 946 παντοίως
3593 883 3720 933 ἐπι-

2139 984 2420 1053 μελεῖσθαι
2443 982 2669 1046 τούτων,
2713 982 2800 1034 ἵνα
2827 979 2902 1050 μὴ
2936 979 2995 1043 ἐξ
3036 975 3301 1047 ἀμελείας
3325 973 3489 1042 τυχὸν
3511 973 3569 1023 ἐν
3605 971 3724 1033 τοῖς

2137 1074 2353 1145 ὠρεὶοες
2384 1075 2749 1130 άπόλλωνται.

2723 1181 2974 1234 ΚΕΦΑΛ.
3009 1181 3131 1233 ΚΔ’.

2334 1291 2475 1359 Περί
2504 1289 2612 1359 τῆς
2630 1290 2760 1345 τῶν
2786 1289 3135 1358 ὃοχειαριῶν
3161 1285 3492 1352 διακονίας.

2213 1403 2351 1472 Περὶ
2380 1401 2436 1453 δὲ
2465 1401 2562 1469 τῆς
2586 1399 2696 1452 τῶν
2731 1397 3086 1468 νομισμάτων
3115 1394 3322 1447 εἰσόδου
3369 1409 3426 1444 τε
3473 1393 3566 1443 καὶ
3602 1388 3722 1453 ἑξό-

2140 1495 2254 1560 δου,
2295 1493 2543 1562 φυλακῆς
2574 1509 2656 1558 τε,
2689 1493 2784 1544 καὶ
2813 1489 3166 1561 ἀπογραφῆς,
3195 1487 3294 1556 ήδη
3330 1483 3570 1538 λεκτέον.
3620 1482 3725 1534 Δύο

2141 1589 2250 1658 γάρ
2278 1585 2589 1656 δοχειαρίας
2617 1584 2895 1654 τυποῦμεν
2927 1579 3064 1634 εἶναι
3105 1582 3163 1632 ὲν
3193 1582 3260 1649 τῇ
3317 1580 3476 1648 μονῇ,
3503 1575 3578 1629 ὧν
3625 1576 3727 1642 τὴν

2149 1677 2248 1746 μὲν
2276 1676 2408 1744 μίαν
2442 1677 2664 1743 κρατεῖν
2695 1673 2757 1725 τὸ
2783 1672 3040 1726 κιϐώτιον
3077 1671 3186 1722 τῶν
3238 1668 3336 1738 τῆς
3371 1665 3727 1730 εἰσοδοεξόδου

469 1803 588 1840 rum
620 1796 675 1840 et
703 1783 1152 1839 iusumendarum
1204 1782 1563 1850 pecuniarum
1613 1778 1886 1833 custodiet
1920 1796 1933 1843 ;
1967 1779 2047 1833 al-

2160 1767 2539 1838 νομισμάτων·
2570 1765 2668 1835 τὴν
2702 1765 2758 1818 δὲ
2793 1763 2993 1835 ἑτέραν
3027 1763 3254 1831 κρατεῖν
3299 1757 3360 1810 τὸ
3383 1757 3594 1827 βέστιον
3613 1756 3727 1825 (16)

473 1887 586 1931 tera
635 1891 768 1930 vero
815 1873 1133 1928 vestiarium
1186 1872 1637 1926 indumentorum
1691 1870 2037 1924 assen'abit:

472 1983 596 2023 nam
629 1976 686 2020 et
718 1967 834 2035 ipsa
865 1964 1197 2032 depositaria
1227 1963 1537 2018 vocabitur.

542 2058 883 2128 Depositaria
917 2057 1102 2126 itaque
1135 2065 1482 2125 receptarum
1518 2070 1902 2126 pecuniarum,
1938 2070 2045 2109 una

471 2167 598 2207 cum
653 2152 825 2204 altera
858 2150 1193 2218 depositaria
1245 2149 1513 2213 vestiarii,
1548 2148 1758 2202 sciente
1801 2158 1858 2203 et
1908 2164 2047 2218 prae-

473 2252 628 2297 sente
684 2240 960 2310 pra-lecta,
992 2240 1273 2294 describet
1318 2254 1540 2294 omnem
1595 2239 1834 2294 reditum
1873 2255 2045 2310 pecu-

471 2333 690 2387 uiarum
739 2331 791 2384 in
828 2330 1162 2384 monasterio
1217 2339 1582 2399 receptarum,
1617 2344 1814 2398 nempe
1865 2330 2048 2399 cujus-

472 2423 624 2477 modi
675 2431 730 2477 et
761 2422 1033 2476 undenam
1089 2422 1196 2476 illa:
1238 2421 1370 2476 sint.
1420 2421 1684 2476 Extrahet
1741 2429 1925 2475 autem
1980 2435 2047 2474 ex

474 2514 781 2583 ipsisjussu
809 2513 1080 2582 praetecta:
1103 2527 1372 2567 summam
1398 2513 1758 2582 pecuniarum
1786 2522 2046 2582 quantam

479 2606 594 2674 ipsa
631 2604 885 2673 praelecta
931 2604 1190 2670 voluerit,
1223 2613 1278 2658 et
1312 2603 1586 2659 describet
1617 2604 1763 2658 illam
1795 2605 1851 2658 in
1880 2620 2050 2674 parva

476 2696 761 2758 echedula,
786 2711 910 2749 cum
956 2696 1061 2750 alia
1096 2695 1428 2764 depositaria
1463 2711 1477 2761 ;
1507 2710 1670 2763 quam
1717 2693 1832 2763 ipsa
1871 2696 2050 2748 susci-

477 2787 592 2857 piet
634 2795 690 2841 et
715 2787 986 2855 expendet
1017 2786 1112 2840 ubi
1163 2786 1418 2855 prtel‘ecta
1457 2785 1703 2855 jusserit,
1744 2785 2048 2853 taliumque

479 2877 836 2948 pecuniarum
865 2891 1159 2945 expensam
1187 2875 1500 2928 minutatim
1532 2876 1589 2928 in
1622 2875 1812 2929 codice
1843 2874 2053 2929 descri-

479 2968 592 3022 bet.
627 2967 692 3020 Et
722 2975 1010 3034 postquam
1050 2965 1294 3033 pecuniae
1320 2965 1624 3033 absumptae
1655 2963 1880 3029 fuerint,
1905 2963 2050 3018 codi-

479 3073 600 3113 cem
626 3057 857 3118 deferet,
890 3056 1270 3125 rationemque
1298 3054 1570 3125 praclectte
1607 3055 1800 3109 reddet
1834 3056 1890 3110 in
1923 3071 2052 3109 con-

2144 1861 2252 1913 τῶν
2277 1856 2589 1928 ἐνδυμάτων
2613 1871 2630 1888 ·
2663 1858 2757 1910 καὶ
2794 1855 2934 1926 αὑτὴ
2965 1853 3076 1923 γὰρ
3098 1849 3378 1922 δοχειαρία
3424 1848 3732 1919 ὀνομασθὴ-

2149 1965 2326 2005 σεται.

2233 2044 2297 2097 Ἢ
2334 2042 2466 2112 γοῦν
2500 2040 2782 2110 δοχειαρία
2831 2040 2928 2108 τῆς
2972 2038 3178 2091 εἰσόδου
3205 2037 3314 2090 τῶν
3355 2032 3730 2105 νομισμάτων,

2150 2137 2265 2205 ἅμα
2297 2138 2364 2205 τῇ
2398 2135 2559 2205 ἑτέρᾳ
2588 2132 2868 2202 δοχειαρίᾳ
2886 2133 2954 2200 τῇ
2989 2130 3084 2183 ἐπὶ
3124 2128 3218 2182 τοῦ
3259 2127 3494 2198 βεστίου,
3527 2125 3732 2192 εἱδήσει

2151 2228 2247 2280 καὶ
2288 2225 2565 2297 παρουσίᾳ
2600 2224 2702 2294 τῆς
2752 2222 3066 2294 ἡγουμένης
3117 2219 3501 2290 ἀπογράψεται
3551 2218 3735 2268 πᾶσαν

2150 2317 2357 2370 εἴσοδον
2387 2316 2476 2370 διὰ
2502 2314 2887 2386 νομισμάτων,
2925 2311 3369 2381 εἰσοδιαζομένην
3404 2312 3484 2373 εἰς
3515 2308 3576 2362 τὸ
3635 2325 3735 2377 p.0-

2151 2409 2467 2478 ναστήριον,
2495 2407 2581 2459 οἵα
2606 2406 2702 2458 καὶ
2730 2404 2853 2458 ὅθεν
2885 2405 3054 2457 ἐστίν.
3123 2401 3492 2455 Ἐκϐάλλουσα
3547 2401 3604 2452 δὲ
3639 2398 3735 2452 ἀπ’

2155 2500 2336 2553 αὐτῶν
2378 2497 2672 2567 πρόστάξει
2719 2497 2818 2566 τῆς
2866 2493 3287 2566 καθηγουμένης
3327 2493 3602 2560 ποσότητα
3649 2507 3739 2543 νο-

2156 2591 2473 2662 μισμάτων,
2514 2592 2649 2660 ὅσην
2681 2589 2747 2642 ἂν
2791 2588 2930 2660 αύτὴ
2985 2590 3018 2658 ἡ
3059 2587 3449 2657 καθηγουμένη
3510 2584 3737 2653 θελήσῃ,

2154 2685 2250 2737 καὶ
2281 2682 2751 2753 προσγραφομένη
2783 2680 2990 2749 ταύτην
3020 2681 3079 2732 ὲν
3113 2679 3193 2750 τῷ
3223 2677 3404 2750 μικρῷ
3460 2675 3741 2748 προσγρά-

2155 2795 2262 2848 φῳ,
2301 2779 2442 2848 μετὰ
2471 2777 2570 2843 τῆς
2594 2777 2789 2847 ἑτέρας
2821 2775 3155 2846 δοχειαρίας,
3188 2774 3326 2845 αὑτὴ
3358 2771 3740 2843 παραλήψεται

2153 2873 2382 2940 ταύτην,
2416 2871 2511 2922 καὶ
2546 2869 2813 2934 ὲξοδιάσει
2841 2868 3030 2938 ἔνθαή
3064 2865 3451 2935 καθηγουμένη
3506 2861 3740 2933 προστάο

2161 2963 2261 3028 ξει,
2294 2961 2652 3034 προσγράτου
2687 2959 3061 3033 λεπτομεροῦς
3085 2961 3185 3029 τῆς
3215 2959 3397 3024 ἐξόδου
3429 2957 3535 3009 τῶν
3562 2955 3742 3008 τοιού-

2159 3071 2266 3108 των
2289 3053 2643 3122 νομισμάτων
2673 3054 2965 3123 γινομένου
3003 3050 3133 3120 παρ’
3174 3050 3368 3115 αὐτῆς.
3408 3049 3570 3108 Ἤτις
3601 3046 3746 3112 μετὰ

483 3159 680 3219 spectu
713 3147 939 3202 alterius
967 3146 1333 3214 depositarice.
1362 3145 1651 3214 Rescripta
1677 3154 1862 3199 autem
1889 3161 2052 3215 pecu-

2160 3145 2220 3198 τδ
2254 3145 2640 3216 πληρῶσαιτά
2696 3145 3007 3213 νομίσματα
3039 3146 3370 3212 ἁποκομίσει
3425 3139 3514 3192 τὸν
3571 3137 3746 3207 πρόσ-

477 3241 693 3295 niarum
727 3239 806 3293 sic
855 3231 1242 3307 expensarum,
1271 3235 1494 3305 prOprio
1545 3237 1797 3290 contacio
1846 3235 2052 3291 inserta

481 3334 539 3386 in
596 3330 944 3400 receptaculo
974 3331 1155 3399 jacere
1207 3327 1432 3382 debent.
1459 3327 1669 3380 Dehinc
1715 3326 2048 3396 depositaria

479 3423 672 3478 codem
716 3421 876 3476 modo
911 3420 1047 3474 alias
1089 3420 1349 3490 pecunias
1384 3419 1541 3489 jussu
1583 3417 1852 3488 praelecta:
1899 3434 2052 3472 resu-

482 3523 613 3567 met.
663 3512 732 3567 Et
780 3512 860 3565 sic
913 3511 1008 3563 ﬁet
1081 3509 1134 3562 in
1191 3519 1539 3578 perpetuum.
1591 3507 1845 3563 Arculam
1921 3524 2051 3564 vero

484 3601 797 3675 ltujusmodi
847 3602 1202 3669 pecuniarum
1253 3608 1640 3668 perceptarum
1673 3609 1730 3653 et
1766 3600 2052 3655 insumen-

483 3694 698 3756 darum,
733 3691 1024 3760 sigillatam
1055 3697 1273 3758 oportet
1306 3705 1336 3743 a
1366 3690 1581 3743 duabus
1607 3689 1974 3758 depositariis,
1997 3698 2056 3745 et

485 3785 556 3838 ab
590 3785 710 3851 ipsa
735 3781 1009 3851 praetecta.

2160 3253 2397 3307 γράφον,
2432 3237 2526 3290 καὶ
2557 3236 3054 3308 λογαριασθήσεται
3102 3232 3255 3303 παρά
3308 3231 3405 3300 τῆς
3469 3228 3749 3300 καθηγου-

2165 3330 2355 3401 μένης,
2414 3330 2647 3384 ἐνώπιον
2709 3331 2805 3383 καὶ
2855 3330 2957 3399 τῆς
3021 3327 3216 3396 ἑτέρας
3267 3322 3598 3394 δοχειαρίας.
3632 3320 3749 3372 Καὶ

2161 3423 2484 3495 ὁιπογροισεραί⁵
2513 3423 2622 3476 τῶν
2661 3421 3094 3492 τοιουτοτρόπως
3129 3415 3554 3486 ὲξοδιαζομένων
3586 3427 3749 3480 νομι-

2165 3515 2496 3585 σμάτων,ὲν
2526 3515 2783 3578 ἰδιάζοντι
2831 3512 3104 3582 κοντακίῳ
3163 3509 3275 3580 (l7)
3325 3500 3747 3573 καταστρωννύς-

2165 3622 2344 3674 μεναι,
2377 3607 2455 3666 εἰς
2489 3605 2549 3658 τὸ
2583 3606 2790 3674 δοχείον
2813 3603 3031 3658 κεῖσθαι
3067 3602 3398 3670 ὀφείλουσιν.
3425 3595 3540 3650 Εἶθ’
3572 3594 3750 3656 οὕτως

2163 3696 2493 3766 ἀναλήψεται
2561 3697 2725 3770 πάλιν
2783 3695 2946 3765 ἕτερα
3008 3694 3324 3764 νομίσματα
3370 3692 3405 3754 ἠ
3467 3685 3750 3758 δοχειαρία

2165 3789 2461 3860 προστάξει
2500 3788 2600 3857 τῆς
2633 3787 3077 3858 καθηγουμένης.
3110 3786 3223 3840 Καὶ
3251 3783 3422 3846 οὕτως
3458 3781 3750 3849 γενήσεται

482 3877 566 3940 εἰς
591 3876 654 3930 τὸ
690 3873 956 3942 διηνεκές.
1000 3870 1074 3923 To
1105 3870 1290 3941 μέντοι
1325 3871 1580 3925 κιϐώτιον
1628 3873 1736 3926 τῶν
1795 3875 2057 3930 τοιούτων
2094 3882 2451 3952 νομισμάτων
2511 3883 2611 3952 τῆς
2675 3879 3056 3946 εἰσοδοεξόδου,
3080 3878 3287 3948 ὀφείλει
3310 3872 3752 3946 ἐσφραγισμένον

486 3967 628 4024 εἶναι
660 3965 813 4035 παρά
843 3981 902 4017 τε
929 3961 1037 4016 τῶν
1066 3963 1160 4016 δύο
1199 3964 1542 4036 δοχειαριῶν,
1598 3967 1692 4020 καὶ
1741 3969 1911 4040 αὐτῆς
1963 3972 2062 4042 τῆς
2101 3975 2546 4046 καθηγουμένης.

553 4061 792 4117 Alteram
817 4067 998 4113 autem
1029 4057 1270 4112 arculam
1303 4058 1491 4127 reponi
1513 4058 1765 4114 volumus
1785 4061 1842 4116 in
1869 4077 2064 4119 scevo-

485 4153 760 4225 phylacio,
793 4167 890 4206 seu
925 4150 1190 4214 sacrario,
1219 4149 1511 4220 sigillatam
1539 4167 1570 4206 a
1604 4154 1884 4221 praetecta,
1913 4171 2063 4210 (eco-

486 4261 674 4311 nomo,
737 4257 996 4296 vasorum
1038 4240 1269 4296 custode
1317 4249 1374 4295 et
1419 4241 1796 4312 depositariis,
1847 4246 1904 4300 in
1953 4262 2062 4316 qua

489 4336 787 4393 reconditae
843 4333 1093 4404 pecunia:
1161 4333 1549 4388 servabuntur.
1606 4335 1834 4404 Expleto
1895 4337 2064 4410 igitur

487 4443 652 4492 anno,
673 4427 719 4482 si
743 4425 1093 4480 miseratione
1126 4423 1538 4494 Gratia—plene
1557 4427 1790 4482 residuae
1809 4430 2060 4500 quaedam

2245 4068 2476 4138 Ἕτερον
2537 4066 2594 4120 δὲ
2643 4064 2898 4119 κιϐώτιον
2953 4063 3257 4134 βουλόμεθα
3321 4059 3534 4114 κεῖσθαι
3579 4059 3637 4110 ἐν
3671 4057 3752 4126 τῷ

2170 4157 2639 4227 σκευοφυλακείῳ,
2673 4157 3114 4227 ὲσφραγισμένον
3146 4155 3299 4225 παρά
3333 4169 3392 4205 τε
3443 4155 3540 4220 τῆς
3578 4149 3755 4217 καθη-

2165 4249 2464 4318 γουμένης,
2495 4248 2590 4301 τοῦ
2620 4249 2929 4318 οἰκονόμου,
2960 4249 3060 4316 τῆς
3094 4243 3620 4313 σκευοφυλακίσσης,
3654 4241 3752 4293 καὶ

2164 4338 2271 4391 τῶν
2321 4337 2655 4410 δοχειαριῶν,
2707 4339 2844 4410 ὅπερ
2897 4336 3102 4407 ὀφείλει
3149 4337 3294 4406 ἔχειν
3337 4335 3404 4388 τὰ
3436 4333 3743 4386 ὲναπόθετα

2168 4429 2505 4499 νομίσματα.
2545 4430 2676 4483 Ὅτε
2730 4429 2862 4498 γοῦν
2895 4429 3276 4498 συμπληρωθῇ
3313 4429 3340 4478 ό
3378 4426 3589 4496 χρόνος,
3653 4423 3752 4476 καὶ

488 4519 736 4592 pecunias
780 4518 1019 4586 antiqua:
1063 4516 1343 4586 qualitatis
1391 4517 1762 4585 reperiantur,
1791 4536 1913 4590 quae
1940 4537 2052 4577 mo-

2169 4520 2508 4588 εὑρίσκεται,
2542 4521 2619 4592 τῷ
2671 4521 2772 4593 τῆς
2825 4520 3289 4590 Κεχαριτωμένης
3347 4519 3506 4579 ἐλέει,
3566 4531 3756 4584 περιτ-

490 4612 732 4666 nasterio
781 4625 878 4679 per
916 4609 971 4663 id
1026 4608 1290 4677 temporis
1339 4608 1666 4662 necessariae
1699 4625 1807 4664 non
1841 4612 1974 4676 sint,
2006 4613 2063 4667 in

493 4713 792 4758 memorata
817 4701 1002 4756 arcula
1031 4699 1418 4765 recondentur,
1443 4699 1658 4755 sublato
1683 4704 1836 4771 prius
1861 4703 2060 4774 sigillo,

496 4811 560 4848 ac
593 4792 793 4847 deinde
845 4789 1121 4854 restituto,
1149 4797 1205 4843 ut
1235 4803 1397 4858 supra
1459 4788 1666 4843 dictum
1699 4800 1785 4846 est
1819 4809 1832 4846 :
1864 4792 2066 4863 ﬁatque

495 4887 826 4957 rescriptum
864 4883 1160 4940 recondita:
1191 4883 1436 4953 pecuniae
1463 4899 1478 4948 ;
1533 4893 1592 4937 ut
1625 4883 1670 4938 si
1700 4885 1866 4955 (quod
1899 4885 2065 4956 absit)

492 4997 620 5035 casu
649 4978 906 5048 quopiam
938 4977 991 5029 in
1019 4973 1356 5028 monasterio
1382 4974 1726 5043 obtingente,
1755 4975 2067 5030 necessaria

491 5073 558 5125 ad
589 5071 708 5140 ejus
749 5084 1018 5138 expensas
1070 5067 1293 5122 aliunde
1356 5083 1464 5120 non
1517 5075 1850 5136 suppetant;
1877 5069 2068 5122 avulso

495 5164 640 5217 illius
674 5162 877 5215 arculas
923 5160 1104 5228 sigillo
1138 5159 1208 5213 ab
1240 5158 1309 5213 iis
1355 5159 1450 5226 qui
1488 5157 1638 5212 illam
1686 5159 2065 5228 obsignaram,

495 5268 708 5306 summa
739 5249 985 5321 quazdam
1020 5249 1268 5319 pecuniae
1294 5247 1584 5314 educatur,
1617 5259 1672 5304 et
1705 5247 1771 5302 ad
1819 5259 2069 5318 recepta-

2172 4612 2396 4666 τεύοντά
2423 4630 2542 4666 τινα
2578 4613 2930 4684 νομισμάτων
2959 4613 3200 4673 παλαιᾶς
3254 4611 3539 4677 ποιότητος
3596 4608 3750 4670 ὅντα,

2177 4703 2253 4775 μὴ
2281 4705 2516 4776 χρειώδη
2542 4705 2845 4775 τηνικαῦτα
2870 4705 3208 4772 τυγχάνοντα
3235 4704 3300 4771 τῇ
3345 4703 3503 4770 μονῇ,
3557 4700 3754 4750 ὲναττοο

2175 4796 2419 4850 τίθεσθαι
2442 4798 2614 4850 ταῦτα
2635 4796 2714 4868 τῷ
2745 4796 3022 4866 εἰρημένῳ
3051 4793 3312 4863 κιϐωτίῳ,
3341 4791 3755 4861 ἀποσφραγιζο-

2179 4889 2344 4957 μένῳ,
2384 4892 2476 4940 καὶ
2504 4889 2948 4959 σφραγιζομένῳ,
2990 4886 3169 4948 καθὼς
3200 4884 3458 4953 ἀνωτέρω
3485 4885 3704 4952 εἴρηται
3733 4897 3748 4912 ⁸

2176 4981 2541 5050 προσγραφήν
2572 4995 2631 5030 τε
2665 4978 2913 5047 γίνεσθαι
2935 4977 3035 5046 τῆς
3065 4980 3174 5029 τῶν
3221 4974 3576 5045 νομισμάτων
3623 4975 3732 5026 ἀπο

2177 5071 2415 5134 Θέσεως·
2454 5071 2642 5142 ὥσπερ
2691 5073 2854 5124 πάλιν
2904 5072 3059 5140 (ὅπερ
3107 5068 3464 5139 ἀπεύχομαι),
3511 5066 3754 5135 τυχηροῦ

2174 5179 2319 5224 τινος
2349 5165 2654 5231 συμὺάντος
2683 5167 2760 5226 εἰς
2791 5165 2891 5234 τὴν
2935 5165 3122 5232 μονὴν,
3172 5161 3313 5214 ὥστε
3375 5162 3450 5230 μὴ
3499 5160 3642 5229 ἔχειν
3687 5162 3756 5210 τά

2183 5255 2316 5324 πρὸς
2349 5255 2524 5319 ἔξοδον
2580 5258 2785 5328 ταύτης
2814 5256 3129 5326 ἀλλαχόθεν,
3151 5251 3667 5324 ἀποσφραγίζεσθαι
3692 5248 3755 5301 τὸ

1740 5365 2199 5428 Montfauconii
2239 5379 2426 5431 notae.

566 5471 676 5537 (lli)
712 5469 984 5522 Θέστιον.
1041 5464 1212 5537 vulgo
1274 5464 1480 5518 dicitur
1546 5463 1889 5537 pecndptov,
1943 5479 2070 5537 nam

496 5533 706 5608 βέάτιον
758 5547 842 5593 est
887 5539 1063 5608 ipsum
1104 5533 1513 5592 indumentum.
1549 5533 1984 5604 ’Moschopulus,
2013 5536 2067 5588 in

496 5607 696 5676 Ecloga
725 5624 918 5662 vocum
950 5607 1279 5661 Atticarum.

565 5673 676 5750 (Π.)
701 5678 1038 5750 Κοντακίῳε
1061 5677 1177 5750 Eos
1205 5676 1324 5750 haec
1341 5673 1490 5750 varie
1520 5683 1838 5750 usurpatur.
1860 5675 1915 5750 1.
1944 5693 2067 5728 κον-

503 5744 681 5806 rdine)
717 5758 798 5807 est
845 5763 974 5820 pars
1007 5745 1179 5804 Otlicii
1215 5745 1387 5800 divini
1449 5744 1516 5799 de
1547 5759 1654 5813 qua
1687 5746 1806 5801 t‘use
1851 5744 2062 5800 Goarus

2181 5467 2235 5547 in
2263 5469 2420 5547 Notis
2444 5469 2509 5524 ad
2536 5469 2635 5522 Ειι(
2654 5469 2951 5547 liologtum.
2973 5471 3026 5524 εὶ.
3051 5470 3318 5547 Arcadius
3339 5469 3406 5524 de
3423 5467 3750 5547 concordia.

2178 5540 2456 5594 dicitesse
2513 5538 2886 5595 membranam
2942 5541 3178 5595 rotundo
3208 5540 3361 5608 ligno
3390 5538 3750 5594 circutnyolvi

2175 5609 2416 5663 solitam.
2474 5612 2526 5665 '5.
2569 5610 2956 5676 Muscltopulus
3020 5612 3095 5665 ait
3153 5611 3437 5662 κοντάκιον
3487 5622 3607 5661 esse
3657 5611 3753 5660 τό·

2180 5696 2299 5748 ρον,
2327 5695 2424 5736 seu
2454 5682 2734 5746 volumen,
2771 5698 2882 5750 quo
2904 5697 3066 5736 sensu
3103 5681 3190 5734 hic
3225 5678 3398 5747 accipi
3428 5677 3614 5734 debet.
