4104 6200
439 245 579 311 ιοιι

1882 250 2243 314 TYPICUM.

3547 258 3686 324 1042

423 359 670 413 τοιοῦτον
701 357 953 412 κιϐώτιον
988 358 1138 429 παρὰ
1165 358 1275 412 τῶν
1299 360 1739 429 σφραγιζόντων,
1776 362 1871 414 καὶ
1915 360 2011 411 ἐκ-

2117 360 2302 415 culum
2334 360 2571 433 depositi
2609 364 2880 429 tradatur,
2932 380 3111 436 eoque
3165 376 3325 437 pacto
3383 371 3685 438 procedant

428 450 724 504 ϐάλλεσθαι
748 448 1025 519 ποσότητα
1055 450 1413 518 νομισμάτων
1436 449 1577 514 τινὰ,
1609 450 1704 501 κα)⁵
1767 446 2008 501 δίδοσθαι

426 542 607 595 ταῦτα
630 542 711 602 εἰς
735 539 794 592 τὸ
819 534 1065 605 δοχεῖον,¹
1093 540 1187 593 καὶ
1245 539 1564 608 προϐαίνειν
1615 540 1714 601 τὰς
1771 537 2007 603 ἐξόδους,
2060 586 2071 609 ,

427 630 612 695 καθώς
636 628 847 684 ἀνωθεν
876 628 1120 700 εἴρηται.

994 743 1249 796 ΚΕΦΛΛ.
1309 740 1437 795 KE’.

422 836 564 905 Περὶ
613 833 727 904 τῆς
770 832 1324 920 τραπεζαρίαςηκίιὶ
1382 830 1494 898 τῆς
1529 831 1754 899 ταύτης
1808 832 2010 887 διακο-

1145 921 1300 969 νίας.

492 997 650 1053 Μετὰ
687 998 744 1052 δὲ
760 998 871 1052 τῶν
916 997 1092 1052 ἄλλων
1123 995 1540 1067 διακονητριῶν,
1568 1013 1643 1049 ων
1672 992 1780 1050 οἶδε
1802 995 2010 1049 δεῖσθαι

423 1092 457 1160 ή
481 1090 591 1143 τῶν
617 1088 976 1153 κοινοϐιακῶς
1015 1088 1233 1154 ζώντων
1279 1088 1547 1158 διαγωγὴ,
1611 1091 2009 1159 προχειριεῖται

424 1186 457 1251 ἡ
492 1182 771 1251 ἡγουμένη
801 1183 896 1235 καὶ
933 1182 1309 1254 τραπεζαρίαν
1340 1198 1355 1214 ο
1397 1181 1756 1235 διακονοῦσαν
1793 1184 1891 1252 μὲν
1914 1181 2010 1235 καὶ

425 1277 594 1330 τάλλα
622 1276 835 1345 ὅσαπερ
865 1275 898 1345 ἡ
928 1272 1196 1345 κελλκρέα
1234 1274 1370 1344 αὐτῇ
1410 1272 1745 1343 ἐπιτρέψειε,
1807 1275 1900 1328 καὶ
1953 1275 2009 1326 ἐν

428 1369 565 1439 αὐτῇ
622 1368 679 1420 δὲ
738 1371 804 1438 τῇ
862 1366 1104 1422 ἑστιάσει
1151 1366 1540 1438 περιέρχεσθαι
1590 1366 1691 1438 τὴν
1728 1366 2010 1435 τράπεζαν

427 1457 602 1526 ἡσυχῆ
629 1457 725 1511 καὶ
757 1457 1039 1528 ὴρεμαίως
1072 1456 1397 1525 ὀφείλουσαν
1429 1474 1444 1488 ο
1473 1458 1565 1510 καὶ
1591 1456 1647 1509 εῐ
1692 1474 1846 1520 τινας
1907 1458 2010 1511 ἴδοι

424 1551 537 1602 τῶν
556 1547 801 1618 ἀδελφῶν
832 1546 1147 1619 διοχλούσας
1176 1548 1269 1601 καὶ
1294 1547 1723 1617 ταραττομένας,
1756 1547 1791 1617 ἢ
1845 1547 2010 1617 ψιθυ-

2111 469 2386 524 expensae,
2418 470 2530 526 quo
2562 457 2820 528 superius
2846 457 3054 513 dictum
3088 468 3193 514 est.

2695 733 2918 791 CAPUT
2956 733 3122 790 XXV.

2402 825 2476 879 De
2510 825 2870 894 refectoraria,
2896 835 2945 879 et
2972 827 3037 880 de
3069 827 3181 897 ejus
3209 826 3401 896 ofﬁcio.

2180 917 2320 973 Cum
2360 918 2484 974 aliis
2516 917 2843 974 oﬂicialibus
2887 919 3091 990 quibus
3118 936 3281 990 egere
3328 920 3469 975 snlet
3504 938 3689 976 emno-

2094 1010 2281 1068 ‘bitice
2322 1011 2625 1067 viventium
2657 1013 2995 1079 institutum,
3028 1013 3193 1083 eliget
3223 1014 3477 1084 prtefccta
3508 1024 3565 1069 et
3599 1030 3686 1069 re-

2112 1103 2482 1168 feclorariam,
2535 1120 2658 1175 quae
2705 1122 2829 1160 eum
2887 1107 2940 1160 in
2997 1106 3120 1161 aliis
3169 1107 3593 1177 quibuseunque
3657 1123 3687 1161 a

2112 1195 2335 1250 cellaria
2398 1196 2500 1251 sibi
2557 1197 2830 1252 mandatis
2881 1197 3237 1262 ministrabit,
3294 1209 3407 1253 tum
3460 1201 3514 1253 in
3570 1200 3686 1268 ipsa

2113 1284 2436 1348 refectione,
2460 1300 2705 1340 mensam
2731 1286 2918 1355 quiete
2950 1296 3007 1341 et
3036 1285 3372 1355 pedetentim
3406 1287 3685 1343 eireuibit.

2112 1375 2181 1431 Et
2215 1376 2261 1431 si
2296 1391 2434 1446 quas
2479 1392 2733 1432 sororum
2766 1377 2965 1431 viderit
3016 1378 3206 1433 turbas
3238 1379 3562 1444 excitantes,
3596 1390 3690 1433 aut

2113 1467 2482 1538 perturbatas,
2500 1468 2585 1523 vel
2608 1479 2978 1533 susurrantes,
3002 1469 3208 1525 leniter
3234 1487 3328 1525 eas
3362 1471 3607 1525 monebit
3632 1481 3691 1525 ut

2114 1558 2423 1629 quiescant,
2465 1558 2895 1631 hortabiturque
2943 1567 3003 1614 ut
3040 1569 3225 1616 mente
3274 1562 3526 1631 psallam,
3554 1570 3610 1616 et
3657 1578 3692 1617 a

429 1639 707 1711 ριζούσας,
765 1639 951 1709 ἠρέμα
1000 1639 1206 1701 ταύτας
1260 1636 1492 1709 ἡσυχίας
1541 1637 2007 1708 ὑπομιμνήσκειν,

2114 1650 2391 1721 colloquio
2419 1649 2753 1707 abstineant.

424 1732 520 1785 καὶ
581 1728 982 1801 συμϐουλεύειν
1023 1730 1215 1794 αὐταῖς
1270 1728 1495 1799 ψάλλειν
1540 1730 1684 1784 κατά
1734 1728 1883 1796 νοῦν,
1911 1731 2012 1785 καὶ

420 1826 640 1894 ὁμιλίας
671 1823 1003 1894 ἀπέχεσθαι.

497 1916 608 1971 Καὶ
637 1917 863 1984 προσέτι
893 1914 1119 1987 μελήσει
1151 1915 1343 1985 ταύτῃ,
1370 1918 1466 1973 καὶ
1516 1921 1550 1991 ὴ
1594 1921 1706 1975 τῶν
1760 1921 2009 1991 ἀδελφῶν

423 2006 780 2079 ἁκριϐολογία
807 2022 823 2039 ο
858 2007 953 2060 καὶ
982 2007 1045 2060 τὸ
1075 2005 1151 2079 μή
1188 2008 1477 2078 ἀγνοῆσαι,
1536 2011 1621 2075 τίς
1689 2012 1789 2083 μὲν
1827 2012 2009 2067 αὐτῶν

420 2099 484 2152 οὐ
516 2098 698 2170 παρῆν
726 2102 782 2152 ἐν
802 2103 870 2172 τῇ
900 2099 1244 2171 εὐχαριστίᾳ,
1274 2101 1358 2164 τίς
1379 2102 1435 2155 δὲ
1469 2104 1772 2176 ἀπελείφθη
1805 2108 1884 2170 είς
1906 2106 2009 2177 τὴν

422 2191 667 2245 ἑστίασιν
696 2208 712 2223 ’
738 2190 988 2264 καὶπερὶ
1020 2192 1261 2265 ἑκάστης
1314 2194 1672 2263 ἀναγγέλλειν
1722 2201 1790 2270 τῇ
1841 2216 2009 2271 προε-

425 2283 630 2357 στώσῃ.
682 2285 756 2338 Ἦ
788 2286 909 2337 κατ’
934 2283 1145 2337 οἰκείαν
1169 2284 1436 2356 ἐπιλογήν
1464 2305 1525 2341 τε
1556 2290 1652 2343 καὶ
1712 2292 2007 2361 πρόκρισιν

419 2375 519 2438 τὰς
570 2374 845 2429 διακονεῖν
893 2374 1217 2444 ὀφειλούσας
1246 2414 1262 2441 ,
1313 2377 1390 2441 ώς
1436 2378 1700 2442 πολλάκις
1766 2382 2005 2452 εἴρηται,

421 2466 905 2537 προχειριζομένη,
953 2465 1042 2519 ἐπ’
1096 2466 1454 2536 άδείαςέξει,
1492 2469 1593 2534 τάς
1647 2470 1749 2541 μὲν
1800 2472 2008 2527 ἀκατα-

424 2556 685 2620 γνώστως
714 2556 816 2628 τὴν
875 2557 1267 2611 πιστευθεῖσαν
1323 2561 1656 2631 ἐνεργούσας
1705 2562 2004 2631 διακονίαν,

424 2649 520 2717 ἐᾷν
554 2647 608 2700 εῐ
624 2664 688 2715 γε
714 2646 959 2717 βούλοιτο
988 2647 1079 2701 ἐπὶ
1111 2648 1365 2703 πλεῖστον
1418 2652 1648 2714 ταύταις
1700 2653 2009 2724 ἐνασχολεῖ-

426 2737 591 2793 σθαι’
643 2738 746 2802 τὰς
793 2738 852 2791 δὲ
912 2739 987 2811 μὴ
1034 2739 1109 2804 ώς
1159 2740 1339 2812 θέμις,
1379 2742 1516 2813 ὅπερ
1565 2743 1757 2815 ἀπείη,
1801 2744 2009 2810 ταύτας

427 2831 975 2902 μεταχειχιζομένας,
1008 2831 1083 2896 ὡς
1104 2832 1398 2904 ἀδοκίμους
1429 2838 1744 2904 μετακινεῖν
1766 2877 1782 2902 ,
1814 2837 2007 2908 ἐτέρας

422 2923 481 2976 δέ
507 2921 919 2993 ἀντικαθιστᾷν.
952 2923 1065 2976 Καὶ
1094 2925 1126 2995 ή
1165 2924 1266 2995 μὶν
1300 2925 1693 2998 καθηγουμὲνη
1729 2928 1822 2982 ἐπὶ
1876 2929 2009 2982 ταύ-

2180 1916 2414 1988 lnsuper
2443 1931 2590 1973 cura:
2620 1916 2729 1972 erit
2765 1917 2892 1987 ipsi,
2923 1922 3171 1971 exactam
3212 1930 3467 1971 sororum
3517 1916 3693 1971 ratio-

2109 2023 2234 2063 nem
2274 2021 2680 2077 numerumque
2715 2006 2959 2061 habere:
2992 2021 3172 2076 neque
3230 2006 3504 2075 ignorabit
3534 2022 3687 2075 quae-

2109 2118 2235 2158 nam
2270 2116 2462 2157 earum
2496 2101 2795 2171 gratiarum
2832 2098 3035 2154 actioni
3084 2112 3195 2153 non
3244 2097 3502 2164 adfuerit,
3532 2112 3684 2168 qua:-

2110 2208 2234 2248 nam
2260 2208 2291 2247 a
2313 2191 2616 2247 refectione
2638 2190 2880 2245 abfuerit
2903 2207 2918 2255 ;
2941 2198 2999 2245 et
3023 2188 3091 2243 de
3115 2188 3347 2259 singulis
3368 2188 3681 2258 praefeetam

2109 2285 2402 2341 certiorem
2463 2283 2646 2338 faciet.
2697 2281 2822 2344 Cui,
2878 2288 2940 2335 ut
3014 2280 3238 2350 propria
3298 2279 3568 2335 electione
3630 2288 3689 2334 et

2108 2378 2460 2449 cooptatione
2506 2376 2767 2432 oﬂiciales
2816 2372 3151 2437 instituenti,
3200 2380 3262 2427 ut
3307 2386 3688 2442 saepenumero

2109 2470 2315 2526 dictum
2340 2476 2447 2534 est,
2466 2467 2741 2539 integrum
2767 2466 2898 2530 erit,
2922 2480 3017 2521 eas
3038 2479 3158 2535 quae
3182 2463 3457 2533 ineulpate
3478 2463 3691 2518 credito

2109 2561 2216 2618 sibi
2247 2560 2427 2615 ofﬁcio
2477 2558 2803 2629 funguntur,
2840 2557 3046 2622 sinere,
3078 2555 3126 2611 si
3160 2554 3383 2625 quidem
3428 2554 3686 2619 voluerit,

2110 2653 2249 2724 ipsis
2303 2653 2515 2708 diutius
2567 2665 2792 2722 operam
2855 2650 3031 2705 dare:
3066 2664 3189 2719 qua:
3223 2664 3355 2703 vero
3388 2648 3479 2702 illa
3531 2662 3691 2703 secus

2109 2760 2276 2815 quam
2318 2760 2419 2814 par
2456 2753 2560 2811 est,
2586 2742 2733 2814 quod
2765 2741 2932 2805 absit,
2958 2740 3368 2804 administrant,
3392 2748 3455 2793 ut
3482 2739 3692 2809 impro-

2108 2836 2210 2892 bas
2259 2852 2542 2900 amovere,
2569 2846 2627 2890 et
2675 2850 2869 2890 earum
2908 2834 3033 2889 loco
3070 2833 3207 2887 alias
3255 2832 3569 2886 instituere.
3620 2830 3690 2884 Et

2107 2930 2375 2999 praefecta
2422 2927 2648 2998 quidem
2694 2942 2760 2981 ex
2809 2926 3081 2980 sententia
3118 2936 3175 2980 et
3221 2924 3380 2979 libito
3417 2939 3517 2978 suo
3560 2939 3690 2993 erga

423 3032 545 3078 ταις
588 3016 787 3087 πράξει
826 3016 895 3068 τά
926 3017 1069 3071 κατά
1100 3017 1328 3090 γνώμην
1356 3020 1525 3091 ἑαυτῇ
1562 3020 1655 3073 καὶ
1684 3020 1999 3091 ἀρέσκειαν.

2114 3023 2259 3094 ipsas
2307 3037 2367 3077 se
2410 3028 2587 3093 geret.
2623 3018 2737 3089 Ego
2769 3032 2902 3072 vero
2935 3031 3128 3072 omnes
3161 3015 3447 3083 adhortor,
3490 3016 3692 3086 quibus

437 3106 582 3176 Ἐγὼ
607 3107 664 3161 δὲ
696 3110 900 3173 πάσαις
928 3110 1297 3180 παραγγέλλω
1346 3113 1465 3176 ταῖς
1512 3112 1800 3182 ἡντιναοῦν
1833 3113 2010 3169 διακο-

421 3201 545 3252 νίαν
575 3202 1047 3270 πεπιστευμέναις
1086 3201 1247 3272 μέχρι
1274 3201 1384 3255 τῶν
1418 3203 1683 3271 ἐσχάτων,
1720 3205 1817 3257 καὶ
1850 3206 1927 3269 ὡς
1952 3207 2009 3259 ἐν

426 3290 584 3361 μέρει
615 3292 835 3363 χάριτος
865 3293 1002 3347 αίτῶ
1027 3295 1157 3363 παρ’
1186 3293 1386 3358 αὐτῶν,
1412 3293 1474 3347 τὸ
1495 3294 1674 3355 καλῶς
1693 3312 1751 3347 τε
1771 3298 1864 3349 καὶ
1888 3296 2008 3350 θεο-

425 3381 596 3449 φιλῶς
610 3383 848 3455 ἑκάστην
870 3384 969 3455 τὴν
992 3384 1191 3454 ἐαυτῆς
1210 3384 1394 3437 ἀνύειν
1418 3385 1724 3440 διακονίανο
1749 3388 1844 3440 καὶ
1866 3386 2011 3440 οὕτω

423 3470 729 3528 διακεῖσθαι
760 3475 1022 3545 πρὸςτὴν
1062 3476 1174 3530 τῶν
1203 3476 1518 3544 ἀνηκόντων
1543 3477 1910 3547 ἐκπλήρωσιν,
1936 3480 2010 3542 ώς

422 3560 525 3614 καὶ
540 3564 937 3633 πιστευομένας
960 3564 1030 3618 τά
1052 3564 1147 3617 τοῦ
1165 3562 1323 3629 Θεοῦ,
1357 3563 1452 3617 καὶ
1467 3564 1543 3633 τῷ
1564 3565 1684 3635 Θεῷ
1705 3565 1902 3635 ὑφεξού
1912 3585 2011 3630 σας

424 3654 518 3707 τὸν
542 3656 635 3708 ἐπὶ
660 3655 869 3720 τούτοις
888 3655 1069 3723 λόγον,
1089 3654 1240 3708 ὥσπε
1248 3671 1281 3725 ρ
1303 3654 1415 3724 ἔχει
1439 3655 1533 3708 καὶ
1548 3656 1581 3726 ἡ
1596 3656 1839 3727 ἀλήθεια.
1872 3659 2013 3713 Πάν-

423 3764 495 3800 τα
531 3748 638 3818 γάρ
673 3748 703 3800 ὁ
734 3746 1118 3817 φιλάνθρωπος
1142 3746 1276 3810 Θεὸς
1297 3746 1375 3812 τὰ*
1396 3747 1527 3818 παρ’
1557 3748 1714 3819 ήμῶν
1740 3753 1819 3814 εἰς
1844 3751 2011 3823 ἀλλή-

422 3837 551 3900 λους
583 3837 841 3907 γινόμενα
880 3836 1280 3908 φιλανθρώπως
1309 3840 1389 3901 εἰς
1428 3839 1620 3895 ἐαυτὸν
1666 3842 2008 3913 ἀναδέχεται,

428 3927 609 3993 καθὼς
635 3928 705 3981 τά
734 3928 855 4000 ίερά
878 3929 1223 3984 διδάσκουσιν
1250 3930 1399 4000 ἡμᾶς
1430 3931 1765 4001 Εύαγγέλία,
1821 3936 1881 3987 ἐν
1929 3930 2013 4000 οἷς

427 4022 601 4091 λέγων
645 4021 806 4085 αὐτὸς
835 4020 1132 4089 φαίνεται·
1191 4041 1212 4075 t
1262 4022 1381 4093 Ἐφ’
1423 4024 1545 4077 ὅσον
1585 4025 1885 4097 ἐποιήσατε
1930 4029 2013 4083 ἑνὶ

430 4114 659 4181 τούτων,
690 4115 814 4185 ἐμοὶ
849 4116 1171 4187 ἐποιήσατε·
1195 4115 1289 4170 καὶ
1318 4116 1406 4188 ἐφ’
1432 4117 1554 4173 ὅσον
1570 4118 1671 4172 οὐκ
1693 4120 2007 4192 ἐποιήσατε,

429 4207 554 4259 οὐδὲ
589 4207 713 4277 ἐμοὶ
742 4208 1054 4278 ἐποιήσατε.
1096 4226 1115 4259 ι

505 4298 619 4353 Καὶ
642 4300 948 4367 παρακαλῶ
976 4300 1257 4370 ὀλοψύχως
1276 4300 1387 4355 τῶν
1430 4301 1719 4358 διακονιῶν
1769 4305 2010 4377 ἔχεσθαι,

436 4391 531 4443 καὶ
552 4389 627 4459 μή
658 4390 963 4461 ὀλιγωρεῖν,
1001 4389 1033 4461 ἢ
1066 4369 1493 4459 ἀπογινώσκειν,
1522 4390 1598 4457 ώς
1645 4394 1747 4463 τὴν
1798 4369 2011 4451 ima»)
2047 4369 2089 4425 θ

433 4479 841 4542 ἀπολωλεκυίας
866 4479 1157 4549 ὠφέλειαν,
1172 4480 1697 4553 ἀπολιμπανομινας
1716 4485 1826 4539 τῶν
1848 4486 2010 4540 θείων

432 4569 707 4636 συνάξεων
730 4572 793 4623 ἐκ
815 4570 917 4639 τῆς
946 4572 1027 4633 είς
1052 4572 1153 4633 τὰς
1201 4570 1483 4636 διακονίας
1535 4574 1793 4645 ἀσχολίας
1824 4593 1840 4610 ·
1893 4579 2010 4633 ἀλλ’

430 4660 686 4731 εὐθύμως
717 4661 916 4731 μᾶλλον
933 4661 1078 4732 ἔχειν
1101 4661 1194 4715 καὶ
1210 4664 1572 4734 χαρμοσύνως
1597 4666 2008 4739 διακελεύομαι,

431 4754 514 4806 ὅτι
535 4754 821 4825 ἐνίσχυσεν
850 4754 1020 4819 αύτάς
1072 4756 1100 4809 ὁ
1135 4755 1340 4827 Κύριος
1377 4759 1499 4821 ταῖς
1536 4760 1859 4829 πρεσϐείαις
1915 4765 2016 4836 τῆς

433 4848 797 4918 ἀπειράνδρου
816 4849 911 4902 καὶ
936 4850 1390 4922 κεχαριτωμένης
1427 4851 1653 4921 Μητρὸς
1672 4854 1863 4918 αὑτοῦ,
1894 4860 2016 4922 ταῖς

434 4939 616 4993 αὐτῶν
669 4940 931 5010 ἀδελφαῖς
984 4941 1128 4995 κατά
1180 4942 1414 5012 μίμησιν
1441 4944 1655 4997 ἐκείνου
1674 4946 2013 5016 διακονῆσαι,

435 5030 496 5094 ὃς
533 5047 701 5101 φησιν
738 5047 753 5063 ⁸
792 5051 811 5083 ι
853 5032 968 5085 Οὐκ
997 5028 1163 5103 ἦλθον
1183 5032 1599 5104 διακονηθῆναι,
1655 5036 1792 5090 ἀλλά
1828 5038 2013 5093 διακο-

436 5124 623 5193 νῆσαι,
680 5123 775 5177 καὶ
807 5123 980 5178 θεῖναι
1008 5125 1103 5195 τὴν
1129 5123 1314 5194 ψυχήν
1350 5142 1452 5195 μου
1488 5125 1685 5195 λύτρον
1716 5129 1836 5182 ἀντὶ
1883 5131 2014 5185 πολ-

436 5215 569 5270 λῶν.
606 5235 625 5267 ι
679 5215 901 5286 Ὁρᾶτε,
928 5216 1173 5285 ἀδελφαὶ,
1204 5218 1355 5269 ποῖον
1387 5218 1548 5271 αὑταὶ
1574 5219 1735 5291 ἔργον
1766 5222 2014 5295 ἀποπλη-

440 5306 621 5377 ροῦτε,
643 5308 805 5378 ὁρᾶτε
840 5308 969 5360 τίνα-
992 5307 1267 5377 μιμεῖσθε.
1286 5307 1511 5379 βλέπετε
1534 5310 1614 5365 ὅτι
1638 5310 1699 5365 τὸ
1723 5314 2016 5382 κεφάλαιον

442 5398 644 5457 παντὸς
705 5397 915 5466 ἀγαθοῦ
972 5398 1073 5467 τὴν
1128 5398 1352 5471 ἀγάπην
1409 5400 1760 5473 μετέρχεσθε.
1790 5405 2016 5477 Χαίρειν

446 5488 544 5557 μὲν
573 5484 664 5546 οῦν
686 5490 768 5545 δεῖ
799 5490 894 5544 καὶ
930 5492 1157 5563 σκιρτᾷν
1187 5489 1352 5561 ὑμᾶς,
1383 5492 1466 5546 ὃτι
1500 5492 1529 5546 δ
1576 5494 1731 5566 μόλις
1779 5496 2016 5553 δύναιντ’

522 5665 564 5697 ⁸³
598 5664 791 5722 Matth.
823 5681 944 5735 xxv,
972 5665 1063 5723 ιο.
1140 5667 1184 5700 ¹²
1219 5665 1412 5732 Matth,
1444 5682 1535 5737 xx,
1565 5666 1656 5723 ‘28.

2114 3112 2405 3184 quodlibet
2444 3112 2528 3167 vel
2567 3109 2856 3164 minimum
2893 3107 3131 3163 ofﬁcium
3166 3108 3548 3163 concreditum
3580 3116 3689 3169 est,

2111 3215 2167 3261 et
2198 3205 2354 3274 quasi
2408 3204 2526 3257 vice
2559 3202 2747 3273 gratia:
2806 3200 2876 3254 ab
2903 3200 3037 3268 ipsis
3074 3199 3314 3269 postulo,
3353 3209 3414 3253 ut
3461 3200 3689 3269 singula:

2113 3305 2260 3350 recte
2285 3303 2341 3348 et
2360 3293 2428 3347 ad
2455 3293 2549 3347 Dei
2575 3294 2862 3362 placitum,
2886 3289 3125 3344 officium
3152 3305 3310 3343 suum
3339 3292 3685 3358 persolvant:

2112 3383 2303 3451 sicque
2351 3396 2410 3436 se
2438 3381 2679 3435 habeant
2715 3379 2781 3433 ad
2829 3378 3240 3434 exsecutionem
3288 3393 3471 3432 rerum
3513 3379 3578 3433 ad
3634 3395 3692 3434 se

2114 3474 2506 3544 spectantium,
2539 3488 2603 3527 ac
2644 3472 2691 3541 si
2731 3472 2825 3527 Dei
2864 3471 3081 3542 negotia
3114 3469 3221 3525 sibi
3261 3470 3551 3524 commissa
3602 3485 3693 3525 es-

2113 3577 2257 3627 sent.
2292 3565 2359 3621 de
2398 3564 2601 3636 quibus
2628 3564 2741 3618 Deo
2767 3562 3037 3618 rationem
3071 3561 3370 3617 redditura:
3396 3570 3599 3627 essent,
3634 3574 3693 3615 ut

2115 3674 2306 3713 revera
2333 3673 2391 3713 se
2435 3655 2624 3711 habet.
2654 3655 2933 3725 Benignus
2963 3653 3113 3709 enim
3151 3653 3692 3724 Deus,,qu:eeunque

2112 3768 2213 3823 pro
2272 3752 2398 3806 aliis
2435 3758 2630 3805 mutuo
2663 3748 2898 3817 agimus,
2935 3746 3173 3817 benigne
3208 3747 3260 3801 in
3312 3747 3554 3817 seipsum
3601 3763 3689 3802 re-

2113 3844 2269 3914 cipit,
2301 3853 2362 3897 ut
2400 3851 2590 3898 sancta
2642 3840 2845 3895 docent
2877 3854 2978 3896 nos
2998 3839 3331 3909 Evangelia,
3357 3839 3451 3892 ubi
3502 3838 3693 3893 dicens

2114 3935 2229 4005 ipse
2256 3934 2580 4005 perhibetur
2608 3949 2622 3986 :
2658 3950 2676 3983 ι
2705 3930 2764 3987 In
2797 3939 3066 4001 quantum
3099 3929 3306 3984 fecistis
3336 3928 3430 3983 uni
3450 3929 3691 3995 illorum,

2114 4029 2249 4086 mihi
2286 4030 2514 4093 fecistis,
2546 4034 2602 4082 et
2648 4025 2703 4080 in
2755 4032 3022 4095 quantum
3074 4038 3185 4077 non
3236 4020 3466 4088 fecistis,
3511 4036 3693 4091 neque

2116 4122 2250 4177 mihi
2293 4120 2501 4177 fecistis
2529 4120 2594 4172 ²¹.
2638 4136 2657 4168 ι

2186 4307 2255 4362 Ει
2285 4319 2437 4377 rogo,
2466 4309 2527 4358 ut
2575 4306 2691 4356 toto
2730 4299 2915 4353 animo
2956 4296 3151 4351 ofﬁciis
3187 4295 3303 4351 suis
3332 4311 3556 4366 operam
3590 4308 3693 4350 na-

2120 4407 2273 4463 vent,
2300 4410 2480 4466 neque
2516 4393 2607 4448 illa
2663 4390 2963 4461 negligant,
3009 4390 3098 4442 vel
3156 4387 3399 4441 animum
3451 4386 3693 4455 despon-

2120 4489 2310 4551 deant,
2333 4501 2397 4540 ac
2424 4489 2468 4540 si
2492 4483 2769 4552 dispereat
2796 4495 2984 4535 earum
3010 4478 3469 4540 emolumentum,
3490 4475 3694 4546 quippe

2120 4596 2244 4652 quae
2283 4594 2383 4649 pro
2414 4575 2651 4646 negotiis
2680 4572 2844 4629 ofﬁcii
2882 4570 2967 4626 sui
2995 4569 3213 4625 divinos
3254 4577 3562 4623 conventus
3592 4566 3694 4620 de-

2121 4686 2305 4729 serere
2358 4675 2671 4740 cogantur:
2718 4665 2815 4721 sed
2858 4663 3049 4717 hortor
3107 4659 3301 4731 magis,
3329 4667 3391 4713 ut
3449 4658 3596 4713 bono
3640 4668 3698 4713 et

2125 4764 2250 4819 larto
2310 4759 2422 4815 sint
2476 4758 2682 4819 animo,
2715 4752 2862 4824 quod
2915 4750 3179 4807 Dominus
3228 4749 3371 4819 ipsas
3419 4746 3697 4804 roborarit
3756 4791 3761 4797 .

2126 4849 2618 4910 intercessionibus
2640 4846 2742 4900 viri
2766 4844 3012 4915 expertis
3038 4852 3093 4897 et
3114 4841 3287 4914 gratia
3310 4840 3483 4909 plenae
3508 4836 3698 4892 Matris
3752 4842 3755 4843 ⁷

2123 4949 2263 5019 ejus,
2298 4944 2365 5000 ad
2417 4939 2843 4997 ministrandum
2889 4935 3175 4991 sororibus
3212 4933 3347 4997 suis,
3399 4930 3465 4985 ad
3514 4929 3698 4984 imita-

2125 5018 2331 5093 tionem
2380 5032 2529 5088 illius
2582 5028 2673 5100 qui
2708 5028 2785 5082 ait
2818 5043 2832 5082 :
2865 5044 2882 5077 ι
2923 5026 3041 5080 Non
3077 5024 3201 5080 veni
3238 5019 3560 5082 ministrari,
3598 5018 3694 5074 sed

2122 5129 2459 5185 ministrare,
2480 5133 2536 5179 et
2560 5136 2765 5194 ponere
2783 5119 3018 5175 animam
3050 5130 3227 5171 meatu
3255 5113 3692 5183 redemptionem

2124 5238 2226 5293 pro
2268 5219 2455 5276 multis
2487 5218 2554 5272 ".
2589 5234 2609 5269 ι
2643 5213 2857 5277 Videte,
2897 5224 3140 5272 sorores,
3168 5207 3331 5278 quale
3374 5205 3507 5276 ipsa:
3558 5219 3697 5273 opus
3780 5231 3785 5235 ο

2125 5312 2421 5384 impleatis,
2443 5309 2626 5364 videte
2650 5320 2811 5376 quem
2833 5301 3148 5367 imitemini,
3170 5298 3516 5357 considerate
3544 5296 3694 5369 quod

2127 5415 2291 5477 caput
2337 5402 2516 5458 omnis
2552 5399 2679 5456 boni
2722 5398 3045 5453 charitatem
3082 5391 3518 5464 consequamini.
3543 5389 3693 5447 Gau-

2125 5497 2257 5556 dere
2292 5496 2457 5568 igitur
2484 5508 2580 5551 vos
2610 5498 2833 5563 oportet
2862 5496 2918 5545 et
2938 5487 3232 5555 exsultare,
3261 5483 3391 5559 quia
3421 5481 3567 5556 quod
3604 5480 3695 5538 vix
