4104 6200
452 219 586 280 1043

1709 207 1994 268 IRENES
2034 205 2415 267 AUGUSTIE

3565 193 3705 257 10H

447 335 664 390 efﬁcere
697 329 980 400 potuerint
1009 340 1128 396 quae
1174 324 1410 378 orationi
1456 320 1805 383 incumbunt,
1833 317 1889 372 id
1926 331 2021 371 vos

2131 316 2188 370 iw
2215 314 2562 386 κατορθῶσαι
2595 313 2734 383 αἰτῇ
2757 313 2887 381 εὖχῇ
2923 309 3376 380 προσανέχουσαι,
3406 308 3553 379 ἔργῳ
3579 309 3706 362 καθ’

448 440 615 497 opere
651 421 896 492 quotidie
931 415 1261 486 adimpletis.
1293 415 1471 468 Beata:
1496 411 1631 466 estis
1657 410 1727 464 ob
1757 408 1890 464 illud
1925 423 2024 463 ne-

445 519 602 590 gotii,
646 525 700 571 et
729 512 1078 569 mmulatione
1107 508 1283 577 digna:
1311 524 1324 570 ;
1360 520 1484 558 nam
1523 503 1667 558 bona
1697 501 1919 572 quidem
1944 503 2030 554 est

447 611 622 664 oratio
654 616 711 660 et
744 596 1050 658 'admodum
1104 602 1269 666 bona,
1315 616 1436 669 qua:
1492 614 1592 654 nos
1643 601 1754 654 Deo
1789 595 2028 665 colloqui

447 703 596 761 facit,
623 707 674 754 et
709 713 738 750 a
772 705 916 750 terra
941 694 1007 749 ad
1036 695 1234 750 cretum
1264 693 1450 747 evehit
1474 709 1490 758 ;
1516 691 1612 747 sed
1642 691 1815 744 multo
1835 688 2029 743 melior

445 804 501 847 et
531 791 702 846 multo
740 787 915 858 major
942 795 1025 842 est
1046 787 1306 841 charitas.
1335 785 1429 839 llla
1457 783 1605 838 enim
1636 793 1723 839 est
1749 797 1878 851 pars
1910 780 2024 835 vir-

449 882 602 945 tutis,
629 878 684 934 et
713 879 980 932 universa:
1004 875 1362 946 perfectionis
1388 880 1730 944 segmentum
1755 880 1806 926 et
1837 870 2025 941 portio

447 975 713 1043 quaedam.
741 971 993 1028 Charitas
1024 984 1156 1024 vero
1189 976 1273 1023 est
1302 968 1423 1036 ejus
1467 974 1632 1037 caput
1674 974 1729 1020 et
1762 977 2022 1018 consum-

447 1067 637 1130 matio;
655 1064 982 1118 exultantem
998 1060 1141 1116 enim
1165 1059 1530 1113 humilitatem
1546 1057 1649 1111 sibi
1670 1056 2021 1126 coniunctam

446 1154 688 1215 exhibet,
712 1168 925 1207 necnon
962 1149 1393 1205 misericordiam
1421 1157 1476 1201 et
1506 1147 1924 1216 benignitatem,
1951 1145 2022 1198 ob

445 1262 584 1316 quas
626 1245 878 1315 inprimis
909 1245 1052 1298 Deus
1083 1242 1259 1296 iactus
1285 1249 1370 1294 est
1401 1239 1586 1298 homo.
1612 1252 1844 1307 quarum
1879 1237 2022 1290 Dens

446 1339 669 1394 nomine
715 1345 980 1400 vocatur;
1017 1346 1072 1389 et
1110 1349 1207 1402 per
1265 1347 1403 1400 quas
1468 1330 1632 1384 homo
1667 1330 1812 1382 Deus
1863 1327 2020 1382 exhi-

447 1429 631 1487 betur.
665 1438 719 1481 et
755 1425 964 1480 caelesti
994 1423 1141 1478 Patri
1173 1421 1385 1476 similis.
1408 1419 1519 1475 Cur
1546 1419 1730 1488 itaque
1763 1420 2020 1472 thesauro

444 1532 501 1574 ct
533 1520 710 1590 capite
741 1519 957 1572 illorum
991 1517 1238 1570 omnium
1265 1513 1536 1567 bonorum
1568 1511 1815 1573 dimisso,
1842 1510 1909 1564 ad
1944 1510 2022 1564 in-

448 1609 672 1672 feriora,
717 1616 773 1660 et
817 1605 883 1660 ad
937 1606 1103 1658 unius
1153 1602 1499 1672 adeptionem
1543 1599 2019 1655 curritis?Satius

446 1699 648 1769 quippe
681 1707 828 1753 esset
861 1705 1023 1766 caput
1056 1696 1212 1765 prius
1265 1695 1411 1748 nullo
1466 1692 1687 1762 negotio
1723 1706 2015 1760 occupare,

447 1806 512 1845 ac
544 1790 772 1843 firmiter
805 1785 1293 1856 comprehendere,
1327 1783 1620 1853 omniaque
1650 1783 1828 1836 facere
1859 1797 1926 1836 ne
1951 1797 2018 1836 eo

446 1880 734 1937 excidatis.
769 1880 1074 1940 Timemus,
1107 1877 1254 1932 dicet
1312 1877 1585 1946 quaedam,
1610 1875 1680 1928 ob
1738 1872 1897 1927 oﬂicii
1932 1873 2019 1926 di-

447 1975 557 2028 vini
597 1970 1118 2042 praetermissionem
1150 1987 1164 2034 ;
1198 1969 1292 2022 sed
1323 1984 1392 2022 ne
1420 1967 1688 2031 timeatis;
1714 1982 1848 2036 pura
1874 1966 2018 2020 enim

447 2066 723 2122 confessio
763 2063 1034 2133 ejusmodi
1066 2063 1224 2117 vobis
1256 2059 1773 2131 przetermissionem
1805 2059 2024 2128 supple-

452 2157 555 2219 bit,
591 2154 806 2209 veniam
852 2153 975 2223 jure
1023 2151 1180 2206 vobis
1241 2150 1564 2204 concilians.
1619 2147 2022 2204 Tantummodo

447 2243 838 2316 praetermissio
874 2243 988 2297 haec
1023 2257 1052 2295 a
1085 2239 1316 2310 segnitie
1368 2255 1477 2293 non
1529 2239 1832 2309 procedat:
1871 2238 1923 2292 id
1958 2237 2023 2290 ti-

446 2337 663 2400 mentis,
713 2335 768 2390 id
819 2332 1159 2388 attendatis:
1208 2332 1254 2386 si
1307 2348 1440 2386 vero
1497 2331 1629 2387 illud
1670 2347 1780 2386 non
1833 2330 2019 2396 fuerit,

445 2430 674 2500 gaudete
703 2429 868 2483 alacri
899 2427 1084 2482 animo
1113 2425 1306 2481 ciliciis
1331 2426 1732 2507 incumbentes.

1001 2618 1230 2674 CAPUT
1269 2617 1456 2673 XXVI.

450 2711 522 2766 De
576 2712 901 2766 institutione
962 2709 1532 2779 epistemonarchissa’,
1584 2725 1674 2763 seu
1731 2709 2023 2779 disciplina:

834 2779 1148 2848 pra’positw,
1172 2785 1219 2828 et
1257 2778 1369 2846 ejus
1402 2778 1584 2846 oﬂicio.

517 2868 781 2925 Praefecta
802 2866 1414 2935 epistemonarchissam
1443 2867 1672 2935 insuper
1692 2867 2019 2938 designabit,

2135 409 2374 477 ἑκάστην
2403 407 2565 461 αὐταὶ
2599 404 2960 473 ἐκπληροῦτε.
2991 403 3276 471 Μακάριαί
3321 404 3441 454 ἐστε
3473 403 3573 470 τῆς
3618 405 3707 454 tv-

2133 501 2306 556 ταῦθα
2336 500 2611 569 ἀσχολίας,
2638 498 2730 552 καὶ
2750 497 3008 567 ζηλωταί.
3043 496 3194 567 Καλὴ
3242 497 3342 566 μὲν
3391 495 3499 564 γὰρ
3532 495 3626 547 καὶ
3670 496 3705 564 ἡ

2132 591 2436 663 προσευχὴ,
2468 592 2561 643 καὶ
2592 591 2796 660 σφόδρα
2828 588 3124 658 καλὴ,Θεῷ
3157 586 3508 656 προσομιλεῖν
3555 587 3706 655 ἡμᾶς

2131 683 2381 748 ποιοῦσα,
2411 682 2505 734 καὶ
2534 680 2642 734 ἀπὸ
2667 681 2768 748 γῆς
2805 682 2885 742 εἰς
2926 679 3153 750 οὐρανὸν
3187 679 3416 749 αἴρουσα
3437 695 3450 708 ·
3512 678 3706 748 κρείσ-

2131 794 2238 829 σων
2285 775 2342 827 δὲ
2403 774 2510 844 ἄρα
2562 773 2656 826 καὶ
2713 772 2914 842 μείζων
2975 771 3154 840 πολλῷ
3215 771 3374 823 πλέον
3426 771 3704 841 ἠάγάπη.

2141 866 2351 936 Ἐκείνη
2378 865 2476 935 μὲν
2509 865 2618 934 γὰρ
2646 864 2810 934 μέρος
2841 864 3042 933 ἀρετῆς
3076 864 3168 914 καὶ
3203 862 3297 914 τοῦ
3323 863 3446 915 ὅλου
3503 863 3704 932 μέρους

2125 957 2226 1026 τῆς
2243 955 2578 1025 τελειότητος
2599 955 2816 1024 ἀπότμη
2825 956 2900 1024 μά
2924 971 2974 1006 τι
2993 954 3086 1006 καὶ
3111 955 3298 1024 μόριον
3317 970 3329 984 ·
3351 955 3384 1024 ἡ
3407 953 3462 1006 δὲ
3484 954 3701 1023 ἀγάπη,

2126 1047 2338 1117 κεφαλὴ
2369 1047 2463 1101 καὶ
2485 1047 2855 1117 ἁπαρτισμός.
2893 1046 3004 1100 Καὶ
3030 1047 3138 1116 γὰρ
3163 1046 3255 1099 καὶ
3293 1047 3392 1117 τὴν
3441 1046 3700 1116 ὐψοποιὸν

2123 1139 2452 1193 ταπείνωσιν
2503 1139 2942 1209 συνεζευγμένην
2969 1140 3136 1209 ἑαυτῇ
3177 1139 3452 1204 δείκνυσι,
3480 1141 3575 1191 καὶ
3602 1139 3701 1210 τὴν

2123 1232 2516 1304 ἐλεημοσύνην,
2545 1234 2641 1286 καὶ
2671 1232 2768 1302 τὴν
2796 1232 3234 1303 φιλανθρωπίαν,
3257 1232 3324 1285 δι’
3352 1231 3387 1284 ἃ
3420 1233 3513 1284 καὶ
3562 1233 3700 1301 μᾶλ-

2123 1325 2211 1376 λον
2238 1327 2266 1377 ὁ
2299 1325 2431 1387 Θεὸς
2452 1327 2678 1393 γέγονεν
2701 1325 3007 1394 ἄνθρωπος,
3039 1326 3132 1376 καὶ
3164 1323 3198 1377 ἃ
3221 1323 3468 1376 καλεῖται
3496 1326 3524 1376 ὁ
3544 1324 3700 1389 Θεὸς,

2123 1415 2219 1468 καὶ
2251 1414 2321 1468 δι’
2355 1410 2477 1467 ὦνό
2505 1414 2792 1485 ἄνθρωπος
2841 1413 2974 1476 Θεὸς
3013 1415 3425 1472 ἀποδείκνυται,
3473 1415 3565 1466 καὶ
3623 1415 3702 1482 τῷ

2122 1507 2358 1576 οὐρανίῳ
2413 1507 2586 1577 Πατρὶ
2646 1508 2852 1577 ὅμοιος.
2899 1506 3061 1560 Ίνατί
3108 1505 3238 1574 γοῦν
3283 1507 3375 1559 τὸν
3429 1506 3707 1576 θησαυρὸν

2124 1598 2344 1651 πάντων
2364 1596 2570 1650 τούτων
2602 1595 2711 1649 τῶν
2762 1594 2987 1663 ἀγαθῶν
3023 1596 3247 1664 ἀφεῖσαι
3276 1596 3368 1648 καὶ
3396 1597 3495 1665 τὴν
3527 1613 3702 1663 κεφα-

2123 1689 2241 1760 λὴν,
2272 1688 2367 1742 ἐπὶ
2387 1689 2458 1742 τὰ
2496 1688 2648 1742 κάτω
2679 1688 2929 1758 καὶπρὸς
2958 1687 3076 1749 ἑνὸς
3097 1686 3406 1755 ἐπίκτησιν,
3439 1689 3658 1756 τρέχετε
3682 1706 3700 1754 ς

2121 1779 2241 1834 δέον
2271 1780 2371 1849 τὴν
2408 1777 2654 1848 κεφαλὴν
2701 1777 2981 1846 φθασάσας
3039 1777 3300 1840 εὐπετῶς,
3358 1777 3608 1848 κατέχειν
3642 1795 3704 1830 τε

2125 1871 2404 1940 ἀσφαλῶς,
2450 1871 2545 1924 καλ⁵
2581 1869 2762 1923 πάντα
2787 1871 2961 1922 ποιεῖν
2987 1869 3124 1922 ὥστε
3162 1868 3238 1938 μὴ
3276 1868 3481 1939 ταύτης
3534 1872 3702 1924 ἐκπε-

2129 1964 2263 2016 σεῖν.
2293 1961 2646 2031 Δεδοίκαμεν,
2673 1961 2832 2031 φησὶ,
2860 1961 2946 2015 διὰ
2984 1961 3082 2032 τὴν
3125 1961 3221 2015 τοῦ
3271 1962 3496 2023 κανόνος
3545 1962 3701 2014 ὑστέ-

2127 2071 2304 2125 ρησιν.
2349 2053 2512 2106 Ἀλλὰ
2535 2053 2611 2124 μὴ
2638 2054 2846 2107 δεδίατε
2880 2070 2895 2084 ·
2931 2057 2965 2124 ἡ
3007 2053 3116 2125 γὰρ
3148 2053 3364 2123 καθαρὰ
3412 2053 3703 2124 ἐξαγόρευ-

2127 2163 2211 2209 σις
2238 2145 2299 2198 τὸ
2325 2145 2611 2215 ὑστέρημα
2631 2144 2834 2216 ταύτης
2861 2144 3248 2216 ἀναπληρώσει
3273 2146 3421 2214 ὑμῖν,
3451 2146 3548 2212 τὴν
3572 2162 3704 2212 συγ-

2123 2238 2365 2307 χώρησιν
2385 2237 2610 2301 δικαίως
2633 2237 3091 2312 ἐπιοϐραὸεύουσα.
3120 2237 3298 2290 Μόνον
3330 2237 3404 2309 μὴ
3433 2238 3708 2309 ῥᾳθυμίας

2123 2325 2156 2401 ᾖ
2186 2329 2248 2381 τὸ
2277 2329 2586 2402 ὑστέρημα.
2621 2327 2795 2382 Τοῦτο
2824 2328 3100 2397 φοϐεῖσθε,
3135 2327 3310 2399 τούτῳ
3355 2329 3649 2398 προσέχετε
3684 2344 3698 2355 ·

2125 2422 2174 2472 εί
2205 2419 2261 2472 δὲ
2287 2419 2446 2473 τοῦτο
2473 2420 2548 2490 μὴ
2577 2420 2684 2490 εἴη,
2715 2418 2936 2490 χαίρετέ
2969 2435 3062 2490 μοι
3107 2419 3218 2471 τῶν
3249 2420 3535 2473 διακονιῶν
3569 2436 3703 2490 προ-

2127 2509 2311 2582 θύμως
2335 2511 2612 2582 ἐχόμεναι.

2685 2621 2937 2675 ΚΕΦΑΛ.
2995 2621 3141 2687 κεῖν.

2127 2715 2266 2782 Περὶ
2306 2714 2733 2784 προχειρίσεως
2770 2712 3407 2784 ἐπιστημοναρχίσσης
3458 2711 3570 2783 (l8)
3607 2710 3704 2765 καὶ

2549 2784 2662 2852 τῆς
2715 2784 3025 2848 διακονίας
3072 2781 3286 2850 αὐτῆς.

2214 2875 2279 2927 'H
2316 2875 2704 2946 καθηγουμένη
2737 2877 2922 2943 μέντοι.
2980 2875 3074 2927 καὶ
3130 2877 3704 2946 ἐπιστημονάρχισσαν

454 2977 618 3032 quam
652 2957 873 3029 propria
898 2957 1169 3012 electione
1201 2956 1322 3010 talis
1350 2955 1511 3010 oﬂicii
1537 2958 1756 3028 dignam
1785 2959 2023 3028 duxerit,

2131 2966 2504 3035 προϐαλεῖται,
2536 2968 2604 3036 ἣν
2633 2968 2751 3020 κατ’
2779 2966 2990 3020 οίκείαν
3020 2967 3280 3037 ὲπιλογὴν
3307 2968 3406 3037 τῆς
3449 2967 3704 3035 τοιαύτης

450 3051 539 3106 cui
599 3047 880 3103 incumbet
927 3044 1243 3098 monasticae
1293 3044 1600 3115 disciplina:
1650 3054 1707 3102 et
1745 3048 2026 3106 modestiae

450 3156 639 3196 curam
691 3153 908 3209 gerere,
930 3151 996 3191 ac
1022 3136 1075 3190 in
1119 3137 1506 3193 communibus
1554 3139 1939 3204 conventibus,
1971 3149 2024 3195 et

450 3242 614 3288 cantu
641 3231 939 3300 dispicere,
988 3245 1121 3284 num
1158 3229 1408 3298 quaedam
1441 3245 1714 3296 sororum,
1745 3242 1909 3288 cantu
1939 3233 2024 3288 di-

451 3321 639 3385 misso,
667 3321 902 3376 invicem
951 3318 1400 3381 confabulemur,
1444 3328 1500 3375 et
1528 3321 1863 3390 colloquium
1898 3339 2024 3378 cum

451 3415 563 3470 Deo
592 3414 951 3484 negligentes,
983 3413 1152 3468 altera
1171 3411 1330 3466 alteri
1359 3413 1768 3482 colloquantur.
1796 3416 1855 3470 In
1878 3432 2026 3471 com-

452 3506 714 3560 munibus
741 3519 964 3574 quoque
988 3504 1056 3558 ad
1081 3504 1265 3559 cibum
1299 3505 1630 3558 sume’ndum
1661 3508 2026 3563 conventibus

452 3598 574 3651 illas
599 3596 934 3656 observabit,
961 3603 1020 3648 ut
1049 3597 1101 3648 in
1131 3597 1316 3664 quiete
1343 3605 1398 3649 et
1452 3596 1720 3650 modestia
1767 3600 2025 3652 moniali-

454 3689 557 3741 bus
579 3685 797 3740 decenti
824 3696 1201 3753 permaneant.
1228 3686 1336 3740 Sed
1366 3696 1422 3739 et
1447 3687 1499 3739 in
1529 3688 1801 3742 universis
1833 3704 2022 3742 earum

453 3773 971 3830 eonversationibus
1007 3781 1063 3826 et
1093 3775 1393 3837 exercitiis,
1422 3775 1614 3829 sedulo
1635 3793 1756 3845 quae
1789 3778 1852 3832 ad
1884 3779 2026 3848 ipsas

453 3870 702 3933 spectant
732 3860 1068 3916 observabit.
1114 3861 1179 3915 Et
1211 3861 1254 3915 si
1303 3862 1506 3917 viderit
1535 3864 1800 3933 quasdam
1835 3882 2025 3920 earum

456 3970 555 4009 seu
587 3969 693 4008 una
741 3953 1012 4016 sedentes,
1055 3961 1110 4008 et
1166 3954 1233 4008 de
1286 3954 1578 4010 inutilibus
1621 3958 2022 4028 colloquentes,

454 4047 570 4101 sive
599 4046 742 4116 apud
795 4061 853 4100 se
886 4044 1020 4098 nihil
1081 4056 1482 4115 operantes,et
1531 4049 1644 4103 otio
1703 4059 2025 4120 torpentes;

455 4137 659 4206 quibus
698 4151 930 4207 magnus
959 4137 1277 4206 Apostolus,
1307 4155 1489 4209 neque
1530 4141 1863 4198 manducare
1891 4160 2028 4214 prte-

456 4229 663 4297 cipit”
700 4245 714 4282 :
753 4230 838 4282 vel
891 4229 1042 4282 aliud
1093 4231 1314 4300 quidvis
1343 4240 1570 4302 agentes
1621 4236 1938 4291 monasticae
1971 4245 2028 4291 et

2135 3059 2411 3121 διακονίας
2435 3045 2714 3127 λογίζεται
2749 3057 2930 3124 ἀξίαν,
2963 3059 3287 3126 ὀφεὲλουσαν
3337 3062 3436 3129 τῆς
3492 3060 3706 3128 μοναδι-

2134 3153 2238 3223 κῆς
2268 3149 2655 3212 καταστάσεως
2703 3150 2800 3202 καὶ
2849 3148 3144 3218 εὐκοσμίας
3191 3148 3496 3219 φροντίζειν
3549 3148 3605 3200 έν
3645 3163 3706 3200 τε

2134 3244 2253 3304 ταῖς
2278 3243 2483 3305 κοιναῖς
2525 3239 2894 3306 συνελεύσεσι,
2943 3242 3040 3294 καὶ
3097 3241 3395 3311 ὑμνῳδίαις
3446 3241 3707 3308 διαθρεῖν,

2138 3337 2212 3406 μή
2233 3335 2335 3388 πού
2366 3353 2514 3399 τινες
2549 3336 2659 3388 τῶν
2685 3335 2932 3401 ἀδελφῶν
2966 3336 3066 3402 τῆς
3115 3335 3392 3404 ὐμνῳδίας
3437 3335 3707 3403 ἀφέμεναι

2134 3427 2394 3497 ἀλλήλαις
2411 3425 2720 3496 διομιλῶσι,
2753 3425 2849 3480 καὶ
2898 3425 2996 3493 τῆς
3041 3425 3176 3495 πρὸς
3233 3425 3366 3478 Θεὸν
3416 3424 3710 3488 ἐντεύξεως

2133 3517 2620 3587 κατολιγωροῦσαι,
2647 3519 2809 3587 ἑτέρα
2845 3522 2910 3589 τῇ
2936 3519 3104 3588 ἑτέρᾳ
3130 3519 3571 3588 συντυγχάνωσιν
3595 3534 3613 3550 ο
3656 3519 3713 3570 ἒν

2133 3626 2193 3661 τε
2231 3611 2354 3670 ταῖς
2384 3610 2590 3670 κοιναῖς
2622 3608 2760 3679 πρὸς
2811 3609 3054 3662 ἑστίασιν
3115 3609 3459 3662 συνελεύσεσι
3509 3607 3714 3668 ταύτας

2136 3701 2479 3765 ἐπισκοπεῖν,
2507 3699 2582 3762 ὡς
2614 3700 2680 3752 ἂν
2703 3702 2762 3752 ὲν
2783 3703 2847 3770 τῇ
2881 3701 3168 3772 πρεπούσῃ
3205 3703 3469 3771 μοναχαῖς
3499 3699 3716 3769 διαμεί-

2134 3805 2299 3842 νωσιν
2321 3790 2522 3861 ἡσυχίᾳ
2551 3792 2646 3843 καὶ
2677 3792 2996 3860 κοσμιότητι
3035 3808 3048 3821 ·
3086 3793 3222 3844 ἀλλὰ
3249 3792 3357 3862 μὴν
3381 3793 3476 3845 καὶ
3505 3794 3563 3844 ὲν
3592 3793 3718 3855 ταῖς

2134 3878 2282 3942 ὅλαις
2315 3877 2525 3951 [ἄλλαις
2548 3878 2593 3950 ?]
2623 3880 2992 3950 ἀναστροφαῖς
3016 3898 3076 3933 τε
3102 3881 3308 3934 τούτων
3358 3881 3454 3934 καὶ
3511 3881 3720 3948 διαγω-

2113 3971 2283 4038 Δγαῖς,
2320 3971 2565 4040 ἀκριϐῶς
2605 3971 2674 4023 τά
2717 3972 2839 4025 κατ’
2883 3974 3053 4035 αὐτὰς
3108 3975 3408 4042 ἐπιτηρεῖν.
3462 3973 3578 4027 Κᾶν
3630 3974 3720 4044 ἴδῃ

2134 4063 2286 4124 τινὰς
2343 4061 2569 4124 τούτων.
2604 4063 2637 4133 ἢ
2677 4063 3103 4134 συγκαθημένας
3133 4064 3417 4134 ἀλλήλαις,
3458 4066 3552 4116 καὶ
3587 4064 3716 4117 ἀνό-

2135 4169 2272 4222 νητα
2301 4152 2665 4221 διομιλούσας,
2691 4153 2722 4222 ἦ
2756 4154 2852 4206 καὶ
2883 4154 3002 4207 καθ’
3027 4154 3228 4217 ἑαυτὰς
3259 4153 3577 4224 ἀπράκτους
3617 4157 3718 4209 καὶ

2137 4243 2313 4312 ἀργὰς
2354 4243 2734 4313 διαμενούσας,
2783 4243 2849 4309 ἃς
2908 4248 2937 4298 ὁ
2989 4247 3162 4314 μέγας
3199 4247 3522 4310 Ἀπόστολος
3576 4247 3713 4317 μηδὲ

457 4323 570 4376 Deo
623 4321 836 4375 dilecta:
888 4321 1216 4390 professioni
1265 4323 1556 4389 absonum,
1586 4335 1643 4381 et
1674 4343 1704 4381 a
1756 4329 2025 4398 spirituali

2137 4336 2339 4388 ἐσθίειν
2367 4337 2803 4405 παρακελεύεται
2831 4353 2846 4368 ο
2871 4339 2904 4410 ἢ
2937 4338 3065 4392 ἄλλο
3093 4355 3147 4391 τι
3194 4338 3454 4402 ποιούσας
3507 4339 3719 4410 ἀπᾷδον

457 4411 714 4467 instituto
767 4412 1046 4466 alienum:
1084 4411 1232 4482 ipsas
1293 4413 1495 4469 leniter
1542 4424 1598 4469 et
1645 4432 1771 4471 cum
1822 4420 2025 4474 sororis

2133 4427 2554 4496 ἐπαγγέλματος
2597 4428 2910 4498 μοναδικοῦ,
2955 4429 3050 4481 καὶ
3097 4429 3380 4499 θεοφιλοῦς
3433 4428 3723 4498 ἀλλότριον

457 4502 656 4557 aﬂ‘ectu
695 4502 874 4569 adeat,
904 4519 967 4557 ac
1017 4512 1303 4558 mansuete
1337 4514 1394 4558 et
1429 4521 1554 4560 cum
1602 4508 1868 4564 charilatc
1912 4527 2025 4580 qua:

2132 4519 2228 4570 καὶ
2281 4518 2661 4588 πνευματικῆς
2699 4519 3111 4581 καταστάσεως,
3177 4518 3461 4589 προσιέναι
3491 4518 3720 4580 ταύταις

457 4595 674 4659 decent,
707 4609 802 4649 eas
854 4603 1096 4660 moneat,
1124 4604 1180 4650 et
1218 4594 1370 4649 utilia
1427 4599 1678 4665 suadeat,
1721 4616 1918 4671 nempe
1971 4613 2025 4657 ut

2135 4607 2379 4678 ἡμέρως.
2420 4610 2516 4661 καὶ
2540 4609 2867 4676 ἀδελφικῶς,
2905 4610 3001 4662 καὶ
3047 4610 3265 4680 πράως,
3295 4609 3388 4661 καὶ
3443 4609 3721 4676 ἀγαπητι-

457 4687 599 4740 nihil
639 4687 896 4740 utilitatis
931 4686 1286 4752 habentibus,
1311 4687 1445 4756 quin
1494 4698 1550 4743 et
1605 4691 1801 4747 animae
1851 4694 2034 4748 noxiis

457 4777 702 4833 susurris
744 4776 1173 4847 supersedentes
1223 4779 1351 4846 (etsi
1393 4779 1540 4833 nulla
1577 4781 1682 4835 alia
1743 4783 1810 4837 de
1846 4800 2029 4852 causa,

455 4879 730 4940 quatenus
762 4871 952 4924 saltem
987 4884 1017 4922 a
1045 4869 1230 4923 divina
1269 4872 1688 4928 conversatione
1712 4874 1779 4930 iis
1819 4877 2032 4932 incum-

459 4961 657 5016 bentes
715 4961 1018 5031 abducunt)
1084 4961 1288 5016 divinis
1359 4963 1623 5020 laudibus
1685 4967 2040 5024 celebrandis

527 5077 575 5108 ’³
612 5074 632 5128 1
663 5076 857 5133 Thess.
888 5094 971 5145 ιιι,
1007 5080 1092 5136 ιο.

2139 4698 2249 4762 κῶς
2275 4699 2612 4769 εἰσηγεῖσθαι
2647 4702 2716 4752 τά
2741 4700 2948 4765 δέοντα,
2977 4703 3072 4752 καὶ
3105 4701 3172 4752 τὰ
3198 4699 3546 4770 συμφέροντα
3594 4716 3721 4751 νου-

2141 4790 2340 4853 Θετεῖν,
2369 4791 2732 4859 παυσαμένας
2765 4791 2872 4844 τῶν
2914 4792 3175 4861 οὐδεμίαν
3224 4791 3412 4860 ὄνησιν
3484 4790 3722 4858 ἑχόντων

2137 4881 2506 4952 ψιθυρισμῶν,
2535 4883 2736 4952 μᾶλλον
2771 4886 2867 4954 μὲν
2887 4880 2979 4937 οὖν
3015 4885 3109 4936 καὶ
3136 4882 3520 4953 ψυχοὸλαϐῶν,
3551 4885 3601 4934 εἰ
3625 4883 3725 4934 καὶ

2147 4973 2226 5041 μὴ
2251 4973 2318 5025 δι’
2353 4973 2482 5026 ἀλλο
2505 4991 2580 5037 τι,
2609 4973 2839 5028 καθόσον
2870 4974 3000 5042 γοῦν
3036 4974 3136 5044 τῆς
3171 4974 3308 5044 πρὸς
3338 4973 3471 5026 Θεὸν
3501 4973 3724 5043 ὁμιλίας

1694 5177 2148 5242 Montl‘auconii
2215 5188 2404 5241 noue.

495 5339 505 5350 .
533 5271 1389 5352 (lSL’Ema'mgornpx/qang
1418 5275 1687 5352 Meursius
1705 5294 1777 5352 ex
1811 5295 2036 5352 respon-

462 5341 618 5394 sione
641 5341 898 5395 Demetrii
915 5341 1238 5398 Chomateni
1258 5345 1324 5398 ad
1349 5346 1674 5407 Cabasilam.
1703 5349 1817 5403 bare
1837 5341 2031 5404 refert:

473 5409 534 5461 '0
573 5411 826 5488 βασιλεὺς
855 5411 984 5488 γὰρ,
1026 5407 1115 5488 οἷα
1163 5414 1344 5488 κοινὸς
1366 5416 1472 5468 τῶν
1503 5417 1855 5488 -Ἑκκλησιῶν
1918 5423 2032 5472 ἐπιο

465 5480 850 5556 στημονάρχης
899 5483 994 5532 καὶ
1021 5480 1131 5556 ῶν,
1190 5484 1300 5556 καί,
1322 5480 1747 5556 ὀνομαζόμενοξ,
1780 5490 1873 5540 καὶ
1910 5507 2035 5541 συνο

462 5547 670 5626 οδικαῖς
717 5547 975 5626 γνώμαις
1017 5550 1323 5626 ἐπιστατεῖ,
1386 5547 1478 5606 κάὶ
1507 5547 1576 5608 τδ
1607 5547 1772 5626 κῦρος
1799 5558 2034 5620 ταύταις

465 5615 772 5688 χαρίζεται.
810 5615 1156 5688 «Imperator
1175 5623 1344 5687 enim,
1374 5630 1562 5693 utpote
1591 5615 1692 5697 qui
1723 5615 2034 5684 communis

2144 5283 2518 5338 Ecclesia-rum
2567 5283 3043 5353 epistemonarcha
3075 5291 3127 5334 ct
3155 5282 3226 5335 sit
3271 5295 3334 5353 et
3356 5290 3600 5353 vocetur,
3633 5295 3728 5348 sy-

2145 5355 2359 5407 nodicis
2381 5350 2620 5408 decretis
2634 5364 2850 5422 praeest.
2874 5353 3114 5421 ipsisque
3128 5352 3511 5422 auctoritatem
3534 5350 3648 5422 dat.
3673 5371 3718 5422 _a

2142 5419 2714 5492 Epistcmonarchissa
2769 5419 2935 5492 igitur
2960 5419 3040 5476 sie
3072 5431 3325 5492 vocatur,
3349 5419 3511 5492 quod
3547 5420 3719 5492 disci-

2143 5489 2304 5561 plinrc
2351 5507 2601 5546 sororum
2656 5489 2842 5562 praesit
2875 5500 2932 5546 et
2977 5489 3540 5562 iinvigilet.70ﬂici_um
3569 5491 3719 5542 zela-

2144 5562 2300 5686 trbicis
2325 5563 2472 5686 εἲρυιι
2505 5560 2790 5634 plerasque
2816 5561 2990 5618 nostri
3013 5563 3115 5618 aevi
3135 5561 3420 5628 moniales,
3447 5560 3574 5614 huic
3600 5574 3716 5614 non

2144 5648 2171 5686 8
2216 5648 2336 5686 Sillll
2364 5649 2392 5686 ρ
2411 5643 2518 5686 CSl.

2143 5643 2392 5689 θυειιιιιιρ
2411 5643 2518 5688 CSl.
