4104 6200
425 261 566 326 1045

1864 267 2220 328 ΤΥΡΙΟΠΜ.

3532 269 3666 334 Ῑθίδ

421 389 519 438 τας
549 373 838 443 χρωμένας
871 371 1166 440 ἀπάγουσι,
1195 375 1312 438 ταῖς
1343 376 1420 436 εἰς
1444 374 1534 428 τὸν
1569 376 1698 429 Θεὸν
1723 379 1993 448 προσανέ-

2108 378 2402 440 attendant,
2435 387 2601 451 atque
2632 378 2818 434 verbis
2845 388 3039 435 cantus
3080 388 3318 435 mentem
3355 382 3666 450 applicent:

420 487 537 540 χειν
570 467 918 535 δοξολογίαις,
953 467 1048 520 καὶ
1100 471 1214 531 τοῖς
1271 469 1552 539 ᾀδομένοις
1623 472 1993 541 προσερείδειν

419 564 515 616 τὸν
538 560 951 629 νοῦν-φεύγειν
985 560 1040 615 δὲ
1094 561 1194 631 τὴν
1251 561 1429 632 πάσης
1483 562 1679 626 κακίας
1733 564 1991 634 ἀρχηγὸν,

420 654 646 726 ἀργίαν,
706 654 801 706 καὶ
851 653 942 705 τὸν
987 653 1148 720 σοφὸν
1182 655 1250 705 τὰ
1304 653 1420 707 Θεῖα
1467 655 1752 724 μιμεῖσθαι
1811 657 1993 722 Δαϐὶδ,

425 764 446 797 ‹
483 744 638 797 Κατὰ
660 744 828 814 μόνας
853 744 972 814 εἰμὶ
1001 743 1131 812 ἐγὼ,
1169 763 1188 797 ι
1219 744 1446 810 λέγοντα
1481 761 1494 776 ·
1533 747 1625 800 καὶ
1685 749 1798 809 τοῖς
1846 748 1995 811 ἰδίοις

419 836 604 898 τόποις
629 833 1071 904 ἐφησυχάζειν,ῆ
1107 835 1236 905 εὐχῇ
1274 836 1694 905 προσκειμένοις,
1743 838 1776 908 ἢ
1837 839 1995 906 ἐργόι-

421 943 604 997 χειρον
635 925 1180 995 μεταχειριζομένας,
1207 927 1346 995 πρὸς
1392 926 1708 998 ἀνατροπὴν
1766 927 1996 996 άκηδίας

421 1017 520 1086 τῆς
543 1000 810 1088 ὀλεθρίου,
848 1017 1076 1088 μελέτην
1097 1033 1156 1068 τε
1193 1016 1283 1070 τοῦ
1310 1019 1538 1090 φρικτοῦ
1572 1019 1802 1073 θανάτου
1853 1020 1997 1091 ἔχειν

419 1109 667 1179 διηνεκῆ,
699 1109 794 1162 καὶ
829 1109 1051 1180 μνήμην
1092 1111 1517 1164 ἀκατάπαυστον
1553 1111 1652 1182 τῆς
1681 1111 1996 1183 φοϐερωτά-

421 1218 522 1271 της
551 1201 652 1270 τῆς
679 1201 933 1270 κρίσεως.

495 1292 618 1346 Τῶν
644 1293 702 1346 δέ
729 1293 1078 1361 μοναζουσῶν
1112 1294 1242 1364 περὶ
1275 1293 1335 1346 τὸ
1367 1294 1680 1365 ἐργόχειρον
1710 1296 1999 1348 διαπονου-

427 1383 556 1448 σῶν,
591 1381 688 1452 μία
711 1381 972 1452 τούτωνή
1009 1383 1159 1453 παρὰ
1188 1385 1287 1453 τῆς
1339 1385 1653 1456 ἡγουμένης
1710 1388 2000 1458 ἐπιτρεπο-

430 1473 588 1542 μένη,
615 1472 768 1524 ἔσται
796 1473 1268 1541 ἀναγινώσκουσα.
1311 1475 1388 1538 είς
1416 1475 1651 1543 ἐπήκοον
1691 1478 1904 1542 πασῶν,
1932 1478 2001 1531 τὰ

427 1563 549 1633 ἱερὰ
568 1565 658 1618 καὶ
691 1566 932 1636 σωτήρια
962 1568 1060 1637 τῆς
1093 1565 1240 1628 θείας
1266 1567 1486 1637 Γραφῆς
1509 1567 1682 1637 λόγια.

1002 1675 1254 1728 ΚΕΦᾹΛ.
1283 1677 1409 1729 KZ'.

845 1765 984 1834 Περὶ
1033 1765 1153 1820 τῶν
1180 1766 1586 1836 ἑργοόοτριῶν.

389 1881 412 1892 “
493 1861 718 1915 Καὶέπὶ
739 1860 847 1914 τῶν
885 1862 1062 1932 ἔργων
1081 1862 1207 1932 δέἠ
1261 1861 1654 1932 καθηγουμένη
1705 1863 1797 1916 δύο
1850 1865 2002 1928 τινὰς

423 1951 531 2004 τῶν
559 1949 906 2022 μοναζουσῶν
929 1953 1281 2022 καταστήσει,
1317 1952 1384 2016 ἃς
1418 1953 1487 2006 ἂν
1511 1953 1619 2006 τῶν
1646 1953 1848 2006 λοιπῶν
1868 1971 2001 2024 προ-

425 2043 609 2112 κρίνῃ,
645 2043 964 2113 ὀφειλούσας
994 2044 1090 2115 τὴν
1120 2044 1352 2116 χρειώδη
1402 2045 1479 2115 τῷ
1537 2045 1838 2116 ἐργοχείρῳ
1891 2045 2003 2097 τῶν

430 2133 775 2203 μοναζουσῶν
811 2134 942 2205 ὓλην
974 2137 1272 2205 λαμϐάνειν
1297 2137 1434 2204 μετὰ
1473 2138 1831 2208 προσγράφου
1860 2135 2003 2189 κατᾶ

427 2223 617 2295 καιρὸν
649 2225 755 2278 ἀπὸ
787 2227 880 2279 τοῦ
922 2227 1151 2297 δοχείου,
1186 2230 1279 2282 καὶ
1318 2229 1622 2297 ἐργοδοτεῖν
1644 2229 1850 2298 ταύτην
1883 2230 2003 2292 ταῖς

426 2316 819 2386 ἐργαζομέναις
887 2320 1182 2390 προστάξει
1243 2322 1338 2375 καὶ
1392 2322 1494 2391 τῆς
1561 2321 2000 2392 καθηγουμένης.

427 2404 589 2470 Αὖθίς
619 2425 677 2462 τε
705 2410 909 2480 εἰδήσει
949 2411 1172 2480 ταύτης,
1206 2414 1658 2483 παραλαμϐάνειν
1713 2415 1783 2467 τά
1839 2415 2002 2484 ἐργο-

425 2497 646 2554 δοθέντσ
715 2502 1073 2573 εἰργασμένα,
1135 2506 1229 2557 καὶ
1273 2506 1622 2575 παραδιδόναι
1662 2509 1783 2568 ταῖς
1814 2505 1896 2568 είς
1942 2503 2005 2556 τὸ

426 2587 629 2658 δοχεῖον
660 2591 751 2643 τοῦ
785 2592 999 2661 βεστίου
1033 2594 1386 2666 ἐνεργούσαις
1425 2597 1564 2667 μετὰ
1597 2597 1958 2668 προσγράφου
1988 2636 2003 2650 .

428 2679 502 2742 ὡς
537 2681 601 2734 ἂν
633 2685 728 2736 καὶ
761 2683 934 2738 ταῦτα
972 2686 1114 2740 κατὰ
1155 2686 1254 2758 τὴν
1293 2689 1392 2758 τῆς
1452 2689 1763 2758 ἡγουμένης
1797 2689 2001 2756 ἐξοδιά·

429 2769 628 2835 ζωνται
659 2773 978 2845 πρόσταξιν.

1028 2889 1280 2943 ΚΕΦΑΔ.
1306 2889 1443 2945 κη’.

640 2976 780 3046 Περὶ
807 2978 929 3034 τῶν
947 2981 1017 3034 ἐν
1052 2980 1133 3046 τῷ
1173 2982 1402 3049 ,βεστίῳ
1423 2981 1792 3052 δοχειαριῶν.

2026 1744 2075 1802 ις

2095 478 2150 523 et
2179 477 2237 523 ιιι
2275 469 2486 539 fugiant
2521 468 2700 523 omnis
2737 468 2954 523 malitiae
2983 485 3228 530 causam.
3272 471 3465 530 otium.
3512 487 3574 525 ac
3617 474 3670 526 in

2096 558 2300 613 divinis
2333 558 2637 628 sapientem
2684 558 2850 612 David
2906 558 3215 618 imitentur.
3252 578 3268 611 ι
3305 560 3671 628 Singulariter

2097 667 2216 706 sum
2271 668 2372 722 ego
2408 652 2452 682 “
2490 670 2507 703 ι
2559 651 2876 718 dicentem;
2924 660 3093 722 utque
3150 653 3202 705 in
3243 655 3490 723 propriis
3537 655 3674 708 locis

2096 744 2405 812 quiescant,
2439 743 2554 799 sive
2611 743 2850 796 orationi
2909 743 3313 807 incumbentes,
3344 746 3458 798 sive
3507 761 3672 798 manu

2097 836 2302 905 aliquid
2326 844 2640 906 operantes,
2668 835 2733 889 ad
2765 835 3107 889 eversionem
3136 837 3373 890 exitialis
3400 837 3631 907 pigritiae
3657 854 3673 902 ;

2099 925 2541 996 horrendamque
2589 935 2820 979 mortem
2879 935 3148 995 perpetuo
3199 926 3567 992 medilentur,
3618 937 3675 981 et

2101 1017 2502 1074 indesinentem
2564 1018 2952 1074 terribilissimi
3012 1018 3120 1073 diei
3178 1019 3374 1091 judicii
3453 1030 3675 1076 servent

2099 1107 2444 1162 memoriam.

2170 1289 2498 1344 Monialibns
2543 1305 2676 1344 vero
2711 1291 2864 1361 operi
2901 1307 3164 1346 manuum
3213 1292 3670 1347 incumbentibus

2101 1380 2316 1434 illarum
2359 1385 2464 1434 un'a
2500 1397 2662 1450 quam
2694 1382 2920 1452 jusserit
2952 1383 3235 1452 prmlecta,
3267 1383 3410 1453 leget
3448 1382 3676 1436 audien-

2103 1474 2252 1528 tibus
2282 1475 2564 1540 omnibus,
2589 1489 2745 1530 sacra
2776 1485 2830 1530 et
2857 1475 3118 1531 salutaria
3151 1475 3350 1530 divinae
3378 1475 3679 1547 Scriptura:

2101 1566 2346 1621 oracula.

2650 1677 2877 1734 CAPUT
2917 1678 3132 1735 XXVII.
3162 1706 3169 1713 -

2565 1771 2639 1823 De
2667 1773 2956 1840 pru'positis
2981 1788 3220 1840 operum.

2177 1861 2356 1931 Super
2406 1875 2574 1930 opera
2624 1877 2842 1931 quoque
2888 1861 3028 1915 duas
3079 1861 3376 1916 monachas
3427 1859 3683 1930 praelecta

2104 1953 2424 2020 constituet,
2478 1969 2614 2022 quas
2661 1952 2876 2008 caeteris
2921 1952 3266 2022 praetulerit;
3315 1968 3436 2021 qua:
3477 1951 3682 2006 debent

2105 2047 2473 2101 necessariam
2532 2046 2684 2114 operi
2738 2060 3000 2099 manuum
3065 2044 3350 2098 materiam
3416 2059 3538 2096 cum
3592 2059 3680 2097 re-

2104 2137 2336 2207 scripto,
2383 2152 2632 2208 congruo
2667 2145 2913 2206 tempore
2952 2135 3201 2204 accipere
3241 2149 3271 2188 e
3311 2132 3679 2202 receptaculo,

2103 2239 2160 2285 et
2198 2231 2346 2284 illam
2386 2229 2777 2285 elaborandam
2835 2227 3196 2298 operantibus
3259 2225 3476 2280 tradere
3522 2224 3680 2294 jussu

2104 2321 2392 2391 praelecta,
2418 2335 2482 2376 ac
2511 2337 2704 2376 rursus
2734 2335 2859 2375 cum
2890 2320 3039 2374 illius
3061 2318 3282 2382 notitia,
3310 2317 3401 2370 illa
3427 2316 3680 2384 accipere

2106 2427 2227 2482 quae
2257 2412 2410 2481 prius
2443 2411 2510 2466 ad
2545 2426 2686 2478 opus
2733 2409 2930 2463 tradita
2975 2408 3085 2478 jam
3118 2406 3370 2461 confecta
3427 2414 3576 2469 sunt,
3623 2413 3682 2460 et

2104 2521 2168 2560 ea
2200 2520 2324 2560 cum
2356 2505 2625 2574 rescripto
2657 2503 2872 2557 tradere
2933 2500 3002 2555 iis
3056 2515 3178 2569 qua:
3210 2499 3263 2552 in
3297 2496 3536 2552 vestiarii
3590 2512 3680 2550 re-

2104 2599 2392 2667 ceptaculo
2445 2606 2748 2667 operantur
2792 2611 2807 2648 :
2851 2604 2910 2648 ut
2939 2601 2996 2648 et
3043 2593 3158 2664 ipsa
3203 2591 3359 2662 juxta
3413 2587 3682 2660 pracl'ecu:

2107 2690 2422 2744 mandatum
2453 2689 2858 2760 expendantur.

2643 2881 2866 2938 CAPUT
2909 2879 3145 2935 XXVIII.

2556 2975 2632 3028 De
2668 2975 3000 3045 depositariis
3030 2973 3281 3027 vestiat-ii.

498 3093 565 3144 AI
604 3091 660 3145 δὲ
685 3092 982 3166 δοχειαρίαι
1008 3094 1104 3148 τοῦ
1141 3094 1352 3166 βεστίου
1380 3095 1486 3148 τῶν
1530 3093 1848 3162 ἐνδυμάτων
1892 3093 2002 3148 τῶν

2179 3085 2536 3156 Πορνοείιιιτίω
2578 3084 2824 3140 vestiarii
2863 3083 3314 3137 indumentorum
3344 3095 3442 3149 pro
3472 3078 3677 3133 monia-

435 3182 783 3252 μοναζουσῶν
820 3185 940 3255 (καὶ
970 3187 1132 3240 αὑταὶ⁸
1173 3187 1282 3257 γὰρ
1333 3185 1639 3257 δοχειαρίαι
1698 3185 2007 3256 ὀνομασθή-

434 3273 638 3344 σονται)
697 3274 968 3344 ὀφείλουσι
1046 3277 1504 3348 παραλαμϐάνειν
1565 3275 1748 3330 πάντα
1809 3275 1877 3328 τὰ
1928 3279 2008 3340 είς

431 3364 749 3436 ἐνδυμενίαν
775 3368 884 3422 τῶν
916 3368 1271 3439 μοναζουσῶν
1309 3367 1672 3438 χρησιμεύειν
1721 3367 2006 3431 ὀφείλοντα

434 3456 572 3526 μετὰ
601 3461 979 3530 προσγράφου,
1009 3461 1101 3513 καὶ
1135 3459 1429 3526 ἐξοδιάζειν
1460 3459 1634 3512 ταῦτα
1654 3456 1744 3512 διὰ
1770 3460 2010 3528 προστά-

433 3548 569 3614 ξεως
628 3551 731 3620 τῆς
787 3553 1120 3622 ἡγουμένης,
1188 3553 1317 3607 ἔνθα
1366 3553 1433 3605 ἂν
1458 3551 1595 3622 αὐτὴ
1627 3550 1907 3621 βούληται.
1942 3550 2009 3604 AI

433 3640 594 3694 αὐταὶ
613 3639 668 3696 δὲ
704 3645 1119 3715 παραλήψονται
1155 3643 1344 3698 καὶτὰ
1371 3642 1537 3696 λοιπά
1585 3643 1762 3697 πάντα
1809 3641 1877 3694 τὰ
1930 3643 2010 3704 είς

434 3729 741 3801 ὑπηρεσίαν
770 3735 878 3789 τῶν
907 3735 1258 3804 μοναζουσῶν
1293 3751 1307 3766 ·
1356 3736 1523 3805 ἤγουν
1558 3735 1743 3803 σαγία,
1772 3733 2006 3799 πιλωτὰ,

431 3820 839 3892 ἐφαπλώματα,
862 3824 930 3878 τὰ
955 3825 1032 3887 είς
1056 3824 1116 3878 τὸ
1146 3824 1370 3894 λουτρὸν
1400 3822 1660 3894 χρειώδη,
1698 3824 1793 3876 καὶ
1822 3821 2010 3884 ἁπλῶς

433 3913 630 3966 πάντα.
663 3915 775 3968 Καὶ
823 3914 1189 3980 ἐξοδιάσουσιν
1245 3917 1374 3970 ἔνθα
1417 3916 1482 3968 ἂν
1530 3915 1562 3984 ἡ
1622 3913 2008 3986 καθηγουμὲνη

435 4002 744 4075 προστάξῃ,
775 4007 1133 4075 πωσγραφάς
1165 4006 1371 4076 καὶτῆς
1395 4005 1574 4068 ἐξόδου
1591 4002 1796 4057 τούτων
1825 4004 2010 4058 natati-

435 4107 616 4162 μεναι,
650 4095 746 4148 καὶ
774 4093 1228 4166 λογαριαζόμεναι
1256 4095 1388 4166 παρ’
1423 4095 1613 4167 αὐτῆς.

999 4205 1254 4259 ΚΕΦΑΛ.
1315 4205 1440 4260 KG’.

914 4297 1053 4367 Περὶ
1087 4295 1195 4365 τῆς
1222 4299 1524 4366 πυλωροῦ.

2109 3180 2254 3236 libus
2290 3178 2437 3249 (nam
2469 3186 2522 3231 et
2561 3177 2692 3245 ipsa;
2724 3175 3074 3243 depositarize
3103 3171 3468 3240 vocabuntur)
3498 3170 3682 3226 omnia

2108 3289 2231 3342 qua:
2260 3271 2328 3326 ad
2359 3269 2619 3327 vestitum
2650 3268 2970 3323 monialium
3004 3266 3125 3320 usui
3155 3280 3276 3318 esse
3305 3264 3529 3325 debent,
3555 3281 3680 3318 cum

2111 3363 2378 3432 rescripto
2399 3361 2694 3430 accipient,
2712 3367 2768 3414 et
2797 3375 2860 3412 ca
2883 3358 3037 3426 jussu
3064 3355 3331 3425 praelecta:
3350 3355 3682 3424 expendent.

2111 3455 2203 3512 ubi
2254 3457 2369 3525 ipsa
2413 3453 2666 3509 voluerit.
2713 3453 2962 3521 Ipsaamet
2996 3463 3126 3502 vero
3175 3449 3447 3518 accipient
3477 3458 3676 3502 caetera

2110 3545 2295 3600 omnia
2352 3559 2474 3612 qna:
2529 3540 2867 3596 monialibus
2918 3539 3043 3591 usui
3097 3545 3247 3602 sunt,
3273 3552 3398 3606 saga
3453 3537 3682 3601 scilicet,

2109 3635 2382 3700 coactilia,
2406 3634 2696 3704 stragulas,
2727 3650 2848 3704 qua:
2903 3633 2972 3686 ad
3029 3631 3224 3686 balnea
3268 3631 3598 3696 inserviunt,
3631 3637 3687 3683 et

2111 3740 2224 3780 uno
2282 3724 2474 3788 verbo,
2508 3723 2714 3778 omnia.
2766 3723 3092 3792 Expendent
3158 3731 3340 3776 autem
3398 3719 3508 3783 illa,
3560 3733 3684 3771 cum

2109 3816 2368 3890 praelecta
2410 3816 2640 3889 jusserit
2673 3833 2688 3883 ;
2721 3832 2786 3872 ac
2836 3832 3090 3887 expensas
3150 3814 3370 3869 illorum
3424 3811 3685 3879 rescripta

2109 3912 2317 3969 facient
2339 3929 2353 3966 :
2375 3911 2570 3967 harum
2596 3923 2729 3964 vero
2749 3909 2994 3964 rationes
3015 3923 3046 3961 a
3071 3905 3322 3977 praelecta
3347 3908 3682 3971 repetentur.

2679 4182 2906 4242 CAPUT
2935 4181 3128 4237 XXIX.

2729 4276 2805 4330 De
2860 4273 3104 4328 ostiaria.

519 4398 681 4455 Ἀλλὰ
708 4406 800 4456 καὶ
822 4405 922 4472 τὴν
957 4405 1056 4470 τὰς
1110 4407 1262 4470 κλεῖς
1309 4405 1401 4459 τοῦ
1459 4407 1704 4473 πυλῶνος
1761 4409 2005 4479 κατέχειν

2189 4391 2297 4448 Sed
2321 4400 2378 4446 et
2400 4405 2519 4444 eam
2543 4403 2665 4457 qua:
2694 4387 2878 4440 claves
2911 4383 3038 4439 ostii
3069 4398 3289 4438 servare
3318 4382 3502 4447 debet,
3523 4397 3686 4452 quam

433 4491 776 4561 ὀφείλουσαν,
815 4498 883 4569 ἢν
925 4499 1018 4551 καὶ
1059 4499 1306 4569 πυλωρὸν
1338 4499 1702 4570 ὀνομάζομεν,
1757 4502 1790 4571 ἡ
1843 4501 2016 4571 καθη-

434 4587 676 4658 γουμένη
734 4588 938 4656 ὀφείλει
990 4589 1465 4661 προχειρίζεσθαι,
1620 4593 1714 4642 καὶ
1792 4592 2013 4661 φροντὶς

435 4677 610 4742 ἔσται,
659 4681 754 4733 τοῦ
790 4683 1034 4750 μηδόλως
1071 4682 1301 4752 γνώμης
1347 4682 1480 4754 ἄτερ
1546 4682 1648 4751 τῆς
1702 4683 2014 4753 ἡγουμένης

435 4770 532 4823 τὸν
559 4771 778 4826 πυλῶνα
829 4774 1140 4842 ἀνοίγεσθαι
1175 4791 1190 4806 ο
1227 4775 1366 4845 μήτε
1420 4777 1526 4844 μὴν
1587 4774 1813 4827 εἰσιέναι
1866 4775 2014 4838 τινὰς

437 4864 518 4925 είς
544 4863 607 4916 τὸ
642 4867 1030 4936 μοναστήριον,
1092 4867 1221 4919 ἄνευ
1277 4866 1538 4934 είδήσεως
1582 4866 1680 4934 τῆς
1738 4865 2008 4934 καθηγου-

443 4957 632 5028 μὲνης.
660 4958 758 5010 Διὰ
779 4957 887 5028 γάρ
905 4957 1084 5020 τοῦτο,
1107 4957 1202 5010 καὶ
1229 4955 1290 5009 τὸ
1315 4958 1441 5027 περὶ
1463 4956 1668 5008 τούτων
1698 4956 2009 5024 κεφάλαιον,

437 5049 499 5104 τὸ
526 5051 916 5121 διαλαμϐάνον,
945 5051 1082 5115 πῶς,
1116 5051 1210 5103 καὶ
1229 5049 1384 5113 πότε,
1420 5049 1514 5102 καὶ
1540 5048 1680 5112 τίνες
1698 5048 1806 5101 τῶν
1833 5065 2014 5118 παρα-

437 5140 740 5196 ϐαλλόντων
783 5145 903 5206 ταῖς
964 5145 1224 5212 μοναχαῖς
1282 5140 1632 5211 ἐντυγχάνειν
1699 5139 2009 5207 ὀψείλουσι,

446 5232 801 5303 μεταγραφέν
843 5231 1321 5303 ἐγχειρισοήσεται
1351 5231 1511 5300 αὐτῇ,
1555 5231 1630 5294 ὼς
1691 5230 1757 5284 ἂν
1808 5230 2012 5298 εἴδησιν

442 5323 551 5375 τῶν
576 5326 671 5377 τοῦ
697 5324 930 5379 τυπικοῦ
958 5325 1220 5396 ῥημάτων
1248 5323 1465 5394 ἔχουσα,
1501 5323 1892 5393 ὑπομιμνήσκῃ
1916 5319 2014 5391 τὴν

444 5414 887 5486 καθηγουμένην,
943 5420 1035 5470 καὶ
1082 5415 1378 5487 προστάξει
1420 5414 1590 5484 αὐτῆς
1640 5414 1694 5466 αἱ
1748 5411 2017 5476 ἐντεύξεις

447 5505 710 5575 γίνωνται
760 5509 903 5564 κατά
949 5509 1044 5578 τὴν
1099 5509 1194 5563 τοῦ
1251 5508 1480 5563 τυπικοῦ
1534 5507 1780 5578 δύναμιν.
1840 5502 2017 5576 Γραῦς

524 5689 571 5722 ³⁸
604 5690 744 5745 Psal.
777 5706 896 5755 exn,
944 5692 1025 5744 ιο.

2115 4486 2238 4541 ideo
2281 4497 2541 4538 vocamus
2589 4479 2889 4542 ostiariam,
2935 4475 3190 4546 praelecta
3247 4475 3690 4543 instituet;quaa

2113 4577 2331 4635 curabit
2369 4585 2428 4630 ut
2460 4575 2594 4628 citra
2630 4570 2900 4642 praelecta:
2933 4566 3260 4624 sententiam
3316 4569 3520 4622 ostium
3557 4566 3687 4619 nul-

2115 4673 2328 4728 latenus
2365 4666 2670 4738 aperiatur,
2694 4673 2750 4718 et
2783 4672 2843 4717 ut
2871 4662 3032 4716 nulla:
3069 4660 3122 4714 in
3158 4658 3551 4713 monasterium
3601 4657 3704 4737 in-_

2115 4764 2455 4834 grediantur,
2479 4759 2563 4812 vel
2596 4757 2664 4811 ab
2691 4771 2756 4811 eo
2783 4754 3158 4824 egrediantur,
3200 4751 3373 4804 inscia
3405 4747 3686 4819 praelecta.

2116 4855 2380 4924 Quocirca
2404 4861 2565 4923 caput
2592 4851 2674 4903 IIIS
2691 4849 2756 4903 de
2781 4847 2943 4901 rebus
2966 4861 3148 4915 agens.
3174 4843 3448 4914 quomodo
3472 4856 3688 4910 nempe,

2119 4948 2362 5021 quando,
2391 4957 2448 5002 et
2485 4945 2708 5015 quinam
2748 4956 2814 4993 ex
2846 4939 3241 4994 accedentibus
3283 4937 3517 4990 debeant
3564 4947 3687 4988 cum

2119 5040 2453 5098 munialibus
2486 5033 2744 5105 colloqui,
2774 5032 3169 5101 transcriptum
3198 5030 3298 5100 ipsi
3331 5029 3600 5090 tradetur,
3631 5033 3691 5080 ut

2120 5136 2414 5192 verborum
2451 5129 2612 5201 typici
2649 5125 2912 5197 prudens,
2939 5124 3248 5194 praal‘ectam
3283 5122 3693 5189 moneat,ejus-

2120 5225 2601 5300 quejussu,juxta
2635 5221 2745 5273 vim
2800 5216 2987 5288 typici,
3037 5214 3312 5283 colloquia
3360 5216 3512 5266 llant.
3540 5211 3694 5265 Anus

2123 5327 2302 5374 autem
2335 5329 2456 5369 esse
2498 5311 2660 5367 debet
2685 5323 2806 5379 qua:
2840 5307 2908 5361 ad
2951 5307 3056 5362 hoc
3086 5305 3323 5360 ollicium
3373 5304 3691 5374 deputatur,

2122 5411 2358 5480 vitaeque
2388 5409 2650 5466 honestae,
2682 5416 2745 5456 ac
2782 5400 3026 5456 omnium
3075 5413 3327 5454 sororum
3379 5395 3694 5452 testimonio

2126 5498 2515 5571 comprobata;
2571 5507 2693 5565 qua:
2747 5488 2984 5562 singulis
3032 5489 3226 5547 diebus
3287 5485 3353 5543 ad
3405 5499 3691 5557 vesperam
