4104 6200
435 280 573 345 1047
1704 287 1990 348 IRENES
2030 339 2032 345 .

2140 288 2185 348 G
2197 286 2410 348 USTZE
3554 278 3699 342 1048

429 391 614 446 claves
643 391 853 446 deferet
883 391 950 446 ad
985 391 1321 460 praefectam.
1348 391 1416 448 Et
1449 409 1515 448 ne
1545 393 1661 464 ipsa
1691 395 1915 465 quidem
1946 411 2003 452 se

2140 398 2311 452 ιέντοι
2372 393 2578 464 ὀφείλει
2639 389 2779 448 εἶναι
2834 395 2868 464 ἡ
2917 393 2996 455 είς
3025 392 3231 460 ταύτην
3279 390 3379 463 τὴν
3413 390 3696 444 διακονίαν

427 483 642 538 visendi
685 499 847 539 causa
909 484 1236 539 accedentes
1298 494 1562 554 cognatos
1614 486 1844 553 videbit,
1870 490 2004 544 citra

2140 487 2548 560 ιροϐαλλομὲνη,
2613 488 2709 541 καὶ
2765 485 2879 556 βίου
2914 484 3128 555 σεμνοῦ,
3185 486 3280 538 καὶ
3338 500 3698 554 μεμαρτυρη-

430 575 702 644 praetecta:
730 575 1084 645 permissum,
1125 587 1402 632 annuente
1447 590 1633 634 autem
1665 578 1779 647 illa,
1807 581 2008 636 invisat

2140 579 2257 649 ιὲνη
2289 577 2442 650 παρὰ
2476 577 2655 647 πάσης
2688 575 2789 646 τῆς
2823 574 3182 644 ἀδελφότητος
3208 590 3222 605 ο
3265 574 3386 644 ἣτις
3437 573 3530 626 καὶ
3575 573 3697 626 καθ’

432 678 527 717 eos
555 680 664 733 quo
705 677 863 733 pacto
891 665 993 720 sibi
1024 682 1347 721 concessum
1381 669 1566 724 fuerit.

2140 672 2355 742 ,κᾶστην
2388 669 2631 742 ἑσπέραν
2671 667 2770 732 τὰς
2820 668 2970 731 κλεῖς
2998 667 3386 735 είσκομίζουσα
3426 666 3575 718 ἔσται
3630 667 3698 736 τῇ

431 758 838 830 καθηγουμένῃ.
871 761 977 812 Καὶ
1007 759 1127 812 ούδὲ
1161 760 1299 830 αὑτὴ
1329 761 1454 824 τοὺς
1509 761 1601 814 ἐπὶ
1658 762 1787 816 θέαν
1847 763 2017 832 αὐτῆς
2084 761 2427 832 ἀφιγμένους
2498 761 2784 828 συγγενεῖς
2829 757 3020 829 seem:
3067 755 3193 809 ἄνευ
3241 755 3555 826 προτροπῆς
3599 755 3702 823 τῆς

430 851 762 922 ἡγουμένης,
785 853 1054 924 ἐπιτροπῇ
1085 853 1141 907 δὲ
1173 854 1380 926 ταύτης
1403 853 1656 908 θεάσεται
1680 857 1879 921 αὐτοὺς
1925 855 2107 920 καθὼς
2129 856 2195 910 ἂν
2250 854 2605 927 ἐπιτραπείη.

507 975 677 1028 Porro
710 989 820 1028 non
859 975 977 1028 vult
1011 974 1304 1044 imperium
1335 991 1684 1042 meum,eam
1719 977 1785 1031 ad
1808 976 2010 1032 ostium

2185 972 2464 1043 Διηνεκῶς
2496 972 2682 1042 μέντοι
2709 969 3042 1040 προσμένειν
3071 967 3239 1036 αὐτὴν
3270 968 3327 1020 ἑν
3357 967 3435 1037 τῷ
3463 969 3699 1037 πυλῶνι,

429 1073 698 1133 perpetuo
727 1080 982 1131 manere;
1007 1065 1100 1120 sed
1128 1067 1340 1130 statuit,
1359 1077 1416 1122 ut
1445 1067 1563 1136 ipsa
1593 1082 1815 1136 quoque
1843 1067 1899 1120 in
1923 1083 2013 1122 as-

2140 1066 2174 1118 t’t
2213 1065 2464 1136 βούλεται
2498 1065 2530 1134 ἡ
2568 1061 2821 1132 βασιλεία
2859 1079 2985 1131 μου,
3011 1059 3149 1115 ἀλλὰ
3176 1059 3448 1129 καθῆσθαι
3476 1065 3571 1114 καὶ
3595 1064 3700 1117 αύ-

429 1153 642 1222 signato
693 1154 978 1210 domicilio
1011 1171 1136 1210 cum
1169 1156 1458 1211 sororibus
1493 1157 1756 1213 resideat.
1813 1156 1870 1212 Si
1905 1173 2013 1226 qua

2140 1158 2210 1230 τὴν
2239 1159 2297 1210 ὲν
2326 1155 2405 1223 τῷ
2437 1153 2808 1225 ἀφωρισμένῳ
2834 1153 3064 1223 οἰκίσκῳ
3096 1152 3235 1222 μετά
3268 1153 3370 1222 τῆς
3409 1153 3706 1224 ἀδελφότη-

433 1258 564 1297 vero
597 1245 901 1299 necessitas
926 1245 1220 1315 postularit
1243 1261 1364 1300 eam
1395 1247 1463 1301 ad
1488 1246 1691 1300 ostium
1728 1246 2014 1310 accedere,

2140 1268 2231 1314 τος,
2255 1248 2572 1321 διορίζεται.
2607 1248 2677 1301 Et
2695 1265 2779 1310 τις
2803 1247 2860 1299 δὲ
2887 1245 3047 1317 χρεία
3074 1247 3301 1315 γένηται
3329 1247 3703 1316 παραϐάλλειν

431 1352 628 1406 nempe
658 1353 687 1391 a
720 1336 1096 1393 tintinnabulo
1135 1338 1402 1394 monitam
1436 1354 1494 1393 se
1551 1338 1619 1392 ad
1669 1338 1874 1393 ostium
1922 1355 2018 1394 vo-

2140 1342 2325 1411 ταύτην
2351 1342 2410 1394 ἐν
2439 1339 2516 1410 τῷ
2548 1339 2757 1393 πυλῶνι
2790 1337 3240 1408 ἀναδιδαχθεῖσαν
3271 1337 3360 1390 διὰ
3385 1338 3491 1390 τοῦ
3525 1339 3710 1392 κώδων

432 1429 752 1498 cari,jussu
797 1428 1069 1499 praetecta
1113 1429 1418 1495 abscedet;
1470 1440 1526 1484 et
1597 1429 1690 1484 ubi
1749 1427 2015 1495 ofﬁcium,

2140 1449 2232 1496 ιος,
2265 1432 2351 1485 ὅτι
2391 1431 2610 1484 καλοῖτο
2649 1429 2787 1500 πρὸς
2836 1428 2929 1482 τὸν
2970 1427 3217 1488 πυλῶνα,
3259 1426 3556 1497 προστάξει
3606 1428 3706 1497 τῆς

433 1518 804 1588 quodcunque
845 1520 979 1574 illud
1023 1520 1212 1585 fuerit,
1245 1521 1576 1591 impleverit,
1609 1536 1801 1581 rursus
1832 1521 2018 1594 ingre-

2140 1523 2547 1595 ιαθηγουμὲνης
2608 1521 3007 1586 ἀπελεύσεται,
3071 1520 3166 1573 καὶ
3229 1521 3328 1591 τὴν
3390 1520 3703 1585 διακονίαν,

437 1609 639 1674 dietur,
666 1619 866 1665 etcum
897 1611 1108 1668 caeteris
1140 1613 1373 1668 sedebit.

2140 1616 2283 1668 intota
2331 1615 2486 1678 ἐστὶ,
2556 1613 2919 1684 πληρώσασα,
2978 1611 3348 1666 είσελεύσεται
3398 1609 3554 1678 αὖθις
3615 1615 3708 1667 καὶ

2124 1705 2637 1776 συγκαθεσθήσεται
2664 1707 2784 1769 ταῖς
2813 1704 3052 1768 λοιπαῖς.

2055 1788 2096 1840 Β

991 1834 1217 1890 CAPUT
1259 1836 1425 1890 XXX.

439 1947 652 2014 Quanto
715 1956 950 2023 tempore
1001 1950 1056 2002 in
1097 1953 1420 2023 monasterio
1487 1965 1790 2023 exspectare
1835 1955 2022 2009 debeat

579 2035 696 2090 qua:
755 2021 1074 2074 extrinsecus
1111 2021 1339 2086 advenit,
1393 2031 1441 2075 et
1479 2021 1686 2078 tonderi
1710 2025 1876 2080 debet.

510 2228 642 2296 Quae
668 2227 882 2284 tonderi
912 2227 1136 2294 debent,
1162 2238 1217 2284 et
1246 2228 1536 2285 definitum
1562 2231 1886 2287 monialium
1915 2248 2020 2287 nu—

442 2335 656 2373 merum
689 2319 942 2389 implere,
999 2319 1045 2375 si
1083 2320 1305 2390 quidem
1339 2322 1616 2378 voluerint
1639 2323 1906 2393 depositis
1927 2341 2023 2380 ea.

442 2414 609 2482 pillis,
636 2413 966 2469 obedientiae
1008 2415 1423 2479 vestimentum,
1449 2426 1502 2471 et
1540 2416 1812 2487 mandyan
1847 2417 2022 2471 solum

443 2506 698 2569 induere,
754 2522 850 2560 sex
891 2505 1170 2561 mensium
1216 2515 1436 2577 tempus
1487 2509 1912 2578 exspectabunt.
1966 2509 2021 2565 Si

443 2613 578 2652 vero
610 2597 907 2652 familiares
936 2598 1208 2668 quaedam,
1229 2606 1286 2653 et
1313 2599 1660 2656 honestiores
1705 2600 1930 2663 fuerint,
1962 2617 2027 2657 ac

446 2691 620 2762 probe
665 2691 872 2746 sciatur
902 2693 1093 2760 quales
1121 2690 1232 2745 vita
1267 2691 1397 2758 sint,
1441 2693 1872 2764 monasteriique
1913 2694 2027 2750 dis-

449 2785 708 2852 ciplinam
743 2797 799 2838 et
827 2784 1142 2838 institutum
1166 2783 1484 2839 nullatenus
1505 2784 1904 2855 ignoraverint,
1930 2786 2025 2840 ubi

451 2872 706 2942 praetecta
753 2883 1188 2929 consentaneum
1237 2875 1531 2945 iudicabit,
1596 2878 1754 2948 juxta
1795 2876 2029 2933 formam

451 2963 856 3019 tondebuntur.

2125 1959 2266 2027 Περὶ
2317 1959 2426 2012 τοῦ
2477 1958 2677 2012 πόσον

2741 1840 2991 1896 ΚΕΦΑΛ.
3052 1838 3130 1895 A'.

2191 1959 2266 2027 ερί
2317 1959 2426 2012 τοῦ
2477 1958 2677 2012 πόσον
2728 1959 2955 2028 χρόνον
2999 1958 3097 2012 δεῖ
3142 1959 3482 2026 περιμένειν
3531 1961 3597 2013 ἐν
3633 1958 3707 2028 τῇ

2191 2029 2354 2098 μονῇ
2387 2029 2503 2095 τὴν
2549 2029 2776 2093 ἔξωθεν
2829 2028 3170 2094 είσιοῦσαν,
3208 2029 3307 2082 καὶ
3350 2031 3707 2100 μέλλουσαν

2198 2099 2650 2153 ἀποκείρεσθαι.

2239 2114 2650 2166 ποκειρεσυαι.

2198 2232 2270 2285 Δῖ
2298 2248 2362 2300 γε
2398 2230 2505 2301 μὴν
2535 2230 2928 2299 ἀποκείρεσθαι
2969 2229 3285 2301 μέλλουσαι,
3322 2229 3418 2284 καὶ
3460 2231 3552 2284 τὸν
3578 2231 3707 2302 ὡρι-

2130 2325 2330 2393 σμένον
2373 2322 2483 2376 τῶν
2519 2322 2772 2392 μοναχῶν
2824 2321 3177 2392 ἀναπληροῦν
3214 2321 3468 2392 ἀριθμὸν,
3512 2324 3560 2375 εξ
3611 2323 3710 2391 μὲν

2131 2415 2437 2485 βούλονται,
2470 2414 2567 2476 τὰς
2610 2416 2805 2486 τρίχας
2837 2413 3193 2483 ἀποθέμεναι,
3223 2417 3282 2467 τὸ
3315 2415 3414 2485 τῆς
3437 2416 3710 2484 ὑποταγῆς

2135 2508 2356 2577 ἱμάτιον
2391 2507 2486 2560 καὶ
2531 2506 2623 2559 τὸν
2659 2506 2902 2575 μανδύαν
2937 2506 3050 2577 (19)
3090 2506 3250 2576 μόνον
3285 2506 3705 2569 ἐπενδύσασθαι,

2131 2595 2490 2667 περιμενοῦσι
2532 2596 2623 2649 τὸν
2651 2596 3007 2666 ἑξαμηνιαῖον
3055 2597 3267 2666 καιρόν.
3307 2597 3369 2650 Et
3399 2596 3455 2649 δέ
3487 2615 3550 2662 γε
3587 2616 3710 2650 συν-

2131 2688 2285 2757 ⁹ιῇθεις
2340 2689 2506 2752 τινὲς,
2539 2689 2634 2741 καὶ
2661 2687 2770 2741 τῶν
2799 2687 3240 2760 ἀξιολογωτέρων
3266 2691 3604 2758 τυγχάνοιεν,
3637 2691 3712 2751 ὡς

2131 2778 2292 2833 αύταί
2337 2795 2397 2833 τε
2441 2779 2904 2847 ἑπιγινὼσκεσθαι
2941 2781 3123 2832 ὁποῖαι
3162 2780 3254 2833 τὸν
3287 2780 3402 2850 βίον
3453 2782 3580 2846 eici,
3618 2781 3714 2834 καὶ

2132 2873 2233 2944 τὴν
2257 2872 2351 2926 τοῦ
2391 2871 2758 2943 μοναστηρίου
2792 2869 3071 2942 διαγωγὴν
3102 2871 3195 2924 καὶ
3238 2874 3578 2925 κατάστασιν
3608 2891 3712 2941 μη-

2130 2964 2320 3033 δαμῶς
2370 2965 2610 3032 ἀγνοεῖν,
2663 2963 2753 3015 ὅτε
2801 2965 2981 3032 κρινεῖ
3031 2966 3063 3033 ἡ
3113 2963 3391 3033 ἡγουμένη
3439 2965 3715 3033 συμφέριν

2133 3053 2298 3124 εἶναι,
2336 3054 2477 3109 κατὰ
2509 3056 2598 3108 τὸν
2631 3054 2803 3108 τύπον
2835 3056 3300 3127 ἁποκαρήσονται.

523 3163 655 3230 Quae
701 3179 835 3219 vero
856 3163 1106 3220 habitum
1128 3175 1379 3221 sanctum
1397 3166 1467 3221 ab
1489 3167 1605 3237 ipsa
1635 3166 1791 3222 indui
1813 3168 2025 3230 volunt,

2208 3171 2275 3222 Δί
2303 3169 2362 3223 δὲ
2402 3168 2725 3239 βουλόμεναι
2765 3167 2826 3222 τὸ
2851 3168 3008 3236 ἅγιον
3043 3168 3229 3240 σχῆμα
3263 3169 3321 3235 ἑξ
3361 3170 3529 3239 αὐτῆς
3557 3170 3717 3222 ἑπεν-

451 3262 498 3317 si
529 3261 752 3331 quidem
777 3261 882 3332 pias
905 3263 1171 3317 mulieres
1203 3262 1430 3328 fuerint,
1457 3269 1515 3318 et
1553 3262 1723 3316 vitam
1766 3261 2034 3317 monasti-

453 3367 574 3406 cam
602 3352 658 3407 in
689 3352 941 3408 saeculari
973 3353 1169 3408 habitu
1203 3353 1457 3425 degerint
1494 3371 1510 3408 :
1543 3369 1721 3422 neque
1745 3355 1877 3424 ipsae
1899 3368 2032 3424 pro-

453 3443 695 3500 bationis
730 3457 950 3515 tempus
995 3446 1420 3515 exspectabant,
1469 3461 1668 3516 nempe
1703 3446 2030 3510 triennium,

453 3536 603 3606 quod
641 3538 816 3592 sancti
843 3538 1032 3591 Patres
1065 3537 1134 3590 ad
1170 3538 1611 3606 experimentum
1651 3548 1708 3593 et
1757 3538 2035 3608 probatio-

454 3643 606 3692 nem,
636 3628 704 3681 iis
731 3643 852 3696 qua:
879 3630 1042 3682 aliam
1072 3630 1239 3684 vitam
1265 3631 1548 3695 duxerint,
1598 3632 1865 3686 canonice
1899 3631 2034 3684 deti--

453 3717 634 3774 niere.
689 3716 802 3770 Sed
849 3717 916 3771 ad
968 3729 1138 3773 totam
1197 3720 1602 3788 probationem,
1631 3736 1726 3774 sex
1758 3721 2033 3776 mensium

458 3817 678 3877 tempus
701 3807 835 3878 ipsis
859 3808 990 3862 satis
1013 3807 1141 3870 erit,
1176 3818 1415 3878 tuncque
1455 3819 1703 3879 optatum
1738 3826 2037 3880 assequen-

458 3908 571 3964 tur,
605 3908 665 3954 ut
693 3915 725 3955 a
755 3900 958 3956 sanctis
985 3901 1242 3956 Patribus
1263 3901 1548 3956 decretum
1575 3911 1682 3959 est.
1721 3903 1779 3957 Si
1802 3919 1935 3960 vero
1967 3921 2036 3960 ex

459 3992 842 4064 ignorantibus
889 4001 946 4049 et
992 3992 1194 4064 ignotis
1240 3993 1466 4060 fuerint,
1492 4003 1783 4065 postquam
1829 3995 2039 4051 hebdo-

456 4087 673 4141 madam
703 4101 867 4141 unam
897 4085 1112 4141 dierum
1133 4086 1187 4142 in
1211 4088 1543 4142 monasterio
1571 4089 2035 4158 exspectmerint,

460 4179 782 4234 monasticis
819 4179 1167 4234 vestimentis
1225 4181 1550 4242 induentur,
1609 4188 1665 4235 et
1722 4181 2037 4237 ministrare

455 4272 623 4341 jussae
659 4272 713 4324 in
747 4271 1219 4342 assignatisjuxta
1259 4274 1409 4328 vires
1455 4273 1671 4339 otliciis,
1719 4289 1817 4344 per
1867 4276 2038 4330 trien-

460 4361 616 4417 nium
646 4361 701 4415 in
730 4361 1068 4417 monasterio
1113 4363 1551 4432 perseverabunt
1582 4381 1596 4418 :
1624 4379 1729 4419 nec
1753 4379 1949 4434 magno
1983 4376 2040 4418 et

2136 3259 2402 3314 δύσασθαι
2430 3273 2445 3289 ⁶
2481 3260 2530 3313 εἰ
2580 3259 2680 3329 μὲν
2722 3256 2834 3311 είεν
2876 3261 3138 3326 γυναῖκες
3183 3258 3456 3322 εὐλαϐεῖς,
3501 3260 3593 3313 καὶ
3623 3258 3718 3311 τὸν

2142 3352 2436 3423 μοναχικὸν
2461 3351 2578 3422 βίον
2603 3351 2659 3404 ἑν
2691 3351 2944 3422 κοσμικῷ
2969 3351 3285 3408 διανύουσαι
3315 3353 3573 3423 σχήματι,
3603 3350 3717 3405 οὐδ’

2147 3445 2310 3498 αὐταὶ
2334 3435 2692 3516 περιμενοῦσι
2721 3443 2812 3497 τὸν
2834 3443 2934 3512 τῆς
2965 3443 3290 3513 δοκιμασίας
3314 3445 3528 3514 καιρὸν,
3559 3460 3719 3496 τουτ-

2140 3537 2257 3591 έστι
2305 3538 2405 3610 τὴν
2455 3537 2700 3606 τριετίαν
2732 3536 2866 3608 (20),
2922 3537 2989 3605 ἥν
3040 3538 3089 3589 οἱ
3129 3536 3278 3604 ἀγιοι
3335 3537 3578 3607 Πατέρες
3636 3537 3720 3600 είς

2141 3631 2339 3699 πεῖραν
2380 3629 2474 3682 καὶ
2526 3629 2871 3700 δοκιμασίαν,
2907 3633 3026 3692 ταῖς
3077 3629 3252 3700 ᾷλλως
3299 3629 3549 3701 ἐχούσαις
3577 3630 3722 3683 κατά

2141 3719 2232 3772 τὸν
2265 3719 2398 3789 βίον,
2437 3720 2741 3785 κανονικῶς
2772 3723 3122 3791 ἀφωρίσαντο
3141 3740 3156 3754 ·
3181 3723 3298 3776 ἀλλ’
3337 3722 3564 3793 ἀρκέσει
3590 3724 3722 3775 ταύσ

2141 3827 2264 3873 ταις
2317 3813 2396 3874 είς
2428 3811 2737 3882 ἀπόπειραν
2798 3812 3062 3884 παντελῆ,
3127 3814 3222 3866 καὶ
3276 3815 3304 3867 ὁ
3366 3814 3722 3883 ἑξαμηνιαῖος

2142 3904 2353 3975 χρόνος,
2409 3907 2505 3957 καὶ
2561 3904 2624 3958 τδ
2677 3904 2980 3974 τηνικαῦτα
3030 3905 3311 3970 τεύξονται
3359 3905 3451 3958 τοῦ
3503 3905 3721 3972 ἐφετοῦ,

2142 3995 2324 4059 καθὼς
2352 3996 2445 4050 καὶ
2496 3999 2608 4059 τοῖς
2639 3996 2815 4065 ἁγίοις
2862 3997 3110 4067 Πατράσι
3159 3997 3530 4067 διηγόρευται.
3561 3998 3620 4050 Εί
3662 3999 3725 4051 δὲ

2142 4087 2249 4142 τῶν
2295 4085 2604 4154 ἀγνοουσῶν
2663 4103 2721 4138 τε
2783 4088 2878 4140 καὶ
2933 4087 3319 4156 ἀγνοουμένων
3377 4088 3722 4155 τυγχάνοιεν,

2144 4179 2416 4249 ἑϐδομάδα
2446 4180 2577 4248 μίαν
2600 4179 2826 4248 ἡμερῶν
2855 4181 2918 4250 τῇ
2949 4181 3083 4251 μονῇ
3120 4181 3530 4250 περιμείνασαι,
3565 4196 3723 4242 περι-

2145 4271 2436 4324 ϐαλούνται
2487 4271 2554 4323 τὰ
2591 4269 2862 4339 μοναχικά
2912 4271 3257 4341 περιϐόλαια,
3289 4271 3385 4326 κα)⁵
3430 4272 3727 4339 ὑπηρετεῖν

2146 4365 2204 4416 ἑν
2230 4365 2350 4425 ταῖς
2375 4361 2518 4415 κατά
2541 4362 2773 4432 δύναμιν
2792 4363 3090 4427 διακονίαις
3116 4365 3537 4433 ἑπιταττόμεναι
3562 4380 3727 4432 προσ·

459 4456 709 4525 angelico
738 4455 930 4510 habitu
967 4455 1342 4522 donabuntur,
1370 4457 1546 4512 donec
1575 4457 1796 4510 triennii
1825 4464 2032 4525 tempus

2147 4457 2549 4528 καρτερήσουσι
2588 4460 2654 4528 τῇ
2714 4460 2849 4528 μονῇ
2890 4460 3171 4529 τριετίαν·
3214 4459 3310 4512 τοῦ
3345 4461 3584 4530 μεγάλου
3626 4460 3726 4513 καὶ

460 4549 528 4603 ad
567 4565 757 4604 earum
790 4550 1227 4619 experimentum
1254 4549 1568 4603 absolutum
1599 4549 1787 4613 fuerit,
1833 4558 1889 4602 et
1914 4563 2038 4616 spe-

463 4651 640 4697 elatas
683 4641 830 4710 ipsas
885 4649 1144 4710 tantaque
1175 4641 1288 4694 vita
1343 4640 1538 4711 dignas
1577 4639 2032 4694 manifestaverit.

435 4731 580 4790 'lloe
600 4735 746 4789 enim
771 4743 988 4803 tempus
1017 4733 1295 4799 obtinere,
1328 4735 1453 4788 latae
1476 4733 1544 4788 de
1571 4733 1680 4789 illis
1711 4734 1858 4803 leges
1903 4731 2042 4787 deti-

465 4829 731 4882 nierunt:
765 4828 868 4884 nisi
896 4827 1076 4898 gravis
1109 4827 1331 4897 quidam
1360 4827 1584 4882 morbus
1607 4829 1863 4883 accidens
1902 4837 2043 4883 tem-

464 4937 568 4991 pus
597 4920 946 4990 probationis
971 4919 1300 4976 contrahere
1330 4919 1589 4992 coegerit.

2147 4550 2440 4617 ἁγγελικού
2499 4550 2782 4621 σχήματος
2816 4551 2929 4623 (21)
2973 4553 3047 4623 μὴ
3097 4555 3545 4624 καταξιούμεναι,
3591 4555 3726 4624 πρὶν

2145 4639 2211 4693 ἂν
2241 4642 2270 4694 ό
2314 4640 2414 4710 τῆς
2443 4642 2684 4712 τριετίας
2720 4644 2909 4713 χρόνος
2953 4646 3144 4708 αὑταῖς
3176 4645 3351 4716 ἀφεθῇ
3393 4647 3473 4708 είς
3506 4647 3724 4715 πεῖραν,

2144 4733 2240 4786 καὶ
2269 4734 2525 4804 δοκίμους
2547 4736 2717 4799 αὐτὲις
2749 4736 2844 4787 καὶ
2876 4736 3033 4802 ἀξίας
3059 4738 3160 4807 τῆς
3181 4735 3516 4806 τηλικαύτης
3539 4733 3726 4804 βιοτῆς

2145 4827 2500 4896 παραστήσῃ.
2538 4826 2740 4880 Τοῦτον
2767 4827 2877 4897 γὰρ
2902 4827 2995 4880 τὸν
3030 4829 3223 4898 καιρὸν
3262 4831 3506 4899 κρατεῖν,
3537 4827 3632 4879 καὶ
3667 4827 3726 4879 αἱ

2144 4921 2239 4973 ἐπὶ
2273 4920 2499 4982 ταύταις
2545 4922 2796 4990 κείμεναι
2833 4919 3109 4984 διατάξεις
3151 4921 3462 4991 ὡρίσαντοο
3503 4918 3642 4988 πλὴν
3677 4916 3728 4969 εί

2149 5013 2224 5082 μή
2260 5011 2361 5064 πού
2407 5029 2490 5076 τις
2537 5012 2731 5082 βαρεῖα
2781 5013 3170 5083 προσπεσοῦσα
3219 5015 3373 5077 νόσος
3403 5012 3496 5065 τὸν
3530 5010 3730 5081 χρόνον

2148 5103 2452 5172 ἀναγκάσαι
2476 5105 2807 5175 συσταλῆναι
2831 5107 2929 5178 τῆς
2959 5107 3302 5176 δοκιμασίας.

1727 5262 2179 5330 Montt‘auconii
2241 5274 2428 5325 notae.
2502 5293 2504 5295 ·

542 5436 654 5504 (i9)
685 5435 992 5504 Μανδίύαν.
1023 5435 1113 5488 Est
1143 5449 1314 5504 genus
1345 5435 1679 5497 vestimenti,
1706 5436 1772 5488 ab
1793 5435 2038 5489 humeris

472 5506 538 5559 ad
556 5503 735 5576 pedes
772 5503 1084 5576 detinentis,
1103 5504 1382 5576 quodnon
1403 5505 1580 5576 solum
1607 5506 1922 5576 monachis.
1940 5505 2036 5576 sed

471 5586 528 5629 et
567 5574 841 5643 episcopis
869 5574 993 5627 usui
1035 5583 1199 5643 erat:
1237 5574 1305 5629 dc
1350 5591 1458 5643 quo
1505 5575 1735 5640 Goarus,
1777 5575 1831 5628 in
1881 5575 2038 5628 Notis

470 5645 538 5700 ad
594 5642 1014 5716 Euchologium,
1071 5642 1189 5699 fuse
1231 5652 1287 5698 et
1312 5642 1530 5698 erudite
1572 5660 1673 5700 suo
1719 5660 1873 5700 more
1920 5645 2037 5700 dis-

473 5724 649 5787 putat.

2221 5435 2329 5502 (20)
2351 5435 2423 5489 De
2440 5434 2663 5514 deﬁnita
2690 5435 2912 5489 triennii
2936 5434 3285 5514 probatione,
3306 5432 3433 5514 vide
3451 5432 3720 5514 Joannem

2147 5504 2413 5558 Zonaram
2457 5503 2524 5557 ad
2551 5520 2816 5559 canonem
2867 5503 3121 5574 quintum
3185 5503 3379 5575 synodi
3448 5503 3639 5573 prima:
3664 5509 3725 5555 et

2147 5576 2434 5716 sciii‘iiié
2467 5643 2646 5716 magni
2661 5652 2736 5716 _et
2766 5642 2993 5716 angelici
3021 5643 3242 5704 habitus
3287 5641 3635 5716 susceptione
3663 5648 3724 5696 et

2145 5715 2264 5785 ejus
2294 5713 2492 5784 cilicio,
2523 5715 2637 5771 vide
2660 5713 3084 5786 Euchologium.
