4092 6202
368 264 505 331 1049

922 378 1174 433 ΚΕΦΑΛ.
1207 379 1323 434 AA'
1342 419 1358 436 .

364 465 503 534 Περὶ
541 465 647 521 τοῦ
682 469 851 544 τινας
899 467 995 521 δεῖ
1016 469 1506 544 ἀποστέμεσθαι
1541 474 1632 540 εις
1674 473 1790 544 τὴν
1829 476 1949 532 τῶν

645 536 959 606 κτημάτων
979 537 1084 608 τῆς
1121 540 1318 610 μονῆς
1350 536 1664 611 πρόνοιακ.

438 652 501 704 Οἱ
521 649 577 704 δέ
605 666 666 718 γε
691 650 1146 722 ἀποστελλόμενοι
1165 653 1246 716 είς
1265 652 1364 728 τὴν
1389 655 1501 708 τῶν
1524 658 1822 728 κτημάτων
1851 659 1953 730 τῆς

370 744 539 814 μονῆς
577 743 854 812 πρόνοιαν,
885 745 959 813 μὴ
998 745 1085 798 διὰ
1109 746 1456 816 συγγένειαν,
1491 749 1524 821 ἢ
1556 751 1886 824 οἰκειότητα,
1915 752 1950 824 ἢ

366 835 561 905 ἑτέραν
592 836 715 888 τινὰ
757 837 1014 907 τοιαύτην
1059 839 1241 892 αἰτίαν
1276 841 1744 911 προτιμάσθωσαν
1769 860 1783 874 ·
1817 843 1954 898 ἀλλά

337 1003 339 1005 _
368 924 574 996 πολλὴν
601 926 856 995 φροντίδα
881 927 1243 992 τιθέσθωσαν,
1267 929 1302 1000 ἦ
1331 947 1391 982 τε
1417 931 1828 1004 καθηγουμὲνη,
1856 934 1954 988 καὶ⁵

367 1017 395 1068 ὁ
424 1016 569 1068 κατὰ
598 1017 828 1086 καιροὺς
856 1019 1165 1088 οίκονόμος,
1197 1021 1477 1092 εὑρίσκειν
1517 1007 1841 1096 ἀνθρώπους
1867 1027 1956 1080 εύ-

367 1108 740 1178 υπολήπτους,
787 1111 884 1164 καὶ
927 1110 1262 1181 ὀλιγαρκείς,
1313 1114 1698 1181 ἀνα-παύοντας
1730 1118 1830 1188 μὲν
1859 1118 1955 1172 καὶ

369 1201 498 1264 τοὺς
541 1203 599 1254 ὲν
645 1203 760 1266 τοῖς
802 1203 1072 1273 κτήμασι,
1124 1206 1218 1258 καὶ
1251 1207 1480 1276 μηδενὸς
1530 1210 1956 1280 νοσφιζομένους

369 1293 482 1346 τῶν
515 1295 579 1363 τῇ
615 1296 750 1364 μονῇ
799 1294 1133 1365 ἀνηκόντων,
1173 1299 1370 1368 πεῖράν
1399 1317 1458 1352 τε
1503 1299 1727 1370 ἔχοντας
1760 1304 1840 1366 εἰς
1887 1302 1956 1356 τὰ

369 1387 674 1456 γεωργικά.
707 1385 820 1456 Τῆς
851 1386 907 1440 δὲ
932 1387 1141 1442 τούτων
1171 1390 1480 1460 ἀποστολῆς
1505 1393 1536 1462 ἡ
1564 1391 1952 1464 καθηγουμένη

368 1477 483 1542 ἕξει
519 1479 618 1547 τὴν
657 1477 933 1546 ἐξουσίαν,
982 1480 1248 1546 ὡσαύτως
1282 1484 1376 1535 καὶ
1418 1483 1518 1554 τῆς
1557 1483 1830 1555 διαδοχῆς,
1863 1481 1954 1538 ὅτε

368 1568 642 1640 εὑρεθοῖεν
709 1568 1030 1644 [εὑρεθεῖεν]
1103 1574 1205 1645 τῆς
1277 1574 1573 1645 ὀρθότητος
1646 1577 1952 1648 ἐκτραπέν-

365 1677 428 1714 τε
443 1679 481 1726 τ,
515 1661 609 1726 οὓς
634 1663 841 1732 ὀφείλει
885 1667 914 1718 ὁ
954 1667 1240 1736 οἰκονόμος
1273 1669 1498 1740 ἐφορᾷν,
1539 1670 1629 1722 ὅτε
1672 1670 1826 1740 παρά
1853 1673 1953 1740 τῆς

1797 279 1887 338 ΤΥ
1899 281 2070 344 PICU
2078 285 2154 344 Μ.

1981 397 2031 454 Α

3494 305 3632 372 1056

2621 401 2847 461 CAPUT
2878 407 3070 464 XXXI.

2060 484 2289 551 Quinam
2323 490 2394 544 ad
2428 495 2667 551 curanda
2693 503 3000 556 monasterii
3022 504 3224 573 prwdia
3247 508 3485 564 mittendi
3512 513 3615 567 sint

2125 667 2228 734 Qui
2257 667 2323 722 ad
2356 671 2561 740 praedia
2590 680 2906 733 monasterii
2938 685 3192 738 curanda
3226 687 3543 753 mittuntur,
3570 708 3635 746 ne

2054 756 2336 814 aﬂinitatis
2367 775 2464 816 seu
2488 762 2878 823 familiaritatis
2904 775 3100 840 gratia,
3126 784 3221 828 aut
3250 777 3322 830 ob
3344 784 3636 848 quamu'am

2055 850 2218 904 aliam
2257 853 2496 909 similem
2531 872 2753 913 causam
2803 873 3154 932 coolitentur.
3215 866 3320 921 Sed
3387 887 3636 940 magnam

2056 942 2486 1001 sollicitudinem
2528 960 2721 1019 gerant
2769 955 3048 1022 prmfecta,
3093 967 3149 1012 et
3181 958 3326 1014 illius
3373 966 3638 1032 temporis

2057 1049 2403 1102 meonomus,
2437 1056 2548 1121 quo
2609 1043 2860 1101 homines
2915 1051 3194 1119 reperiant
3245 1055 3337 1122 qui
3373 1056 3462 1108 vili
3499 1072 3638 1110 eon-

2057 1125 2184 1181 duci
2217 1129 2449 1196 possint,
2508 1132 2764 1203 frugales.
2811 1138 2906 1206 qui
2966 1140 3265 1199 cohibeant
3321 1161 3416 1201 eos
3455 1148 3546 1216 qui
3584 1149 3636 1202 in

2059 1220 2281 1288 praediis
2303 1232 2631 1292 versantur;
2674 1227 2810 1282 nihil
2865 1246 3052 1285 rerum
3094 1238 3416 1292 monasterii
3453 1239 3639 1292 subri-

2057 1310 2294 1381 picntes,
2327 1315 2677 1385 agriculturae
2713 1322 2943 1389 peritos.
2975 1324 3086 1380 llos
3113 1329 3365 1383 mittendi
3399 1341 3639 1398 potestne

2061 1411 2168 1458 tem
2196 1405 2424 1461 habebit
2447 1410 2723 1478 prtel‘ecta,
2755 1414 3014 1470 similiter
3047 1428 3105 1473 et
3148 1420 3498 1486 immutandi,
3543 1423 3638 1478 ubi

2058 1513 2086 1551 a
2119 1499 2390 1568 probitate
2449 1502 2792 1562 declinantes
2829 1508 3160 1578 deprehensi
3212 1513 3418 1568 fuerint
3455 1532 3640 1584 ;quos

2059 1589 2224 1646 debet
2251 1607 2573 1650 (economus
2604 1597 2921 1666 observare,
2944 1617 3070 1654 cum
3097 1617 3127 1656 a
3159 1603 3412 1672 prazl'ecta
3438 1606 3640 1659 missus

2059 1683 2246 1749 fuerit,
2272 1685 2608 1744 inclusiones
2637 1691 3010 1761 inspecturus,
3061 1711 3184 1750 cum
3223 1696 3638 1766 inspectoribus

368 1755 683 1824 ἡγουμένης
731 1755 1009 1827 πεμφθείη
1057 1760 1178 1822 τοὺς
1222 1760 1625 1830 συγκλεισμοὺς
1673 1761 1946 1816 ὲποπτεύυ

2062 1776 2324 1833 rationem
2374 1780 2635 1848 initurus,
2686 1793 2740 1838 et
2787 1788 2971 1841 omnia
3011 1796 3072 1841 ut
3116 1790 3638 1844 convenitadmini-

371 1861 502 1910 σων,
543 1847 789 1911 καὶτοὺς
823 1850 1218 1914 ὲπισκεπτίτας
1253 1852 1616 1926 λογαριάσων,
1650 1853 1745 1908 καὶ
1778 1856 1955 1910 πάντα

372 1936 602 2002 δεόντως
628 1941 1030 2011 οίκονομήσων.

935 2057 1192 2113 ΚΕΦΑΛ.
1234 2057 1342 2113 AB'
1362 2098 1377 2115 .

367 2145 504 2217 Περὶ
543 2147 908 2216 ἀκολουθίας
956 2152 1215 2236 πρώςης,
1269 2151 1477 2222 τρίτης
1520 2171 1583 2208 τε
1636 2173 1734 2209 και
1775 2173 1962 2224 εκτης

1075 2239 1253 2290 ωρας.

451 2328 617 2382 Ἀλλά
650 2330 818 2401 μέχρι
864 2331 1059 2384 τούτου
1119 2333 1248 2404 περὶ
1300 2331 1505 2387 τούτων
1557 2334 1952 2406 διαλεχθέντες,

373 2421 528 2492 φέρε,
568 2423 695 2493 περὶ
740 2424 841 2494 τῆς
894 2424 1363 2497 ὲκκλησιαστικῆς
1411 2426 1599 2481 λοιπὸν
1630 2427 1955 2492 ἀκολουθίας

367 2515 743 2584 διαληψόμεθα
767 2531 787 2550 ο
814 2518 908 2570 καὶ
936 2517 1024 2571 ἵνα
1055 2535 1119 2585 γε
1147 2519 1256 2571 ἀπὸ
1293 2519 1471 2588 φωτὸς
1493 2520 1812 2591 ἀρξώμεθα,
1847 2520 1956 2575 ἀπὸ

369 2608 471 2677 τῆς
498 2608 726 2679 πρώτης
756 2609 1024 2679 ἡμερινῆς
1055 2609 1208 2680 ὧρας
1232 2610 1330 2681 τὴν
1353 2613 1528 2682 ἀρχὴν
1557 2612 1915 2684 ποιησώμεθα
1937 2629 1950 2645 ·

370 2700 460 2752 τἰν
507 2699 640 2752 Θεὸν
679 2701 822 2753 κατά
869 2701 1028 2755 τοῦτο
1086 2703 1440 2773 μιμούμενοι,
1479 2704 1575 2774 τῆς
1624 2703 1716 2757 τοῦ
1748 2705 1954 2775 κόσμου

373 2793 688 2856 συστάσεως
735 2792 840 2844 ἀπὸ
881 2794 978 2862 τῆς
1017 2793 1114 2847 τοῦ
1156 2794 1335 2864 φωτὸς
1372 2795 1738 2865 δημιουργίας
1789 2795 1956 2866 ἀρξά-

375 2903 556 2956 μενον,
593 2886 748 2940 Μετὰ
776 2885 957 2938 τοίνυν
993 2886 1094 2956 τὴν
1127 2887 1526 2956 συμπλήρωσιν
1557 2888 1653 2956 τῆς
1696 2887 1955 2958 ὀρθρινῆς

373 2979 699 3048 δοξολογίας.
735 2979 816 3031 δεῖ
854 2978 1149 3032 συνάπτειν
1195 2981 1345 3051 ἡμᾶς
1391 2981 1490 3051 τὴν
1548 2979 1771 3050 πρώτην
1805 2980 1954 3051 ὥραν

2058 1877 2352 1930 straturus.

2599 2071 2826 2130 CAPUT
2866 2075 3086 2132 XXXII.

2250 2163 2327 2218 De
2351 2165 2512 2234 oﬁicio
2551 2168 2755 2235 primm,
2797 2170 2967 2223 tertia
2996 2176 3045 2222 et
3070 2178 3234 2225 sexta:
3267 2171 3430 2227 horae.

2129 2338 2236 2394 Sed
2266 2345 2555 2408 postquam
2588 2338 2655 2393 de
2686 2339 3064 2396 hishactenus
3093 2340 3480 2402 disseruimus.
3511 2359 3634 2412 age,

2058 2429 2125 2486 de
2148 2430 2522 2484 ecclesiastico
2563 2429 2825 2498 deinceps
2879 2430 3060 2486 oﬂicio
3107 2432 3390 2495 dicamus;
3418 2444 3472 2489 et
3518 2445 3638 2488 uta

2058 2523 2179 2578 luce
2210 2523 2559 2592 incipiamus,
2591 2538 2622 2576 a
2673 2522 2850 2590 prima
2889 2524 3024 2578 hora
3058 2523 3260 2578 diurna
3290 2524 3510 2579 initium
3539 2524 3636 2578 du-

2058 2631 2272 2679 camus,
2298 2615 2353 2669 in
2385 2614 2490 2670 hoc
2515 2615 2684 2669 Deum
2729 2615 3033 2682 imitantes,
3075 2617 3170 2686 qui
3204 2618 3393 2672 mundi
3427 2619 3637 2672 consti-

2061 2708 2328 2764 tutionem
2359 2724 2388 2762 a
2414 2708 2557 2762 lucis
2583 2708 2867 2762 creatione
2898 2707 3198 2762 inchoavit.
3221 2707 3505 2778 Completa
3535 2709 3641 2762 ita-

2058 2817 2166 2871 que
2199 2800 2467 2856 matutina
2523 2800 2733 2866 Laude,
2796 2801 3177 2870 subjungenda
3228 2803 3389 2856 nobis
3438 2811 3524 2857 est
3571 2803 3640 2856 de

2058 2908 2210 2947 more
2242 2893 2415 2962 prima
2451 2893 2608 2955 liora,
2646 2893 2705 2946 in
2735 2894 2893 2963 cujus
2937 2892 3045 2948 ﬁne
3077 2893 3314 2947 dicenda
3360 2894 3476 2948 ltzec
3515 2909 3640 2947 ora-

2063 2987 2138 3040 tio
2175 3003 2187 3039 :
2225 3005 2244 3038 ι
2290 2985 2396 3052 Qui
2438 2985 2494 3040 in
2540 2987 2695 3040 omni
2750 2997 2996 3056 tempore
3040 2996 3096 3041 et
3134 2987 3283 3041 omni
3318 2987 3476 3040 hora.
3521 3006 3538 3037 ι
3575 2987 3642 3042 Ει

374 3073 515 3126 κατὰ
543 3072 602 3124 τὸ
635 3073 1063 3141 συνειθισμένον,
1101 3071 1198 3125 καὶ
1235 3072 1331 3125 ἐπὶ
1357 3072 1435 3142 τῷ
1462 3072 1604 3125 τέλει
1635 3072 1840 3142 ταύτης
1866 3071 1952 3154 λέ.-

2062 3087 2182 3148 post
2201 3077 2506 3132 orationem
2541 3076 2674 3131 ﬂant
2720 3088 2999 3133 consueta:
3036 3077 3470 3148 genuﬂexiones,
3497 3093 3525 3132 a
3561 3093 3644 3132 ro-

374 3165 566 3233 γεσθαι
588 3165 688 3233 τὴν
713 3165 877 3234 εὐχὴν
900 3164 1108 3230 ταύτην
1131 3181 1145 3195 ⁸
1179 3183 1197 3216 ι
1233 3165 1292 3218 '0
1329 3165 1387 3218 ἐν
1425 3167 1589 3219 παντὶ
1626 3165 1824 3235 καιρῷ,
1860 3166 1953 3219 καὶ

377 3261 527 3329 πάσῃ
579 3257 698 3329 ὥρᾳ
743 3259 878 3328 (9.2).
933 3275 952 3310 ι
999 3258 1110 3311 Καὶ
1152 3259 1292 3328 μετά
1338 3257 1440 3324 τὴν
1487 3259 1652 3328 εὐχὴν
1709 3256 1956 3324 γίνεσθαι

374 3351 476 3414 τὰς
540 3351 794 3419 συνήθεις
859 3349 1248 3417 γονυκλισίας,
1314 3350 1433 3411 ταῖς
1498 3349 1597 3417 μὲν
1652 3347 1958 3400 δυνατωτέ-

379 3461 500 3514 ραις
545 3443 654 3496 άπὸ
707 3443 812 3512 γῆς
859 3441 989 3494 ἄνευ
1042 3440 1438 3510 προσευχαδίου
1490 3438 1638 3509 (25)*
1687 3441 1806 3500 ταῖς
1858 3438 1958 3490 ἀσ-

378 3535 724 3603 θενεστέραις
772 3532 863 3596 δὲ,
923 3530 1019 3584 καὶ
1070 3528 1210 3601 μετά
1283 3546 1428 3593 τινος
1477 3528 1959 3599 ὑποστηρίγματος

379 3624 667 3686 ταπεινοῦ,
712 3624 806 3676 καὶ
843 3621 1211 3693 βοηθήματος.
1248 3623 1407 3676 Ἔστι
1442 3622 1498 3676 δὲ
1537 3625 1571 3692 ἡ
1621 3621 1956 3692 γονυκλισία,

382 3719 663 3789 μετάνοιαι
696 3716 808 3788 (24)
835 3715 1154 3780 δεκαπέντε,
1180 3710 1256 3770 ὧν
1301 3715 1359 3769 αί
1404 3715 1504 3786 μὲν
1555 3715 1774 3786 πρῶται
1809 3716 1960 3785 τρεῖς

376 3810 654 3878 ὀφείλουσι
686 3808 932 3877 γίνεσθαι
973 3805 1371 3878 σχολαιότερον,
1408 3807 1504 3861 καὶ
1539 3803 1650 3860 οἷον
1700 3806 1961 3878 βρειδύτε⁸

383 3919 474 3974 ρον
503 3902 560 3954 ἐν
595 3919 654 3954 τε
686 3903 753 3970 τῇ
786 3899 1066 3966 συστάσει,
1107 3899 1203 3952 καὶ
1230 3901 1296 3970 τῇ
1329 3899 1438 3971 τών
1472 3897 1717 3966 γονάτων
1745 3898 1919 3952 κλίσει
1941 3913 1957 3929 ο

381 3993 522 4047 ὥστε
549 3991 809 4046 δύνασθαι
836 3991 1074 4061 ἑκάστην
1105 3989 1283 4059 ὑμῶν,
1312 3989 1563 4042 ἑστῶσαν
1610 3989 1708 4059 μὲν
1737 3987 1832 4041 καὶ
1861 3987 1962 4051 τὰς

380 4089 568 4157 χεῖρας
611 4084 982 4154 ὲκτεταμὲνας
1033 4083 1265 4152 ἔχουσαν
1313 4083 1492 4150 λέγειν
1518 4082 1866 4153 καθεκάστην
1897 4084 1962 4135 ὲκ

381 4179 566 4250 τρίτου
593 4177 654 4229 τό
674 4194 688 4208 ·
725 4196 743 4227 ι
789 4175 847 4228 Ὀ
876 4175 1030 4238 Θεὸς,
1068 4174 1314 4244 ἱλάσθητί
1347 4193 1440 4245 μοι
1471 4177 1538 4245 τῇ
1565 4174 1902 4246 ἀμαρτωλῷο
1936 4192 1955 4226 ι

385 4265 504 4322 εἶτα
541 4268 802 4322 κλίνασαν
832 4269 900 4320 τὰ
937 4267 1140 4335 γόνατα
1170 4268 1264 4320 καὶ
1305 4268 1403 4337 τὴν
1435 4269 1675 4338 κεφαλὴν
1703 4267 1808 4331 ἕως
1837 4267 1960 4336 γῆς,

381 4360 566 4430 τρίτον
605 4360 788 4427 λέγειν
838 4358 1039 4427 ὁμοίιος
1091 4359 1170 4424 τὸ,
1213 4377 1232 4409 ι
1270 4358 1556 4429 Ἥμαρτον
1606 4377 1712 4424 σοι,
1761 4357 1958 4429 Κύριε,

385 4422 742 4523 συγχώρησον
788 4422 903 4522 μοι.
939 4469 960 4504 ι
997 4451 1104 4503 Καὶ
1145 4422 1243 4514 τὰς
1295 4422 1394 4521 μεν
1433 4422 1586 4522 τρεῖς
1614 4422 1960 4518 γονυκλισίας
1992 4422 2039 4483 D

383 4547 555 4609 οὕτως
586 4547 714 4615 ὑμῖν
746 4543 1022 4614 ποιητέον,
1067 4542 1166 4606 τὰς
1209 4542 1263 4595 δὲ
1295 4542 1486 4606 λοιπὰς
1530 4543 1738 4597 δώδεκα
1770 4560 1964 4598 συντο-

390 4639 633 4710 μώτερον
654 4653 667 4666 ·
698 4637 774 4700 ώς
808 4635 1028 4706 ἐφάπαξ
1058 4636 1244 4703 λέγειν
1284 4635 1524 4704 ἑκάστην
1561 4637 1618 4687 ὲν
1647 4639 1712 4706 τῇ
1740 4636 1849 4689 τῶν
1875 4653 1968 4704 γο-

387 4730 564 4784 νάτων
593 4728 788 4794 κλίσει,
838 4730 934 4783 καὶ
961 4731 1027 4800 τῇ
1057 4731 1246 4784 στάσει
1290 4728 1441 4792 ἆπαξ
1475 4729 1544 4782 τὰ
1593 4729 1969 4800 προειρημένα

383 4821 484 4889 τῆς
523 4821 762 4883 ἱκετείας
808 4822 1055 4892 ῥήματα.
1091 4821 1392 4892 Ποιήσεσθε
1431 4820 1487 4872 δὲ
1517 4820 1614 4884 τάς
1658 4838 1717 4873 τε
1743 4819 1851 4872 τῶν
1881 4838 1974 4890 γο-

385 4915 563 4966 νάτων
617 4912 842 4978 κλίσεις,
875 4913 970 4966 καὶ
1015 4912 1114 4975 τὰς
1164 4911 1504 4976 ἀνανεύσεις,
1558 4913 1655 4982 οὐχ
1691 4912 1780 4964 ὅτε
1824 4911 1972 4965 δοκεί

386 5005 616 5075 ἑκάστῃ,
641 5003 892 5065 ἀτάκτως
917 5003 1010 5056 καὶ
1040 5003 1409 5074 ἀλληνάλλως,
1439 5004 1552 5056 ἀλλ’
1573 5003 1648 5067 ὡς
1688 5003 1747 5058 ἒν
1780 5003 1962 5074 σῶμα,

387 5097 504 5168 ἃμα
529 5095 628 5166 μὲν
659 5093 990 5164 κλινόμεναι,
1018 5093 1134 5164 ἅμα
1160 5093 1217 5146 δὲ
1239 5093 1636 5163 ἀνιστάμεναι·
1659 5093 1754 5147 καὶ
1785 5094 1964 5167 ὁδηγῷ

2058 3167 2406 3222 bustioribus
2462 3167 2684 3236 quidem
2727 3169 2794 3222 ad
2828 3177 3030 3222 terram
3057 3170 3176 3223 sine
3195 3169 3639 3238 proseuchadio:

2059 3259 2128 3312 ab
2180 3259 2579 3312 inﬁrmioribus
2615 3273 2745 3311 vero
2774 3259 3026 3312 adhibito
3076 3259 3271 3312 humili
3317 3260 3640 3314 fulcimento

2059 3359 2113 3404 et
2139 3348 2434 3418 adjutorio.
2467 3349 2564 3401 Est
2583 3357 2767 3401 autem
2791 3347 3100 3416 genuﬂcxio
3123 3351 3448 3404 reverentia:
3477 3351 3640 3419 quin-

2061 3441 2261 3506 decim,
2293 3455 2527 3509 quarum
2565 3449 2676 3492 tres
2705 3440 2920 3508 priores
2950 3439 3154 3492 lentius
3190 3438 3307 3494 ﬂeri
3357 3439 3562 3494 debent
3586 3450 3644 3494 ct

2061 3535 2215 3605 quasi
2257 3534 2483 3597 tardius,
2519 3549 2644 3588 cum
2677 3533 2821 3587 inter
2848 3531 3128 3590 standum.
3163 3542 3276 3585 tum
3313 3532 3366 3586 in
3395 3549 3627 3603 genuurr.

2061 3625 2326 3683 ﬂexione;
2357 3635 2417 3680 ut
2449 3639 2787 3694 unaquaque
2824 3633 3068 3677 vestrum
3114 3632 3265 3676 stans
3304 3631 3360 3676 et
3388 3623 3642 3677 manibus

2061 3717 2319 3789 expansis
2369 3716 2555 3771 dicere
2611 3715 2784 3786 possit
2851 3725 2939 3770 ter
2995 3714 3063 3769 ad
3121 3716 3384 3785 singulas,
3441 3715 3574 3769 illud
3625 3731 3639 3770 :

2070 3829 2090 3862 ι
2127 3811 2293 3873 Deus,
2337 3807 2613 3877 prepitius
2665 3816 2783 3861 esto
2831 3806 2967 3860 mihi
3006 3806 3326 3875 peccatrici.
3374 3824 3392 3857 ›
3431 3805 3640 3860 Deinde

2062 3901 2290 3957 ﬂectens
2318 3915 2496 3971 genua
2528 3910 2583 3954 et
2603 3909 2768 3968 caput
2803 3915 2974 3968 usque
3013 3899 3077 3952 ad
3118 3909 3346 3961 terram,
3383 3906 3467 3952 ter
3491 3897 3644 3953 simi-

2062 3995 2189 4049 liter
2209 3994 2394 4049 dicere
2419 3992 2553 4048 illud
2590 4010 2604 4046 :
2641 4012 2659 4044 ι
2701 3993 2928 4048 Peccavi
2963 3992 3084 4055 tibi,
3131 3992 3382 4050 Domine.
3421 3991 3640 4056 ignosce

2064 4087 2222 4142 mihi.
2251 4105 2269 4139 ι
2297 4086 2365 4140 Et
2389 4095 2500 4141 tres
2520 4085 2743 4155 quidem
2770 4083 3186 4154 gcnuﬂcxioncs
3205 4084 3285 4137 sic
3314 4098 3344 4136 a
3373 4083 3532 4138 vobis
3559 4083 3642 4137 l'a-

2064 4179 2310 4238 ciendaz;
2349 4177 2578 4246 reliqua:
2608 4192 2734 4229 vero
2773 4175 3066 4230 duodecim
3091 4175 3330 4229 celerius
3359 4190 3373 4227 :
3412 4183 3471 4229 ut
3502 4190 3646 4244 qua:-

2065 4269 2202 4324 libet
2226 4267 2395 4323 semel
2422 4267 2569 4322 dicat
2607 4266 2660 4320 in
2697 4281 2936 4336 genuum
2972 4266 3230 4332 ﬂexione,
3261 4275 3318 4322 et
3352 4266 3520 4321 semel
3554 4266 3644 4321 in-

2069 4369 2150 4416 ter
2204 4359 2461 4415 standum
2509 4358 2772 4429 prmdicta
2833 4358 3255 4428 supplicationis
3311 4357 3498 4412 verba.
3541 4356 3647 4413 Ge-

2065 4468 2238 4507 nuum
2272 4468 2404 4508 vero
2455 4451 2744 4512 ﬂexiones,
2786 4459 2842 4506 et
2880 4451 3194 4506 erectiones
3251 4450 3482 4514 facietis,
3535 4466 3645 4504 non

2063 4545 2159 4600 ubi
2185 4544 2652 4616 singulislibitum
2682 4543 2870 4606 fuerit.
2897 4543 3280 4614 incomposite,
3313 4551 3368 4598 et
3391 4557 3645 4612 quoquo-

2065 4639 2231 4694 modo
2261 4661 2273 4694 :
2315 4638 2409 4693 sed
2434 4637 2591 4708 quasi
2615 4653 2784 4692 unum
2813 4653 3056 4705 corpus;
3091 4651 3202 4690 una
3237 4635 3544 4696 ﬂectentes.
3590 4644 3648 4688 et

2065 4746 2174 4784 una
2221 4744 2321 4783 vos
2378 4728 2686 4798 erigentes;
2725 4727 2866 4782 duce
2897 4734 3261 4794 utrarumque
3295 4731 3514 4778 utentes
3543 4722 3649 4778 Ec-

2063 4821 2248 4878 clesiae
2285 4823 2602 4891 praeposita,
2668 4830 2797 4875 ante
2833 4835 3049 4874 sacrum
3084 4818 3310 4889 adytum
3364 4823 3563 4878 stante,
3593 4824 3651 4869 et

2069 4912 2304 4970 ﬂexione
2337 4914 2561 4985 quidem
2598 4913 2912 4974 ﬂexionem,
2944 4911 3229 4966 erectione
3253 4924 3384 4964 vero
3415 4907 3651 4963 erectio-

2073 5024 2198 5064 nem
2223 5016 2715 5064 commonstrante.
2745 5004 2812 5062 Et
2839 5006 2944 5060 hoc
2991 5004 3216 5074 quidem
3243 5001 3484 5057 oﬂicium
3515 4999 3648 5066 diei,

2077 5101 2132 5154 in
2158 5115 2269 5170 quo
2292 5101 2411 5155 vice
2447 5118 2467 5152 ι
2512 5099 2658 5155 Deus
2701 5099 2985 5158 Dominus,
3025 5093 3282 5157 Alleluia,
3325 5113 3342 5146 ι
3375 5101 3649 5149 cantatur.

1667 5213 2128 5278 Montfauconii
2174 5225 2366 5280 nota).

463 5334 583 5410 (22)!
602 5334 937 5410 Orationem,
974 5333 1036 5410 _'0_
1070 5334 1129 5410 sv
1185 5336 1356 5410 παντὶ
1408 5333 1614 5410 καιρῷ,
1659 5334 1754 5386 καὶ
1812 5337 1964 5410 πάσῃ

391 5404 532 5475 ὥρᾳ,
558 5403 628 5456 ἑν
658 5403 872 5476 οὐρανῴ
903 5406 992 5455 καὶ
1021 5405 1113 5456 ἐπὶ
1146 5405 1276 5474 γῆς,
1303 5403 1781 5484 προσκιλνούμὲνος
1829 5403 1966 5475 xm:

393 5474 518 5527 ato:
545 5477 570 5526 ὁ
595 5475 725 5530 Θεὺς
757 5477 784 5526 ὁ
841 5474 1211 5530 μακοόθυιιος.
1252 5485 1390 5530 etc..
1439 5475 1608 5529 habes
1659 5490 1711 5526 In
1746 5475 1966 5530 Horolo-

393 5489 518 5533 στος
545 5489 570 5526 ο
595 5489 725 5534 vso;
757 5489 784 5526 ο
841 5489 1211 5543 μακροθυμος,
1252 5489 1390 5535 etc..
1439 5489 1608 5529 naues
1659 5490 1711 5526 In
1746 5489 1967 5530 uoroto-

392 5544 478 5670 fio
502 5545 682 5625 (ἕνωςο
706 5544 950 5599 chetiis
967 5545 1139 5609 edito,
1169 5547 1317 5615 quod
1345 5546 1390 5602 si
1416 5545 1693 5609 consulas,
1727 5547 1963 5612 plurima

413 5632 482 5668 ns
519 5616 715 5668 sitmlia
745 5616 1006 5670 reperies.

413 5616 482 5668 lIS
519 5616 715 5668 similia
745 5616 1006 5684 reperies.

463 5686 576 5759 (23)
621 5685 1018 5758 Προσευχάδιον
1047 5694 1166 5742 erat
1207 5701 1306 5742 ceu
1338 5685 1538 5758 gradus
1571 5689 1793 5761 quidam
1853 5704 1962 5759 quo

2075 5342 2510 5416 genuﬂectentes
2540 5340 2942 5416 inni_teo_antur,
2979 5337 3048 5392 de
3079 5350 3190 5406 quo
3242 5333 3652 5389 eruditissimus

2073 5410 2312 5481 Caugius
2348 5411 2402 5464 in
2435 5410 2704 5467 Glossario
2732 5410 2936 5481 erco.

2145 5471 2260 5552 (ιέίί)
2287 5481 2427 5553 Quid
2485 5481 2595 5534 sint
2650 5480 2933 5553 μετάνοιαι
2980 5494 3077 5534 seu
3111 5471 3650 5553 retlerentigzinltoe

2073 5541 2254 5621 capite
2285 5541 2621 5619 Explicatur;
2651 5541 2848 5607 'l‘usius
2877 5559 3060 5607 autem
3116 5549 3169 5604 in
3200 5547 3355 5604 Notis
3379 5543 3544 5603 Goari
3577 5541 3646 5596 ad

2075 5621 2497 5692 Euchelogium.
