4104 6200
500 253 631 320 1051

1741 262 2026 324 IRENES
2061 262 2440 325 AUGUSTIE

3619 266 3763 332 1052

499 369 780 442 χρώμεναι
821 375 1172 446 ἀμφοτέρων,
1205 380 1268 448 τῇ
1315 377 1785 448 ὲκκλησιαρχξσση
1831 377 1937 445 πρὸ
1983 374 2076 429 τοῦ
2114 377 2272 443 ἀγιου
2301 379 2548 449 βήματος
2592 379 2828 451 ἑστώσῃ,
2867 381 2960 433 καὶ⁵
2993 383 3058 452 τῇ
3107 380 3280 433 κλίσει
3351 381 3448 451 μὲν
3513 381 3611 452 τὴν
3643 383 3764 434 κλί-

503 480 588 517 σιν
643 466 1025 539 ὑποδεικνύσῃ,
1071 471 1134 540 τῇ
1186 471 1475 523 ἀνανεύσει
1520 471 1577 523 δὲ
1619 470 1716 542 τὴν
1769 470 2079 526 ἁνάνευσιν.
2136 471 2278 523 Ἀλλ’
2304 471 2442 543 αὕτη
2499 473 2601 544 μὲν
2674 471 2966 527 ἀκολουθία
3018 474 3254 545 ἡμέρας,
3327 467 3454 546 ὲνῇ
3497 473 3615 526 ἀντὶ
3643 473 3762 542 τοῦ,

505 577 525 608 σ
565 559 700 623 Θεὸς
734 560 936 629 Κύριος
965 561 1096 629 (25),
1143 561 1482 633 Ἀλληλούῖα,
1517 584 1534 616 ι
1563 565 1844 634 eamme

570 650 639 702 At
671 651 717 703 si
743 650 861 704 dies
885 649 1124 705 oﬂicium
1169 653 1389 720 habeat,
1422 663 1476 709 et
1507 654 1906 721 dimissorium,
1950 664 2004 712 et
2032 655 2077 710 si

2256 653 2316 704 ΕΞ
2367 652 2551 722 μέντοι
2606 649 2929 704 ἀκολουθίαν
2958 649 3070 720 ἔχει
3114 651 3146 721 ή
3196 649 3398 720 ἡμέρα,
3432 649 3523 701 καῖ
3561 650 3765 702 ἀπολυ-

508 760 525 791 ι
558 741 702 794 Deus
732 742 998 796 Dominus
1029 763 1045 794 ι
1109 755 1402 812 cantetur;
1466 755 1576 802 tres
1611 749 1834 818 quidem
1890 749 2075 818 prima:

499 829 906 899 genuﬂexiones
931 835 1316 901 persolvcntur
1343 851 1466 890 cum
1494 838 1684 891 verbis
1722 839 2079 907 Supplicatio-

500 921 605 985 nis,
640 922 929 976 tttdictum
954 933 1039 978 est
1078 943 1091 978 :
1120 941 1148 978 a
1180 925 1474 981 duodecim
1513 944 1646 983 vero
1692 929 2080 998 supersedebi-

501 1011 592 1074 lis,
629 1020 685 1066 et
713 1015 1026 1070 nullatenus
1058 1016 1110 1070 in
1143 1018 1398 1082 ecclesia,
1423 1020 1515 1074 sed
1553 1021 1605 1075 in
1641 1022 1969 1078 dormitorio
1995 1040 2080 1077 ve-

499 1115 616 1160 stro
653 1109 1058 1175 persolventur.
1096 1111 1225 1165 Post
1255 1119 1365 1166 tres
1397 1123 1579 1167 autem
1617 1114 1885 1170 tardiores
1918 1131 2081 1185 genu-

501 1197 786 1265 ﬂexioncs,
836 1204 1218 1259 eXclamabitis
1281 1207 1542 1275 expansis
1587 1208 1843 1263 manibus
1884 1209 2016 1263 illud
2063 1228 2076 1266 :

507 1310 525 1342 ι
572 1291 714 1346 Deus
756 1297 848 1363 qui
903 1311 964 1350 es
995 1306 1123 1352 ante
1171 1300 1391 1363 saecula,
1435 1302 1614 1356 omnis
1643 1311 1913 1358 creatura:
1945 1319 2081 1358 con-

500 1382 671 1437 ditor.
710 1404 729 1436 ι

573 1476 641 1529 Et
663 1487 781 1545 post
806 1478 950 1530 illam
980 1481 1286 1536 orationem
1309 1482 1474 1537 lectio
1503 1486 1662 1540 vobis
1694 1489 2078 1560 subjungctnr,

503 1582 703 1637 nempe
747 1570 1090 1636 catecliesis;
1135 1582 1190 1627 et
1227 1584 1447 1642 peracta
1500 1576 1756 1640 lectione,
1793 1582 2077 1652 trisagium

507 1672 605 1724 pro
637 1658 796 1712 nobis
833 1659 1151 1717 institutum
1192 1667 1540 1733 persolvetis.
1573 1668 1637 1722 Et
1677 1672 1920 1739 quandiu
1967 1675 2084 1743 qui-

505 1748 628 1802 dem
657 1748 801 1803 Deus
849 1767 935 1806 me
988 1753 1040 1808 in
1093 1755 1233 1811 vivis
1294 1757 1552 1823 voluerit,
1611 1761 1810 1818 dicetis
1841 1768 2080 1836 troparia

2183 745 2356 798 τέκιον
2391 744 2527 814 (‘26),
2582 745 2676 796 καὶ
2709 743 2791 810 τὸ,
2834 761 2853 794 ι
2897 743 3028 806 Θεὸς
3060 743 3284 813 Κύριος,
3319 761 3338 794 ι
3370 741 3634 812 ψάλλεται
3657 759 3672 774 ·
3709 745 3763 795 αῖ

2189 839 2287 910 μὲν
2312 841 2464 910 τρεῖς
2505 839 2720 909 πρῶται
2760 837 3101 907 γονυκλισίαι
3148 837 3566 907 τελεσθήσονται
3621 830 3762 906 (ἱετά

2181 932 2292 983 τῶν
2324 931 2423 999 τῆς
2469 931 2708 994 ἱκετείας
2753 931 3038 1000 ῥημάτων,
3074 928 3260 992 καθὼς
3309 928 3673 998 προείρηται·
3707 930 3762 981 αἱ

2183 1021 2396 1076 δώδεκα
2425 1022 2480 1075 δὲ
2510 1022 2860 1092 σχολάσουσι,
2889 1021 2982 1074 καὶ
3010 1020 3263 1091 οὐδαμῶς
3293 1021 3350 1073 ὲν
3379 1023 3445 1090 τῇ
3473 1021 3764 1090 ἐκκλησῖᾳ,

2185 1115 2299 1168 ἀλλ’
2349 1117 2407 1168 ὲν
2441 1114 2519 1185 τῷ
2570 1115 2919 1186 κοιμητηρίῳ
2971 1114 3083 1185 (27)
3121 1114 3276 1182 ὑμῶν
3325 1113 3762 1183 τελεσθήσονται.

2183 1201 2338 1254 Μετά
2400 1203 2584 1271 μέντοι
2643 1202 2742 1265 τὰς
2815 1204 2963 1272 τρεῖς
3029 1202 3364 1273 βραδυτέρας
3415 1202 3765 1268 γονυκλισίας

2184 1295 2533 1363 ὲκφωνὴσετε
2577 1295 2974 1364 ἐκτεταμέναις
3020 1297 3139 1357 ταῖς
3172 1295 3331 1364 χερσὶ
3365 1294 3446 1353 τὸ,
3484 1313 3502 1345 ι
3551 1296 3607 1346 Ὀ
3633 1293 3763 1357 Θεὸς

2183 1387 2211 1438 ὁ
2244 1384 2594 1455 προαιώνιος,
2617 1386 2647 1438 ό
2690 1387 2877 1454 πάσης
2925 1385 3155 1450 κτίσεως
3199 1387 3531 1457 δημιουργός
3566 1385 3699 1456 (28).
3737 1404 3754 1435 ι

2255 1479 2367 1532 Καὶ
2400 1477 2539 1549 μετὰ
2565 1479 2664 1550 τὴν
2693 1480 2859 1548 εύχὴν
2887 1479 3095 1549 ταύτην
3145 1480 3453 1548 ἀνάγνωσις
3483 1480 3608 1548 ὑμῖν
3635 1494 3765 1548 προ-

2184 1571 2472 1643 τεθήσεται
2504 1574 2535 1641 ἡ
2599 1575 2905 1643 κατήχησις
2938 1571 3071 1643 (29),
3109 1574 3244 1642 μετὰ
3276 1572 3332 1624 δὲ
3380 1571 3481 1642 τὴν
3517 1572 3763 1639 ἀνάγνω-

2187 1681 2293 1729 σιν,
2331 1664 2586 1734 ποιήσετε
2610 1663 2670 1715 τὸ
2696 1665 3084 1732 τετυπιιιμένον
3108 1663 3247 1731 ὑπὲρ
3269 1661 3426 1731 ἡμῶν
3457 1662 3757 1731 τρισάγιον.

2189 1756 2299 1808 Καὶ
2325 1755 2432 1816 ἕως
2467 1755 2565 1824 μὲν
2589 1755 2616 1806 ό
2646 1753 2781 1817 Θεὸς
2817 1753 2992 1806 ἐθέλει
3027 1769 3093 1822 με
3141 1751 3262 1824 ζῇν.
3293 1752 3379 1804 ἵνα
3418 1751 3612 1820 λέγητε
3639 1767 3763 1822 τρο-

508 1841 660 1895 Ιιαξοε
701 1862 718 1893 ι
756 1843 1014 1899 Miserere
1049 1849 1245 1914 nostri,
1275 1851 1525 1916 Domine,
1578 1855 1838 1911 miserere
1883 1861 2078 1915 nostri.

2187 1849 2361 1918 παρια
2388 1847 2561 1901 ταῦτα
2590 1846 2700 1917 (30)
2727 1862 2740 1876 '
2781 1865 2800 1898 ι
2849 1844 3102 1914 Ἐλέησον
3132 1847 3300 1915 ἡμᾶς,
3326 1844 3518 1914 Κύριε,
3545 1844 3761 1913 ἐλέησον

504 1932 710 1986 Gloria.
760 1933 898 2003 Spes
938 1938 1125 1992 mundi
1165 1939 1328 1995 bona.
1365 1943 1432 1996 Et
1489 1960 1654 1999 nunc.
1689 1947 1883 2002 Nullus
1913 1950 1978 2003 ad
2031 1961 2081 2005 te

506 2037 755 2077 currens.
798 2044 816 2076 ι
882 2025 964 2080 Me
1019 2039 1200 2083 autem
1260 2030 1536 2094 defuncta,
1591 2034 1783 2091 dicetis
1845 2041 2082 2109 troparia

506 2117 733 2172 funerea
787 2138 800 2174 :
861 2139 878 2170 ι
928 2121 1222 2190 Memento,
1293 2126 1525 2183 Domine
1564 2130 1858 2185 admodum
1914 2133 2080 2201 bone,

505 2205 721 2263 famulae
754 2218 876 2265 tute.
911 2211 1116 2268 Gloria.
1153 2215 1226 2268 Da
1265 2219 1534 2287 requiem,
1567 2220 1822 2277 Salvator
1859 2236 2076 2280 noster.

506 2296 572 2351 Et
605 2315 769 2354 nunc.
809 2303 1002 2358 Nullus
1035 2307 1103 2359 ad
1145 2315 1194 2360 te
1239 2324 1490 2364 currens.
1541 2313 1833 2384 Relugium
1880 2329 1936 2372 et
1969 2319 2085 2373 vir-

507 2399 616 2446 tus.
657 2412 676 2442 ›
705 2394 930 2450 Ad-lnec
954 2396 1117 2466 Hyrie
1140 2398 1335 2454 eleison
1366 2403 1705 2470 quindecies.
1726 2407 1936 2462 Dehinc
1965 2424 2084 2465 ora-

506 2483 710 2538 tionem
745 2487 905 2541 istam
938 2489 1156 2543 addetis
1195 2508 1209 2548 :
1245 2510 1261 2542 ι
1309 2493 1412 2558 Qui
1443 2496 1616 2550 mittis
1651 2497 1862 2554 lumen.
1903 2519 1920 2551 ι
1961 2500 2084 2555 Om-

507 2596 602 2634 ncs
617 2579 785 2652 igitur
803 2587 1082 2641 orationes
1103 2584 1363 2658 expansis
1381 2589 1635 2645 manibus
1659 2591 1875 2648 dicetis.
1903 2592 2082 2648 Finita

505 2689 638 2729 vero
668 2677 929 2745 praedicta
975 2682 1259 2748 oratione;
1321 2691 1609 2752 postquam
1663 2686 1925 2741 sacerdos
1958 2702 2084 2741 con-

506 2776 717 2819 suetam
757 2769 1062 2825 orationem
1113 2772 1334 2838 dixerit,
1386 2790 1484 2828 vos
1539 2777 1760 2844 quidem
1807 2793 2000 2832 omnes
2028 2778 2080 2830 in

505 2858 717 2912 vultum
747 2861 813 2914 ad
854 2871 1051 2916 terram
1087 2866 1409 2932 procidetis.
1445 2868 1705 2922 Pra-fccta
1739 2885 1870 2923 vero
1902 2871 2084 2926 omnis

508 2948 635 3001 boni
667 2950 774 3004 dux
809 2951 966 3007 vobis
985 2954 1149 3020 facta,
1183 2957 1262 3011 sic
1310 2957 1458 3011 dicet
1490 2975 1504 3013 :
1537 2979 1557 3012 ι
1614 2959 1777 3014 Orate
1831 2976 1930 3028 pro
1972 2978 2080 3025 me,

507 3055 747 3108 sorores,
794 3045 1111 3110 Dominum,
1161 3057 1221 3103 ut
1274 3049 1482 3105 liberer
1525 3066 1554 3105 a
1612 3053 1983 3122 passionibus,
2029 3065 2083 3109 et

507 3133 780 3188 scandalis
814 3136 1059 3207 maligni.
1100 3157 1120 3190 ι
1161 3139 1227 3194 Ει
1267 3157 1364 3195 vos
1387 3143 1792 3212 respondebitis
1833 3163 1844 3198 :
1885 3166 1901 3196 ι
1938 3147 2082 3202 Deus

2185 1941 2355 2008 ἡμᾶς.
2410 1939 2545 2002 Δόξα
2582 1940 2716 2010 (51),
2749 1939 2932 2000 Ἐλπὶς
2983 1937 3077 1991 τοῦ
3145 1938 3352 2006 κόσμου
3407 1936 3606 2007 ἀγαθή.
3652 1934 3761 1987 Καὶ

2185 2032 2301 2086 νῦν.
2362 2032 2552 2094 Οὐδεὶς
2601 2031 2957 2102 προστρέχων
3004 2030 3094 2082 ἐπὶ
3139 2029 3241 2084 σοί.
3291 2048 3308 2081 ι
3347 2028 3762 2098 Τελευτησάσης

2183 2124 2240 2178 δέ
2272 2142 2396 2194 μου,
2435 2124 2520 2178 ἵνα
2553 2125 2749 2193 λέγητε
2786 2125 3065 2195 τροπὰρια
3113 2121 3472 2190 ἀναπαύσιμα
3501 2136 3517 2151 ·
3549 2139 3568 2172 ι
3606 2120 3763 2188 Μνή-

2187 2216 2365 2286 σθητι,
2411 2214 2604 2286 Κύριε,
2648 2215 2723 2278 ὡς
2773 2215 2997 2284 ἀγαθὸς,
3048 2215 3148 2285 τῆς
3197 2213 3392 2282 δούλης
3438 2230 3554 2266 σου.
3605 2213 3761 2277 Δόξα.

2199 2310 2558 2375 Ἀνάπαυσον,
2600 2309 2793 2378 Σωτὴρ
2827 2308 3004 2379 ἡμῶν.
3047 2308 3154 2362 Καὶ
3185 2307 3301 2361 νῦν.
3342 2305 3532 2369 Οὐδεὶς
3581 2321 3752 2376 προσ-

2185 2399 2393 2468 τρέχων
2435 2401 2527 2452 ὲπὶ
2559 2399 2661 2453 σοί.
2709 2399 2771 2452 'H
2807 2397 3098 2470 καταφυγὴ
3146 2399 3239 2451 καὶ
3279 2396 3544 2465 δύναμις.·
3582 2415 3600 2447 ι
3653 2394 3761 2449 Καὶ

2186 2498 2277 2550 ἐπὶ
2306 2497 2516 2560 τούτοις
2540 2497 2620 2560 τὸ,
2656 2517 2673 2549 ι
2710 2497 2904 2568 Κύριε,
2934 2497 3181 2568 ἐλέησον,
3218 2515 3235 2548 ι
3275 2494 3354 2551 ιε’.
3383 2491 3518 2548 Εἶτα
3545 2496 3639 2548 καὶ
3660 2494 3757 2562 τὴν

2185 2589 2352 2660 εὐχὴν
2406 2589 2767 2658 ὲπισυνάψετε
2826 2589 3072 2660 ταύτην·
3129 2607 3148 2640 ι
3196 2589 3255 2642 ’0
3309 2587 3658 2641 ἀποστέλλων
3698 2585 3762 2638 τὺ

2186 2685 2301 2754 φῶς
2327 2684 2462 2755 (52).
2500 2703 2517 2736 ι
2574 2685 2761 2747 Πάσας
2797 2684 2979 2754 μέντοι
3018 2683 3116 2746 τὰς
3157 2683 3325 2752 εὐχὰς
3349 2682 3537 2753 χερσὶν
3567 2683 3760 2734 ἀνατε-

2184 2774 2448 2842 ταμέναις
2481 2773 2726 2838 εὔξεσθε.
2759 2772 3155 2842 Τελειωθείσης
3199 2772 3257 2825 δὲ
3297 2773 3396 2841 τῆς
3429 2769 3762 2840 δηλωθείσης

2185 2866 2376 2936 εὐχῆς,
2411 2871 2504 2919 καὶ
2531 2867 2623 2920 τοῦ
2649 2867 2842 2937 ἱερέως
2867 2867 2968 2936 τὴν
2999 2865 3202 2935 συνήθη
3232 2865 3552 2926 ἐπειπόντος
3575 2861 3761 2931 εὐχὴν,

2186 2959 2344 3029 ὑμεῖς
2381 2959 2478 3030 μὲν
2526 2961 2697 3012 πᾶσαι
2745 2959 2838 3012 ἐπὶ
2877 2958 3170 3029 πρόσωπον
3220 2959 3300 3020 είς
3331 2957 3432 3027 γῆν
3464 2954 3717 3009 πεσεῖσθε
3744 2969 3758 2984 ο

2187 3053 2218 3113 ἡ
2260 3051 2315 3103 δὲ
2348 3052 2669 3121 προεστῶσα
2700 3050 2899 3113 παντὸς
2925 3049 3164 3119 ἀρχηγὸς
3188 3049 3315 3119 ὑμῖν
3337 3048 3596 3116 γινομένη
3624 3048 3764 3113 ἀγαι-

2189 3124 2304 3207 θοῦ,
2340 3143 2482 3196 οὕτω
2529 3161 2648 3206 πως
2697 3146 2812 3212 ἐρεῖ
2837 3159 2849 3172 ·
2891 3163 2908 3195 ι
2958 3143 3203 3207 Εὓξασθε
3235 3143 3376 3210 ὑπὲρ
3416 3141 3576 3212 ἐμοῦ,
3603 3142 3763 3196 ἀδελ-

507 3222 712 3278 salvam
755 3235 804 3281 te
837 3227 1017 3294 faciat,
1063 3233 1379 3288 veneranda
1415 3209 1608 3300 Mater,
1670 3252 1764 3291 ora
1795 3246 1850 3291 et
1893 3248 1946 3293 tu
1986 3256 2080 3309 pro

2193 3240 2312 3306 φα),
2342 3236 2419 3306 τῷ
2456 3236 2664 3307 Κυρίῳ,
2700 3237 2785 3288 ἵνα
2821 3235 3004 3304 ῥυσθῶ
3039 3237 3102 3288 ἐκ
3146 3234 3251 3288 τῶν
3283 3234 3493 3300 παθῶν,
3525 3233 3619 3287 καὶ
3650 3233 3763 3288 τῶν

506 3316 682 3383 nobis,
715 3330 899 3374 sancta
929 3322 1118 3388 Mater,
1154 3335 1214 3379 ut
1242 3327 1542 3382 liberemur
1569 3344 1598 3382 a
1629 3331 2000 3398 passionibus,
2027 3344 2083 3388 ct

506 3411 779 3467 scandalis
809 3415 1092 3485 maligni.)
1122 3419 1327 3476 Deinde
1353 3421 1441 3475 illa
1470 3437 1635 3477 orans
1657 3422 1803 3478 dicet
1831 3443 1842 3478 :
1884 3445 1902 3475 ι
1940 3427 2084 3481 Deus

507 3515 605 3569 per
622 3506 897 3562 orationes
921 3509 1138 3562 Patrum
1157 3521 1468 3566 nostrorum
1495 3515 1667 3568 salvct
1690 3531 1789 3572 nos
1814 3534 2026 3574 omnes.
2059 3540 2080 3572 ι

507 3595 572 3646 Et
604 3596 683 3650 sic
711 3609 1015 3666 surgentes,
1044 3606 1284 3672 pcrgetis
1303 3605 1371 3658 ad
1416 3621 1764 3663 communem
1797 3626 2081 3666 conversa-

508 3686 673 3740 tionis
711 3687 956 3754 domum,
995 3699 1049 3744 et
1081 3708 1203 3746 cum
1257 3695 1388 3748 illuc
1421 3697 1777 3763 adveneritis,
1813 3702 1881 3755 ab
1935 3702 2082 3756 omni

506 3792 649 3829 vano
679 3780 898 3847 negotio
925 3781 1299 3849 abstinebitis,
1327 3788 1638 3858 vestrisque
1663 3806 1924 3845 manuum
1948 3807 2080 3862 ope-

508 3867 661 3923 ribus
710 3885 901 3926 omnes
928 3873 1288 3941 incumbetis,
1344 3893 1448 3932 una
1508 3879 1560 3933 in
1613 3881 1795 3935 medio
1835 3897 2076 3938 vestrum

506 3961 732 4016 sedente
759 3973 815 4018 et
849 3965 1085 4036 legente,
1115 3983 1278 4037 quam
1313 3969 1524 4024 scilicet
1551 3971 1803 4041 praetecta
1830 3975 2079 4044 jusserit,

503 4063 562 4110 et
589 4055 734 4124 quod
767 4060 1109 4128 praeceperit.
1151 4060 1338 4116 Lectio
1371 4063 1518 4117 enim
1565 4064 1746 4118 omnia
1794 4082 1953 4134 vana,
2002 4069 2085 4122 in-

507 4149 686 4215 utilia,
712 4167 807 4206 scu
831 4153 996 4206 etiam
1032 4154 1225 4209 nociva
1253 4155 1524 4226 colloquia
1552 4158 1796 4225 arcebit;
1831 4175 2085 4230 magnum

504 4256 638 4297 vero
670 4241 910 4298 fructum
945 4244 1048 4315 ipsi
1075 4246 1358 4303 attendere
1397 4248 1711 4304 volentibus
1744 4251 2083 4308 conciliabit.

2193 3332 2506 3386 σκανδάλων
2547 3331 2640 3385 τοῦ
2689 3331 2954 3402 11ονηροῦ.
2995 3351 3014 3384 ι
3053 3331 3163 3386 Καὶ
3204 3333 3362 3401 dust;
3393 3330 3766 3400 ἀποκριθήσε-

2190 3424 2279 3477 σθε
2311 3443 2324 3456 ·
2361 3444 2380 3476 ι
2423 3425 2486 3477 '0
2514 3425 2644 3488 Θεὸς
2704 3423 2876 3477 σώσαι
2926 3441 3006 3489 σε,
3041 3424 3197 3494 τιμία
3232 3424 3409 3493 μῆτερ
3433 3437 3448 3451 ⁸
3483 3421 3634 3488 εὖξαι
3667 3422 3765 3474 καὶ

2191 3517 2254 3568 σὺ
2286 3515 2425 3586 ὑπὲρ
2467 3515 2646 3584 ήμῶν,
2687 3515 2816 3582 ἀγία
2865 3516 3062 3585 μῆτερ,
3108 3516 3192 3568 ἴνα
3224 3515 3511 3585 ῥυσθῶμεν
3551 3516 3614 3567 ἐκ
3655 3514 3765 3565 τῶν

2189 3606 2400 3669 παθῶν,
2433 3607 2528 3658 καὶ
2576 3605 2684 3658 τῶν
2737 3606 3050 3660 σκανδάλων
3097 3607 3189 3660 τοῦ
3252 3607 3516 3676 Πονηροῠ.
3552 3624 3571 3656 ι
3631 3599 3767 3657 Εἶτα

2190 3699 2352 3752 πάλιν
2373 3697 2556 3767 ἐκείνη
2585 3699 2922 3768 ἐπευχομένη
2952 3700 3100 3770 ἐρεῖ·
3136 3716 3155 3750 ι
3206 3698 3262 3751 Ὀ
3307 3697 3460 3761 Θεὸς,
3493 3697 3558 3750 δι’
3583 3697 3681 3765 εύχ
3697 3695 3762 3746 ὗν

2187 3791 2296 3842 τῶν
2332 3791 2587 3859 Πατέρων
2612 3791 2795 3861 ἡμῶν,
2839 3790 3012 3844 σώσαι
3048 3792 3230 3854 πάσας
3275 3793 3440 3862 ἡμᾶς.
3481 3810 3499 3843 ι
3536 3793 3644 3844 Καὶ
3667 3790 3768 3843 οὗ-

2188 3900 2297 3945 τως
2333 3884 2634 3936 ἀναστᾶσαι
2668 3885 2969 3956 πορεύεσθε
3000 3885 3083 3948 είς
3113 3885 3174 3938 τὸ
3204 3884 3382 3938 κοινὸν
3411 3888 3506 3956 τῆς
3543 3886 3766 3938 συνδια-

2187 3977 2376 4044 γωγῆς
2405 3977 2634 4046 οἴκημα,
2680 3979 2906 4029 κάκεῖσε
2942 3979 3251 4049 γενόμεναι,
3288 3982 3469 4049 πάσης
3494 3978 3764 4048 ἀφέξεσθε

2192 4067 2428 4136 ματαίας
2456 4067 2816 4136 ἁπασχολίας,
2852 4067 3142 4134 ἀνθέξεσθε
3174 4069 3232 4122 δὲ
3264 4071 3435 4124 πᾶσαι
3470 4072 3578 4122 τῶν
3605 4071 3768 4140 ἐργο-

2188 4158 2388 4231 χείρων
2438 4159 2614 4229 ὑμῶν,
2667 4161 2795 4228 μιᾶς
2830 4177 2975 4223 τινος
3013 4161 3180 4230 μέσον
3221 4161 3374 4230 ὑμῶν
3421 4161 3764 4233 καθημένης.

2189 4253 2286 4306 καὶ
2331 4250 2836 4321 ἀναγινωσκούσης,
2879 4253 3000 4324 ἥτις
3033 4255 3098 4307 ἀν
3138 4257 3288 4325 παρά
3326 4258 3424 4326 τῆς
3453 4255 3768 4326 ἡγουμένης

504 4338 909 4410 προσταχθείη,
968 4341 1062 4394 καὶ
1115 4343 1252 4412 ὅπερ
1315 4342 1381 4398 ἂν
1441 4343 1783 4415 κελευσθείη.
1821 4345 1885 4398 Ἠ
1939 4341 2405 4416 γὰρ’ᾰνάγνωσις
2437 4344 2613 4407 πάσας
2645 4345 2746 4415 μὲν
2775 4346 3119 4400 ἀποκωλύσει
3185 4346 3426 4418 ματαίας
3488 4349 3580 4400 καὶ
3625 4347 3770 4402 ἀνω.

1769 4458 2228 4524 Montfauconii
2304 4466 2495 4523 notae.

578 4555 690 4638 (ἳῦ)
744 4555 978 4638 (ξιιῐιιιιε.⁸
1029 4561 1162 4638 Θεὸς
1213 4559 1422 4638 Κύριος
1457 4559 1568 4638 ’καὶ
1623 4561 1894 4638 ὲ-πέφανεν
1925 4564 2078 4638 ἡμῖν,

2187 4565 2289 4620 sim
2315 4565 2367 4619 in
2405 4566 2630 4638 triodio,
2657 4583 3051 4638 nonnunquam
3076 4569 3128 4622 in
3155 4567 3366 4621 Menazis
3390 4566 3494 4636 legi
3513 4566 3763 4636 iubetur,

504 4625 869 4702 εὐλογημένος
907 4633 936 4683 ό
965 4632 1260 4702 ἐρχόμενος
1296 4625 1353 4682 ἐν
1381 4630 1610 4702 ὀνόματι
1645 4625 1876 4702 Κυρίου,
1910 4625 2079 4702 certis

506 4699 850 4822 temporibus
872 4699 1182 4768 dicebatur,
1224 4709 1285 4757 ut
1310 4699 1497 4757 videre
1543 4708 1628 4756 est
1685 4699 1748 4756 in‘
1793 4701 2080 4774 Horologio

554 4784 830 4824 ramorum.

579 4840 691 4908 (26)
734 4842 1175 4898 Ἀπολυτίκιον.
1225 4843 1323 4899 Est
1380 4857 1594 4908 versus,
1659 4856 1769 4912 quo
1824 4839 2076 4899 Ollicium

506 4913 852 4965 terminatur.

582 4982 696 5049 (2'1)
718 4982 792 5055 Ut
816 4999 916 5037 vox
949 4985 1207 5054 κοῖμῃσις
1231 4984 1372 5055 apud
1405 4982 1623 5039 Graecos
1654 4993 1952 5053 usurpatur
1976 5000 2076 5054 pro

505 5054 863 5116 dormitione.
886 5062 941 5108 et
966 5071 1066 5124 pro
1101 5054 1280 5119 obitu,
1319 5056 1399 5110 sic
1423 5057 1782 5124 κοιμητήριον
1801 5069 1899 5108 usu
1929 5058 2080 5110 venit

507 5139 629 5205 cum
655 5140 754 5205 pro
779 5126 1126 5205 dormitorio,
1156 5137 1402 5205 tum.pro
1432 5124 1772 5181 ccetneterio.
1795 5127 1874 5205 .At
1903 5140 2078 5193 quan-

508 5195 803 5262 doquidem
855 5197 1064 5250 nullum
1123 5207 1240 5252 erat
1277 5197 1329 5250 in
1376 5196 1480 5250 hoc
1514 5197 1845 5249 monasterio
1875 5209 2078 5252 cceme-

506 5266 706 5318 torium
737 5282 751 5328 ;
785 5266 880 5319 sed
913 5267 1179 5321 moniales
1205 5269 1259 5321 in
1301 5268 1633 5320 monasterio
1683 5266 1938 5319 cellarea:
1990 5282 2078 5320 se-

507 5334 855 5403 peliebantur
881 5353 894 5387 :
923 5337 1048 5388 hinc
1086 5338 1144 5390 iit
1198 5345 1277 5404 ut,
1306 5346 1537 5406 excepto
1571 5335 1750 5404 capite
1784 5336 1852 5388 de
1899 5337 2084 5404 sepul~

509 5415 654 5479 tura,
695 5421 913 5474 semper
976 5411 1342 5479 κοιμητήριον
1396 5407 1792 5461 dormitorium
1853 5406 2083 5478 intelligi

508 5473 734 5529 debeat.

582 5546 694 5616 ('28)
722 5543 1053 5616 liaeeroratio
1075 5545 1312 5602 habetur
1342 5545 1398 5600 in
1452 5543 1735 5616 llorologio
1765 5545 1832 5601 ad
1890 5545 2080 5600 horam

513 5614 788 5686 primam”;
820 5613 1167 5686 dicituresse
1203 5617 1388 5672 Basilii
1419 5617 1619 5686 Magni.

589 5684 700 5755 (“29)
730 5684 1046 5741 (latcchesis
1074 5686 1164 5742 illa
1189 5687 1410 5742 videtur
1437 5684 1624 5742 cadem
1651 5703 1770 5744 esse
1801 5704 1921 5758 quzc
1957 5704 2084 5758 pas-

2186 4646 2239 4691 et
2273 4637 2568 4691 ascribitur
2597 4649 2788 4693 sancto
2817 4637 3113 4693 Theodoro
3149 4639 3400 4693 Studit:e.

2262 4706 2370 4775 (30)
2404 4708 2710 4778 Τροπάρια.
2757 4710 3049 4780 Deliujus
3097 4709 3248 4780 vocis
3297 4708 3647 4780 etymologia,
3696 4725 3767 4766 ex

2186 4776 2410 4848 Zonarae
2444 4776 2645 4843 verbis,
2677 4780 2795 4834 fuse
2837 4776 3079 4848 disputat
3117 4779 3332 4834 Goarus
3358 4776 3430 4832 'in
3487 4776 3641 4833 Notis
3694 4781 3765 4834 ad

2187 4846 2605 4918 Euchologium.
2645 4851 2736 4903 ubi
2794 4846 2973 4904 tamen
3024 4851 3162 4904 nihil
3207 4861 3417 4903 certum
3459 4849 3766 4906 concludit.

2186 4917 2466 4986 Quidquid
2504 4920 2596 4983 sit,
2625 4929 2834 4974 certum
2861 4929 2942 4974 est
2984 4922 3070 4974 illa
3096 4920 3336 4989 troparia
3363 4919 3532 4973 fuisse
3563 4919 3768 4976 breves

2184 4989 2446 5061 quasdam
2473 4990 2998 5061 periodosrecitari
3027 4991 3110 5045 vel
3134 4990 3343 5045 cantari
3389 4989 3602 5053 solitas,
3641 5006 3769 5061 qua

2185 5059 2387 5127 passim
2419 5069 2723 5114 occurrunt
2746 5060 2798 5114 in
2831 5061 2939 5116 011.
2962 5063 3058 5117 Gr.

2258 5129 2370 5197 (51)
2412 5132 2588 5193 Δόξα.
2624 5131 2935 5200 ὃιιρριοτῷ
2991 5131 3187 5200 Πατρὶ,
3220 5130 3317 5182 καὶ
3363 5128 3441 5198 τῷ
3476 5128 3611 5197 Υἱῷ,
3669 5133 3770 5183 καὶ

2184 5199 2262 5268 τῷ
2289 5201 2430 5268 ἁγίῳ
2465 5199 2762 5280 11νεύματιζ
2800 5199 3003 5280 Venus
3030 5199 3122 5280 και
3149 5202 3263 5280 νῦν,
3293 5200 3386 5253 καὶ
3414 5201 3520 5280 ἀεὶ,
3559 5201 3665 5280 κα)⁸
3685 5204 3770 5264 είς

2182 5271 2310 5322 τοὺς
2375 5271 2577 5332 αἰῶνας
2628 5272 2734 5322 τῶν
2760 5271 2993 5324 αἰώνων.
3031 5271 3226 5340 Ἀμήν,
3286 5285 3394 5340 non
3443 5270 3769 5340 immediate

2185 5340 2540 5409 subjungitur
2599 5349 2658 5394 ut
2694 5341 3016 5409 plurimum,
3072 5339 3168 5396 sed
3223 5339 3501 5393 mediante
3523 5339 3768 5409 quodam

2182 5425 2349 5463 versu
2391 5419 2487 5463 aut
2521 5410 2792 5478 tropario.

2257 5479 2370 5560 (59.)
2403 5479 2614 5560 (ὶτιιιὶρι
2659 5479 3271 5560 ’9.έξατῑρεῖτέλλωγ..εδ
3528 5479 3768 5560 meum

2184 5549 2473 5621 Horologii,
2530 5549 2773 5609 Venct'tis
2817 5551 2976 5620 editi,
3020 5567 3073 5621 p.
3129 5551 3252 5606 151.
3318 5549 3535 5605 Dicitur
3580 5550 3768 5606 Basilii

2187 5620 2382 5690 Magni.
