  <div class='ocr_page' id='page_1' title='image "/cluster/home/n/w/nwhite01/storage/ocr_20150623/127/hvd.32044073502411/532.png"; bbox 0 0 4104 6200; ppageno 0'>
   <div class='ocr_carea' id='block_1_1' title="bbox 351 247 490 312">
    <p class='ocr_par' dir='ltr' id='par_1_1' title="bbox 351 247 490 312">
     <span class='ocr_line' id='line_1_1' title="bbox 351 247 490 312; baseline -0.014 0"><span class='ocrx_word' id='word_1_1' title='bbox 351 247 490 312; x_wconf 87' lang='grc'><strong>1053</strong></span> 
     </span>
    </p>
   </div>
   <div class='ocr_carea' id='block_1_2' title="bbox 1805 247 2142 309">
    <p class='ocr_par' dir='ltr' id='par_1_2' title="bbox 1805 247 2142 309">
     <span class='ocr_line' id='line_1_2' title="bbox 1805 247 2142 309; baseline 0.003 -1"><span class='ocrx_word' id='word_1_2' title='bbox 1805 247 2142 309; x_wconf 87' lang='lat' dir='ltr'><strong>TYPICUM</strong></span> 
     </span>
    </p>
   </div>
   <div class='ocr_carea' id='block_1_3' title="bbox 3465 245 3604 310">
    <p class='ocr_par' dir='ltr' id='par_1_3' title="bbox 3465 245 3604 310">
     <span class='ocr_line' id='line_1_3' title="bbox 3465 245 3604 310; baseline 0 0"><span class='ocrx_word' id='word_1_3' title='bbox 3465 245 3604 310; x_wconf 75' lang='grc'>1054</span> 
     </span>
    </p>
   </div>
   <div class='ocr_carea' id='block_1_4' title="bbox 348 354 3614 436">
    <p class='ocr_par' dir='ltr' id='par_1_4' title="bbox 348 354 3614 436">
     <span class='ocr_line' id='line_1_4' title="bbox 348 354 3614 436; baseline 0.006 -4"><span class='ocrx_word' id='word_1_4' title='bbox 348 363 552 432; x_wconf 72' lang='grc' dir='ltr'>φελεῖς.</span> <span class='ocrx_word' id='word_1_5' title='bbox 598 359 630 428; x_wconf 75' lang='grc' dir='ltr'>ἦ</span> <span class='ocrx_word' id='word_1_6' title='bbox 689 358 782 411; x_wconf 80' lang='grc' dir='ltr'>καὶ</span> <span class='ocrx_word' id='word_1_7' title='bbox 835 354 1137 427; x_wconf 73' lang='grc' dir='ltr'>βλαπτικὰς</span> <span class='ocrx_word' id='word_1_8' title='bbox 1200 356 1513 428; x_wconf 72' lang='grc' dir='ltr'>συντυχίας,</span> <span class='ocrx_word' id='word_1_9' title='bbox 1572 361 1819 434; x_wconf 80' lang='grc' dir='ltr'><strong>μεγάλην</strong></span> <span class='ocrx_word' id='word_1_10' title='bbox 1869 363 1925 416; x_wconf 67' lang='grc' dir='ltr'><strong>δὲ</strong></span> <span class='ocrx_word' id='word_1_11' title='bbox 1963 363 2287 435; x_wconf 69' lang='grc' dir='ltr'>προξενήσει</span> <span class='ocrx_word' id='word_1_12' title='bbox 2355 363 2454 432; x_wconf 60' lang='grc' dir='ltr'>τὴν</span> <span class='ocrx_word' id='word_1_13' title='bbox 2515 361 2785 432; x_wconf 71' lang='grc' dir='ltr'>ὠφέλειαν</span> <span class='ocrx_word' id='word_1_14' title='bbox 2829 362 2948 423; x_wconf 67' lang='grc' dir='ltr'><strong>ταῖς</strong></span> <span class='ocrx_word' id='word_1_15' title='bbox 2979 358 3270 432; x_wconf 62' lang='grc' dir='ltr'><strong>προσέχειν</strong></span> <span class='ocrx_word' id='word_1_16' title='bbox 3299 360 3436 436; x_wconf 59' lang='grc' dir='ltr'><strong>αὐτῇ</strong></span> <span class='ocrx_word' id='word_1_17' title='bbox 3488 361 3614 431; x_wconf 67' lang='grc' dir='ltr'><strong>β⁰⁰’</strong></span> 
     </span>
    </p>
   </div>
   <div class='ocr_carea' id='block_1_5' title="bbox 347 453 625 524">
    <p class='ocr_par' dir='ltr' id='par_1_5' title="bbox 347 453 625 524">
     <span class='ocr_line' id='line_1_5' title="bbox 347 453 625 524; baseline -0.011 -18"><span class='ocrx_word' id='word_1_18' title='bbox 347 453 625 524; x_wconf 83' lang='grc' dir='ltr'>λομὲναις.</span> 
     </span>
    </p>
   </div>
   <div class='ocr_carea' id='block_1_6' title="bbox 957 539 1363 595">
    <p class='ocr_par' dir='ltr' id='par_1_6' title="bbox 957 539 1363 595">
     <span class='ocr_line' id='line_1_6' title="bbox 957 539 1363 595; baseline 0.002 -1"><span class='ocrx_word' id='word_1_19' title='bbox 957 539 1208 594; x_wconf 80' lang='grc' dir='ltr'><strong>ΚΕΦΑΛ.</strong></span> <span class='ocrx_word' id='word_1_20' title='bbox 1238 540 1363 595; x_wconf 81' lang='lat' dir='ltr'><strong>AI&quot;.</strong></span> 
     </span>
    </p>
   </div>
   <div class='ocr_carea' id='block_1_7' title="bbox 346 669 1928 755">
    <p class='ocr_par' dir='ltr' id='par_1_7' title="bbox 346 669 1928 755">
     <span class='ocr_line' id='line_1_7' title="bbox 346 669 1928 755; baseline -0.002 -26"><span class='ocrx_word' id='word_1_21' title='bbox 346 675 487 755; x_wconf 64' lang='grc' dir='ltr'>Περὶ</span> <span class='ocrx_word' id='word_1_22' title='bbox 521 671 662 755; x_wconf 53' lang='grc' dir='ltr'><strong>τῶν.</strong></span> <span class='ocrx_word' id='word_1_23' title='bbox 680 671 994 748; x_wconf 65' lang='grc' dir='ltr'>μεσωρίων</span> <span class='ocrx_word' id='word_1_24' title='bbox 1033 669 1142 738; x_wconf 80' lang='grc' dir='ltr'>τῆς</span> <span class='ocrx_word' id='word_1_25' title='bbox 1181 670 1442 750; x_wconf 40' lang='grc' dir='ltr'>ξρώτηος,</span> <span class='ocrx_word' id='word_1_26' title='bbox 1469 671 1786 755; x_wconf 37' lang='grc' dir='ltr'>τρίῖηςιτε,</span> <span class='ocrx_word' id='word_1_27' title='bbox 1828 673 1928 726; x_wconf 78' lang='grc' dir='ltr'>καὶ</span> 
     </span>
    </p>
   </div>
   <div class='ocr_carea' id='block_1_8' title="bbox 414 740 1930 810">
    <p class='ocr_par' dir='ltr' id='par_1_8' title="bbox 414 740 1930 810">
     <span class='ocr_line' id='line_1_8' title="bbox 414 740 1930 810; baseline -0.002 -13"><span class='ocrx_word' id='word_1_28' title='bbox 414 744 596 810; x_wconf 73' lang='grc' dir='ltr'>ἕκτης</span> <span class='ocrx_word' id='word_1_29' title='bbox 629 740 806 808; x_wconf 80' lang='grc' dir='ltr'>ὧρας,</span> <span class='ocrx_word' id='word_1_30' title='bbox 835 740 954 792; x_wconf 74' lang='grc' dir='ltr'><strong>τῶν</strong></span> <span class='ocrx_word' id='word_1_31' title='bbox 993 740 1281 802; x_wconf 82' lang='grc' dir='ltr'>τυπικῶν,</span> <span class='ocrx_word' id='word_1_32' title='bbox 1321 740 1434 806; x_wconf 80' lang='grc' dir='ltr'>τῆς</span> <span class='ocrx_word' id='word_1_33' title='bbox 1462 740 1622 808; x_wconf 83' lang='grc' dir='ltr'>ίερᾶς</span> <span class='ocrx_word' id='word_1_34' title='bbox 1661 744 1930 809; x_wconf 68' lang='grc' dir='ltr'>λειτοιφ-</span> 
     </span>
    </p>
   </div>
   <div class='ocr_carea' id='block_1_9' title="bbox 418 810 1489 883">
    <p class='ocr_par' dir='ltr' id='par_1_9' title="bbox 418 810 1489 883">
     <span class='ocr_line' id='line_1_9' title="bbox 418 810 1489 883; baseline -0.004 -17"><span class='ocrx_word' id='word_1_35' title='bbox 418 814 578 883; x_wconf 60' lang='lat' dir='ltr'><strong>ﬂag,</strong></span> <span class='ocrx_word' id='word_1_36' title='bbox 613 811 710 865; x_wconf 78' lang='grc' dir='ltr'>καὶ</span> <span class='ocrx_word' id='word_1_37' title='bbox 738 810 847 877; x_wconf 84' lang='grc' dir='ltr'>τῆς</span> <span class='ocrx_word' id='word_1_38' title='bbox 871 811 1043 878; x_wconf 76' lang='grc' dir='ltr'>ἁγίας</span> <span class='ocrx_word' id='word_1_39' title='bbox 1074 810 1489 879; x_wconf 64' lang='grc' dir='ltr'>μεταλήψεως.</span> 
     </span>
    </p>
   </div>
   <div class='ocr_carea' id='block_1_10' title="bbox 414 920 1927 994">
    <p class='ocr_par' dir='ltr' id='par_1_10' title="bbox 414 920 1927 994">
     <span class='ocr_line' id='line_1_10' title="bbox 414 920 1927 994; baseline -0.003 -16"><span class='ocrx_word' id='word_1_40' title='bbox 414 923 968 994; x_wconf 77' lang='grc' dir='ltr'>Καταλαμὸανούσης</span> <span class='ocrx_word' id='word_1_41' title='bbox 1037 922 1094 975; x_wconf 82' lang='grc' dir='ltr'><strong>δὲ</strong></span> <span class='ocrx_word' id='word_1_42' title='bbox 1156 923 1258 992; x_wconf 82' lang='grc' dir='ltr'><strong>τῆς</strong></span> <span class='ocrx_word' id='word_1_43' title='bbox 1313 920 1696 993; x_wconf 78' lang='grc' dir='ltr'><strong>προσηκούσης</strong></span> <span class='ocrx_word' id='word_1_44' title='bbox 1745 920 1927 993; x_wconf 83' lang='grc' dir='ltr'>ὥρας,</span> 
     </span>
    </p>
   </div>
   <div class='ocr_carea' id='block_1_11' title="bbox 346 1013 1925 1088">
    <p class='ocr_par' dir='ltr' id='par_1_11' title="bbox 346 1013 1925 1088">
     <span class='ocr_line' id='line_1_11' title="bbox 346 1013 1925 1088; baseline -0.004 -16"><span class='ocrx_word' id='word_1_45' title='bbox 346 1016 752 1088; x_wconf 83' lang='grc' dir='ltr'>κρουσθησεται</span> <span class='ocrx_word' id='word_1_46' title='bbox 800 1015 861 1069; x_wconf 82' lang='grc' dir='ltr'><strong>τὸ</strong></span> <span class='ocrx_word' id='word_1_47' title='bbox 887 1014 1042 1080; x_wconf 78' lang='grc' dir='ltr'>ξύλον</span> <span class='ocrx_word' id='word_1_48' title='bbox 1068 1029 1084 1044; x_wconf 90' lang='grc'><strong>·</strong></span> <span class='ocrx_word' id='word_1_49' title='bbox 1125 1015 1349 1068; x_wconf 80' lang='grc' dir='ltr'>κάκεῖσε</span> <span class='ocrx_word' id='word_1_50' title='bbox 1381 1014 1602 1083; x_wconf 75' lang='grc' dir='ltr'>ψαλεῖτε</span> <span class='ocrx_word' id='word_1_51' title='bbox 1639 1014 1708 1068; x_wconf 81' lang='grc' dir='ltr'>τὰ</span> <span class='ocrx_word' id='word_1_52' title='bbox 1745 1013 1925 1084; x_wconf 78' lang='grc' dir='ltr'>μεσώ-</span> 
     </span>
    </p>
   </div>
   <div class='ocr_carea' id='block_1_12' title="bbox 348 1103 1926 1177">
    <p class='ocr_par' dir='ltr' id='par_1_12' title="bbox 348 1103 1926 1177">
     <span class='ocr_line' id='line_1_12' title="bbox 348 1103 1926 1177; baseline -0.003 -18"><span class='ocrx_word' id='word_1_53' title='bbox 348 1123 441 1177; x_wconf 89' lang='grc' dir='ltr'><strong>ρια</strong></span> <span class='ocrx_word' id='word_1_54' title='bbox 471 1105 571 1173; x_wconf 81' lang='grc' dir='ltr'>τῆς</span> <span class='ocrx_word' id='word_1_55' title='bbox 623 1103 868 1176; x_wconf 77' lang='grc' dir='ltr'><strong>πρώτης,</strong></span> <span class='ocrx_word' id='word_1_56' title='bbox 915 1104 1016 1172; x_wconf 86' lang='grc' dir='ltr'>τήν</span> <span class='ocrx_word' id='word_1_57' title='bbox 1049 1117 1110 1154; x_wconf 76' lang='grc' dir='ltr'><strong>τε</strong></span> <span class='ocrx_word' id='word_1_58' title='bbox 1157 1103 1376 1174; x_wconf 76' lang='grc' dir='ltr'>τρίτην,</span> <span class='ocrx_word' id='word_1_59' title='bbox 1417 1104 1513 1156; x_wconf 71' lang='grc' dir='ltr'><strong>καὶ</strong></span> <span class='ocrx_word' id='word_1_60' title='bbox 1544 1104 1708 1171; x_wconf 74' lang='grc' dir='ltr'>ἕκτην</span> <span class='ocrx_word' id='word_1_61' title='bbox 1751 1104 1926 1174; x_wconf 82' lang='grc' dir='ltr'>ὥραν,</span> 
     </span>
    </p>
   </div>
   <div class='ocr_carea' id='block_1_13' title="bbox 350 1195 1928 1267">
    <p class='ocr_par' dir='ltr' id='par_1_13' title="bbox 350 1195 1928 1267">
     <span class='ocr_line' id='line_1_13' title="bbox 350 1195 1928 1267; baseline -0.001 -17"><span class='ocrx_word' id='word_1_62' title='bbox 350 1197 494 1266; x_wconf 82' lang='grc' dir='ltr'>μετὰ</span> <span class='ocrx_word' id='word_1_63' title='bbox 523 1196 632 1249; x_wconf 84' lang='grc' dir='ltr'><strong>τῶν</strong></span> <span class='ocrx_word' id='word_1_64' title='bbox 663 1197 969 1266; x_wconf 87' lang='grc' dir='ltr'>μεσωρίων,</span> <span class='ocrx_word' id='word_1_65' title='bbox 995 1195 1104 1249; x_wconf 85' lang='grc' dir='ltr'>τῶν</span> <span class='ocrx_word' id='word_1_66' title='bbox 1127 1196 1327 1266; x_wconf 80' lang='grc' dir='ltr'>εὐχῶν,</span> <span class='ocrx_word' id='word_1_67' title='bbox 1352 1198 1446 1250; x_wconf 66' lang='grc' dir='ltr'>καὶ</span> <span class='ocrx_word' id='word_1_68' title='bbox 1469 1197 1577 1251; x_wconf 84' lang='grc' dir='ltr'><strong>τῶν</strong></span> <span class='ocrx_word' id='word_1_69' title='bbox 1601 1198 1928 1267; x_wconf 66' lang='grc' dir='ltr'>μετανοιῷν,</span> 
     </span>
    </p>
   </div>
   <div class='ocr_carea' id='block_1_14' title="bbox 344 1287 1924 1359">
    <p class='ocr_par' dir='ltr' id='par_1_14' title="bbox 344 1287 1924 1359">
     <span class='ocr_line' id='line_1_14' title="bbox 344 1287 1924 1359; baseline 0 -19"><span class='ocrx_word' id='word_1_70' title='bbox 344 1289 475 1342; x_wconf 73' lang='grc' dir='ltr'>ἔνθα</span> <span class='ocrx_word' id='word_1_71' title='bbox 510 1288 573 1342; x_wconf 84' lang='grc' dir='ltr'><strong>ἂν</strong></span> <span class='ocrx_word' id='word_1_72' title='bbox 604 1290 636 1359; x_wconf 80' lang='grc' dir='ltr'>ἡ</span> <span class='ocrx_word' id='word_1_73' title='bbox 664 1287 1051 1358; x_wconf 82' lang='grc' dir='ltr'>καθηγουμένη</span> <span class='ocrx_word' id='word_1_74' title='bbox 1093 1288 1357 1359; x_wconf 70' lang='grc' dir='ltr'>βουληθῇ,</span> <span class='ocrx_word' id='word_1_75' title='bbox 1386 1290 1495 1341; x_wconf 79' lang='grc' dir='ltr'>εἴτε</span> <span class='ocrx_word' id='word_1_76' title='bbox 1535 1290 1593 1342; x_wconf 82' lang='grc' dir='ltr'>ὲν</span> <span class='ocrx_word' id='word_1_77' title='bbox 1616 1288 1692 1359; x_wconf 81' lang='grc' dir='ltr'><strong>τῷ</strong></span> <span class='ocrx_word' id='word_1_78' title='bbox 1724 1305 1924 1358; x_wconf 77' lang='grc' dir='ltr'>κοιμηο</span> 
     </span>
    </p>
   </div>
   <div class='ocr_carea' id='block_1_15' title="bbox 344 1377 1925 1449">
    <p class='ocr_par' dir='ltr' id='par_1_15' title="bbox 344 1377 1925 1449">
     <span class='ocr_line' id='line_1_15' title="bbox 344 1377 1925 1449; baseline -0.001 -19"><span class='ocrx_word' id='word_1_79' title='bbox 344 1379 543 1449; x_wconf 82' lang='grc' dir='ltr'>τηρίῳ,</span> <span class='ocrx_word' id='word_1_80' title='bbox 590 1379 700 1430; x_wconf 75' lang='grc' dir='ltr'>εἴτε</span> <span class='ocrx_word' id='word_1_81' title='bbox 736 1379 793 1431; x_wconf 81' lang='grc' dir='ltr'>ὲν</span> <span class='ocrx_word' id='word_1_82' title='bbox 833 1377 909 1447; x_wconf 83' lang='grc' dir='ltr'>τῷ</span> <span class='ocrx_word' id='word_1_83' title='bbox 952 1379 1053 1446; x_wconf 80' lang='grc' dir='ltr'><strong>τῆς</strong></span> <span class='ocrx_word' id='word_1_84' title='bbox 1095 1378 1392 1449; x_wconf 78' lang='grc' dir='ltr'><strong>ἐκκλησίας</strong></span> <span class='ocrx_word' id='word_1_85' title='bbox 1434 1379 1764 1448; x_wconf 80' lang='grc' dir='ltr'>ὲξωάρθηκι.</span> <span class='ocrx_word' id='word_1_86' title='bbox 1801 1379 1925 1429; x_wconf 83' lang='grc' dir='ltr'><strong>Ψα-</strong></span> 
     </span>
    </p>
   </div>
   <div class='ocr_carea' id='block_1_16' title="bbox 341 1468 1918 1539">
    <p class='ocr_par' dir='ltr' id='par_1_16' title="bbox 341 1468 1918 1539">
     <span class='ocr_line' id='line_1_16' title="bbox 341 1468 1918 1539; baseline -0.002 -16"><span class='ocrx_word' id='word_1_87' title='bbox 341 1470 487 1524; x_wconf 80' lang='grc' dir='ltr'>λείτε</span> <span class='ocrx_word' id='word_1_88' title='bbox 514 1469 572 1523; x_wconf 81' lang='grc' dir='ltr'><strong>δὲ</strong></span> <span class='ocrx_word' id='word_1_89' title='bbox 593 1469 696 1522; x_wconf 73' lang='grc' dir='ltr'><strong>καὶ</strong></span> <span class='ocrx_word' id='word_1_90' title='bbox 723 1470 789 1521; x_wconf 81' lang='grc' dir='ltr'>τὰ</span> <span class='ocrx_word' id='word_1_91' title='bbox 817 1468 1024 1522; x_wconf 75' lang='grc' dir='ltr'>τυπικὰ</span> <span class='ocrx_word' id='word_1_92' title='bbox 1057 1470 1114 1522; x_wconf 81' lang='grc' dir='ltr'>ὲν</span> <span class='ocrx_word' id='word_1_93' title='bbox 1137 1469 1215 1539; x_wconf 85' lang='grc' dir='ltr'>τῷ</span> <span class='ocrx_word' id='word_1_94' title='bbox 1243 1470 1342 1538; x_wconf 78' lang='grc' dir='ltr'>τῆς</span> <span class='ocrx_word' id='word_1_95' title='bbox 1369 1468 1666 1539; x_wconf 76' lang='grc' dir='ltr'><strong>ἐκκλησίας</strong></span> <span class='ocrx_word' id='word_1_96' title='bbox 1695 1469 1918 1538; x_wconf 76' lang='grc' dir='ltr'>ἅρθηκι·</span> 
     </span>
    </p>
   </div>
   <div class='ocr_carea' id='block_1_17' title="bbox 342 1561 1924 1632">
    <p class='ocr_par' dir='ltr' id='par_1_17' title="bbox 342 1561 1924 1632">
     <span class='ocr_line' id='line_1_17' title="bbox 342 1561 1924 1632; baseline -0.001 -18"><span class='ocrx_word' id='word_1_97' title='bbox 342 1562 432 1615; x_wconf 78' lang='grc' dir='ltr'>ὅτε</span> <span class='ocrx_word' id='word_1_98' title='bbox 467 1562 655 1629; x_wconf 87' lang='grc' dir='ltr'>μέντοι</span> <span class='ocrx_word' id='word_1_99' title='bbox 693 1561 901 1628; x_wconf 81' lang='grc' dir='ltr'>γίνεται</span> <span class='ocrx_word' id='word_1_100' title='bbox 928 1562 1227 1632; x_wconf 81' lang='grc' dir='ltr'>ἀγρυπνία,</span> <span class='ocrx_word' id='word_1_101' title='bbox 1255 1562 1316 1614; x_wconf 84' lang='grc' dir='ltr'><strong>ού</strong></span> <span class='ocrx_word' id='word_1_102' title='bbox 1347 1563 1602 1632; x_wconf 78' lang='grc' dir='ltr'>ποιήσετε</span> <span class='ocrx_word' id='word_1_103' title='bbox 1631 1561 1924 1630; x_wconf 83' lang='grc' dir='ltr'>μετάνοιαν</span> 
     </span>
    </p>
   </div>
   <div class='ocr_carea' id='block_1_18' title="bbox 343 1649 1924 1722">
    <p class='ocr_par' dir='ltr' id='par_1_18' title="bbox 343 1649 1924 1722">
     <span class='ocr_line' id='line_1_18' title="bbox 343 1649 1924 1722; baseline 0 -20"><span class='ocrx_word' id='word_1_104' title='bbox 343 1651 402 1704; x_wconf 70' lang='grc' dir='ltr'>ὲν</span> <span class='ocrx_word' id='word_1_105' title='bbox 431 1649 510 1720; x_wconf 86' lang='grc' dir='ltr'><strong>τῷ</strong></span> <span class='ocrx_word' id='word_1_106' title='bbox 557 1653 904 1721; x_wconf 84' lang='grc' dir='ltr'>κοιμητηρίῳ</span> <span class='ocrx_word' id='word_1_107' title='bbox 934 1651 1108 1721; x_wconf 85' lang='grc' dir='ltr'>ὑμῶν,</span> <span class='ocrx_word' id='word_1_108' title='bbox 1136 1653 1223 1705; x_wconf 86' lang='grc' dir='ltr'><strong>διὰ</strong></span> <span class='ocrx_word' id='word_1_109' title='bbox 1264 1654 1356 1705; x_wconf 79' lang='grc' dir='ltr'><strong>τὸν</strong></span> <span class='ocrx_word' id='word_1_110' title='bbox 1379 1653 1446 1706; x_wconf 83' lang='grc' dir='ltr'>ἐκ</span> <span class='ocrx_word' id='word_1_111' title='bbox 1472 1654 1572 1720; x_wconf 80' lang='grc' dir='ltr'><strong>τῆς</strong></span> <span class='ocrx_word' id='word_1_112' title='bbox 1616 1652 1924 1722; x_wconf 77' lang='grc' dir='ltr'><strong>ἀγρυπνίας</strong></span> 
     </span>
    </p>
   </div>
   <div class='ocr_carea' id='block_1_19' title="bbox 342 1741 1924 1815">
    <p class='ocr_par' dir='ltr' id='par_1_19' title="bbox 342 1741 1924 1815">
     <span class='ocr_line' id='line_1_19' title="bbox 342 1741 1924 1815; baseline 0.001 -19"><span class='ocrx_word' id='word_1_113' title='bbox 342 1742 535 1808; x_wconf 72' lang='grc' dir='ltr'>κόπον,</span> <span class='ocrx_word' id='word_1_114' title='bbox 569 1741 692 1795; x_wconf 76' lang='grc' dir='ltr'>οὔτε</span> <span class='ocrx_word' id='word_1_115' title='bbox 721 1743 862 1795; x_wconf 80' lang='grc' dir='ltr'>κατὰ</span> <span class='ocrx_word' id='word_1_116' title='bbox 893 1741 955 1794; x_wconf 81' lang='grc' dir='ltr'>τὸ</span> <span class='ocrx_word' id='word_1_117' title='bbox 996 1743 1414 1814; x_wconf 82' lang='grc' dir='ltr'>δωδεκαήμερον</span> <span class='ocrx_word' id='word_1_118' title='bbox 1441 1745 1554 1815; x_wconf 84' lang='grc'><strong>(55)</strong></span> <span class='ocrx_word' id='word_1_119' title='bbox 1579 1761 1592 1773; x_wconf 86' lang='grc'><strong>·</strong></span> <span class='ocrx_word' id='word_1_120' title='bbox 1626 1743 1749 1798; x_wconf 78' lang='grc' dir='ltr'>οὔτε</span> <span class='ocrx_word' id='word_1_121' title='bbox 1778 1744 1924 1798; x_wconf 79' lang='grc' dir='ltr'>κατὰ</span> 
     </span>
    </p>
   </div>
   <div class='ocr_carea' id='block_1_20' title="bbox 337 1833 1923 1908">
    <p class='ocr_par' dir='ltr' id='par_1_20' title="bbox 337 1833 1923 1908">
     <span class='ocr_line' id='line_1_20' title="bbox 337 1833 1923 1908; baseline 0.002 -21"><span class='ocrx_word' id='word_1_122' title='bbox 337 1834 437 1902; x_wconf 83' lang='grc' dir='ltr'><strong>τὴν</strong></span> <span class='ocrx_word' id='word_1_123' title='bbox 469 1833 602 1902; x_wconf 70' lang='grc' dir='ltr'>ὅλην</span> <span class='ocrx_word' id='word_1_124' title='bbox 637 1835 1032 1905; x_wconf 81' lang='grc' dir='ltr'>πεντηκοστὴν,</span> <span class='ocrx_word' id='word_1_125' title='bbox 1073 1834 1196 1888; x_wconf 77' lang='grc' dir='ltr'>οὔτε</span> <span class='ocrx_word' id='word_1_126' title='bbox 1231 1837 1340 1908; x_wconf 83' lang='grc' dir='ltr'><strong>μὴν</strong></span> <span class='ocrx_word' id='word_1_127' title='bbox 1371 1837 1514 1890; x_wconf 77' lang='grc' dir='ltr'>κατὰ</span> <span class='ocrx_word' id='word_1_128' title='bbox 1559 1837 1660 1900; x_wconf 73' lang='grc' dir='ltr'><strong>τὰς</strong></span> <span class='ocrx_word' id='word_1_129' title='bbox 1692 1837 1923 1907; x_wconf 81' lang='grc' dir='ltr'>μεθεόρ-</span> 
     </span>
    </p>
   </div>
   <div class='ocr_carea' id='block_1_21' title="bbox 1953 549 2006 607">
    <p class='ocr_par' dir='ltr' id='par_1_21' title="bbox 1953 549 2006 607">
     <span class='ocr_line' id='line_1_21' title="bbox 1953 549 2006 607; baseline 0 0"><span class='ocrx_word' id='word_1_130' title='bbox 1953 549 2006 607; x_wconf 84' lang='grc' dir='ltr'><strong>Λ</strong></span> 
     </span>
    </p>
   </div>
   <div class='ocr_carea' id='block_1_22' title="bbox 2563 545 3072 602">
    <p class='ocr_par' dir='ltr' id='par_1_22' title="bbox 2563 545 3072 602">
     <span class='ocr_line' id='line_1_22' title="bbox 2563 545 3072 602; baseline -0.006 0"><span class='ocrx_word' id='word_1_131' title='bbox 2563 545 2790 602; x_wconf 82' lang='lat' dir='ltr'><strong>CAPUT</strong></span> <span class='ocrx_word' id='word_1_132' title='bbox 2828 545 3072 600; x_wconf 78' lang='grc' dir='ltr'><strong>ΧΧΧΙΙΙ.</strong></span> 
     </span>
    </p>
   </div>
   <div class='ocr_carea' id='block_1_23' title="bbox 2036 658 3614 725">
    <p class='ocr_par' dir='ltr' id='par_1_23' title="bbox 2036 658 3614 725">
     <span class='ocr_line' id='line_1_23' title="bbox 2036 658 3614 725; baseline 0 -13"><span class='ocrx_word' id='word_1_133' title='bbox 2036 661 2110 714; x_wconf 82' lang='lat' dir='ltr'><strong>De</strong></span> <span class='ocrx_word' id='word_1_134' title='bbox 2139 661 2395 720; x_wconf 76' lang='lat' dir='ltr'><strong>mesoriis,</strong></span> <span class='ocrx_word' id='word_1_135' title='bbox 2425 675 2515 711; x_wconf 74' lang='lat' dir='ltr'><strong>seu</strong></span> <span class='ocrx_word' id='word_1_136' title='bbox 2567 659 2747 712; x_wconf 78' lang='lat' dir='ltr'><strong>mediis</strong></span> <span class='ocrx_word' id='word_1_137' title='bbox 2772 658 2909 710; x_wconf 81' lang='lat' dir='ltr'><strong>horis</strong></span> <span class='ocrx_word' id='word_1_138' title='bbox 2935 659 3140 725; x_wconf 70' lang='lat' dir='ltr'><strong>primm,</strong></span> <span class='ocrx_word' id='word_1_139' title='bbox 3177 660 3346 713; x_wconf 75' lang='lat' dir='ltr'><strong>tertia!</strong></span> <span class='ocrx_word' id='word_1_140' title='bbox 3377 669 3422 712; x_wconf 83' lang='lat' dir='ltr'><strong>e!</strong></span> <span class='ocrx_word' id='word_1_141' title='bbox 3452 669 3614 712; x_wconf 75' lang='lat' dir='ltr'><strong>sexta:</strong></span> 
     </span>
    </p>
   </div>
   <div class='ocr_carea' id='block_1_24' title="bbox 2099 726 3612 812">
    <p class='ocr_par' dir='ltr' id='par_1_24' title="bbox 2099 726 3612 812">
     <span class='ocr_line' id='line_1_24' title="bbox 2099 726 3612 812; baseline -0.003 -29"><span class='ocrx_word' id='word_1_142' title='bbox 2099 732 2258 812; x_wconf 47' lang='lat' dir='ltr'><strong>hanc,</strong></span> <span class='ocrx_word' id='word_1_143' title='bbox 2285 731 2346 782; x_wconf 84' lang='lat' dir='ltr'><strong>de</strong></span> <span class='ocrx_word' id='word_1_144' title='bbox 2374 730 2562 799; x_wconf 83' lang='lat' dir='ltr'><strong>typico,</strong></span> <span class='ocrx_word' id='word_1_145' title='bbox 2583 729 2645 781; x_wconf 86' lang='lat' dir='ltr'><strong>de</strong></span> <span class='ocrx_word' id='word_1_146' title='bbox 2663 745 2816 782; x_wconf 78' lang='lat' dir='ltr'><strong>sacra</strong></span> <span class='ocrx_word' id='word_1_147' title='bbox 2846 726 3082 796; x_wconf 66' lang='grc' dir='ltr'>Ματθία,</span> <span class='ocrx_word' id='word_1_148' title='bbox 3109 740 3156 782; x_wconf 83' lang='lat' dir='ltr'><strong>et</strong></span> <span class='ocrx_word' id='word_1_149' title='bbox 3179 730 3240 782; x_wconf 82' lang='lat' dir='ltr'><strong>de</strong></span> <span class='ocrx_word' id='word_1_150' title='bbox 3257 738 3440 782; x_wconf 78' lang='lat' dir='ltr'><strong>sancta</strong></span> <span class='ocrx_word' id='word_1_151' title='bbox 3471 745 3612 780; x_wconf 83' lang='lat' dir='ltr'><strong>com-</strong></span> 
     </span>
    </p>
   </div>
   <div class='ocr_carea' id='block_1_25' title="bbox 2101 815 2943 853">
    <p class='ocr_par' dir='ltr' id='par_1_25' title="bbox 2101 815 2943 853">
     <span class='ocr_line' id='line_1_25' title="bbox 2101 815 2943 853; baseline -0.01 0"><span class='ocrx_word' id='word_1_152' title='bbox 2101 815 2370 853; x_wconf 69' lang='lat' dir='ltr'><strong>munione.</strong></span> <span class='ocrx_word' id='word_1_153' title='bbox 2937 830 2943 836; x_wconf 96' lang='lat'><strong><em>-</em></strong></span> 
     </span>
    </p>
   </div>
   <div class='ocr_carea' id='block_1_26' title="bbox 2097 911 3612 982">
    <p class='ocr_par' dir='ltr' id='par_1_26' title="bbox 2097 911 3612 982">
     <span class='ocr_line' id='line_1_26' title="bbox 2097 911 3612 982; baseline 0.003 -16"><span class='ocrx_word' id='word_1_154' title='bbox 2097 911 2439 966; x_wconf 76' lang='lat' dir='ltr'><strong>Advenientc</strong></span> <span class='ocrx_word' id='word_1_155' title='bbox 2467 925 2707 981; x_wconf 80' lang='lat' dir='ltr'><strong>congrua</strong></span> <span class='ocrx_word' id='word_1_156' title='bbox 2739 911 2896 976; x_wconf 91' lang='lat' dir='ltr'><strong>hora,</strong></span> <span class='ocrx_word' id='word_1_157' title='bbox 2933 911 3141 982; x_wconf 79' lang='lat' dir='ltr'><strong>lignum</strong></span> <span class='ocrx_word' id='word_1_158' title='bbox 3175 914 3486 982; x_wconf 82' lang='lat' dir='ltr'><strong>pulsabitur</strong></span> <span class='ocrx_word' id='word_1_159' title='bbox 3513 934 3528 969; x_wconf 90' lang='lat'><strong>:</strong></span> <span class='ocrx_word' id='word_1_160' title='bbox 3555 925 3612 971; x_wconf 88' lang='lat' dir='ltr'><strong>et</strong></span> 
     </span>
    </p>
   </div>
   <div class='ocr_carea' id='block_1_27' title="bbox 2030 1001 3613 1072">
    <p class='ocr_par' dir='ltr' id='par_1_27' title="bbox 2030 1001 3613 1072">
     <span class='ocr_line' id='line_1_27' title="bbox 2030 1001 3613 1072; baseline 0.003 -15"><span class='ocrx_word' id='word_1_161' title='bbox 2030 1003 2142 1057; x_wconf 90' lang='lat' dir='ltr'><strong>illic</strong></span> <span class='ocrx_word' id='word_1_162' title='bbox 2190 1001 2435 1072; x_wconf 87' lang='lat' dir='ltr'><strong>psallctis</strong></span> <span class='ocrx_word' id='word_1_163' title='bbox 2493 1003 2732 1056; x_wconf 89' lang='lat' dir='ltr'><strong>mesoria</strong></span> <span class='ocrx_word' id='word_1_164' title='bbox 2762 1005 2971 1072; x_wconf 62' lang='lat' dir='ltr'><strong>prima,</strong></span> <span class='ocrx_word' id='word_1_165' title='bbox 3005 1019 3228 1058; x_wconf 84' lang='lat' dir='ltr'><strong>necnon</strong></span> <span class='ocrx_word' id='word_1_166' title='bbox 3287 1008 3525 1072; x_wconf 83' lang='lat' dir='ltr'><strong>tertiam,</strong></span> <span class='ocrx_word' id='word_1_167' title='bbox 3556 1017 3613 1063; x_wconf 88' lang='lat' dir='ltr'><strong>et</strong></span> 
     </span>
    </p>
   </div>
   <div class='ocr_carea' id='block_1_28' title="bbox 2028 1096 3611 1168">
    <p class='ocr_par' dir='ltr' id='par_1_28' title="bbox 2028 1096 3611 1168">
     <span class='ocr_line' id='line_1_28' title="bbox 2028 1096 3611 1168; baseline 0.003 -18"><span class='ocrx_word' id='word_1_168' title='bbox 2028 1105 2232 1150; x_wconf 78' lang='lat' dir='ltr'><strong>sextam</strong></span> <span class='ocrx_word' id='word_1_169' title='bbox 2258 1096 2450 1149; x_wconf 89' lang='lat' dir='ltr'><strong>horam</strong></span> <span class='ocrx_word' id='word_1_170' title='bbox 2482 1111 2603 1148; x_wconf 88' lang='lat' dir='ltr'><strong>cum</strong></span> <span class='ocrx_word' id='word_1_171' title='bbox 2627 1096 2899 1160; x_wconf 86' lang='lat' dir='ltr'><strong>mesoriis,</strong></span> <span class='ocrx_word' id='word_1_172' title='bbox 2921 1105 2976 1150; x_wconf 91' lang='lat' dir='ltr'><strong>ct</strong></span> <span class='ocrx_word' id='word_1_173' title='bbox 3000 1099 3324 1152; x_wconf 85' lang='lat' dir='ltr'><strong>reverentiis</strong></span> <span class='ocrx_word' id='word_1_174' title='bbox 3355 1099 3445 1152; x_wconf 90' lang='lat' dir='ltr'><strong>ubi</strong></span> <span class='ocrx_word' id='word_1_175' title='bbox 3476 1116 3611 1168; x_wconf 77' lang='lat' dir='ltr'><strong>prae-</strong></span> 
     </span>
    </p>
   </div>
   <div class='ocr_carea' id='block_1_29' title="bbox 2030 1187 3603 1252">
    <p class='ocr_par' dir='ltr' id='par_1_29' title="bbox 2030 1187 3603 1252">
     <span class='ocr_line' id='line_1_29' title="bbox 2030 1187 3603 1252; baseline 0.001 -12"><span class='ocrx_word' id='word_1_176' title='bbox 2030 1189 2169 1242; x_wconf 86' lang='lat' dir='ltr'><strong>fecta</strong></span> <span class='ocrx_word' id='word_1_177' title='bbox 2198 1187 2454 1249; x_wconf 77' lang='lat' dir='ltr'><strong>voluerit,</strong></span> <span class='ocrx_word' id='word_1_178' title='bbox 2489 1187 2604 1241; x_wconf 84' lang='lat' dir='ltr'><strong>sive</strong></span> <span class='ocrx_word' id='word_1_179' title='bbox 2637 1187 2689 1240; x_wconf 90' lang='lat' dir='ltr'><strong>in</strong></span> <span class='ocrx_word' id='word_1_180' title='bbox 2723 1188 3068 1252; x_wconf 79' lang='lat' dir='ltr'><strong>dormitorio,</strong></span> <span class='ocrx_word' id='word_1_181' title='bbox 3102 1189 3218 1242; x_wconf 83' lang='lat' dir='ltr'><strong>sive</strong></span> <span class='ocrx_word' id='word_1_182' title='bbox 3257 1190 3311 1242; x_wconf 87' lang='lat' dir='ltr'><strong>in</strong></span> <span class='ocrx_word' id='word_1_183' title='bbox 3342 1191 3603 1243; x_wconf 81' lang='lat' dir='ltr'><strong>exteriori</strong></span> 
     </span>
    </p>
   </div>
   <div class='ocr_carea' id='block_1_30' title="bbox 2027 1276 3608 1347">
    <p class='ocr_par' dir='ltr' id='par_1_30' title="bbox 2027 1276 3608 1347">
     <span class='ocr_line' id='line_1_30' title="bbox 2027 1276 3608 1347; baseline 0 -13"><span class='ocrx_word' id='word_1_184' title='bbox 2027 1279 2276 1334; x_wconf 73' lang='lat' dir='ltr'><strong>ecclesiae</strong></span> <span class='ocrx_word' id='word_1_185' title='bbox 2308 1278 2605 1332; x_wconf 88' lang='lat' dir='ltr'><strong>vestibulo.</strong></span> <span class='ocrx_word' id='word_1_186' title='bbox 2634 1276 2837 1347; x_wconf 85' lang='lat' dir='ltr'><strong>Typica</strong></span> <span class='ocrx_word' id='word_1_187' title='bbox 2868 1279 3032 1331; x_wconf 89' lang='lat' dir='ltr'><strong>etiam</strong></span> <span class='ocrx_word' id='word_1_188' title='bbox 3060 1280 3306 1346; x_wconf 86' lang='lat' dir='ltr'><strong>psalletis</strong></span> <span class='ocrx_word' id='word_1_189' title='bbox 3342 1281 3396 1333; x_wconf 92' lang='lat' dir='ltr'><strong>in</strong></span> <span class='ocrx_word' id='word_1_190' title='bbox 3432 1282 3608 1335; x_wconf 83' lang='lat' dir='ltr'><strong>eccle-</strong></span> 
     </span>
    </p>
   </div>
   <div class='ocr_carea' id='block_1_31' title="bbox 2027 1369 3603 1439">
    <p class='ocr_par' dir='ltr' id='par_1_31' title="bbox 2027 1369 3603 1439">
     <span class='ocr_line' id='line_1_31' title="bbox 2027 1369 3603 1439; baseline -0.001 -13"><span class='ocrx_word' id='word_1_191' title='bbox 2027 1371 2122 1426; x_wconf 65' lang='lat' dir='ltr'><strong>siae</strong></span> <span class='ocrx_word' id='word_1_192' title='bbox 2153 1371 2349 1425; x_wconf 81' lang='lat' dir='ltr'><strong>ferula.</strong></span> <span class='ocrx_word' id='word_1_193' title='bbox 2373 1371 2544 1424; x_wconf 86' lang='lat' dir='ltr'><strong>Porro</strong></span> <span class='ocrx_word' id='word_1_194' title='bbox 2566 1369 2790 1437; x_wconf 83' lang='lat' dir='ltr'><strong>quando</strong></span> <span class='ocrx_word' id='word_1_195' title='bbox 2813 1370 3008 1439; x_wconf 77' lang='lat' dir='ltr'><strong>vigilia:</strong></span> <span class='ocrx_word' id='word_1_196' title='bbox 3041 1369 3198 1433; x_wconf 90' lang='lat' dir='ltr'><strong>ﬁunt,</strong></span> <span class='ocrx_word' id='word_1_197' title='bbox 3244 1387 3354 1426; x_wconf 92' lang='lat' dir='ltr'><strong>non</strong></span> <span class='ocrx_word' id='word_1_198' title='bbox 3390 1372 3603 1426; x_wconf 79' lang='lat' dir='ltr'><strong>facietis</strong></span> 
     </span>
    </p>
   </div>
   <div class='ocr_carea' id='block_1_32' title="bbox 2028 1459 3607 1533">
    <p class='ocr_par' dir='ltr' id='par_1_32' title="bbox 2028 1459 3607 1533">
     <span class='ocr_line' id='line_1_32' title="bbox 2028 1459 3607 1533; baseline -0.001 -16"><span class='ocrx_word' id='word_1_199' title='bbox 2028 1462 2392 1518; x_wconf 77' lang='lat' dir='ltr'><strong>reverentiam</strong></span> <span class='ocrx_word' id='word_1_200' title='bbox 2448 1461 2501 1514; x_wconf 93' lang='lat' dir='ltr'><strong>in</strong></span> <span class='ocrx_word' id='word_1_201' title='bbox 2553 1459 2872 1514; x_wconf 82' lang='lat' dir='ltr'><strong>dormitorio</strong></span> <span class='ocrx_word' id='word_1_202' title='bbox 2923 1469 3130 1525; x_wconf 85' lang='lat' dir='ltr'><strong>vestro,</strong></span> <span class='ocrx_word' id='word_1_203' title='bbox 3181 1462 3253 1516; x_wconf 86' lang='lat' dir='ltr'><strong>ob</strong></span> <span class='ocrx_word' id='word_1_204' title='bbox 3296 1463 3607 1533; x_wconf 75' lang='lat' dir='ltr'><strong>vigiliarum</strong></span> 
     </span>
    </p>
   </div>
   <div class='ocr_carea' id='block_1_33' title="bbox 2026 1550 3614 1623">
    <p class='ocr_par' dir='ltr' id='par_1_33' title="bbox 2026 1550 3614 1623">
     <span class='ocr_line' id='line_1_33' title="bbox 2026 1550 3614 1623; baseline -0.001 -15"><span class='ocrx_word' id='word_1_205' title='bbox 2026 1554 2309 1619; x_wconf 83' lang='lat' dir='ltr'><strong>laborem;</strong></span> <span class='ocrx_word' id='word_1_206' title='bbox 2358 1567 2537 1621; x_wconf 88' lang='lat' dir='ltr'><strong>neque</strong></span> <span class='ocrx_word' id='word_1_207' title='bbox 2593 1567 2692 1620; x_wconf 88' lang='lat' dir='ltr'><strong>per</strong></span> <span class='ocrx_word' id='word_1_208' title='bbox 2735 1550 3255 1616; x_wconf 87' lang='lat' dir='ltr'><strong>dodeeahemerum,</strong></span> <span class='ocrx_word' id='word_1_209' title='bbox 3290 1570 3467 1622; x_wconf 80' lang='lat' dir='ltr'><strong>neque</strong></span> <span class='ocrx_word' id='word_1_210' title='bbox 3511 1570 3614 1623; x_wconf 87' lang='lat' dir='ltr'><strong>per</strong></span> 
     </span>
    </p>
   </div>
   <div class='ocr_carea' id='block_1_34' title="bbox 2028 1643 3612 1712">
    <p class='ocr_par' dir='ltr' id='par_1_34' title="bbox 2028 1643 3612 1712">
     <span class='ocr_line' id='line_1_34' title="bbox 2028 1643 3612 1712; baseline -0.001 -12"><span class='ocrx_word' id='word_1_211' title='bbox 2028 1647 2338 1700; x_wconf 83' lang='lat' dir='ltr'><strong>universam</strong></span> <span class='ocrx_word' id='word_1_212' title='bbox 2378 1645 2764 1708; x_wconf 73' lang='lat' dir='ltr'><strong>Pentecosten,</strong></span> <span class='ocrx_word' id='word_1_213' title='bbox 2793 1659 2893 1697; x_wconf 92' lang='lat' dir='ltr'><strong>nec</strong></span> <span class='ocrx_word' id='word_1_214' title='bbox 2927 1643 3094 1697; x_wconf 91' lang='lat' dir='ltr'><strong>etiam</strong></span> <span class='ocrx_word' id='word_1_215' title='bbox 3137 1659 3235 1712; x_wconf 91' lang='lat' dir='ltr'><strong>per</strong></span> <span class='ocrx_word' id='word_1_216' title='bbox 3259 1659 3456 1699; x_wconf 88' lang='lat' dir='ltr'><strong>novem</strong></span> <span class='ocrx_word' id='word_1_217' title='bbox 3491 1646 3612 1700; x_wconf 83' lang='lat' dir='ltr'><strong>dies</strong></span> 
     </span>
    </p>
   </div>
   <div class='ocr_carea' id='block_1_35' title="bbox 2026 1737 3612 1810">
    <p class='ocr_par' dir='ltr' id='par_1_35' title="bbox 2026 1737 3612 1810">
     <span class='ocr_line' id='line_1_35' title="bbox 2026 1737 3612 1810; baseline -0.001 -16"><span class='ocrx_word' id='word_1_218' title='bbox 2026 1748 2154 1794; x_wconf 87' lang='lat' dir='ltr'><strong>ante</strong></span> <span class='ocrx_word' id='word_1_219' title='bbox 2175 1738 2572 1792; x_wconf 88' lang='lat' dir='ltr'><strong>Dormilionem</strong></span> <span class='ocrx_word' id='word_1_220' title='bbox 2593 1737 2952 1791; x_wconf 68' lang='lat' dir='ltr'><strong>sanctissimae</strong></span> <span class='ocrx_word' id='word_1_221' title='bbox 2972 1737 3246 1810; x_wconf 64' lang='lat' dir='ltr'><strong>Deiparm,</strong></span> <span class='ocrx_word' id='word_1_222' title='bbox 3274 1746 3396 1807; x_wconf 89' lang='lat' dir='ltr'><strong>post</strong></span> <span class='ocrx_word' id='word_1_223' title='bbox 3413 1737 3612 1792; x_wconf 82' lang='lat' dir='ltr'><strong>Trans-</strong></span> 
     </span>
    </p>
   </div>
   <div class='ocr_carea' id='block_1_36' title="bbox 2028 1829 3607 1904">
    <p class='ocr_par' dir='ltr' id='par_1_36' title="bbox 2028 1829 3607 1904">
     <span class='ocr_line' id='line_1_36' title="bbox 2028 1829 3607 1904; baseline -0.001 -16"><span class='ocrx_word' id='word_1_224' title='bbox 2028 1833 2405 1904; x_wconf 81' lang='lat' dir='ltr'><strong>ﬁgurationem</strong></span> <span class='ocrx_word' id='word_1_225' title='bbox 2473 1830 2777 1886; x_wconf 87' lang='lat' dir='ltr'><strong>Salvatoris</strong></span> <span class='ocrx_word' id='word_1_226' title='bbox 2843 1831 2949 1884; x_wconf 89' lang='lat' dir='ltr'><strong>mei</strong></span> <span class='ocrx_word' id='word_1_227' title='bbox 3005 1829 3213 1885; x_wconf 83' lang='lat' dir='ltr'><strong>Christi</strong></span> <span class='ocrx_word' id='word_1_228' title='bbox 3277 1843 3607 1901; x_wconf 86' lang='lat' dir='ltr'><strong>sequentes;</strong></span> 
     </span>
    </p>
   </div>
   <div class='ocr_carea' id='block_1_37' title="bbox 335 1919 1922 2002">
    <p class='ocr_par' dir='ltr' id='par_1_37' title="bbox 335 1923 1922 1999">
     <span class='ocr_line' id='line_1_37' title="bbox 335 1923 1922 1999; baseline 0.003 -21"><span class='ocrx_word' id='word_1_229' title='bbox 335 1942 464 1988; x_wconf 84' lang='grc' dir='ltr'>τους</span> <span class='ocrx_word' id='word_1_230' title='bbox 494 1923 704 1995; x_wconf 76' lang='grc' dir='ltr'><strong>(54ο55)</strong></span> <span class='ocrx_word' id='word_1_231' title='bbox 731 1925 886 1977; x_wconf 72' lang='grc' dir='ltr'>ἐννέα</span> <span class='ocrx_word' id='word_1_232' title='bbox 917 1925 1130 1995; x_wconf 75' lang='grc' dir='ltr'>ἡμέρας</span> <span class='ocrx_word' id='word_1_233' title='bbox 1154 1926 1250 1995; x_wconf 83' lang='grc' dir='ltr'>τῆς</span> <span class='ocrx_word' id='word_1_234' title='bbox 1282 1928 1609 1997; x_wconf 79' lang='grc' dir='ltr'>Κοιμήσεως</span> <span class='ocrx_word' id='word_1_235' title='bbox 1629 1930 1728 1999; x_wconf 80' lang='grc' dir='ltr'>τῆς</span> <span class='ocrx_word' id='word_1_236' title='bbox 1753 1929 1922 1999; x_wconf 84' lang='grc' dir='ltr'>ὑπερ-</span> 
     </span>
    </p>
   </div>
   <div class='ocr_carea' id='block_1_38' title="bbox 2027 1919 3612 2002">
    <p class='ocr_par' dir='ltr' id='par_1_38' title="bbox 2027 1919 3612 1994">
     <span class='ocr_line' id='line_1_38' title="bbox 2027 1919 3612 1994; baseline -0.002 -15"><span class='ocrx_word' id='word_1_237' title='bbox 2027 1939 2206 1994; x_wconf 88' lang='lat' dir='ltr'><strong>neque</strong></span> <span class='ocrx_word' id='word_1_238' title='bbox 2235 1923 2288 1976; x_wconf 86' lang='lat' dir='ltr'><strong>in</strong></span> <span class='ocrx_word' id='word_1_239' title='bbox 2323 1922 2458 1991; x_wconf 87' lang='lat' dir='ltr'><strong>ipsis</strong></span> <span class='ocrx_word' id='word_1_240' title='bbox 2491 1921 2833 1976; x_wconf 85' lang='lat' dir='ltr'><strong>solemnibus</strong></span> <span class='ocrx_word' id='word_1_241' title='bbox 2870 1919 3067 1975; x_wconf 87' lang='lat' dir='ltr'><strong>diebus</strong></span> <span class='ocrx_word' id='word_1_242' title='bbox 3125 1921 3490 1989; x_wconf 82' lang='lat' dir='ltr'><strong>gloriosorum</strong></span> <span class='ocrx_word' id='word_1_243' title='bbox 3554 1931 3612 1976; x_wconf 87' lang='lat' dir='ltr'><strong>et</strong></span> 
     </span>
    </p>
   </div>
   <div class='ocr_carea' id='block_1_39' title="bbox 337 2015 1921 2088">
    <p class='ocr_par' dir='ltr' id='par_1_39' title="bbox 337 2015 1921 2088">
     <span class='ocr_line' id='line_1_39' title="bbox 337 2015 1921 2088; baseline 0 -19"><span class='ocrx_word' id='word_1_244' title='bbox 337 2015 501 2084; x_wconf 81' lang='grc' dir='ltr'>αγεας</span> <span class='ocrx_word' id='word_1_245' title='bbox 546 2015 811 2068; x_wconf 84' lang='grc' dir='ltr'>Θεοτόκου</span> <span class='ocrx_word' id='word_1_246' title='bbox 837 2055 851 2080; x_wconf 85' lang='grc'><strong>,</strong></span> <span class='ocrx_word' id='word_1_247' title='bbox 899 2016 1000 2084; x_wconf 80' lang='grc' dir='ltr'>τῆς</span> <span class='ocrx_word' id='word_1_248' title='bbox 1041 2017 1539 2088; x_wconf 77' lang='grc' dir='ltr'>Μεταμορφώσεως</span> <span class='ocrx_word' id='word_1_249' title='bbox 1582 2019 1675 2072; x_wconf 89' lang='grc' dir='ltr'><strong>τοῦ</strong></span> <span class='ocrx_word' id='word_1_250' title='bbox 1733 2020 1921 2088; x_wconf 82' lang='grc' dir='ltr'><strong>Σωτῆ-</strong></span> 
     </span>
    </p>
   </div>
   <div class='ocr_carea' id='block_1_40' title="bbox 339 2105 1913 2177">
    <p class='ocr_par' dir='ltr' id='par_1_40' title="bbox 339 2105 1913 2177">
     <span class='ocr_line' id='line_1_40' title="bbox 339 2105 1913 2177; baseline -0.001 -17"><span class='ocrx_word' id='word_1_251' title='bbox 339 2107 430 2176; x_wconf 80' lang='grc' dir='ltr'>ρός</span> <span class='ocrx_word' id='word_1_252' title='bbox 471 2124 573 2177; x_wconf 83' lang='grc' dir='ltr'><strong>μου</strong></span> <span class='ocrx_word' id='word_1_253' title='bbox 624 2105 886 2176; x_wconf 81' lang='grc' dir='ltr'>Χριστοῦ,</span> <span class='ocrx_word' id='word_1_254' title='bbox 937 2107 1037 2159; x_wconf 88' lang='grc' dir='ltr'><strong>ούκ</strong></span> <span class='ocrx_word' id='word_1_255' title='bbox 1083 2109 1141 2159; x_wconf 81' lang='grc' dir='ltr'>ἐν</span> <span class='ocrx_word' id='word_1_256' title='bbox 1171 2107 1363 2170; x_wconf 83' lang='grc' dir='ltr'>αὐταῖς</span> <span class='ocrx_word' id='word_1_257' title='bbox 1397 2111 1518 2171; x_wconf 87' lang='grc' dir='ltr'>ταῖς</span> <span class='ocrx_word' id='word_1_258' title='bbox 1564 2109 1913 2177; x_wconf 84' lang='grc' dir='ltr'>ὲορτασίμοις</span> 
     </span>
    </p>
   </div>
   <div class='ocr_carea' id='block_1_41' title="bbox 337 2198 1922 2271">
    <p class='ocr_par' dir='ltr' id='par_1_41' title="bbox 337 2198 1922 2271">
     <span class='ocr_line' id='line_1_41' title="bbox 337 2198 1922 2271; baseline 0.002 -21"><span class='ocrx_word' id='word_1_259' title='bbox 337 2198 575 2269; x_wconf 73' lang='grc' dir='ltr'>ἡμέραις</span> <span class='ocrx_word' id='word_1_260' title='bbox 627 2199 738 2253; x_wconf 84' lang='grc' dir='ltr'>τῶν</span> <span class='ocrx_word' id='word_1_261' title='bbox 803 2198 1034 2262; x_wconf 67' lang='grc' dir='ltr'><strong>ἐπιδόξων</strong></span> <span class='ocrx_word' id='word_1_262' title='bbox 1109 2201 1206 2253; x_wconf 76' lang='grc' dir='ltr'><strong>καὶ</strong></span> <span class='ocrx_word' id='word_1_263' title='bbox 1281 2202 1659 2271; x_wconf 76' lang='grc' dir='ltr'>πανευφήμων</span> <span class='ocrx_word' id='word_1_264' title='bbox 1711 2200 1922 2254; x_wconf 84' lang='grc' dir='ltr'>δώδεκα</span> 
     </span>
    </p>
   </div>
   <div class='ocr_carea' id='block_1_42' title="bbox 353 2290 1922 2362">
    <p class='ocr_par' dir='ltr' id='par_1_42' title="bbox 353 2290 1922 2362">
     <span class='ocr_line' id='line_1_42' title="bbox 353 2290 1922 2362; baseline 0 -18"><span class='ocrx_word' id='word_1_265' title='bbox 353 2290 716 2355; x_wconf 74' lang='grc' dir='ltr'>’Δποστὸλων,</span> <span class='ocrx_word' id='word_1_266' title='bbox 771 2291 832 2344; x_wconf 89' lang='grc' dir='ltr'><strong>ού</strong></span> <span class='ocrx_word' id='word_1_267' title='bbox 886 2292 1029 2344; x_wconf 77' lang='grc' dir='ltr'>κατὰ</span> <span class='ocrx_word' id='word_1_268' title='bbox 1086 2293 1196 2345; x_wconf 84' lang='grc' dir='ltr'>πᾶν</span> <span class='ocrx_word' id='word_1_269' title='bbox 1249 2293 1549 2348; x_wconf 76' lang='grc' dir='ltr'>Σάϐϐατον.</span> <span class='ocrx_word' id='word_1_270' title='bbox 1580 2294 1653 2345; x_wconf 87' lang='grc' dir='ltr'>Ἤ</span> <span class='ocrx_word' id='word_1_271' title='bbox 1708 2310 1772 2361; x_wconf 84' lang='grc' dir='ltr'><strong>γε</strong></span> <span class='ocrx_word' id='word_1_272' title='bbox 1814 2292 1922 2362; x_wconf 73' lang='grc' dir='ltr'>μὴν</span> 
     </span>
    </p>
   </div>
   <div class='ocr_carea' id='block_1_43' title="bbox 342 2381 1920 2454">
    <p class='ocr_par' dir='ltr' id='par_1_43' title="bbox 342 2381 1920 2454">
     <span class='ocr_line' id='line_1_43' title="bbox 342 2381 1920 2454; baseline 0.001 -20"><span class='ocrx_word' id='word_1_273' title='bbox 342 2381 464 2451; x_wconf 75' lang='grc' dir='ltr'>ἱερὰ</span> <span class='ocrx_word' id='word_1_274' title='bbox 497 2382 592 2435; x_wconf 77' lang='grc' dir='ltr'>καὶ</span> <span class='ocrx_word' id='word_1_275' title='bbox 646 2382 766 2436; x_wconf 86' lang='grc' dir='ltr'>θεία</span> <span class='ocrx_word' id='word_1_276' title='bbox 813 2382 1131 2453; x_wconf 78' lang='grc' dir='ltr'>λειτουργία</span> <span class='ocrx_word' id='word_1_277' title='bbox 1176 2384 1514 2438; x_wconf 82' lang='grc' dir='ltr'>ἐκτελεῖσθαι</span> <span class='ocrx_word' id='word_1_278' title='bbox 1548 2385 1754 2454; x_wconf 75' lang='grc' dir='ltr'>ὀφείλει</span> <span class='ocrx_word' id='word_1_279' title='bbox 1800 2383 1920 2436; x_wconf 84' lang='grc' dir='ltr'>καθ’</span> 
     </span>
    </p>
   </div>
   <div class='ocr_carea' id='block_1_44' title="bbox 337 2475 1920 2547">
    <p class='ocr_par' dir='ltr' id='par_1_44' title="bbox 337 2475 1920 2547">
     <span class='ocr_line' id='line_1_44' title="bbox 337 2475 1920 2547; baseline -0.001 -19"><span class='ocrx_word' id='word_1_280' title='bbox 337 2476 582 2546; x_wconf 79' lang='grc' dir='ltr'>ἑκάστην</span> <span class='ocrx_word' id='word_1_281' title='bbox 613 2475 882 2547; x_wconf 83' lang='grc' dir='ltr'>Τετράδα,</span> <span class='ocrx_word' id='word_1_282' title='bbox 916 2475 1304 2545; x_wconf 81' lang='grc' dir='ltr'>Παρασκευὴν,</span> <span class='ocrx_word' id='word_1_283' title='bbox 1337 2477 1638 2540; x_wconf 71' lang='grc' dir='ltr'>Σάϐϐατον,</span> <span class='ocrx_word' id='word_1_284' title='bbox 1673 2479 1768 2529; x_wconf 78' lang='grc' dir='ltr'><strong>καὶ</strong></span> <span class='ocrx_word' id='word_1_285' title='bbox 1806 2478 1920 2528; x_wconf 81' lang='grc' dir='ltr'><strong>Κυ-</strong></span> 
     </span>
    </p>
   </div>
   <div class='ocr_carea' id='block_1_45' title="bbox 2029 2011 3606 2080">
    <p class='ocr_par' dir='ltr' id='par_1_45' title="bbox 2029 2011 3606 2080">
     <span class='ocr_line' id='line_1_45' title="bbox 2029 2011 3606 2080; baseline -0.004 -9"><span class='ocrx_word' id='word_1_286' title='bbox 2029 2015 2584 2072; x_wconf 85' lang='lat' dir='ltr'><strong>celebratissimorum</strong></span> <span class='ocrx_word' id='word_1_287' title='bbox 2636 2011 2925 2066; x_wconf 87' lang='lat' dir='ltr'><strong>duodecim</strong></span> <span class='ocrx_word' id='word_1_288' title='bbox 2979 2011 3376 2080; x_wconf 85' lang='lat' dir='ltr'><strong>apostolorum,</strong></span> <span class='ocrx_word' id='word_1_289' title='bbox 3423 2027 3524 2066; x_wconf 90' lang='lat' dir='ltr'><strong>nec</strong></span> <span class='ocrx_word' id='word_1_290' title='bbox 3555 2013 3606 2065; x_wconf 91' lang='lat' dir='ltr'><strong>in</strong></span> 
     </span>
    </p>
   </div>
   <div class='ocr_carea' id='block_1_46' title="bbox 2032 2101 3610 2178">
    <p class='ocr_par' dir='ltr' id='par_1_46' title="bbox 2032 2101 3610 2178">
     <span class='ocr_line' id='line_1_46' title="bbox 2032 2101 3610 2178; baseline -0.005 -16"><span class='ocrx_word' id='word_1_291' title='bbox 2032 2121 2363 2178; x_wconf 81' lang='lat' dir='ltr'><strong>querunque</strong></span> <span class='ocrx_word' id='word_1_292' title='bbox 2411 2104 2672 2159; x_wconf 78' lang='lat' dir='ltr'><strong>Sabbato.</strong></span> <span class='ocrx_word' id='word_1_293' title='bbox 2715 2102 2879 2158; x_wconf 88' lang='lat' dir='ltr'><strong>Sacra</strong></span> <span class='ocrx_word' id='word_1_294' title='bbox 2910 2118 3042 2156; x_wconf 89' lang='lat' dir='ltr'><strong>vero</strong></span> <span class='ocrx_word' id='word_1_295' title='bbox 3071 2111 3127 2157; x_wconf 89' lang='lat' dir='ltr'><strong>et</strong></span> <span class='ocrx_word' id='word_1_296' title='bbox 3160 2101 3347 2156; x_wconf 86' lang='lat' dir='ltr'><strong>divina</strong></span> <span class='ocrx_word' id='word_1_297' title='bbox 3387 2103 3610 2172; x_wconf 82' lang='lat' dir='ltr'><strong>liturgia</strong></span> 
     </span>
    </p>
   </div>
   <div class='ocr_carea' id='block_1_47' title="bbox 2030 2193 3612 2264">
    <p class='ocr_par' dir='ltr' id='par_1_47' title="bbox 2030 2193 3612 2264">
     <span class='ocr_line' id='line_1_47' title="bbox 2030 2193 3612 2264; baseline -0.006 -7"><span class='ocrx_word' id='word_1_298' title='bbox 2030 2198 2298 2257; x_wconf 88' lang='lat' dir='ltr'><strong>celebrari</strong></span> <span class='ocrx_word' id='word_1_299' title='bbox 2354 2197 2516 2252; x_wconf 83' lang='lat' dir='ltr'><strong>debet</strong></span> <span class='ocrx_word' id='word_1_300' title='bbox 2567 2194 2802 2264; x_wconf 81' lang='lat' dir='ltr'><strong>singulis</strong></span> <span class='ocrx_word' id='word_1_301' title='bbox 2833 2193 2985 2247; x_wconf 90' lang='lat' dir='ltr'><strong>feriis</strong></span> <span class='ocrx_word' id='word_1_302' title='bbox 3006 2194 3242 2262; x_wconf 86' lang='lat' dir='ltr'><strong>quartis,</strong></span> <span class='ocrx_word' id='word_1_303' title='bbox 3288 2194 3612 2248; x_wconf 82' lang='lat' dir='ltr'><strong>Parascevis</strong></span> 
     </span>
    </p>
   </div>
   <div class='ocr_carea' id='block_1_48' title="bbox 2029 2283 3608 2349">
    <p class='ocr_par' dir='ltr' id='par_1_48' title="bbox 2029 2283 3608 2349">
     <span class='ocr_line' id='line_1_48' title="bbox 2029 2283 3608 2349; baseline -0.006 -4"><span class='ocrx_word' id='word_1_304' title='bbox 2029 2290 2146 2345; x_wconf 86' lang='lat' dir='ltr'><strong>sive</strong></span> <span class='ocrx_word' id='word_1_305' title='bbox 2179 2289 2334 2343; x_wconf 88' lang='lat' dir='ltr'><strong>feriis</strong></span> <span class='ocrx_word' id='word_1_306' title='bbox 2364 2287 2556 2349; x_wconf 80' lang='lat' dir='ltr'><strong>sextis,</strong></span> <span class='ocrx_word' id='word_1_307' title='bbox 2594 2285 2833 2339; x_wconf 88' lang='lat' dir='ltr'><strong>Sabbato</strong></span> <span class='ocrx_word' id='word_1_308' title='bbox 2878 2295 2932 2338; x_wconf 91' lang='lat' dir='ltr'><strong>et</strong></span> <span class='ocrx_word' id='word_1_309' title='bbox 2959 2283 3270 2348; x_wconf 88' lang='lat' dir='ltr'><strong>Dominica,</strong></span> <span class='ocrx_word' id='word_1_310' title='bbox 3313 2298 3523 2338; x_wconf 90' lang='lat' dir='ltr'><strong>necnon</strong></span> <span class='ocrx_word' id='word_1_311' title='bbox 3554 2283 3608 2336; x_wconf 93' lang='lat' dir='ltr'><strong>in</strong></span> 
     </span>
    </p>
   </div>
   <div class='ocr_carea' id='block_1_49' title="bbox 2033 2373 3612 2446">
    <p class='ocr_par' dir='ltr' id='par_1_49' title="bbox 2033 2373 3612 2446">
     <span class='ocr_line' id='line_1_49' title="bbox 2033 2373 3612 2446; baseline -0.006 -10"><span class='ocrx_word' id='word_1_312' title='bbox 2033 2380 2494 2436; x_wconf 84' lang='lat' dir='ltr'><strong>solemnitatibus.</strong></span> <span class='ocrx_word' id='word_1_313' title='bbox 2521 2377 2580 2430; x_wconf 92' lang='lat' dir='ltr'><strong>ln</strong></span> <span class='ocrx_word' id='word_1_314' title='bbox 2609 2374 3054 2446; x_wconf 78' lang='lat' dir='ltr'><strong>Quadragesimis</strong></span> <span class='ocrx_word' id='word_1_315' title='bbox 3089 2382 3274 2429; x_wconf 87' lang='lat' dir='ltr'><strong>autem</strong></span> <span class='ocrx_word' id='word_1_316' title='bbox 3316 2373 3410 2428; x_wconf 86' lang='lat' dir='ltr'><strong>ﬁat</strong></span> <span class='ocrx_word' id='word_1_317' title='bbox 3445 2381 3612 2444; x_wconf 83' lang='lat' dir='ltr'><strong>prout</strong></span> 
     </span>
    </p>
   </div>
   <div class='ocr_carea' id='block_1_50' title="bbox 2028 2470 3113 2539">
    <p class='ocr_par' dir='ltr' id='par_1_50' title="bbox 2028 2470 3113 2539">
     <span class='ocr_line' id='line_1_50' title="bbox 2028 2470 3113 2539; baseline -0.006 -13"><span class='ocrx_word' id='word_1_318' title='bbox 2028 2472 2343 2526; x_wconf 90' lang='lat' dir='ltr'><strong>continetur</strong></span> <span class='ocrx_word' id='word_1_319' title='bbox 2373 2471 2425 2524; x_wconf 94' lang='lat' dir='ltr'><strong>in</strong></span> <span class='ocrx_word' id='word_1_320' title='bbox 2450 2470 2771 2539; x_wconf 84' lang='lat' dir='ltr'><strong>Synaxario.</strong></span> <span class='ocrx_word' id='word_1_321' title='bbox 3109 2489 3113 2492; x_wconf 89' lang='grc'><strong>·</strong></span> 
     </span>
    </p>
   </div>
   <div class='ocr_carea' id='block_1_51' title="bbox 337 2560 3611 2641">
    <p class='ocr_par' dir='ltr' id='par_1_51' title="bbox 337 2560 3611 2641">
     <span class='ocr_line' id='line_1_51' title="bbox 337 2560 3611 2641; baseline -0.004 -14"><span class='ocrx_word' id='word_1_322' title='bbox 337 2568 556 2639; x_wconf 79' lang='grc' dir='ltr'>Ριακὴν,</span> <span class='ocrx_word' id='word_1_323' title='bbox 608 2568 706 2622; x_wconf 79' lang='grc' dir='ltr'>καὶ</span> <span class='ocrx_word' id='word_1_324' title='bbox 745 2568 887 2621; x_wconf 81' lang='grc' dir='ltr'>κατὰ</span> <span class='ocrx_word' id='word_1_325' title='bbox 935 2568 1036 2631; x_wconf 85' lang='grc' dir='ltr'>τὰς</span> <span class='ocrx_word' id='word_1_326' title='bbox 1084 2569 1298 2639; x_wconf 81' lang='grc' dir='ltr'>ἑορτάς.</span> <span class='ocrx_word' id='word_1_327' title='bbox 1345 2571 1434 2624; x_wconf 86' lang='grc' dir='ltr'>Ἐν</span> <span class='ocrx_word' id='word_1_328' title='bbox 1521 2570 1775 2641; x_wconf 78' lang='grc' dir='ltr'>μέντοιγε</span> <span class='ocrx_word' id='word_1_329' title='bbox 1825 2570 1942 2630; x_wconf 85' lang='grc' dir='ltr'>ταῖς</span> <span class='ocrx_word' id='word_1_330' title='bbox 1998 2564 2498 2636; x_wconf 75' lang='grc' dir='ltr'>Τεσσαρακοσταῖς,</span> <span class='ocrx_word' id='word_1_331' title='bbox 2546 2564 2795 2634; x_wconf 80' lang='grc' dir='ltr'>γίνεσθαι</span> <span class='ocrx_word' id='word_1_332' title='bbox 2848 2564 3055 2634; x_wconf 80' lang='grc' dir='ltr'>ὀφείλει</span> <span class='ocrx_word' id='word_1_333' title='bbox 3098 2562 3284 2627; x_wconf 86' lang='grc' dir='ltr'>καθὼς</span> <span class='ocrx_word' id='word_1_334' title='bbox 3361 2560 3611 2630; x_wconf 79' lang='grc' dir='ltr'>περιέχει</span> 
     </span>
    </p>
   </div>
   <div class='ocr_carea' id='block_1_52' title="bbox 337 2661 921 2732">
    <p class='ocr_par' dir='ltr' id='par_1_52' title="bbox 337 2661 921 2732">
     <span class='ocr_line' id='line_1_52' title="bbox 337 2661 921 2732; baseline -0.002 -16"><span class='ocrx_word' id='word_1_335' title='bbox 337 2664 398 2717; x_wconf 79' lang='grc' dir='ltr'><strong>τὸ</strong></span> <span class='ocrx_word' id='word_1_336' title='bbox 425 2661 759 2732; x_wconf 80' lang='grc' dir='ltr'>Συναξάριον</span> <span class='ocrx_word' id='word_1_337' title='bbox 786 2661 921 2731; x_wconf 84' lang='lat'><strong>(&#39;56).</strong></span> 
     </span>
    </p>
   </div>
   <div class='ocr_carea' id='block_1_53' title="bbox 411 2757 1922 2830">
    <p class='ocr_par' dir='ltr' id='par_1_53' title="bbox 411 2757 1922 2830">
     <span class='ocr_line' id='line_1_53' title="bbox 411 2757 1922 2830; baseline -0.001 -19"><span class='ocrx_word' id='word_1_338' title='bbox 411 2757 754 2828; x_wconf 80' lang='grc' dir='ltr'>Εἰσηγοῦμαι</span> <span class='ocrx_word' id='word_1_339' title='bbox 780 2757 838 2810; x_wconf 79' lang='grc' dir='ltr'>δὲ</span> <span class='ocrx_word' id='word_1_340' title='bbox 863 2759 1014 2826; x_wconf 82' lang='grc' dir='ltr'>ὑμῖν,</span> <span class='ocrx_word' id='word_1_341' title='bbox 1051 2757 1306 2827; x_wconf 80' lang='grc' dir='ltr'>ἀδελφαὶ,</span> <span class='ocrx_word' id='word_1_342' title='bbox 1341 2759 1438 2830; x_wconf 83' lang='grc' dir='ltr'>τῆς</span> <span class='ocrx_word' id='word_1_343' title='bbox 1478 2759 1630 2822; x_wconf 79' lang='grc' dir='ltr'>θείας</span> <span class='ocrx_word' id='word_1_344' title='bbox 1659 2757 1922 2828; x_wconf 83' lang='grc' dir='ltr'>τελουμέ-</span> 
     </span>
    </p>
   </div>
   <div class='ocr_carea' id='block_1_54' title="bbox 2091 2745 3608 2816">
    <p class='ocr_par' dir='ltr' id='par_1_54' title="bbox 2091 2745 3608 2816">
     <span class='ocr_line' id='line_1_54' title="bbox 2091 2745 3608 2816; baseline -0.008 -6"><span class='ocrx_word' id='word_1_345' title='bbox 2091 2754 2298 2810; x_wconf 81' lang='lat' dir='ltr'><strong>Hortor</strong></span> <span class='ocrx_word' id='word_1_346' title='bbox 2365 2759 2549 2807; x_wconf 83' lang='lat' dir='ltr'><strong>autem</strong></span> <span class='ocrx_word' id='word_1_347' title='bbox 2599 2764 2720 2816; x_wconf 82' lang='lat' dir='ltr'><strong>vos,</strong></span> <span class='ocrx_word' id='word_1_348' title='bbox 2779 2763 3024 2813; x_wconf 89' lang='lat' dir='ltr'><strong>sorores,</strong></span> <span class='ocrx_word' id='word_1_349' title='bbox 3076 2755 3138 2802; x_wconf 86' lang='lat' dir='ltr'><strong>ut</strong></span> <span class='ocrx_word' id='word_1_350' title='bbox 3203 2747 3334 2801; x_wconf 91' lang='lat' dir='ltr'><strong>dum</strong></span> <span class='ocrx_word' id='word_1_351' title='bbox 3357 2745 3608 2800; x_wconf 87' lang='lat' dir='ltr'><strong>divinum</strong></span> 
     </span>
    </p>
   </div>
   <div class='ocr_carea' id='block_1_55' title="bbox 338 2838 1922 2921">
    <p class='ocr_par' dir='ltr' id='par_1_55' title="bbox 338 2849 1920 2921">
     <span class='ocr_line' id='line_1_55' title="bbox 338 2849 1920 2921; baseline 0.001 -18"><span class='ocrx_word' id='word_1_352' title='bbox 338 2867 438 2919; x_wconf 84' lang='grc' dir='ltr'><strong>νης</strong></span> <span class='ocrx_word' id='word_1_353' title='bbox 487 2851 838 2920; x_wconf 80' lang='grc' dir='ltr'><strong>ἱερουργίας,</strong></span> <span class='ocrx_word' id='word_1_354' title='bbox 899 2852 1414 2921; x_wconf 79' lang='grc' dir='ltr'>προσεκτικωτέρας</span> <span class='ocrx_word' id='word_1_355' title='bbox 1459 2853 1659 2912; x_wconf 74' lang='grc' dir='ltr'>ἑαυτὰς</span> <span class='ocrx_word' id='word_1_356' title='bbox 1711 2849 1920 2904; x_wconf 79' lang='grc' dir='ltr'>ἑαυτῶν</span> 
     </span>
    </p>
   </div>
   <div class='ocr_carea' id='block_1_56' title="bbox 2027 2838 3607 2921">
    <p class='ocr_par' dir='ltr' id='par_1_56' title="bbox 2027 2838 3607 2908">
     <span class='ocr_line' id='line_1_56' title="bbox 2027 2838 3607 2908; baseline -0.008 -6"><span class='ocrx_word' id='word_1_357' title='bbox 2027 2847 2254 2902; x_wconf 73' lang='lat' dir='ltr'><strong>offertur</strong></span> <span class='ocrx_word' id='word_1_358' title='bbox 2278 2844 2632 2908; x_wconf 87' lang='lat' dir='ltr'><strong>sacriﬁcium,</strong></span> <span class='ocrx_word' id='word_1_359' title='bbox 2664 2841 2989 2896; x_wconf 86' lang='lat' dir='ltr'><strong>attentiores</strong></span> <span class='ocrx_word' id='word_1_360' title='bbox 3012 2841 3171 2894; x_wconf 86' lang='lat' dir='ltr'><strong>vobis</strong></span> <span class='ocrx_word' id='word_1_361' title='bbox 3199 2839 3332 2908; x_wconf 91' lang='lat' dir='ltr'><strong>ipsis</strong></span> <span class='ocrx_word' id='word_1_362' title='bbox 3347 2838 3487 2897; x_wconf 85' lang='lat' dir='ltr'><strong>sitis,</strong></span> <span class='ocrx_word' id='word_1_363' title='bbox 3517 2845 3607 2890; x_wconf 81' lang='lat' dir='ltr'><strong>ut-</strong></span> 
     </span>
    </p>
   </div>
   <div class='ocr_carea' id='block_1_57' title="bbox 337 2923 1922 3014">
    <p class='ocr_par' dir='ltr' id='par_1_57' title="bbox 337 2923 1916 3014">
     <span class='ocr_line' id='line_1_57' title="bbox 337 2923 1916 3014; baseline 0.001 -22"><span class='ocrx_word' id='word_1_364' title='bbox 337 2940 610 3008; x_wconf 73' lang='grc' dir='ltr'>γίνςσθαι,</span> <span class='ocrx_word' id='word_1_365' title='bbox 644 2943 738 2992; x_wconf 73' lang='grc' dir='ltr'><strong>καὶ</strong></span> <span class='ocrx_word' id='word_1_366' title='bbox 763 2941 930 3010; x_wconf 76' lang='grc' dir='ltr'>φόϐου</span> <span class='ocrx_word' id='word_1_367' title='bbox 958 2923 1051 2995; x_wconf 73' lang='grc' dir='ltr'>καὶ</span> <span class='ocrx_word' id='word_1_368' title='bbox 1077 2943 1281 3014; x_wconf 81' lang='grc' dir='ltr'>φρίκης</span> <span class='ocrx_word' id='word_1_369' title='bbox 1313 2945 1515 3012; x_wconf 78' lang='grc' dir='ltr'>μεστὰς</span> <span class='ocrx_word' id='word_1_370' title='bbox 1542 2943 1884 3013; x_wconf 82' lang='grc' dir='ltr'>παρεστάναι</span> <span class='ocrx_word' id='word_1_371' title='bbox 1902 2957 1916 2972; x_wconf 79' lang='grc'><strong><em>⁸</em></strong></span> 
     </span>
    </p>
   </div>
   <div class='ocr_carea' id='block_1_58' title="bbox 2027 2923 3610 3014">
    <p class='ocr_par' dir='ltr' id='par_1_58' title="bbox 2027 2929 3610 3010">
     <span class='ocr_line' id='line_1_58' title="bbox 2027 2929 3610 3010; baseline -0.006 -15"><span class='ocrx_word' id='word_1_372' title='bbox 2027 2955 2128 3010; x_wconf 81' lang='lat' dir='ltr'><strong>que</strong></span> <span class='ocrx_word' id='word_1_373' title='bbox 2168 2937 2383 2994; x_wconf 88' lang='lat' dir='ltr'><strong>timoris</strong></span> <span class='ocrx_word' id='word_1_374' title='bbox 2420 2951 2482 2991; x_wconf 88' lang='lat' dir='ltr'><strong>ac</strong></span> <span class='ocrx_word' id='word_1_375' title='bbox 2509 2935 2768 2990; x_wconf 81' lang='lat' dir='ltr'><strong>tremoris</strong></span> <span class='ocrx_word' id='word_1_376' title='bbox 2797 2933 2972 3002; x_wconf 72' lang='lat' dir='ltr'><strong>plenaa</strong></span> <span class='ocrx_word' id='word_1_377' title='bbox 3017 2931 3285 2986; x_wconf 88' lang='lat' dir='ltr'><strong>assistatis</strong></span> <span class='ocrx_word' id='word_1_378' title='bbox 3315 2929 3610 3000; x_wconf 83' lang='lat' dir='ltr'><strong>(diviniora</strong></span> 
     </span>
    </p>
   </div>
   <div class='ocr_carea' id='block_1_59' title="bbox 339 3020 1922 3105">
    <p class='ocr_par' dir='ltr' id='par_1_59' title="bbox 339 3031 1922 3105">
     <span class='ocr_line' id='line_1_59' title="bbox 339 3031 1922 3105; baseline 0.001 -21"><span class='ocrx_word' id='word_1_379' title='bbox 339 3031 589 3104; x_wconf 80' lang='grc' dir='ltr'>θειότερα</span> <span class='ocrx_word' id='word_1_380' title='bbox 633 3033 761 3102; x_wconf 83' lang='grc' dir='ltr'>γὰρ,</span> <span class='ocrx_word' id='word_1_381' title='bbox 815 3035 907 3086; x_wconf 71' lang='grc' dir='ltr'>καὶ</span> <span class='ocrx_word' id='word_1_382' title='bbox 945 3035 1377 3105; x_wconf 80' lang='grc' dir='ltr'>φρικωδέστερα,</span> <span class='ocrx_word' id='word_1_383' title='bbox 1428 3036 1520 3087; x_wconf 76' lang='grc' dir='ltr'><strong>καὶ</strong></span> <span class='ocrx_word' id='word_1_384' title='bbox 1571 3035 1922 3104; x_wconf 74' lang='grc' dir='ltr'>φοϐερώτερα</span> 
     </span>
    </p>
   </div>
   <div class='ocr_carea' id='block_1_60' title="bbox 2027 3020 3610 3105">
    <p class='ocr_par' dir='ltr' id='par_1_60' title="bbox 2027 3020 3610 3094">
     <span class='ocr_line' id='line_1_60' title="bbox 2027 3020 3610 3094; baseline -0.007 -9"><span class='ocrx_word' id='word_1_385' title='bbox 2027 3033 2192 3093; x_wconf 90' lang='lat' dir='ltr'><strong>enim,</strong></span> <span class='ocrx_word' id='word_1_386' title='bbox 2217 3026 2595 3089; x_wconf 90' lang='lat' dir='ltr'><strong>horribiliora,</strong></span> <span class='ocrx_word' id='word_1_387' title='bbox 2621 3033 2786 3094; x_wconf 86' lang='lat' dir='ltr'><strong>atque</strong></span> <span class='ocrx_word' id='word_1_388' title='bbox 2811 3021 3147 3077; x_wconf 80' lang='lat' dir='ltr'><strong>terribiliora</strong></span> <span class='ocrx_word' id='word_1_389' title='bbox 3173 3029 3440 3089; x_wconf 62' lang='lat' dir='ltr'><strong>suntquae</strong></span> <span class='ocrx_word' id='word_1_390' title='bbox 3463 3020 3610 3074; x_wconf 83' lang='lat' dir='ltr'><strong>cele-</strong></span> 
     </span>
    </p>
   </div>
   <div class='ocr_carea' id='block_1_61' title="bbox 337 3115 1922 3216">
    <p class='ocr_par' dir='ltr' id='par_1_61' title="bbox 337 3124 1918 3197">
     <span class='ocr_line' id='line_1_61' title="bbox 337 3124 1918 3197; baseline 0.001 -21"><span class='ocrx_word' id='word_1_391' title='bbox 337 3127 408 3178; x_wconf 75' lang='grc' dir='ltr'>τά</span> <span class='ocrx_word' id='word_1_392' title='bbox 455 3125 513 3178; x_wconf 75' lang='grc' dir='ltr'>ἐν</span> <span class='ocrx_word' id='word_1_393' title='bbox 542 3124 718 3197; x_wconf 80' lang='grc' dir='ltr'>ταύτῃ</span> <span class='ocrx_word' id='word_1_394' title='bbox 761 3125 1084 3194; x_wconf 84' lang='grc' dir='ltr'>τελούμενα,</span> <span class='ocrx_word' id='word_1_395' title='bbox 1131 3129 1197 3197; x_wconf 81' lang='grc' dir='ltr'>τῇ</span> <span class='ocrx_word' id='word_1_396' title='bbox 1237 3127 1415 3180; x_wconf 84' lang='grc' dir='ltr'>πάντα</span> <span class='ocrx_word' id='word_1_397' title='bbox 1459 3126 1619 3194; x_wconf 77' lang='grc' dir='ltr'>λόγον</span> <span class='ocrx_word' id='word_1_398' title='bbox 1667 3126 1762 3178; x_wconf 70' lang='grc' dir='ltr'><strong>καὶ</strong></span> <span class='ocrx_word' id='word_1_399' title='bbox 1791 3126 1918 3179; x_wconf 89' lang='grc' dir='ltr'>νοῦν</span> 
     </span>
    </p>
   </div>
   <div class='ocr_carea' id='block_1_62' title="bbox 2027 3115 3610 3216">
    <p class='ocr_par' dir='ltr' id='par_1_62' title="bbox 2027 3115 3610 3189">
     <span class='ocr_line' id='line_1_62' title="bbox 2027 3115 3610 3189; baseline -0.007 -12"><span class='ocrx_word' id='word_1_400' title='bbox 2027 3123 2276 3189; x_wconf 89' lang='lat' dir='ltr'><strong>brantur)</strong></span> <span class='ocrx_word' id='word_1_401' title='bbox 2337 3135 2558 3174; x_wconf 88' lang='lat' dir='ltr'><strong>omnem</strong></span> <span class='ocrx_word' id='word_1_402' title='bbox 2598 3131 2908 3172; x_wconf 89' lang='lat' dir='ltr'><strong>sermonem</strong></span> <span class='ocrx_word' id='word_1_403' title='bbox 2944 3124 3000 3169; x_wconf 93' lang='lat' dir='ltr'><strong>ct</strong></span> <span class='ocrx_word' id='word_1_404' title='bbox 3047 3115 3389 3169; x_wconf 91' lang='lat' dir='ltr'><strong>intellectum</strong></span> <span class='ocrx_word' id='word_1_405' title='bbox 3442 3128 3610 3181; x_wconf 85' lang='lat' dir='ltr'><strong>supe-</strong></span> 
     </span>
    </p>
   </div>
   <div class='ocr_carea' id='block_1_63' title="bbox 341 3215 1916 3289">
    <p class='ocr_par' dir='ltr' id='par_1_63' title="bbox 341 3215 1916 3289">
     <span class='ocr_line' id='line_1_63' title="bbox 341 3215 1916 3289; baseline 0 -20"><span class='ocrx_word' id='word_1_406' title='bbox 341 3215 748 3289; x_wconf 77' lang='grc' dir='ltr'>ύπερϐαινούσῃ</span> <span class='ocrx_word' id='word_1_407' title='bbox 793 3217 1194 3286; x_wconf 83' lang='grc' dir='ltr'>πανυπερτίμῳ</span> <span class='ocrx_word' id='word_1_408' title='bbox 1233 3218 1579 3286; x_wconf 72' lang='grc' dir='ltr'>ἱερουργήσει</span> <span class='ocrx_word' id='word_1_409' title='bbox 1613 3216 1706 3269; x_wconf 89' lang='grc' dir='ltr'><strong>τοῦ</strong></span> <span class='ocrx_word' id='word_1_410' title='bbox 1738 3233 1916 3270; x_wconf 89' lang='grc' dir='ltr'>πανα-</span> 
     </span>
    </p>
   </div>
   <div class='ocr_carea' id='block_1_64' title="bbox 341 3303 1914 3375">
    <p class='ocr_par' dir='ltr' id='par_1_64' title="bbox 341 3303 1914 3375">
     <span class='ocr_line' id='line_1_64' title="bbox 341 3303 1914 3375; baseline 0.001 -19"><span class='ocrx_word' id='word_1_411' title='bbox 341 3303 576 3372; x_wconf 78' lang='grc' dir='ltr'>χράντου</span> <span class='ocrx_word' id='word_1_412' title='bbox 606 3304 855 3373; x_wconf 83' lang='grc' dir='ltr'>σώματος</span> <span class='ocrx_word' id='word_1_413' title='bbox 884 3305 982 3358; x_wconf 72' lang='grc' dir='ltr'>καὶ</span> <span class='ocrx_word' id='word_1_414' title='bbox 1010 3305 1245 3374; x_wconf 78' lang='grc' dir='ltr'>αἵματος</span> <span class='ocrx_word' id='word_1_415' title='bbox 1269 3305 1507 3374; x_wconf 79' lang='grc' dir='ltr'>Χριστοῦ</span> <span class='ocrx_word' id='word_1_416' title='bbox 1539 3305 1631 3358; x_wconf 88' lang='grc' dir='ltr'><strong>τοῦ</strong></span> <span class='ocrx_word' id='word_1_417' title='bbox 1657 3304 1914 3375; x_wconf 80' lang='grc' dir='ltr'>ἀληθινοῦ</span> 
     </span>
    </p>
   </div>
   <div class='ocr_carea' id='block_1_65' title="bbox 344 3389 1916 3468">
    <p class='ocr_par' dir='ltr' id='par_1_65' title="bbox 344 3389 1916 3468">
     <span class='ocr_line' id='line_1_65' title="bbox 344 3389 1916 3468; baseline 0.002 -24"><span class='ocrx_word' id='word_1_418' title='bbox 344 3392 479 3445; x_wconf 81' lang='grc' dir='ltr'>Θεοῦ</span> <span class='ocrx_word' id='word_1_419' title='bbox 517 3393 714 3464; x_wconf 76' lang='grc' dir='ltr'>ἡμῶνο.</span> <span class='ocrx_word' id='word_1_420' title='bbox 760 3389 879 3468; x_wconf 83' lang='grc' dir='ltr'><strong>ὲνῇ</strong></span> <span class='ocrx_word' id='word_1_421' title='bbox 917 3395 1152 3463; x_wconf 75' lang='grc' dir='ltr'>μάλιστα</span> <span class='ocrx_word' id='word_1_422' title='bbox 1199 3396 1555 3463; x_wconf 83' lang='grc' dir='ltr'>προσεκτέον,</span> <span class='ocrx_word' id='word_1_423' title='bbox 1602 3397 1694 3448; x_wconf 76' lang='grc' dir='ltr'>καὶ</span> <span class='ocrx_word' id='word_1_424' title='bbox 1738 3396 1916 3449; x_wconf 79' lang='grc' dir='ltr'>πάντα</span> 
     </span>
    </p>
   </div>
   <div class='ocr_carea' id='block_1_66' title="bbox 345 3481 1921 3554">
    <p class='ocr_par' dir='ltr' id='par_1_66' title="bbox 345 3481 1921 3554">
     <span class='ocr_line' id='line_1_66' title="bbox 345 3481 1921 3554; baseline 0.004 -22"><span class='ocrx_word' id='word_1_425' title='bbox 345 3481 606 3552; x_wconf 75' lang='grc' dir='ltr'>λογισμὸν</span> <span class='ocrx_word' id='word_1_426' title='bbox 638 3484 886 3554; x_wconf 77' lang='grc' dir='ltr'>ῥυπαρὸν</span> <span class='ocrx_word' id='word_1_427' title='bbox 913 3484 1298 3547; x_wconf 77' lang='grc' dir='ltr'>ἀποδιωκτεον,</span> <span class='ocrx_word' id='word_1_428' title='bbox 1331 3487 1422 3537; x_wconf 74' lang='grc' dir='ltr'><strong>καὶ</strong></span> <span class='ocrx_word' id='word_1_429' title='bbox 1457 3484 1618 3554; x_wconf 81' lang='grc' dir='ltr'>μόνον</span> <span class='ocrx_word' id='word_1_430' title='bbox 1643 3484 1921 3553; x_wconf 81' lang='grc' dir='ltr'>λογιστέον</span> 
     </span>
    </p>
   </div>
   <div class='ocr_carea' id='block_1_67' title="bbox 346 3573 1917 3647">
    <p class='ocr_par' dir='ltr' id='par_1_67' title="bbox 346 3573 1917 3647">
     <span class='ocr_line' id='line_1_67' title="bbox 346 3573 1917 3647; baseline 0.001 -21"><span class='ocrx_word' id='word_1_431' title='bbox 346 3573 407 3626; x_wconf 83' lang='grc' dir='ltr'>τὺ</span> <span class='ocrx_word' id='word_1_432' title='bbox 435 3575 756 3645; x_wconf 86' lang='grc' dir='ltr'>τελούμενον</span> <span class='ocrx_word' id='word_1_433' title='bbox 791 3577 954 3642; x_wconf 84' lang='grc' dir='ltr'>θεῖον,</span> <span class='ocrx_word' id='word_1_434' title='bbox 989 3577 1130 3647; x_wconf 81' lang='grc' dir='ltr'>ὑπὲρ</span> <span class='ocrx_word' id='word_1_435' title='bbox 1174 3576 1481 3646; x_wconf 80' lang='grc' dir='ltr'>κατάληψιν</span> <span class='ocrx_word' id='word_1_436' title='bbox 1514 3576 1659 3646; x_wconf 86' lang='grc' dir='ltr'>μέγα</span> <span class='ocrx_word' id='word_1_437' title='bbox 1689 3577 1782 3630; x_wconf 70' lang='grc' dir='ltr'>καὶ</span> <span class='ocrx_word' id='word_1_438' title='bbox 1818 3593 1917 3644; x_wconf 73' lang='grc' dir='ltr'><strong>φο-</strong></span> 
     </span>
    </p>
   </div>
   <div class='ocr_carea' id='block_1_68' title="bbox 348 3664 1924 3738">
    <p class='ocr_par' dir='ltr' id='par_1_68' title="bbox 348 3664 1924 3738">
     <span class='ocr_line' id='line_1_68' title="bbox 348 3664 1924 3738; baseline 0.003 -22"><span class='ocrx_word' id='word_1_439' title='bbox 348 3664 512 3734; x_wconf 67' lang='grc' dir='ltr'>ϐερὸν</span> <span class='ocrx_word' id='word_1_440' title='bbox 565 3670 882 3738; x_wconf 82' lang='grc' dir='ltr'>μυστήριον.</span> <span class='ocrx_word' id='word_1_441' title='bbox 917 3668 1074 3722; x_wconf 77' lang='grc' dir='ltr'>Οὕτω</span> <span class='ocrx_word' id='word_1_442' title='bbox 1117 3686 1177 3721; x_wconf 87' lang='grc' dir='ltr'><strong>τε</strong></span> <span class='ocrx_word' id='word_1_443' title='bbox 1223 3669 1332 3721; x_wconf 85' lang='grc' dir='ltr'><strong>τῶν</strong></span> <span class='ocrx_word' id='word_1_444' title='bbox 1386 3668 1546 3720; x_wconf 86' lang='grc' dir='ltr'>θείων</span> <span class='ocrx_word' id='word_1_445' title='bbox 1593 3669 1704 3738; x_wconf 78' lang='grc'><strong>(57)</strong></span> <span class='ocrx_word' id='word_1_446' title='bbox 1757 3669 1924 3732; x_wconf 86' lang='grc' dir='ltr'>ἁγια-</span> 
     </span>
    </p>
   </div>
   <div class='ocr_carea' id='block_1_69' title="bbox 350 3759 1919 3834">
    <p class='ocr_par' dir='ltr' id='par_1_69' title="bbox 350 3759 1919 3834">
     <span class='ocr_line' id='line_1_69' title="bbox 350 3759 1919 3834; baseline 0.004 -23"><span class='ocrx_word' id='word_1_447' title='bbox 350 3759 570 3828; x_wconf 83' lang='grc' dir='ltr'>σμάτων</span> <span class='ocrx_word' id='word_1_448' title='bbox 604 3762 976 3831; x_wconf 82' lang='grc' dir='ltr'>μεταληπτέον</span> <span class='ocrx_word' id='word_1_449' title='bbox 995 3762 1114 3828; x_wconf 84' lang='grc' dir='ltr'>τὰς,</span> <span class='ocrx_word' id='word_1_450' title='bbox 1145 3763 1298 3825; x_wconf 79' lang='grc' dir='ltr'>ὅσαις</span> <span class='ocrx_word' id='word_1_451' title='bbox 1324 3761 1429 3832; x_wconf 83' lang='grc' dir='ltr'><strong>ἄρα</strong></span> <span class='ocrx_word' id='word_1_452' title='bbox 1454 3762 1548 3815; x_wconf 79' lang='grc' dir='ltr'><strong>καὶ</strong></span> <span class='ocrx_word' id='word_1_453' title='bbox 1572 3763 1919 3834; x_wconf 81' lang='grc' dir='ltr'>μεταλαμϐά-</span> 
     </span>
    </p>
   </div>
   <div class='ocr_carea' id='block_1_70' title="bbox 351 3854 935 3923">
    <p class='ocr_par' dir='ltr' id='par_1_70' title="bbox 351 3854 935 3923">
     <span class='ocr_line' id='line_1_70' title="bbox 351 3854 935 3923; baseline 0.005 -20"><span class='ocrx_word' id='word_1_454' title='bbox 351 3868 464 3904; x_wconf 90' lang='grc' dir='ltr'>νειν</span> <span class='ocrx_word' id='word_1_455' title='bbox 496 3854 935 3923; x_wconf 73' lang='grc' dir='ltr'>συγκεχώρηται.</span> 
     </span>
    </p>
   </div>
   <div class='ocr_carea' id='block_1_71' title="bbox 433 3943 1924 4018">
    <p class='ocr_par' dir='ltr' id='par_1_71' title="bbox 433 3943 1924 4018">
     <span class='ocr_line' id='line_1_71' title="bbox 433 3943 1924 4018; baseline 0.003 -23"><span class='ocrx_word' id='word_1_456' title='bbox 433 3943 654 4012; x_wconf 84' lang='grc' dir='ltr'>Ἐπειδὴ</span> <span class='ocrx_word' id='word_1_457' title='bbox 682 3943 776 3999; x_wconf 82' lang='grc' dir='ltr'><strong>οῦν</strong></span> <span class='ocrx_word' id='word_1_458' title='bbox 809 3947 841 4014; x_wconf 86' lang='grc' dir='ltr'><strong>ἡ</strong></span> <span class='ocrx_word' id='word_1_459' title='bbox 872 3946 980 3998; x_wconf 84' lang='grc' dir='ltr'>τῶν</span> <span class='ocrx_word' id='word_1_460' title='bbox 1003 3947 1363 4016; x_wconf 81' lang='grc' dir='ltr'>ἁγιασμάτων</span> <span class='ocrx_word' id='word_1_461' title='bbox 1393 3946 1714 4018; x_wconf 75' lang='grc' dir='ltr'>μετάληψις,</span> <span class='ocrx_word' id='word_1_462' title='bbox 1742 3947 1924 4018; x_wconf 75' lang='grc' dir='ltr'>ψυχῆς</span> 
     </span>
    </p>
   </div>
   <div class='ocr_carea' id='block_1_72' title="bbox 350 4033 1926 4108">
    <p class='ocr_par' dir='ltr' id='par_1_72' title="bbox 350 4033 1926 4108">
     <span class='ocr_line' id='line_1_72' title="bbox 350 4033 1926 4108; baseline 0.003 -22"><span class='ocrx_word' id='word_1_463' title='bbox 350 4033 466 4086; x_wconf 70' lang='grc' dir='ltr'>ἐστι</span> <span class='ocrx_word' id='word_1_464' title='bbox 492 4036 773 4104; x_wconf 71' lang='grc' dir='ltr'>φωτισμὸς</span> <span class='ocrx_word' id='word_1_465' title='bbox 802 4039 916 4100; x_wconf 85' lang='grc' dir='ltr'>τοῖς</span> <span class='ocrx_word' id='word_1_466' title='bbox 954 4039 1122 4106; x_wconf 75' lang='grc' dir='ltr'>ἐγγὺς</span> <span class='ocrx_word' id='word_1_467' title='bbox 1165 4038 1263 4108; x_wconf 84' lang='grc' dir='ltr'>τῆς</span> <span class='ocrx_word' id='word_1_468' title='bbox 1289 4039 1446 4105; x_wconf 79' lang='grc' dir='ltr'>ἀξίας</span> <span class='ocrx_word' id='word_1_469' title='bbox 1469 4055 1482 4068; x_wconf 75' lang='grc' dir='ltr'><strong>ο</strong></span> <span class='ocrx_word' id='word_1_470' title='bbox 1519 4039 1548 4090; x_wconf 87' lang='grc' dir='ltr'>ὁ</span> <span class='ocrx_word' id='word_1_471' title='bbox 1591 4038 1649 4091; x_wconf 76' lang='grc' dir='ltr'>δὲ</span> <span class='ocrx_word' id='word_1_472' title='bbox 1689 4039 1926 4102; x_wconf 83' lang='grc' dir='ltr'>ἀναξίως</span> 
     </span>
    </p>
   </div>
   <div class='ocr_carea' id='block_1_73' title="bbox 358 4126 1926 4200">
    <p class='ocr_par' dir='ltr' id='par_1_73' title="bbox 358 4126 1926 4200">
     <span class='ocr_line' id='line_1_73' title="bbox 358 4126 1926 4200; baseline 0.003 -24"><span class='ocrx_word' id='word_1_473' title='bbox 358 4126 816 4196; x_wconf 78' lang='grc' dir='ltr'>μεταλαμϐάνων,</span> <span class='ocrx_word' id='word_1_474' title='bbox 867 4133 1042 4200; x_wconf 82' lang='grc' dir='ltr'>κρῖμα</span> <span class='ocrx_word' id='word_1_475' title='bbox 1079 4131 1259 4200; x_wconf 79' lang='grc' dir='ltr'>ἐαυτῷ</span> <span class='ocrx_word' id='word_1_476' title='bbox 1293 4131 1462 4182; x_wconf 78' lang='grc' dir='ltr'>ἐσθίει</span> <span class='ocrx_word' id='word_1_477' title='bbox 1493 4130 1587 4183; x_wconf 79' lang='grc' dir='ltr'>καὶ</span> <span class='ocrx_word' id='word_1_478' title='bbox 1624 4130 1788 4192; x_wconf 85' lang='grc' dir='ltr'>πίνει,</span> <span class='ocrx_word' id='word_1_479' title='bbox 1826 4147 1926 4181; x_wconf 85' lang='grc' dir='ltr'>κα-</span> 
     </span>
    </p>
   </div>
   <div class='ocr_carea' id='block_1_74' title="bbox 353 4215 1928 4293">
    <p class='ocr_par' dir='ltr' id='par_1_74' title="bbox 353 4215 1928 4293">
     <span class='ocr_line' id='line_1_74' title="bbox 353 4215 1928 4293; baseline 0.004 -27"><span class='ocrx_word' id='word_1_480' title='bbox 353 4215 462 4280; x_wconf 82' lang='grc' dir='ltr'>θώς</span> <span class='ocrx_word' id='word_1_481' title='bbox 496 4236 660 4290; x_wconf 78' lang='grc' dir='ltr'>φησιν</span> <span class='ocrx_word' id='word_1_482' title='bbox 708 4224 736 4274; x_wconf 86' lang='grc' dir='ltr'>ὁ</span> <span class='ocrx_word' id='word_1_483' title='bbox 788 4221 930 4285; x_wconf 85' lang='grc' dir='ltr'>θεῖος</span> <span class='ocrx_word' id='word_1_484' title='bbox 979 4222 1336 4287; x_wconf 75' lang='grc' dir='ltr'>Ἀπόστολος,</span> <span class='ocrx_word' id='word_1_485' title='bbox 1393 4223 1778 4293; x_wconf 80' lang='grc' dir='ltr'>συνεχέστερον</span> <span class='ocrx_word' id='word_1_486' title='bbox 1830 4221 1928 4291; x_wconf 80' lang='grc' dir='ltr'><strong>μὲν</strong></span> 
     </span>
    </p>
   </div>
   <div class='ocr_carea' id='block_1_75' title="bbox 356 4308 1928 4384">
    <p class='ocr_par' dir='ltr' id='par_1_75' title="bbox 356 4308 1928 4384">
     <span class='ocr_line' id='line_1_75' title="bbox 356 4308 1928 4384; baseline 0.003 -24"><span class='ocrx_word' id='word_1_487' title='bbox 356 4308 662 4378; x_wconf 85' lang='grc' dir='ltr'>βουλόμεθα</span> <span class='ocrx_word' id='word_1_488' title='bbox 709 4313 915 4366; x_wconf 88' lang='grc' dir='ltr'>τούτων</span> <span class='ocrx_word' id='word_1_489' title='bbox 957 4313 1399 4383; x_wconf 78' lang='grc' dir='ltr'>μεταλαμϐάνειν</span> <span class='ocrx_word' id='word_1_490' title='bbox 1443 4313 1608 4383; x_wconf 82' lang='grc' dir='ltr'>ὑμᾶς,</span> <span class='ocrx_word' id='word_1_491' title='bbox 1638 4315 1788 4384; x_wconf 81' lang='grc' dir='ltr'>ὅμως</span> <span class='ocrx_word' id='word_1_492' title='bbox 1828 4313 1928 4383; x_wconf 82' lang='grc' dir='ltr'>τὴν</span> 
     </span>
    </p>
   </div>
   <div class='ocr_carea' id='block_1_76' title="bbox 354 4402 1929 4476">
    <p class='ocr_par' dir='ltr' id='par_1_76' title="bbox 354 4402 1929 4476">
     <span class='ocr_line' id='line_1_76' title="bbox 354 4402 1929 4476; baseline 0.001 -21"><span class='ocrx_word' id='word_1_493' title='bbox 354 4403 453 4456; x_wconf 77' lang='grc' dir='ltr'><strong>ἐπὶ</strong></span> <span class='ocrx_word' id='word_1_494' title='bbox 482 4405 548 4473; x_wconf 85' lang='grc' dir='ltr'>τῇ</span> <span class='ocrx_word' id='word_1_495' title='bbox 599 4402 716 4473; x_wconf 79' lang='grc' dir='ltr'>θεία</span> <span class='ocrx_word' id='word_1_496' title='bbox 777 4404 1080 4476; x_wconf 80' lang='grc' dir='ltr'>μεταλήψει</span> <span class='ocrx_word' id='word_1_497' title='bbox 1127 4405 1398 4475; x_wconf 81' lang='grc' dir='ltr'>διάκρισιν</span> <span class='ocrx_word' id='word_1_498' title='bbox 1446 4406 1522 4474; x_wconf 82' lang='grc' dir='ltr'><strong>τῷ</strong></span> <span class='ocrx_word' id='word_1_499' title='bbox 1574 4404 1929 4475; x_wconf 81' lang='grc' dir='ltr'>πνευματικῷ</span> 
     </span>
    </p>
   </div>
   <div class='ocr_carea' id='block_1_77' title="bbox 2019 3204 3610 3281">
    <p class='ocr_par' dir='ltr' id='par_1_77' title="bbox 2019 3204 3610 3281">
     <span class='ocr_line' id='line_1_77' title="bbox 2019 3204 3610 3281; baseline -0.01 -10"><span class='ocrx_word' id='word_1_500' title='bbox 2019 3215 2187 3278; x_wconf 91' lang='lat' dir='ltr'><strong>ranti,</strong></span> <span class='ocrx_word' id='word_1_501' title='bbox 2223 3229 2286 3268; x_wconf 89' lang='lat' dir='ltr'><strong>ac</strong></span> <span class='ocrx_word' id='word_1_502' title='bbox 2314 3227 2481 3281; x_wconf 85' lang='lat' dir='ltr'><strong>super</strong></span> <span class='ocrx_word' id='word_1_503' title='bbox 2512 3209 2695 3264; x_wconf 88' lang='lat' dir='ltr'><strong>omnia</strong></span> <span class='ocrx_word' id='word_1_504' title='bbox 2729 3205 3053 3260; x_wconf 86' lang='lat' dir='ltr'><strong>honorando</strong></span> <span class='ocrx_word' id='word_1_505' title='bbox 3102 3205 3378 3258; x_wconf 90' lang='lat' dir='ltr'><strong>sacriﬁcio</strong></span> <span class='ocrx_word' id='word_1_506' title='bbox 3413 3204 3610 3256; x_wconf 58' lang='lat' dir='ltr'><strong>immac</strong></span> 
     </span>
    </p>
   </div>
   <div class='ocr_carea' id='block_1_78' title="bbox 2023 3296 3604 3372">
    <p class='ocr_par' dir='ltr' id='par_1_78' title="bbox 2023 3296 3604 3372">
     <span class='ocr_line' id='line_1_78' title="bbox 2023 3296 3604 3372; baseline -0.011 -9"><span class='ocrx_word' id='word_1_507' title='bbox 2023 3306 2188 3363; x_wconf 84' lang='lat' dir='ltr'><strong>culati</strong></span> <span class='ocrx_word' id='word_1_508' title='bbox 2211 3302 2461 3372; x_wconf 89' lang='lat' dir='ltr'><strong>corporis</strong></span> <span class='ocrx_word' id='word_1_509' title='bbox 2495 3309 2551 3355; x_wconf 85' lang='lat' dir='ltr'><strong>et</strong></span> <span class='ocrx_word' id='word_1_510' title='bbox 2579 3297 2862 3367; x_wconf 82' lang='lat' dir='ltr'><strong>sanguinis</strong></span> <span class='ocrx_word' id='word_1_511' title='bbox 2885 3296 3089 3350; x_wconf 79' lang='lat' dir='ltr'><strong>Christi</strong></span> <span class='ocrx_word' id='word_1_512' title='bbox 3125 3297 3238 3350; x_wconf 91' lang='lat' dir='ltr'><strong>veri</strong></span> <span class='ocrx_word' id='word_1_513' title='bbox 3265 3297 3357 3350; x_wconf 90' lang='lat' dir='ltr'><strong>Dei</strong></span> <span class='ocrx_word' id='word_1_514' title='bbox 3383 3297 3558 3350; x_wconf 88' lang='lat' dir='ltr'><strong>nostri</strong></span> <span class='ocrx_word' id='word_1_515' title='bbox 3591 3313 3604 3346; x_wconf 90' lang='lat'><strong>:</strong></span> 
     </span>
    </p>
   </div>
   <div class='ocr_carea' id='block_1_79' title="bbox 2022 3386 3606 3468">
    <p class='ocr_par' dir='ltr' id='par_1_79' title="bbox 2022 3386 3606 3468">
     <span class='ocr_line' id='line_1_79' title="bbox 2022 3386 3606 3468; baseline -0.009 -14"><span class='ocrx_word' id='word_1_516' title='bbox 2022 3400 2080 3455; x_wconf 87' lang='lat' dir='ltr'><strong>in</strong></span> <span class='ocrx_word' id='word_1_517' title='bbox 2114 3413 2225 3468; x_wconf 88' lang='lat' dir='ltr'><strong>quo</strong></span> <span class='ocrx_word' id='word_1_518' title='bbox 2255 3396 2492 3449; x_wconf 77' lang='lat' dir='ltr'><strong>maxime</strong></span> <span class='ocrx_word' id='word_1_519' title='bbox 2527 3389 2924 3445; x_wconf 87' lang='lat' dir='ltr'><strong>attendendum</strong></span> <span class='ocrx_word' id='word_1_520' title='bbox 2950 3396 3057 3451; x_wconf 90' lang='lat' dir='ltr'><strong>est,</strong></span> <span class='ocrx_word' id='word_1_521' title='bbox 3087 3395 3142 3441; x_wconf 88' lang='lat' dir='ltr'><strong>et</strong></span> <span class='ocrx_word' id='word_1_522' title='bbox 3174 3386 3354 3440; x_wconf 90' lang='lat' dir='ltr'><strong>omnis</strong></span> <span class='ocrx_word' id='word_1_523' title='bbox 3383 3387 3606 3440; x_wconf 87' lang='lat' dir='ltr'><strong>sordida</strong></span> 
     </span>
    </p>
   </div>
   <div class='ocr_carea' id='block_1_80' title="bbox 2025 3478 3604 3560">
    <p class='ocr_par' dir='ltr' id='par_1_80' title="bbox 2025 3478 3604 3560">
     <span class='ocr_line' id='line_1_80' title="bbox 2025 3478 3604 3560; baseline -0.009 -15"><span class='ocrx_word' id='word_1_524' title='bbox 2025 3488 2284 3560; x_wconf 80' lang='lat' dir='ltr'><strong>cogitatio</strong></span> <span class='ocrx_word' id='word_1_525' title='bbox 2305 3483 2576 3556; x_wconf 78' lang='lat' dir='ltr'><strong>fuganda:</strong></span> <span class='ocrx_word' id='word_1_526' title='bbox 2606 3481 2897 3549; x_wconf 87' lang='lat' dir='ltr'><strong>solumque</strong></span> <span class='ocrx_word' id='word_1_527' title='bbox 2933 3479 3118 3533; x_wconf 87' lang='lat' dir='ltr'><strong>animo</strong></span> <span class='ocrx_word' id='word_1_528' title='bbox 3141 3478 3472 3538; x_wconf 87' lang='lat' dir='ltr'><strong>volvendum</strong></span> <span class='ocrx_word' id='word_1_529' title='bbox 3500 3487 3604 3544; x_wconf 86' lang='lat' dir='ltr'><strong>est,</strong></span> 
     </span>
    </p>
   </div>
   <div class='ocr_carea' id='block_1_81' title="bbox 2025 3570 3605 3643">
    <p class='ocr_par' dir='ltr' id='par_1_81' title="bbox 2025 3570 3605 3643">
     <span class='ocr_line' id='line_1_81' title="bbox 2025 3570 3605 3643; baseline -0.009 -6"><span class='ocrx_word' id='word_1_530' title='bbox 2025 3583 2296 3643; x_wconf 88' lang='lat' dir='ltr'><strong>divinum,</strong></span> <span class='ocrx_word' id='word_1_531' title='bbox 2328 3586 2384 3632; x_wconf 90' lang='lat' dir='ltr'><strong>et</strong></span> <span class='ocrx_word' id='word_1_532' title='bbox 2419 3590 2581 3643; x_wconf 86' lang='lat' dir='ltr'><strong>supra</strong></span> <span class='ocrx_word' id='word_1_533' title='bbox 2639 3587 2860 3626; x_wconf 91' lang='lat' dir='ltr'><strong>omnem</strong></span> <span class='ocrx_word' id='word_1_534' title='bbox 2897 3570 3451 3640; x_wconf 87' lang='lat' dir='ltr'><strong>comprehensionem</strong></span> <span class='ocrx_word' id='word_1_535' title='bbox 3489 3585 3605 3623; x_wconf 80' lang='lat' dir='ltr'><strong>ma-</strong></span> 
     </span>
    </p>
   </div>
   <div class='ocr_carea' id='block_1_82' title="bbox 2024 3661 3608 3746">
    <p class='ocr_par' dir='ltr' id='par_1_82' title="bbox 2024 3661 3608 3746">
     <span class='ocr_line' id='line_1_82' title="bbox 2024 3661 3608 3746; baseline -0.01 -16"><span class='ocrx_word' id='word_1_536' title='bbox 2024 3689 2190 3746; x_wconf 79' lang='lat' dir='ltr'><strong>gnum</strong></span> <span class='ocrx_word' id='word_1_537' title='bbox 2225 3682 2280 3726; x_wconf 90' lang='lat' dir='ltr'><strong>et</strong></span> <span class='ocrx_word' id='word_1_538' title='bbox 2311 3669 2553 3724; x_wconf 89' lang='lat' dir='ltr'><strong>terribile</strong></span> <span class='ocrx_word' id='word_1_539' title='bbox 2587 3666 2907 3737; x_wconf 83' lang='lat' dir='ltr'><strong>mysterium</strong></span> <span class='ocrx_word' id='word_1_540' title='bbox 2937 3663 3083 3734; x_wconf 88' lang='lat' dir='ltr'><strong>quod</strong></span> <span class='ocrx_word' id='word_1_541' title='bbox 3119 3663 3452 3717; x_wconf 83' lang='lat' dir='ltr'><strong>celebratur.</strong></span> <span class='ocrx_word' id='word_1_542' title='bbox 3485 3661 3608 3715; x_wconf 83' lang='lat' dir='ltr'><strong>Sic-</strong></span> 
     </span>
    </p>
   </div>
   <div class='ocr_carea' id='block_1_83' title="bbox 2025 3752 3606 3836">
    <p class='ocr_par' dir='ltr' id='par_1_83' title="bbox 2025 3752 3606 3836">
     <span class='ocr_line' id='line_1_83' title="bbox 2025 3752 3606 3836; baseline -0.01 -15"><span class='ocrx_word' id='word_1_543' title='bbox 2025 3781 2134 3836; x_wconf 88' lang='lat' dir='ltr'><strong>que</strong></span> <span class='ocrx_word' id='word_1_544' title='bbox 2164 3762 2368 3818; x_wconf 90' lang='lat' dir='ltr'><strong>divinis</strong></span> <span class='ocrx_word' id='word_1_545' title='bbox 2402 3756 2933 3816; x_wconf 87' lang='lat' dir='ltr'><strong>sanctiﬁcationibus</strong></span> <span class='ocrx_word' id='word_1_546' title='bbox 2956 3752 3478 3809; x_wconf 89' lang='lat' dir='ltr'><strong>communicandum</strong></span> <span class='ocrx_word' id='word_1_547' title='bbox 3500 3761 3606 3817; x_wconf 87' lang='lat' dir='ltr'><strong>cst,</strong></span> 
     </span>
    </p>
   </div>
   <div class='ocr_carea' id='block_1_84' title="bbox 2027 3849 3466 3928">
    <p class='ocr_par' dir='ltr' id='par_1_84' title="bbox 2027 3849 3466 3928">
     <span class='ocr_line' id='line_1_84' title="bbox 2027 3849 3466 3928; baseline -0.011 -16"><span class='ocrx_word' id='word_1_548' title='bbox 2027 3857 2450 3928; x_wconf 83' lang='lat' dir='ltr'><strong>quibuscunque</strong></span> <span class='ocrx_word' id='word_1_549' title='bbox 2474 3853 2540 3907; x_wconf 84' lang='lat' dir='ltr'><strong>iis</strong></span> <span class='ocrx_word' id='word_1_550' title='bbox 2581 3849 2991 3906; x_wconf 89' lang='lat' dir='ltr'><strong>communicare</strong></span> <span class='ocrx_word' id='word_1_551' title='bbox 3013 3860 3334 3901; x_wconf 85' lang='lat' dir='ltr'><strong>concessum</strong></span> <span class='ocrx_word' id='word_1_552' title='bbox 3363 3853 3466 3898; x_wconf 89' lang='lat' dir='ltr'><strong>est.</strong></span> 
     </span>
    </p>
   </div>
   <div class='ocr_carea' id='block_1_85' title="bbox 2097 3934 3610 4016">
    <p class='ocr_par' dir='ltr' id='par_1_85' title="bbox 2097 3934 3610 4016">
     <span class='ocr_line' id='line_1_85' title="bbox 2097 3934 3610 4016; baseline -0.011 -14"><span class='ocrx_word' id='word_1_553' title='bbox 2097 3945 2551 4016; x_wconf 85' lang='lat' dir='ltr'><strong>Quandoquidem</strong></span> <span class='ocrx_word' id='word_1_554' title='bbox 2580 3943 2746 4014; x_wconf 79' lang='lat' dir='ltr'><strong>igitur</strong></span> <span class='ocrx_word' id='word_1_555' title='bbox 2768 3937 3267 3996; x_wconf 88' lang='lat' dir='ltr'><strong>sanctiﬁcationum</strong></span> <span class='ocrx_word' id='word_1_556' title='bbox 3302 3934 3610 3988; x_wconf 85' lang='lat' dir='ltr'><strong>communi-</strong></span> 
     </span>
    </p>
   </div>
   <div class='ocr_carea' id='block_1_86' title="bbox 2029 4024 3607 4098">
    <p class='ocr_par' dir='ltr' id='par_1_86' title="bbox 2029 4024 3607 4098">
     <span class='ocr_line' id='line_1_86' title="bbox 2029 4024 3607 4098; baseline -0.011 -4"><span class='ocrx_word' id='word_1_557' title='bbox 2029 4041 2173 4095; x_wconf 84' lang='lat' dir='ltr'><strong>catio</strong></span> <span class='ocrx_word' id='word_1_558' title='bbox 2211 4038 2407 4092; x_wconf 64' lang='lat' dir='ltr'><strong>animae</strong></span> <span class='ocrx_word' id='word_1_559' title='bbox 2448 4031 2778 4089; x_wconf 88' lang='lat' dir='ltr'><strong>illuminatio</strong></span> <span class='ocrx_word' id='word_1_560' title='bbox 2804 4039 2908 4092; x_wconf 91' lang='lat' dir='ltr'><strong>est,</strong></span> <span class='ocrx_word' id='word_1_561' title='bbox 2964 4030 3032 4083; x_wconf 86' lang='lat' dir='ltr'><strong>iis</strong></span> <span class='ocrx_word' id='word_1_562' title='bbox 3064 4029 3159 4098; x_wconf 86' lang='lat' dir='ltr'><strong>qui</strong></span> <span class='ocrx_word' id='word_1_563' title='bbox 3209 4024 3607 4096; x_wconf 89' lang='lat' dir='ltr'><strong>propemodum</strong></span> 
     </span>
    </p>
   </div>
   <div class='ocr_carea' id='block_1_87' title="bbox 2031 4115 3606 4198">
    <p class='ocr_par' dir='ltr' id='par_1_87' title="bbox 2031 4115 3606 4198">
     <span class='ocr_line' id='line_1_87' title="bbox 2031 4115 3606 4198; baseline -0.013 -12"><span class='ocrx_word' id='word_1_564' title='bbox 2031 4132 2182 4198; x_wconf 81' lang='lat' dir='ltr'><strong>digni</strong></span> <span class='ocrx_word' id='word_1_565' title='bbox 2211 4137 2337 4183; x_wconf 85' lang='lat' dir='ltr'><strong>sunt</strong></span> <span class='ocrx_word' id='word_1_566' title='bbox 2361 4145 2375 4191; x_wconf 92' lang='lat'><strong>;</strong></span> <span class='ocrx_word' id='word_1_567' title='bbox 2403 4127 2496 4196; x_wconf 89' lang='lat' dir='ltr'><strong>qui</strong></span> <span class='ocrx_word' id='word_1_568' title='bbox 2524 4139 2656 4178; x_wconf 91' lang='lat' dir='ltr'><strong>vero</strong></span> <span class='ocrx_word' id='word_1_569' title='bbox 2680 4123 2900 4194; x_wconf 75' lang='lat' dir='ltr'><strong>indigne</strong></span> <span class='ocrx_word' id='word_1_570' title='bbox 2926 4115 3606 4186; x_wconf 87' lang='lat' dir='ltr'><strong>eommunicat,judicium</strong></span> 
     </span>
    </p>
   </div>
   <div class='ocr_carea' id='block_1_88' title="bbox 2031 4207 3607 4280">
    <p class='ocr_par' dir='ltr' id='par_1_88' title="bbox 2031 4207 3607 4280">
     <span class='ocr_line' id='line_1_88' title="bbox 2031 4207 3607 4280; baseline -0.012 -2"><span class='ocrx_word' id='word_1_571' title='bbox 2031 4225 2135 4280; x_wconf 87' lang='lat' dir='ltr'><strong>sibi</strong></span> <span class='ocrx_word' id='word_1_572' title='bbox 2177 4220 2468 4275; x_wconf 90' lang='lat' dir='ltr'><strong>manducat</strong></span> <span class='ocrx_word' id='word_1_573' title='bbox 2510 4227 2566 4269; x_wconf 91' lang='lat' dir='ltr'><strong>et</strong></span> <span class='ocrx_word' id='word_1_574' title='bbox 2619 4214 2780 4277; x_wconf 88' lang='lat' dir='ltr'><strong>bibit,</strong></span> <span class='ocrx_word' id='word_1_575' title='bbox 2817 4221 2876 4266; x_wconf 89' lang='lat' dir='ltr'><strong>ut</strong></span> <span class='ocrx_word' id='word_1_576' title='bbox 2923 4212 3058 4266; x_wconf 81' lang='lat' dir='ltr'><strong>dicit</strong></span> <span class='ocrx_word' id='word_1_577' title='bbox 3097 4210 3318 4265; x_wconf 85' lang='lat' dir='ltr'><strong>divinus</strong></span> <span class='ocrx_word' id='word_1_578' title='bbox 3369 4207 3607 4278; x_wconf 83' lang='lat' dir='ltr'><strong>Aposto-</strong></span> 
     </span>
    </p>
   </div>
   <div class='ocr_carea' id='block_1_89' title="bbox 2031 4299 3609 4377">
    <p class='ocr_par' dir='ltr' id='par_1_89' title="bbox 2031 4299 3609 4377">
     <span class='ocr_line' id='line_1_89' title="bbox 2031 4299 3609 4377; baseline -0.013 -5"><span class='ocrx_word' id='word_1_579' title='bbox 2031 4318 2118 4372; x_wconf 90' lang='lat' dir='ltr'><strong>lus</strong></span> <span class='ocrx_word' id='word_1_580' title='bbox 2139 4317 2184 4345; x_wconf 80' lang='lat'><strong><em>“</em></strong></span> <span class='ocrx_word' id='word_1_581' title='bbox 2227 4330 2242 4366; x_wconf 91' lang='lat'><strong>:</strong></span> <span class='ocrx_word' id='word_1_582' title='bbox 2278 4311 2534 4364; x_wconf 87' lang='lat' dir='ltr'><strong>volumus</strong></span> <span class='ocrx_word' id='word_1_583' title='bbox 2571 4307 2792 4377; x_wconf 91' lang='lat' dir='ltr'><strong>quidem</strong></span> <span class='ocrx_word' id='word_1_584' title='bbox 2829 4305 2980 4358; x_wconf 89' lang='lat' dir='ltr'><strong>utiis</strong></span> <span class='ocrx_word' id='word_1_585' title='bbox 3009 4302 3355 4374; x_wconf 77' lang='lat' dir='ltr'><strong>frequentius</strong></span> <span class='ocrx_word' id='word_1_586' title='bbox 3385 4299 3609 4370; x_wconf 84' lang='lat' dir='ltr'><strong>partici-</strong></span> 
     </span>
    </p>
   </div>
   <div class='ocr_carea' id='block_1_90' title="bbox 2033 4393 3608 4476">
    <p class='ocr_par' dir='ltr' id='par_1_90' title="bbox 2033 4393 3608 4476">
     <span class='ocr_line' id='line_1_90' title="bbox 2033 4393 3608 4476; baseline -0.011 -16"><span class='ocrx_word' id='word_1_587' title='bbox 2033 4406 2198 4476; x_wconf 88' lang='lat' dir='ltr'><strong>pctis,</strong></span> <span class='ocrx_word' id='word_1_588' title='bbox 2222 4413 2462 4458; x_wconf 88' lang='lat' dir='ltr'><strong>attamen</strong></span> <span class='ocrx_word' id='word_1_589' title='bbox 2497 4397 2888 4452; x_wconf 86' lang='lat' dir='ltr'><strong>discretionem</strong></span> <span class='ocrx_word' id='word_1_590' title='bbox 2922 4395 3068 4449; x_wconf 91' lang='lat' dir='ltr'><strong>circa</strong></span> <span class='ocrx_word' id='word_1_591' title='bbox 3099 4393 3340 4448; x_wconf 91' lang='lat' dir='ltr'><strong>divinam</strong></span> <span class='ocrx_word' id='word_1_592' title='bbox 3364 4406 3608 4446; x_wconf 82' lang='lat' dir='ltr'><strong>commn-</strong></span> 
     </span>
    </p>
   </div>
   <div class='ocr_carea' id='block_1_91' title="bbox 351 4484 1922 4567">
    <p class='ocr_par' dir='ltr' id='par_1_91' title="bbox 351 4493 1922 4567">
     <span class='ocr_line' id='line_1_91' title="bbox 351 4493 1922 4567; baseline 0.001 -19"><span class='ocrx_word' id='word_1_593' title='bbox 351 4493 508 4563; x_wconf 83' lang='grc' dir='ltr'>ὑμῶν</span> <span class='ocrx_word' id='word_1_594' title='bbox 537 4494 710 4563; x_wconf 78' lang='grc' dir='ltr'>Πατρὶ</span> <span class='ocrx_word' id='word_1_595' title='bbox 743 4494 1132 4565; x_wconf 82' lang='grc' dir='ltr'>ἀνατιθέαμεν,</span> <span class='ocrx_word' id='word_1_596' title='bbox 1167 4496 1370 4566; x_wconf 80' lang='grc' dir='ltr'>είδήσει</span> <span class='ocrx_word' id='word_1_597' title='bbox 1399 4498 1492 4549; x_wconf 85' lang='grc' dir='ltr'><strong>καὶ</strong></span> <span class='ocrx_word' id='word_1_598' title='bbox 1518 4496 1618 4566; x_wconf 81' lang='grc' dir='ltr'>τῆς</span> <span class='ocrx_word' id='word_1_599' title='bbox 1659 4496 1922 4567; x_wconf 83' lang='grc' dir='ltr'>καθηγου·</span> 
     </span>
    </p>
   </div>
   <div class='ocr_carea' id='block_1_92' title="bbox 2027 4484 3612 4567">
    <p class='ocr_par' dir='ltr' id='par_1_92' title="bbox 2045 4484 3612 4558">
     <span class='ocr_line' id='line_1_92' title="bbox 2045 4484 3612 4558; baseline -0.011 -6"><span class='ocrx_word' id='word_1_600' title='bbox 2045 4499 2269 4553; x_wconf 89' lang='lat' dir='ltr'><strong>nionem</strong></span> <span class='ocrx_word' id='word_1_601' title='bbox 2321 4491 2628 4549; x_wconf 87' lang='lat' dir='ltr'><strong>faciendam</strong></span> <span class='ocrx_word' id='word_1_602' title='bbox 2657 4488 2808 4544; x_wconf 86' lang='lat' dir='ltr'><strong>Patri</strong></span> <span class='ocrx_word' id='word_1_603' title='bbox 2853 4497 3039 4544; x_wconf 85' lang='lat' dir='ltr'><strong>vestro</strong></span> <span class='ocrx_word' id='word_1_604' title='bbox 3061 4487 3334 4558; x_wconf 89' lang='lat' dir='ltr'><strong>spirituali</strong></span> <span class='ocrx_word' id='word_1_605' title='bbox 3374 4484 3612 4540; x_wconf 84' lang='lat' dir='ltr'><strong>remitti-</strong></span> 
     </span>
    </p>
   </div>
   <div class='ocr_carea' id='block_1_93' title="bbox 426 4611 892 4677">
    <p class='ocr_par' dir='ltr' id='par_1_93' title="bbox 426 4611 892 4677">
     <span class='ocr_line' id='line_1_93' title="bbox 426 4611 892 4677; baseline 0 -9"><span class='ocrx_word' id='word_1_606' title='bbox 426 4611 512 4668; x_wconf 81' lang='lat' dir='ltr'><strong>&quot;l</strong></span> <span class='ocrx_word' id='word_1_607' title='bbox 539 4611 668 4669; x_wconf 89' lang='lat' dir='ltr'><strong>Cor.</strong></span> <span class='ocrx_word' id='word_1_608' title='bbox 697 4628 771 4677; x_wconf 63' lang='grc' dir='ltr'><strong>τι,</strong></span> <span class='ocrx_word' id='word_1_609' title='bbox 799 4613 892 4668; x_wconf 76' lang='grc'><strong>29.</strong></span> 
     </span>
    </p>
   </div>
   <div class='ocr_carea' id='block_1_94' title="bbox 1634 4728 2333 4792">
    <p class='ocr_par' dir='ltr' id='par_1_94' title="bbox 1634 4728 2333 4792">
     <span class='ocr_line' id='line_1_94' title="bbox 1634 4728 2333 4792; baseline -0.004 -3"><span class='ocrx_word' id='word_1_610' title='bbox 1634 4728 2089 4792; x_wconf 85' lang='lat' dir='ltr'><strong>Montfauconii</strong></span> <span class='ocrx_word' id='word_1_611' title='bbox 2141 4731 2333 4788; x_wconf 66' lang='lat' dir='ltr'><strong>notae.</strong></span> 
     </span>
    </p>
   </div>
   <div class='ocr_carea' id='block_1_95' title="bbox 423 4823 1916 4894">
    <p class='ocr_par' dir='ltr' id='par_1_95' title="bbox 423 4823 1916 4894">
     <span class='ocr_line' id='line_1_95' title="bbox 423 4823 1916 4894; baseline 0.003 -16"><span class='ocrx_word' id='word_1_612' title='bbox 423 4823 534 4891; x_wconf 73' lang='grc'><strong>(55)</strong></span> <span class='ocrx_word' id='word_1_613' title='bbox 571 4823 1052 4894; x_wconf 79' lang='grc' dir='ltr'>Δωδεκαήμερον.</span> <span class='ocrx_word' id='word_1_614' title='bbox 1086 4825 1144 4882; x_wconf 87' lang='lat' dir='ltr'><strong>Id</strong></span> <span class='ocrx_word' id='word_1_615' title='bbox 1163 4834 1290 4890; x_wconf 69' lang='lat' dir='ltr'><strong>.est,</strong></span> <span class='ocrx_word' id='word_1_616' title='bbox 1315 4826 1606 4882; x_wconf 90' lang='lat' dir='ltr'><strong>duodecim</strong></span> <span class='ocrx_word' id='word_1_617' title='bbox 1633 4829 1751 4884; x_wconf 91' lang='lat' dir='ltr'><strong>dies</strong></span> <span class='ocrx_word' id='word_1_618' title='bbox 1773 4829 1916 4883; x_wconf 88' lang='lat' dir='ltr'><strong>inter</strong></span> 
     </span>
    </p>
   </div>
   <div class='ocr_carea' id='block_1_96' title="bbox 349 4893 1918 4964">
    <p class='ocr_par' dir='ltr' id='par_1_96' title="bbox 349 4893 1918 4964">
     <span class='ocr_line' id='line_1_96' title="bbox 349 4893 1918 4964; baseline 0 -15"><span class='ocrx_word' id='word_1_619' title='bbox 349 4893 784 4964; x_wconf 75' lang='lat' dir='ltr'><strong>Nativitatemiet</strong></span> <span class='ocrx_word' id='word_1_620' title='bbox 813 4893 1172 4964; x_wconf 83' lang='lat' dir='ltr'><strong>Epiphaniam</strong></span> <span class='ocrx_word' id='word_1_621' title='bbox 1217 4895 1434 4951; x_wconf 87' lang='lat' dir='ltr'><strong>Domini</strong></span> <span class='ocrx_word' id='word_1_622' title='bbox 1487 4899 1918 4953; x_wconf 87' lang='lat' dir='ltr'><strong>intercedentes.</strong></span> 
     </span>
    </p>
   </div>
   <div class='ocr_carea' id='block_1_97' title="bbox 429 4962 1918 5037">
    <p class='ocr_par' dir='ltr' id='par_1_97' title="bbox 429 4962 1918 5037">
     <span class='ocr_line' id='line_1_97' title="bbox 429 4962 1918 5037; baseline 0.005 -21"><span class='ocrx_word' id='word_1_623' title='bbox 429 4962 639 5037; x_wconf 65' lang='lat'><strong>(54—55)</strong></span> <span class='ocrx_word' id='word_1_624' title='bbox 678 4965 834 5020; x_wconf 86' lang='lat' dir='ltr'><strong>Hunc</strong></span> <span class='ocrx_word' id='word_1_625' title='bbox 860 4962 1008 5037; x_wconf 2' lang='lat' dir='ltr'><strong>esse,</strong></span> <span class='ocrx_word' id='word_1_626' title='bbox 1041 4967 1351 5037; x_wconf 81' lang='lat' dir='ltr'><strong>genuinum</strong></span> <span class='ocrx_word' id='word_1_627' title='bbox 1406 4968 1571 5037; x_wconf 78' lang='lat' dir='ltr'><strong>hujus</strong></span> <span class='ocrx_word' id='word_1_628' title='bbox 1633 4969 1739 5023; x_wconf 91' lang='lat' dir='ltr'><strong>loci</strong></span> <span class='ocrx_word' id='word_1_629' title='bbox 1789 4984 1918 5022; x_wconf 85' lang='lat' dir='ltr'><strong>scn-</strong></span> 
     </span>
    </p>
   </div>
   <div class='ocr_carea' id='block_1_98' title="bbox 350 5036 1921 5108">
    <p class='ocr_par' dir='ltr' id='par_1_98' title="bbox 350 5036 1921 5108">
     <span class='ocr_line' id='line_1_98' title="bbox 350 5036 1921 5108; baseline 0.004 -23"><span class='ocrx_word' id='word_1_630' title='bbox 350 5036 848 5108; x_wconf 78' lang='lat' dir='ltr'><strong>sum___nullatenus</strong></span> <span class='ocrx_word' id='word_1_631' title='bbox 905 5036 1144 5108; x_wconf 74' lang='lat' dir='ltr'><strong>ambigo,</strong></span> <span class='ocrx_word' id='word_1_632' title='bbox 1207 5053 1310 5091; x_wconf 87' lang='lat' dir='ltr'><strong>nec</strong></span> <span class='ocrx_word' id='word_1_633' title='bbox 1356 5036 1494 5092; x_wconf 87' lang='lat' dir='ltr'><strong>alias</strong></span> <span class='ocrx_word' id='word_1_634' title='bbox 1513 5047 1921 5108; x_wconf 23' lang='lat' dir='ltr'><strong>icongruenter</strong></span> 
     </span>
    </p>
   </div>
   <div class='ocr_carea' id='block_1_99' title="bbox 352 5104 1922 5179">
    <p class='ocr_par' dir='ltr' id='par_1_99' title="bbox 352 5104 1922 5179">
     <span class='ocr_line' id='line_1_99' title="bbox 352 5104 1922 5179; baseline 0.004 -25"><span class='ocrx_word' id='word_1_635' title='bbox 352 5104 581 5179; x_wconf 66' lang='lat' dir='ltr'><strong>intelligi</strong></span> <span class='ocrx_word' id='word_1_636' title='bbox 631 5120 789 5179; x_wconf 77' lang='lat' dir='ltr'><strong>posse</strong></span> <span class='ocrx_word' id='word_1_637' title='bbox 845 5104 1160 5179; x_wconf 68' lang='lat' dir='ltr'><strong>existimo;_</strong></span> <span class='ocrx_word' id='word_1_638' title='bbox 1190 5122 1316 5179; x_wconf 85' lang='lat' dir='ltr'><strong>nam</strong></span> <span class='ocrx_word' id='word_1_639' title='bbox 1362 5123 1376 5160; x_wconf 90' lang='lat'><strong>:</strong></span> <span class='ocrx_word' id='word_1_640' title='bbox 1412 5109 1462 5163; x_wconf 78' lang='grc' dir='ltr'><strong>Ι.</strong></span> <span class='ocrx_word' id='word_1_641' title='bbox 1506 5107 1560 5161; x_wconf 92' lang='lat' dir='ltr'><strong>Si</strong></span> <span class='ocrx_word' id='word_1_642' title='bbox 1598 5104 1922 5179; x_wconf 77' lang='grc' dir='ltr'>μεθεόρτους</span> 
     </span>
    </p>
   </div>
   <div class='ocr_carea' id='block_1_100' title="bbox 351 5172 1923 5248">
    <p class='ocr_par' dir='ltr' id='par_1_100' title="bbox 351 5172 1923 5248">
     <span class='ocr_line' id='line_1_100' title="bbox 351 5172 1923 5248; baseline 0.007 -25"><span class='ocrx_word' id='word_1_643' title='bbox 351 5172 580 5248; x_wconf 68' lang='grc' dir='ltr'><strong>ἡμέραςΔ</strong></span> <span class='ocrx_word' id='word_1_644' title='bbox 617 5174 823 5248; x_wconf 75' lang='lat' dir='ltr'><strong>referas</strong></span> <span class='ocrx_word' id='word_1_645' title='bbox 873 5175 944 5248; x_wconf 83' lang='lat' dir='ltr'><strong>ad</strong></span> <span class='ocrx_word' id='word_1_646' title='bbox 978 5176 1398 5248; x_wconf 82' lang='lat' dir='ltr'><strong>Dormitionem,</strong></span> <span class='ocrx_word' id='word_1_647' title='bbox 1459 5186 1514 5232; x_wconf 90' lang='lat' dir='ltr'><strong>et</strong></span> <span class='ocrx_word' id='word_1_648' title='bbox 1567 5172 1718 5233; x_wconf 84' lang='lat' dir='ltr'><strong>dicas</strong></span> <span class='ocrx_word' id='word_1_649' title='bbox 1763 5172 1923 5248; x_wconf 57' lang='lat' dir='ltr'><strong>&#39;ipsos</strong></span> 
     </span>
    </p>
   </div>
   <div class='ocr_carea' id='block_1_101' title="bbox 351 5243 1926 5316">
    <p class='ocr_par' dir='ltr' id='par_1_101' title="bbox 351 5243 1926 5316">
     <span class='ocr_line' id='line_1_101' title="bbox 351 5243 1926 5316; baseline 0.004 -20"><span class='ocrx_word' id='word_1_650' title='bbox 351 5257 473 5296; x_wconf 89' lang='lat' dir='ltr'><strong>esse</strong></span> <span class='ocrx_word' id='word_1_651' title='bbox 531 5243 646 5316; x_wconf 79' lang='lat' dir='ltr'><strong>dies</strong></span> <span class='ocrx_word' id='word_1_652' title='bbox 699 5246 1096 5300; x_wconf 81' lang='lat' dir='ltr'><strong>Dormitionem</strong></span> <span class='ocrx_word' id='word_1_653' title='bbox 1137 5246 1377 5314; x_wconf 75' lang='lat' dir='ltr'><strong>Deiparze</strong></span> <span class='ocrx_word' id='word_1_654' title='bbox 1407 5243 1826 5316; x_wconf 75' lang='lat' dir='ltr'><strong>subsequentes,</strong></span> <span class='ocrx_word' id='word_1_655' title='bbox 1865 5259 1926 5303; x_wconf 90' lang='lat' dir='ltr'><strong>ut</strong></span> 
     </span>
    </p>
   </div>
   <div class='ocr_carea' id='block_1_102' title="bbox 351 5313 1921 5392">
    <p class='ocr_par' dir='ltr' id='par_1_102' title="bbox 351 5313 1921 5392">
     <span class='ocr_line' id='line_1_102' title="bbox 351 5313 1921 5392; baseline 0.006 -29"><span class='ocrx_word' id='word_1_656' title='bbox 351 5313 599 5392; x_wconf 74' lang='lat' dir='ltr'><strong>nonnulli</strong></span> <span class='ocrx_word' id='word_1_657' title='bbox 656 5315 1005 5392; x_wconf 76' lang='lat' dir='ltr'><strong>existimant,</strong></span> <span class='ocrx_word' id='word_1_658' title='bbox 1063 5319 1157 5386; x_wconf 87' lang='lat' dir='ltr'><strong>qui</strong></span> <span class='ocrx_word' id='word_1_659' title='bbox 1231 5313 1504 5392; x_wconf 72' lang='lat' dir='ltr'><strong>intelliges</strong></span> <span class='ocrx_word' id='word_1_660' title='bbox 1555 5313 1672 5392; x_wconf 55' lang='lat' dir='ltr'><strong>haec</strong></span> <span class='ocrx_word' id='word_1_661' title='bbox 1713 5320 1921 5392; x_wconf 84' lang='lat' dir='ltr'><strong>_verha,</strong></span> 
     </span>
    </p>
   </div>
   <div class='ocr_carea' id='block_1_103' title="bbox 351 5386 1922 5454">
    <p class='ocr_par' dir='ltr' id='par_1_103' title="bbox 351 5386 1922 5454">
     <span class='ocr_line' id='line_1_103' title="bbox 351 5386 1922 5454; baseline 0.007 -22"><span class='ocrx_word' id='word_1_662' title='bbox 351 5386 451 5448; x_wconf 82' lang='grc' dir='ltr'><strong>τῆς</strong></span> <span class='ocrx_word' id='word_1_663' title='bbox 524 5386 1027 5454; x_wconf 81' lang='grc' dir='ltr'>μεταμορφώσεως,</span> <span class='ocrx_word' id='word_1_664' title='bbox 1092 5395 1200 5440; x_wconf 91' lang='lat' dir='ltr'><strong>etc.</strong></span> <span class='ocrx_word' id='word_1_665' title='bbox 1259 5387 1311 5440; x_wconf 67' lang='lat'><strong>2.</strong></span> <span class='ocrx_word' id='word_1_666' title='bbox 1369 5386 1429 5442; x_wconf 73' lang='lat' dir='ltr'><strong>lli</strong></span> <span class='ocrx_word' id='word_1_667' title='bbox 1489 5389 1657 5442; x_wconf 90' lang='lat' dir='ltr'><strong>nullis</strong></span> <span class='ocrx_word' id='word_1_668' title='bbox 1705 5387 1922 5443; x_wconf 67' lang='lat' dir='ltr'><strong>Graeco-</strong></span> 
     </span>
    </p>
   </div>
   <div class='ocr_carea' id='block_1_104' title="bbox 354 5453 1924 5513">
    <p class='ocr_par' dir='ltr' id='par_1_104' title="bbox 354 5453 1924 5513">
     <span class='ocr_line' id='line_1_104' title="bbox 354 5453 1924 5513; baseline 0.006 -11"><span class='ocrx_word' id='word_1_669' title='bbox 354 5465 478 5503; x_wconf 91' lang='lat' dir='ltr'><strong>rum</strong></span> <span class='ocrx_word' id='word_1_670' title='bbox 554 5453 868 5510; x_wconf 78' lang='lat' dir='ltr'><strong>Oﬁiciorum</strong></span> <span class='ocrx_word' id='word_1_671' title='bbox 942 5455 1098 5509; x_wconf 86' lang='lat' dir='ltr'><strong>libris</strong></span> <span class='ocrx_word' id='word_1_672' title='bbox 1172 5456 1240 5510; x_wconf 87' lang='lat' dir='ltr'><strong>de</strong></span> <span class='ocrx_word' id='word_1_673' title='bbox 1299 5456 1406 5510; x_wconf 91' lang='lat' dir='ltr'><strong>illis</strong></span> <span class='ocrx_word' id='word_1_674' title='bbox 1469 5472 1664 5511; x_wconf 89' lang='lat' dir='ltr'><strong>novem</strong></span> <span class='ocrx_word' id='word_1_675' title='bbox 1729 5459 1924 5513; x_wconf 85' lang='lat' dir='ltr'><strong>diebus</strong></span> 
     </span>
    </p>
   </div>
   <div class='ocr_carea' id='block_1_105' title="bbox 357 5523 1923 5586">
    <p class='ocr_par' dir='ltr' id='par_1_105' title="bbox 357 5523 1923 5586">
     <span class='ocr_line' id='line_1_105' title="bbox 357 5523 1923 5586; baseline 0.003 -11"><span class='ocrx_word' id='word_1_676' title='bbox 357 5529 483 5586; x_wconf 79' lang='lat' dir='ltr'><strong>post</strong></span> <span class='ocrx_word' id='word_1_677' title='bbox 536 5523 931 5578; x_wconf 87' lang='lat' dir='ltr'><strong>Dormitionem</strong></span> <span class='ocrx_word' id='word_1_678' title='bbox 984 5525 1248 5579; x_wconf 90' lang='lat' dir='ltr'><strong>celebrari</strong></span> <span class='ocrx_word' id='word_1_679' title='bbox 1301 5527 1480 5582; x_wconf 91' lang='lat' dir='ltr'><strong>solitis</strong></span> <span class='ocrx_word' id='word_1_680' title='bbox 1546 5527 1758 5581; x_wconf 89' lang='lat' dir='ltr'><strong>mentio</strong></span> <span class='ocrx_word' id='word_1_681' title='bbox 1831 5529 1923 5580; x_wconf 89' lang='lat' dir='ltr'><strong>ha-</strong></span> 
     </span>
    </p>
   </div>
   <div class='ocr_carea' id='block_1_106' title="bbox 355 5590 1920 5673">
    <p class='ocr_par' dir='ltr' id='par_1_106' title="bbox 355 5590 1920 5673">
     <span class='ocr_line' id='line_1_106' title="bbox 355 5590 1920 5673; baseline 0.006 -30"><span class='ocrx_word' id='word_1_682' title='bbox 355 5590 539 5673; x_wconf 56' lang='lat' dir='ltr'><strong>betur.</strong></span> <span class='ocrx_word' id='word_1_683' title='bbox 576 5595 632 5648; x_wconf 80' lang='lat'><strong>&#39;5.</strong></span> <span class='ocrx_word' id='word_1_684' title='bbox 671 5595 864 5673; x_wconf 76' lang='lat' dir='ltr'><strong>Plures</strong></span> <span class='ocrx_word' id='word_1_685' title='bbox 911 5604 1084 5673; x_wconf 76' lang='lat' dir='ltr'><strong>agunt</strong></span> <span class='ocrx_word' id='word_1_686' title='bbox 1113 5595 1205 5673; x_wconf 83' lang='lat' dir='ltr'><strong>__de</strong></span> <span class='ocrx_word' id='word_1_687' title='bbox 1247 5594 1446 5673; x_wconf 72' lang='lat' dir='ltr'><strong>diebus</strong></span> <span class='ocrx_word' id='word_1_688' title='bbox 1505 5607 1629 5673; x_wconf 79' lang='lat' dir='ltr'><strong>post</strong></span> <span class='ocrx_word' id='word_1_689' title='bbox 1678 5597 1920 5673; x_wconf 66' lang='lat' dir='ltr'><strong>Transti-</strong></span> 
     </span>
    </p>
   </div>
   <div class='ocr_carea' id='block_1_107' title="bbox 356 5665 1919 5735">
    <p class='ocr_par' dir='ltr' id='par_1_107' title="bbox 356 5665 1919 5735">
     <span class='ocr_line' id='line_1_107' title="bbox 356 5665 1919 5735; baseline 0.005 -20"><span class='ocrx_word' id='word_1_690' title='bbox 356 5665 700 5732; x_wconf 70' lang='lat' dir='ltr'><strong>gurationem</strong></span> <span class='ocrx_word' id='word_1_691' title='bbox 730 5665 999 5721; x_wconf 89' lang='lat' dir='ltr'><strong>celebrari</strong></span> <span class='ocrx_word' id='word_1_692' title='bbox 1048 5665 1257 5735; x_wconf 88' lang='lat' dir='ltr'><strong>solitis;</strong></span> <span class='ocrx_word' id='word_1_693' title='bbox 1295 5667 1466 5724; x_wconf 77' lang='lat' dir='ltr'><strong>affero</strong></span> <span class='ocrx_word' id='word_1_694' title='bbox 1511 5665 1702 5724; x_wconf 87' lang='lat' dir='ltr'><strong>locum</strong></span> <span class='ocrx_word' id='word_1_695' title='bbox 1733 5684 1797 5723; x_wconf 77' lang='lat' dir='ltr'><strong>ex</strong></span> <span class='ocrx_word' id='word_1_696' title='bbox 1829 5666 1919 5723; x_wconf 82' lang='lat' dir='ltr'><strong>Ni-</strong></span> 
     </span>
    </p>
   </div>
   <div class='ocr_carea' id='block_1_108' title="bbox 2024 4815 3606 4896">
    <p class='ocr_par' dir='ltr' id='par_1_108' title="bbox 2024 4815 3606 4896">
     <span class='ocr_line' id='line_1_108' title="bbox 2024 4815 3606 4896; baseline -0.006 -14"><span class='ocrx_word' id='word_1_697' title='bbox 2024 4843 2180 4890; x_wconf 90' lang='lat' dir='ltr'><strong>cone,</strong></span> <span class='ocrx_word' id='word_1_698' title='bbox 2209 4826 2312 4892; x_wconf 70' lang='lat' dir='ltr'><strong>{De</strong></span> <span class='ocrx_word' id='word_1_699' title='bbox 2358 4823 2606 4896; x_wconf 71' lang='lat' dir='ltr'><strong>jejuniis,</strong></span> <span class='ocrx_word' id='word_1_700' title='bbox 2628 4832 2782 4896; x_wconf 78' lang='lat' dir='ltr'><strong>_t_om.</strong></span> <span class='ocrx_word' id='word_1_701' title='bbox 2806 4819 2895 4896; x_wconf 53' lang='lat' dir='ltr'><strong>ill</strong></span> <span class='ocrx_word' id='word_1_702' title='bbox 2935 4815 3174 4896; x_wconf 82' lang='lat' dir='ltr'><strong>Monu_m.</strong></span> <span class='ocrx_word' id='word_1_703' title='bbox 3205 4815 3353 4896; x_wconf 70' lang='lat' dir='ltr'><strong>Eccl.</strong></span> <span class='ocrx_word' id='word_1_704' title='bbox 3378 4887 3390 4896; x_wconf 83' lang='lat'>_</span> <span class='ocrx_word' id='word_1_705' title='bbox 3409 4815 3606 4896; x_wconf 57' lang='lat' dir='ltr'><strong>Caeca:</strong></span> 
     </span>
    </p>
   </div>
   <div class='ocr_carea' id='block_1_109' title="bbox 2023 4887 3607 4966">
    <p class='ocr_par' dir='ltr' id='par_1_109' title="bbox 2023 4887 3607 4966">
     <span class='ocr_line' id='line_1_109' title="bbox 2023 4887 3607 4966; baseline -0.006 -14"><span class='ocrx_word' id='word_1_706' title='bbox 2023 4887 2305 4961; x_wconf 68' lang='lat' dir='ltr'><strong>Cotelerii,</strong></span> <span class='ocrx_word' id='word_1_707' title='bbox 2414 4887 2433 4896; x_wconf 63' lang='grc'><strong>⁷</strong></span> <span class='ocrx_word' id='word_1_708' title='bbox 2450 4894 2554 4947; x_wconf 72' lang='grc'><strong>445</strong></span> <span class='ocrx_word' id='word_1_709' title='bbox 2579 4911 2593 4966; x_wconf 68' lang='grc' dir='ltr'><strong><em>ς</em></strong></span> <span class='ocrx_word' id='word_1_710' title='bbox 2628 4888 2995 4966; x_wconf 75' lang='grc' dir='ltr'>Ἐορτάςομεν</span> <span class='ocrx_word' id='word_1_711' title='bbox 3010 4888 3217 4966; x_wconf 74' lang='grc' dir='ltr'>ταύτην</span> <span class='ocrx_word' id='word_1_712' title='bbox 3243 4888 3323 4950; x_wconf 86' lang='grc' dir='ltr'><strong>είς</strong></span> <span class='ocrx_word' id='word_1_713' title='bbox 3342 4887 3607 4966; x_wconf 29' lang='grc' dir='ltr'>τὸμκοινδν</span> 
     </span>
    </p>
   </div>
   <div class='ocr_carea' id='block_1_110' title="bbox 2026 4957 3605 5035">
    <p class='ocr_par' dir='ltr' id='par_1_110' title="bbox 2026 4957 3605 5035">
     <span class='ocr_line' id='line_1_110' title="bbox 2026 4957 3605 5035; baseline -0.005 -17"><span class='ocrx_word' id='word_1_714' title='bbox 2026 4969 2119 5020; x_wconf 76' lang='grc' dir='ltr'><strong>ἐπὶ</strong></span> <span class='ocrx_word' id='word_1_715' title='bbox 2149 4966 2242 5019; x_wconf 86' lang='grc' dir='ltr'><strong>τοῦ</strong></span> <span class='ocrx_word' id='word_1_716' title='bbox 2282 4957 2448 5034; x_wconf 74' lang='grc' dir='ltr'>μέσου</span> <span class='ocrx_word' id='word_1_717' title='bbox 2483 4963 2696 5035; x_wconf 82' lang='grc' dir='ltr'>ἡμέρας</span> <span class='ocrx_word' id='word_1_718' title='bbox 2723 4957 2894 5025; x_wconf 72' lang='grc' dir='ltr'>ὀκτώ,</span> <span class='ocrx_word' id='word_1_719' title='bbox 2921 4958 3128 5035; x_wconf 82' lang='lat' dir='ltr'><strong>_i_d_est,</strong></span> <span class='ocrx_word' id='word_1_720' title='bbox 3159 4957 3380 5035; x_wconf 46' lang='grc' dir='ltr'>Ποῦ-εει</span> <span class='ocrx_word' id='word_1_721' title='bbox 3406 4957 3605 5010; x_wconf 85' lang='lat' dir='ltr'><strong>festum</strong></span> 
     </span>
    </p>
   </div>
   <div class='ocr_carea' id='block_1_111' title="bbox 2027 5027 3609 5094">
    <p class='ocr_par' dir='ltr' id='par_1_111' title="bbox 2027 5027 3609 5094">
     <span class='ocr_line' id='line_1_111' title="bbox 2027 5027 3609 5094; baseline -0.007 -1"><span class='ocrx_word' id='word_1_722' title='bbox 2027 5027 2401 5093; x_wconf 80' lang='lat' dir='ltr'><strong>communiter</strong></span> <span class='ocrx_word' id='word_1_723' title='bbox 2429 5027 2714 5094; x_wconf 54' lang='lat' dir='ltr'><strong>in&#39;i&#39;ne&#39;dio,</strong></span> <span class='ocrx_word' id='word_1_724' title='bbox 2747 5038 2872 5086; x_wconf 90' lang='lat' dir='ltr'><strong>octo</strong></span> <span class='ocrx_word' id='word_1_725' title='bbox 2903 5027 3100 5082; x_wconf 90' lang='lat' dir='ltr'><strong>diebus</strong></span> <span class='ocrx_word' id='word_1_726' title='bbox 3149 5027 3516 5089; x_wconf 86' lang='lat' dir='ltr'><strong>celebramus,</strong></span> <span class='ocrx_word' id='word_1_727' title='bbox 3552 5036 3609 5083; x_wconf 84' lang='lat' dir='ltr'><strong>et</strong></span> 
     </span>
    </p>
   </div>
   <div class='ocr_carea' id='block_1_112' title="bbox 2031 5097 3604 5176">
    <p class='ocr_par' dir='ltr' id='par_1_112' title="bbox 2031 5097 3604 5176">
     <span class='ocr_line' id='line_1_112' title="bbox 2031 5097 3604 5176; baseline -0.008 -14"><span class='ocrx_word' id='word_1_728' title='bbox 2031 5108 2083 5162; x_wconf 90' lang='lat' dir='ltr'><strong>id</strong></span> <span class='ocrx_word' id='word_1_729' title='bbox 2114 5108 2256 5162; x_wconf 86' lang='lat' dir='ltr'><strong>infra</strong></span> <span class='ocrx_word' id='word_1_730' title='bbox 2289 5107 2509 5176; x_wconf 88' lang='lat' dir='ltr'><strong>repetit.</strong></span> <span class='ocrx_word' id='word_1_731' title='bbox 2544 5102 2838 5176; x_wconf 80' lang='lat' dir='ltr'><strong>Necebest</strong></span> <span class='ocrx_word' id='word_1_732' title='bbox 2859 5097 3014 5176; x_wconf 78' lang='lat' dir='ltr'><strong>quod</strong></span> <span class='ocrx_word' id='word_1_733' title='bbox 3073 5098 3162 5153; x_wconf 93' lang='lat' dir='ltr'><strong>hic</strong></span> <span class='ocrx_word' id='word_1_734' title='bbox 3210 5106 3341 5154; x_wconf 90' lang='lat' dir='ltr'><strong>octo</strong></span> <span class='ocrx_word' id='word_1_735' title='bbox 3394 5105 3604 5176; x_wconf 70' lang='lat' dir='ltr'><strong>tantum</strong></span> 
     </span>
    </p>
   </div>
   <div class='ocr_carea' id='block_1_113' title="bbox 2030 5167 3604 5252">
    <p class='ocr_par' dir='ltr' id='par_1_113' title="bbox 2030 5167 3604 5252">
     <span class='ocr_line' id='line_1_113' title="bbox 2030 5167 3604 5252; baseline -0.008 -18"><span class='ocrx_word' id='word_1_736' title='bbox 2030 5178 2174 5252; x_wconf 86' lang='lat' dir='ltr'><strong>dies.</strong></span> <span class='ocrx_word' id='word_1_737' title='bbox 2207 5167 2617 5252; x_wconf 75' lang='lat' dir='ltr'><strong>novemautem</strong></span> <span class='ocrx_word' id='word_1_738' title='bbox 2669 5173 2723 5226; x_wconf 94' lang='lat' dir='ltr'><strong>in</strong></span> <span class='ocrx_word' id='word_1_739' title='bbox 2761 5167 2942 5252; x_wconf 76' lang='lat' dir='ltr'><strong>typico</strong></span> <span class='ocrx_word' id='word_1_740' title='bbox 3003 5178 3404 5250; x_wconf 80' lang='lat' dir='ltr'><strong>memorantur.</strong></span> <span class='ocrx_word' id='word_1_741' title='bbox 3436 5167 3604 5252; x_wconf 48' lang='lat' dir='ltr'><strong>‘Nam</strong></span> 
     </span>
    </p>
   </div>
   <div class='ocr_carea' id='block_1_114' title="bbox 2024 5237 3602 5319">
    <p class='ocr_par' dir='ltr' id='par_1_114' title="bbox 2024 5237 3602 5319">
     <span class='ocr_line' id='line_1_114' title="bbox 2024 5237 3602 5319; baseline -0.009 -15"><span class='ocrx_word' id='word_1_742' title='bbox 2024 5251 2264 5319; x_wconf 82' lang='lat' dir='ltr'><strong>typicum</strong></span> <span class='ocrx_word' id='word_1_743' title='bbox 2325 5249 2462 5319; x_wconf 58' lang='lat' dir='ltr'><strong>satis</strong></span> <span class='ocrx_word' id='word_1_744' title='bbox 2517 5237 2983 5319; x_wconf 15' lang='lat' dir='ltr'><strong>communiiusu,’</strong></span> <span class='ocrx_word' id='word_1_745' title='bbox 3014 5254 3129 5319; x_wconf 53' lang='lat' dir='ltr'><strong>seu“</strong></span> <span class='ocrx_word' id='word_1_746' title='bbox 3170 5240 3353 5308; x_wconf 89' lang='lat' dir='ltr'><strong>potius</strong></span> <span class='ocrx_word' id='word_1_747' title='bbox 3403 5237 3602 5319; x_wconf 73' lang='lat' dir='ltr'><strong>abusa,</strong></span> 
     </span>
    </p>
   </div>
   <div class='ocr_carea' id='block_1_115' title="bbox 2023 5309 3604 5387">
    <p class='ocr_par' dir='ltr' id='par_1_115' title="bbox 2023 5309 3604 5387">
     <span class='ocr_line' id='line_1_115' title="bbox 2023 5309 3604 5387; baseline -0.006 -16"><span class='ocrx_word' id='word_1_748' title='bbox 2023 5309 2195 5387; x_wconf 75' lang='lat' dir='ltr'><strong>ipsam</strong></span> <span class='ocrx_word' id='word_1_749' title='bbox 2220 5319 2366 5372; x_wconf 88' lang='lat' dir='ltr'><strong>diem</strong></span> <span class='ocrx_word' id='word_1_750' title='bbox 2391 5309 2918 5387; x_wconf 75' lang='lat' dir='ltr'><strong>Traltsﬁgurati_onis</strong></span> <span class='ocrx_word' id='word_1_751' title='bbox 2968 5309 3024 5387; x_wconf 76' lang='lat' dir='ltr'><strong>in</strong></span> <span class='ocrx_word' id='word_1_752' title='bbox 3055 5309 3164 5387; x_wconf 73' lang='lat' dir='ltr'><strong>illis</strong></span> <span class='ocrx_word' id='word_1_753' title='bbox 3195 5324 3393 5387; x_wconf 72' lang='lat' dir='ltr'><strong>novem</strong></span> <span class='ocrx_word' id='word_1_754' title='bbox 3427 5309 3604 5387; x_wconf 81' lang='lat' dir='ltr'><strong>inclu-</strong></span> 
     </span>
    </p>
   </div>
   <div class='ocr_carea' id='block_1_116' title="bbox 2021 5378 3600 5453">
    <p class='ocr_par' dir='ltr' id='par_1_116' title="bbox 2021 5378 3600 5453">
     <span class='ocr_line' id='line_1_116' title="bbox 2021 5378 3600 5453; baseline -0.004 -12"><span class='ocrx_word' id='word_1_755' title='bbox 2021 5378 2124 5453; x_wconf 81' lang='lat' dir='ltr'><strong>dit,</strong></span> <span class='ocrx_word' id='word_1_756' title='bbox 2154 5404 2256 5444; x_wconf 91' lang='lat' dir='ltr'><strong>nec</strong></span> <span class='ocrx_word' id='word_1_757' title='bbox 2281 5386 2493 5442; x_wconf 83' lang='lat' dir='ltr'><strong>medios</strong></span> <span class='ocrx_word' id='word_1_758' title='bbox 2530 5378 2710 5441; x_wconf 74' lang='lat' dir='ltr'><strong>solum</strong></span> <span class='ocrx_word' id='word_1_759' title='bbox 2742 5382 2882 5442; x_wconf 90' lang='lat' dir='ltr'><strong>dies,</strong></span> <span class='ocrx_word' id='word_1_760' title='bbox 2915 5379 3009 5453; x_wconf 75' lang='lat' dir='ltr'><strong>sed</strong></span> <span class='ocrx_word' id='word_1_761' title='bbox 3068 5379 3248 5449; x_wconf 91' lang='lat' dir='ltr'><strong>ipsum</strong></span> <span class='ocrx_word' id='word_1_762' title='bbox 3289 5378 3490 5433; x_wconf 88' lang='lat' dir='ltr'><strong>festum</strong></span> <span class='ocrx_word' id='word_1_763' title='bbox 3519 5379 3600 5434; x_wconf 71' lang='lat' dir='ltr'><strong>in~</strong></span> 
     </span>
    </p>
   </div>
   <div class='ocr_carea' id='block_1_117' title="bbox 2021 5449 3040 5530">
    <p class='ocr_par' dir='ltr' id='par_1_117' title="bbox 2021 5449 3040 5530">
     <span class='ocr_line' id='line_1_117' title="bbox 2021 5449 3040 5530; baseline -0.004 -20"><span class='ocrx_word' id='word_1_764' title='bbox 2021 5449 2454 5530; x_wconf 45' lang='grc' dir='ltr'>ιετίμεθεόρτους</span> <span class='ocrx_word' id='word_1_765' title='bbox 2480 5457 2666 5530; x_wconf 79' lang='lat' dir='ltr'><strong>minus</strong></span> <span class='ocrx_word' id='word_1_766' title='bbox 2702 5463 2825 5530; x_wconf 64' lang='lat' dir='ltr'><strong>apte</strong></span> <span class='ocrx_word' id='word_1_767' title='bbox 2855 5449 3040 5530; x_wconf 64' lang='lat' dir='ltr'><strong>refert.</strong></span> 
     </span>
    </p>
   </div>
   <div class='ocr_carea' id='block_1_118' title="bbox 2091 5523 3176 5600">
    <p class='ocr_par' dir='ltr' id='par_1_118' title="bbox 2091 5523 3176 5600">
     <span class='ocr_line' id='line_1_118' title="bbox 2091 5523 3176 5600; baseline -0.004 -18"><span class='ocrx_word' id='word_1_768' title='bbox 2091 5523 2208 5595; x_wconf 80' lang='lat'><strong>(36)</strong></span> <span class='ocrx_word' id='word_1_769' title='bbox 2237 5523 2599 5600; x_wconf 12' lang='lat' dir='ltr'><strong>ASjﬁnaxarium</strong></span> <span class='ocrx_word' id='word_1_770' title='bbox 2621 5523 2746 5578; x_wconf 51' lang='lat' dir='ltr'><strong>erat&quot;</strong></span> <span class='ocrx_word' id='word_1_771' title='bbox 2770 5523 2914 5577; x_wconf 89' lang='lat' dir='ltr'><strong>liber</strong></span> <span class='ocrx_word' id='word_1_772' title='bbox 2947 5523 3176 5600; x_wconf 80' lang='lat' dir='ltr'><strong>rituum.</strong></span> 
     </span>
    </p>
   </div>
   <div class='ocr_carea' id='block_1_119' title="bbox 2087 5591 3597 5666">
    <p class='ocr_par' dir='ltr' id='par_1_119' title="bbox 2087 5591 3597 5666">
     <span class='ocr_line' id='line_1_119' title="bbox 2087 5591 3597 5666; baseline -0.007 -14"><span class='ocrx_word' id='word_1_773' title='bbox 2087 5591 2199 5666; x_wconf 79' lang='lat'><strong>(37)</strong></span> <span class='ocrx_word' id='word_1_774' title='bbox 2225 5591 2470 5654; x_wconf 79' lang='lat' dir='ltr'><strong>Ofﬁcium</strong></span> <span class='ocrx_word' id='word_1_775' title='bbox 2505 5598 2558 5652; x_wconf 92' lang='lat' dir='ltr'><strong>in</strong></span> <span class='ocrx_word' id='word_1_776' title='bbox 2594 5603 2783 5652; x_wconf 88' lang='lat' dir='ltr'><strong>sancta</strong></span> <span class='ocrx_word' id='word_1_777' title='bbox 2818 5594 3205 5650; x_wconf 88' lang='lat' dir='ltr'><strong>communione</strong></span> <span class='ocrx_word' id='word_1_778' title='bbox 3227 5592 3281 5648; x_wconf 91' lang='lat' dir='ltr'><strong>in</strong></span> <span class='ocrx_word' id='word_1_779' title='bbox 3311 5591 3597 5662; x_wconf 82' lang='lat' dir='ltr'><strong>llorologia</strong></span> 
     </span>
    </p>
   </div>
   <div class='ocr_carea' id='block_1_120' title="bbox 2017 5684 2224 5738">
    <p class='ocr_par' dir='ltr' id='par_1_120' title="bbox 2017 5684 2224 5738">
     <span class='ocr_line' id='line_1_120' title="bbox 2017 5684 2224 5738; baseline 0.014 -17"><span class='ocrx_word' id='word_1_780' title='bbox 2017 5684 2224 5738; x_wconf 62' lang='lat' dir='ltr'><strong>quaere.</strong></span> 
     </span>
    </p>
   </div>
  </div>
