4104 6200
495 247 638 314 1055

1753 238 2041 304 IRENES
2079 236 2458 301 AUGUSTE

3600 229 3743 295 1056

493 380 637 429 mus,
670 377 796 417 cum
826 360 1019 415 notitia
1042 357 1313 428 prml‘ectae
1342 374 1355 410 :
1389 370 1568 425 neque
1613 370 1744 410 vero
1787 354 2065 410 laudabile

2176 352 2376 423 μένης·
2413 347 2782 419 ἀκοινώνητον
2828 346 2885 400 δέ
2932 362 3052 400 τινα
3082 345 3282 415 ἑαυτὴν
3314 344 3568 417 ἡγεῖσθαι
3614 347 3744 400 ἄνευ

490 465 594 519 cst,
628 451 941 523 quamdam,
974 450 1179 519 absque
1211 449 1331 518 ejus
1365 447 1581 512 notitia,
1617 447 1723 502 sibi
1758 461 1868 501 non
1912 461 2066 501 com-

2164 444 2266 512 τῆς
2303 440 2512 495 ἐκείνου
2560 438 2843 509 είδήσεως,
2901 436 3001 490 οὐκ
3050 437 3368 491 ἐπαινετόν·
3412 436 3747 506 κατάκριτος

493 543 885 600 municandum
919 555 1042 595 esse
1086 539 1369 610 judicare;
1425 538 1793 608 damnataque
1817 537 1921 593 erit
1944 552 2066 607 quae

2176 533 2224 588 δὲ
2252 532 2405 586 ἔσται
2451 532 2485 601 ἡ
2527 527 2687 583 τοῦτο
2717 525 2970 591 ποιοῦσα,
2996 524 3072 589 ὡς
3116 525 3247 579 ίδιον
3278 523 3629 595 ἐκπληροῦσα
3653 524 3717 577 es

492 636 628 691 illud
686 633 879 703 egerit,
933 632 1139 701 quippe
1201 645 1323 701 qua:
1384 644 1538 684 suam
1596 628 1903 699 expleverit
1967 644 2067 683 vo-

492 729 780 783 luntatem.
1912 776 1927 781 ,

562 819 667 873 Par
694 826 782 872 est
836 826 1021 870 autem
1063 823 1125 868 ut
1194 829 1317 883 qua»,
1363 811 1850 868 communicatum
1914 821 2062 878 sunt,

2166 625 2231 695 λη
2240 641 2337 695 μα.

2241 805 2354 870 Τὰς
2388 805 2574 875 μέντοι
2611 801 3053 875 μεταλαμϐάνειν
3079 799 3422 869 ὀφειλούσας,
3454 796 3746 866 ἐνδεχόμε-

493 910 733 964 oﬂicium
768 909 823 962 in
857 918 1044 962 sancta
1066 905 1452 960 communione
1489 906 1710 960 solitum
1742 905 2068 975 psallaut,et

2176 899 2260 954 νόν
2289 900 2406 952 ἔστι
2432 896 2532 968 τὴν
2558 895 2651 949 ἐπὶ
2672 897 2740 965 τῇ
2772 893 2903 964 ἁγίᾳ
2931 892 3231 962 μεταλήψει
3258 887 3581 943 ἀκολουθίαν
3607 887 3748 957 ψάλ-

492 1002 546 1055 in
579 999 858 1055 communi
886 1008 1235 1053 communem
1264 997 1331 1050 ad
1361 995 1594 1050 invicem
1620 996 2063 1067 genuﬂexioncm

2176 993 2304 1057 λειν,
2351 990 2540 1059 κοινήν
2583 1004 2643 1040 τε
2698 986 2896 1050 κοινῶς
2950 985 3050 1055 τὴν
3093 982 3441 1053 γονυκλισιαν
3489 979 3750 1049 ἀλλήλαις

492 1093 776 1156 facientes,
794 1090 1009 1147 veniam
1039 1098 1230 1144 mutuo
1256 1088 1564 1143 concedant
1587 1106 1600 1143 :
1624 1088 1812 1158 sicque
1833 1086 2069 1143 viviﬁcis

2176 1081 2453 1147 ποιούσας,
2501 1080 2703 1134 διδόναι
2732 1078 3109 1149 συγχώρησιν.
3142 1077 3239 1132 καὶ
3269 1076 3442 1139 οὕτως
3478 1073 3585 1128 τῶν
3613 1072 3749 1138 ζωο-

495 1182 1021 1238 sanctiﬂcationihus
1051 1181 1405 1251 participem.

1031 1313 1255 1371 CAPUT
1296 1313 1533 1369 XXXIV.

2172 1173 2345 1228 ποιῶν
2377 1170 2821 1244 μεταλαμϐάνειν
2851 1168 3166 1239 ἁγιασμῶν.

2753 1306 3006 1360 ΚΕΦᾹΛ.
3045 1303 3167 1359 ΛΔ’.

498 1430 635 1501 Quot
674 1446 835 1502 panes
881 1431 936 1483 in
978 1428 1207 1501 qualibet
1255 1428 1469 1502 liturgia
1517 1430 1766 1500 afferendi
1832 1431 1962 1495 sint,
2010 1440 2066 1485 ct

2176 1425 2309 1495 Περι
2336 1426 2445 1502 {aii
2491 1426 2725 1502 πόσους
2761 1422 2981 1502 ἄρτους
3021 1420 3114 1474 δεῖ
3148 1418 3594 1502 προαφέρςσθαι
3623 1420 3755 1475 καθ’

1132 1515 1226 1568 pro
1253 1498 1454 1567 quibus.

566 1606 807 1674 Singulis
841 1605 1039 1660 diebus
1093 1606 1146 1659 in
1172 1606 1361 1660 divina
1392 1606 1610 1679 liturgia
1654 1619 1865 1680 septem
1901 1628 2070 1683 panes

2339 1496 2614 1565 ἑκάστην
2638 1490 3041 1562 λειτουργίαν,
3072 1490 3172 1544 καί
3200 1490 3351 1558 ὑπὲρ
3380 1491 3581 1544 τίνων.

2241 1609 2380 1664 Καθ’
2414 1610 2654 1680 ἑκάστην
2708 1608 2765 1661 δὲ
2807 1607 3025 1677 ἡμέραν
3068 1606 3127 1659 ὲν
3153 1607 3218 1675 τῇ
3265 1604 3386 1673 θείᾳ
3434 1602 3755 1674 λειτουργίᾳ

496 1695 829 1758 uﬂ'erentur,
887 1711 1028 1750 unus
1072 1697 1409 1773 Dominicus,
1464 1699 1602 1753 alter
1646 1701 1819 1770 gratia
1884 1682 2060 1772 plenae

2176 1703 2316 1757 ἑπτὰ
2341 1701 2498 1773 ἄρτοι
2545 1697 3098 1772 προσενεχθὴσονται,
3128 1691 3209 1758 εἷς
3255 1695 3608 1759 Δεσποτικδς,
3632 1696 3753 1748 ξτες

500 1788 741 1841 llomina:
780 1796 978 1842 nostra:
1009 1798 1066 1842 et
1100 1787 1366 1857 Deiparaa.
1401 1789 1541 1844 alius
1564 1792 1738 1845 sancti
1765 1791 1914 1848 illius
1940 1794 2069 1860 diei,

497 1877 641 1930 alius
699 1893 798 1945 pro
842 1878 1218 1948 redemptione
1254 1890 1311 1934 et
1354 1881 1677 1936 remissione
1723 1896 2071 1952 peccatorum

499 1970 933 2035 girazstantissimi
967 1970 1071 2024 mei
1115 1972 1487 2041 imperatoris,
1534 1990 1750 2029 necnon
1788 1991 2068 2045 meorum;

497 2063 639 2117 alius
671 2078 770 2132 pro
826 2064 1156 2118 monialibus
1198 2079 1324 2133 qua:
1376 2064 1728 2131 dormierint,
1788 2068 1930 2124 alius
1970 2086 2074 2140 pro

498 2155 835 2225 parentibus,
865 2162 921 2207 et
942 2156 1155 2209 caeteris
1187 2156 1435 2226 cognatis
1462 2158 1666 2213 nostris
1694 2160 1789 2229 qui
1826 2161 2072 2217 dormie-

505 2247 653 2309 rint;
689 2255 743 2300 et
774 2247 917 2300 alius
963 2261 1065 2316 pro
1106 2246 1245 2301 vivis
1302 2246 1448 2311 ﬁliis,
1487 2250 1724 2320 generis,
1766 2259 1822 2306 et
1849 2251 2075 2320 reliquis

497 2337 749 2393 aﬂinibus
773 2339 998 2393 nostris.
1024 2338 1151 2393 Post
1171 2350 1404 2395 mortem
1431 2356 1564 2396 vero
1585 2350 1850 2407 nostram,
1869 2358 2076 2399 memo-

499 2440 655 2485 ratus
681 2433 840 2500 panis
873 2448 972 2500 pro
994 2432 1341 2487 remissione
1376 2443 1725 2502 peccatorum
1756 2443 2072 2490 nostrorum

497 2525 786 2593 speciatim
810 2524 1097 2587 oll‘eretur,
1124 2533 1181 2578 et
1201 2524 1281 2579 sic
1299 2524 1392 2577 tiet
1423 2523 1476 2577 in
1503 2533 1848 2593 perpetuum.
1876 2524 1932 2578 Si
1952 2528 2074 2596 quis

496 2627 680 2672 autem
696 2634 761 2672 ex
783 2618 1047 2673 ambobus
1065 2617 1242 2682 nobis,
1265 2618 1416 2687 prius
1435 2617 1610 2671 altero
1625 2618 1911 2684 moriatur,
1933 2636 2076 2674 unus

496 2710 718 2777 quidem
763 2711 917 2778 panis
964 2710 1146 2765 denuo
1180 2725 1281 2778 pro
1312 2708 1533 2764 vivente
1574 2709 1880 2778 speciatim.
1934 2712 2074 2765 alter

497 2814 631 2854 vero
677 2816 869 2855 rursus
910 2816 1007 2870 pro
1043 2799 1303 2854 defuncto
1339 2800 1629 2855 oil‘eretur.
1662 2802 1793 2855 Post
1837 2812 2071 2856 mortem

498 2899 681 2945 autem
720 2892 840 2960 ejus
890 2892 982 2960 qui
1013 2896 1297 2960 superstes
1329 2890 1534 2959 fuerat,
1565 2908 1709 2948 unus
1738 2892 1939 2949 iterum
1972 2910 2075 2966 pro

499 2981 767 3037 ambobus
796 2982 1083 3038 otl‘eretur.

571 3259 816 3332 Singulis
868 3277 999 3318 vero
1052 3262 1306 3322 Sabbatis
1366 3266 1663 3323 oli‘erendae
1712 3276 1843 3325 sunt
1891 3285 2079 3341 parvae

506 3365 701 3408 cruces
756 3367 858 3423 pro
907 3355 975 3411 iis
1004 3356 1097 3426 qui
1149 3357 1261 3428 jam
1316 3358 1667 3414 dormierunt
1731 3363 2076 3431 parentibus,

504 3442 632 3497 [iliis
660 3450 719 3497 et
748 3443 983 3500 nuribus
1016 3447 1241 3514 nostris,
1277 3459 1334 3504 et
1363 3464 1466 3519 pro
1503 3448 1571 3505 iis
1602 3450 1695 3520 qui
1720 3460 1914 3520 postea
1945 3453 2079 3508 dor-

505 3533 714 3598 mient;
743 3549 844 3603 pro
883 3537 1187 3605 quaternis,
1216 3554 1361 3593 una:
1395 3540 1490 3611 qui
1511 3548 1567 3596 et
1588 3542 1936 3598 describendi
1953 3557 2081 3599 sunt

450 3646 451 3651 π
502 3626 559 3679 in
598 3626 893 3695 diptychis,
949 3643 1250 3698 eorumque
1299 3632 1548 3687 facienda
1607 3638 2076 3704 commemoratio,

502 3721 563 3766 ut
609 3713 663 3765 in
705 3713 884 3781 typico
912 3716 1243 3772 continetur.
1306 3719 1410 3773 Pro
1443 3721 1583 3776 vivis
1636 3723 1844 3790 pariter
1889 3725 2077 3794 quiin

501 3801 798 3872 diptycbis,
858 3813 914 3859 et
969 3804 1026 3858 in
1086 3807 1268 3875 typico
1323 3810 1582 3880 descripti
1643 3824 1793 3878 sunt,
1852 3814 2079 3886 singulis

502 3894 803 3950 Dominicis
838 3896 958 3951 alia
998 3912 1215 3964 cruces,
1269 3900 1424 3969 juxta
1454 3917 1744 3959 numerum
1795 3906 2076 3963 dormien-

502 3983 659 4053 tium,
691 3986 1016 4043 oﬂ'erentur.

1048 4215 1274 4274 CAPUT
1313 4219 1529 4276 XXXV.

2176 1813 2270 1867 ρος
2294 1795 2393 1866 τῆς
2433 1793 2882 1865 κεχαριτωμένης
2914 1790 3073 1862 ἡμῶν
3109 1789 3410 1856 Δεσποίνης
3442 1788 3539 1841 καὶ
3563 1786 3754 1840 95016-

2174 1905 2296 1951 κου,
2327 1887 2516 1959 ἔτερος
2543 1884 2638 1941 τοῦ
2666 1884 2812 1939 κατὰ
2839 1883 2938 1954 τὴν
2973 1881 3186 1953 ἡμέραν
3212 1881 3392 1948 ἁγίου,
3423 1879 3579 1942 ἄλλος
3611 1878 3753 1948 ὑπὲρ

2174 1977 2370 2050 λύτρου
2398 1978 2495 2033 καὶ
2524 1978 2774 2046 ἀφέσεως
2798 1976 2908 2028 τῶν
2941 1972 3229 2044 ἁμαρτιῶν
3255 1969 3348 2024 τοῦ
3373 1988 3432 2024 τε
3457 1969 3759 2040 κρατίστου

2179 2087 2280 2141 μου
2319 2068 2584 2140 βασιλέως
2628 2068 2724 2122 καὶ
2756 2066 2925 2136 ὲμοῦο
2959 2064 3146 2135 ἕτερος
3178 2063 3321 2133 ὑπὲρ
3346 2062 3455 2115 τῶν
3488 2079 3753 2131 κεκοιμηο

2180 2162 2360 2233 μένων
2388 2161 2662 2232 μοναχῶν.
2707 2159 2866 2221 ἄλλος
2903 2157 3045 2228 ὑπὲρ
3074 2156 3182 2209 τῶν
3214 2154 3639 2224 κεκοιμημένων
3660 2170 3754 2220 γο-

2176 2254 2314 2307 νέων
2345 2254 2442 2307 καὶ
2478 2252 2684 2305 λοιπῶν
2716 2249 2996 2319 συγγενῶν
3027 2247 3205 2318 ἡμῶν,
3248 2248 3344 2301 καὶ
3387 2247 3576 2316 ἕτερος
3612 2246 3752 2315 ὑπὲρ

2174 2345 2284 2398 τῶν
2317 2343 2535 2409 ζώντων
2564 2342 2793 2407 παίδων,
2827 2341 2921 2395 καὶ
2958 2338 3248 2408 γαμϐρῶν,
3280 2342 3374 2393 καὶ
3397 2338 3601 2393 λοιπῶν
3632 2355 3754 2408 συγ-

2175 2435 2349 2505 γενῶν
2379 2435 2558 2507 ἡμῶν.
2591 2435 2700 2487 Καὶ
2728 2432 2869 2503 μετὰ
2894 2432 3123 2486 υάνατον
3145 2430 3204 2484 δὲ
3230 2430 3408 2501 ἡμῶν,
3442 2430 3755 2494 ἰδιαζόντως

2175 2531 2204 2583 ὁ
2235 2528 2423 2599 ῥηθεὶς
2450 2527 2613 2598 ἄρτος
2650 2524 2793 2593 ὑπὲρ
2823 2524 3073 2593 ἀφέσεως
3102 2523 3211 2576 τῶν
3250 2521 3536 2592 ἡμετέρων
3560 2538 3754 2593 προσε-

2176 2619 2498 2691 νεχθήσεται
2540 2616 2848 2687 ἁμαρτιῶν,
2902 2615 2996 2668 καὶ
3052 2613 3223 2676 οὕτως
3253 2614 3545 2681 γενήσεται
3590 2614 3649 2676 ἐς
3694 2613 3756 2666 re

2176 2712 2440 2781 διηνεκές.
2476 2711 2537 2762 Ei
2559 2709 2615 2763 δέ
2646 2726 2731 2772 τις
2756 2708 2816 2776 ἐξ
2842 2707 3173 2778 ἀμφοτέρων
3203 2706 3359 2776 ἡμῶν
3393 2706 3749 2775 προτελευτῆ-

2178 2819 2263 2856 σει
2285 2801 2382 2855 τοῦ
2414 2802 2553 2867 ἑνὸς,
2579 2803 2606 2853 ὁ
2639 2800 2738 2871 μὲν
2771 2794 2853 2860 εἷς
2887 2800 3052 2869 ἄρτος
3080 2797 3241 2851 πάλιν
3273 2796 3582 2861 ἰδιαζόντως
3612 2796 3752 2867 ὑπὲρ

2175 2893 2271 2947 τοῦ
2304 2892 2505 2957 ζῶντος
2529 2891 3069 2962 προσκομισθὴσεται
3095 2905 3110 2922 ο
3140 2888 3228 2941 Ere
3239 2905 3329 2958 ρος
3352 2888 3409 2941 δὲ
3432 2887 3589 2952 αὖθις
3613 2888 3759 2957 ὑπὲρ

2102 3007 2145 3064 C
2177 2985 2270 3037 τοῦ
2302 2984 2725 3055 τελευτήσαντος
2757 2982 3220 3054 προσαχοήσεται.
3256 2982 3412 3035 Μετὰ
3440 2981 3497 3035 δὲ
3530 2981 3621 3034 τὸν
3657 2979 3762 3034 τοῦ

2180 3075 2542 3147 ὲπιζήσαντος
2589 3076 2841 3141 θάνατον,
2884 3068 2965 3138 εἷς
3012 3074 3175 3128 πάλιν
3230 3073 3370 3144 ὑπὲρ
3430 3073 3758 3157 ἀμφοτέρων

2180 3168 2701 3240 προσενεχθήσεται.

2254 3261 2387 3314 Κατ’
2416 3261 2648 3314 ἕκαστον
2678 3261 2734 3314 δὲ
2766 3259 3065 3325 Σάϐϐατον,
3097 3258 3192 3312 καὶ
3222 3256 3454 3327 σταυρία
3480 3256 3757 3325 ὀφεῦ.ουσι

2181 3350 2645 3422 προσκομίζεσθαι
2678 3350 2819 3422 ὑπὲρ
2848 3350 2956 3403 τῶν
2979 3351 3507 3420 προκεκοιμημένων
3527 3348 3756 3425 γονέων,

2180 3445 2274 3497 καὶ
2304 3444 2531 3507 παίδων,
2571 3443 2666 3495 καὶ
2702 3442 2934 3512 νυμφῶν
2962 3441 3141 3511 ἡμῶν,
3168 3439 3396 3494 καὶτῶν
3418 3442 3496 3502 είς
3530 3440 3590 3492 τὺ
3622 3456 3759 3509 μετ-

2180 3538 2374 3590 έπειτα
2425 3535 2951 3606 κοιμηθησομένων,
3005 3535 3099 3587 ἐπὶ
3144 3535 3258 3596 τοῖς
3311 3533 3607 3602 τέσσαρσιν
3657 3530 3756 3584 ἓν·

2179 3631 2231 3684 οἳ
2270 3630 2361 3683 καὶ
2392 3627 2699 3697 ὀφείλουσιν
2751 3625 3129 3696 ἐγγράφεσθαι
3181 3627 3239 3679 ἐν
3281 3626 3395 3689 τοῖς
3440 3622 3757 3693 διπτύχοις,

2179 3721 2273 3774 καὶ
2300 3718 2743 3789 μνημονεύεσθαι
2769 3718 2911 3771 κατὰ
2936 3717 3036 3786 τὴν
3057 3715 3150 3769 τοῦ
3174 3715 3406 3769 τυπικοῦ
3438 3714 3756 3783 περίληψιν.

2192 3810 2471 3874 Ὡσαύτως
2499 3812 2592 3864 καὶ
2613 3811 2752 3880 ὑπὲρ
2780 3809 2888 3862 τῶν
2910 3808 3128 3874 ζώντων
3165 3809 3259 3863 καὶ
3288 3807 3760 3876 ἀναγραφομένων

2187 3907 2246 3958 ὲν
2276 3907 2389 3967 τοῖς
2415 3903 2697 3974 διπτύχοις
2725 3902 2820 3957 καὶ
2859 3900 2937 3972 τῷ
2967 3899 3184 3967 τυπικῷ
3203 3918 3215 3930 ·
3246 3901 3342 3953 καὶ⁸
3368 3899 3488 3953 καθ’
3516 3899 3761 3967 ἑκάστην

2179 3994 2488 4066 Κυριακὴν,
2519 3996 2685 4066 ἔτερα
2711 3991 2943 4064 σταυρία
2971 3992 3165 4062 ἐπίσης
3194 3993 3307 4055 τοῖς
3332 3987 3760 4061 κεκοιμημένοις

2180 4088 2773 4160 προσκομισθήσονται.

2758 4221 3008 4276 ΚΕΦΛΛ.
3049 4222 3173 4275 AE’.

505 4327 582 4383 De
639 4330 772 4383 hora
835 4346 1012 4396 nona,
1079 4337 1406 4412 vespertino,
1477 4346 1527 4391 et
1587 4342 1914 4412 paunycltide
1970 4346 2074 4399 sive

2184 4339 2316 4407 Περὶ
2350 4337 2459 4407 τῆς
2500 4336 2757 4404 ἑννάτης
2787 4335 2972 4412 ὥρας1
2999 4331 3343 4402 ἑσπερινοῦ,
3389 4328 3487 4385 καὶ
3529 4344 3761 4383 παννυ-

1153 4405 1445 4475 pervigilio.

567 4534 834 4591 Volumus
881 4545 940 4591 ut
1001 4537 1430 4597 mesoria.hor:e
1464 4554 1622 4594 nonae
1664 4541 1717 4595 in
1748 4542 2078 4598 dormitorio

500 4638 687 4684 vestro
744 4629 999 4684 similiter
1049 4630 1373 4700 psallantur,
1410 4647 1579 4701 parvo
1635 4633 1792 4701 signo
1841 4635 2076 4704 pulsato.

498 4719 708 4775 Nonam
740 4738 872 4776 vero
900 4723 1088 4776 horam
1114 4723 1342 4792 psallere
1377 4739 1476 4779 vos
1510 4734 1730 4795 oportet
1752 4726 1895 4781 sicut
1916 4727 2079 4782 horas

500 4813 569 4870 de
611 4815 815 4885 quibus
867 4818 1125 4886 superius
1173 4826 1463 4874 tractatum
1513 4827 1616 4883 est,
1655 4834 1780 4874 cum
1827 4822 2080 4877 mesoriis

500 4907 639 4976 cjus,
680 4918 738 4963 et
772 4908 1121 4973 reverentiis,
1147 4909 1304 4979 signo
1337 4924 1531 4965 onmes
1563 4910 1632 4965 de
1672 4926 1826 4966 more
1872 4926 2081 4966 convo«

501 5009 681 5055 cante.
732 5001 1059 5071 VeSpertina
1102 5018 1235 5057 vero
1272 5002 1394 5057 laus
1426 5018 1456 5057 a
1502 5003 1662 5059 vobis
1710 4998 2077 5073 persolvetur,

505 5100 568 5144 ut
600 5093 655 5147 in
689 5092 990 5165 Synaxario
1029 5095 1372 5161 declaratur;
1400 5103 1456 5150 et
1482 5098 1744 5154 continuo
1780 5098 2081 5169 pannychis

502 5182 615 5237 sive
661 5184 1032 5254 pervigilium.
1085 5185 1538 5256 Quandoquidem
1583 5198 1765 5243 autem
1800 5188 1964 5242 hodie
2020 5188 2077 5242 in

502 5276 865 5353 pannyt-hide,
906 5294 1002 5333 sex
1061 5280 1301 5349 troparia
1361 5281 1417 5335 in
1457 5280 1954 5351 singulis,canticis
1982 5295 2078 5334 ca-

502 5371 735 5425 nuntur,
768 5373 893 5433 post
915 5375 1164 5421 nostrum
1192 5369 1259 5423 ad
1296 5370 1467 5427 Deum
1490 5370 1818 5434 discessum,
1840 5379 2080 5439 quatuor

504 5450 659 5519 quid:
682 5470 732 5506 m
761 5455 915 5523 juxta
954 5455 1314 5529 Synaxarium
1350 5460 1753 5527 cantabuntur,
1806 5460 1917 5517 duo
1946 5477 2077 5519 vero

510 5552 670 5598 erunt
700 5544 944 5604 funerea.

2874 4405 3065 4475 χίδος.

2269 4543 2547 4606 Ὡσαύτως
2585 4542 2686 4595 -καὶ
2713 4542 2782 4595 τὰ
2834 4542 2930 4611 τῆς
2976 4541 3203 4607 ivvit-:12;
3245 4537 3394 4609 ὥρας
3426 4532 3675 4607 μεσώρια
3701 4536 3761 4587 ὲν

2179 4635 2259 4705 τῷ
2290 4635 2633 4705 κοιμητηρίῳ
2658 4634 2813 4703 ὑμῶν
2848 4631 3148 4702 ψάλλεσθαι
3174 4628 3625 4700 βουλόμεθα,·τοῦ
3672 4643 3763 4696 μι-

2181 4728 2316 4800 κροῦ
2375 4729 2642 4798 συμϐόλου
2696 4726 3050 4800 κρουομένου.
3099 4726 3212 4796 Τήν
3248 4742 3312 4794 γε
3373 4725 3481 4794 μὴν
3526 4721 3764 4793 ὲννάτην

2180 4819 2329 4891 ὥραν
2361 4820 2586 4890 ψάλλειν
2636 4819 2778 4889 ὑμᾶς
2815 4819 2915 4881 δεῖ,
2958 4815 3142 4880 καθὼς
3181 4816 3278 4870 καὶ
3329 4817 3429 4879 τὰς
3464 4811 3764 4884 προδιαλη-

2181 4912 2409 4980 φοείσας
2441 4911 2613 4981 ὥρας,
2663 4912 2803 4979 μετά
2845 4927 2904 4962 τε
2947 4910 3056 4962 τῶν
3099 4907 3386 4979 μεσωρίων
3423 4905 3617 4974 αὐτῆς,
3663 4902 3764 4957 καὶ

2180 5005 2291 5058 τῶν
2332 5004 2656 5074 μετανοιῶν,
2689 5002 2783 5055 τοῦ
2817 5003 3171 5073 σημαντῆρος
3211 5001 3392 5063 πάσας
3428 4997 3766 5066 συγκαλοῦν-

2180 5113 2277 5159 τος
2311 5096 2388 5159 ὡς
2438 5095 2581 5159 ἔθος.
2625 5095 2791 5148 Καὶὸ
2841 5094 3130 5165 ἑσπερινὸς
3172 5093 3229 5147 δὲ
3261 5092 3432 5164 ὕμνος
3477 5090 3621 5144 κατὰ
3659 5088 3763 5159 τὴν

2181 5190 2274 5244 τοῦ
2323 5189 2658 5260 Συναξαρίου
2704 5189 2834 5259 ὑμῖν
2864 5187 3190 5257 τελούμενος
3222 5186 3374 5239 ἔσται
3420 5183 3718 5253 περίληψιν
3742 5197 3759 5214 ·

2181 5282 2275 5334 καὶ
2307 5280 2595 5343 συναπτῶς
2631 5282 2661 5347 ἡ
2709 5278 2992 5348 παννυχίς.
3041 5276 3194 5330 Ἐπεὶ
3221 5276 3278 5330 δὲ
3322 5276 3563 5345 σήμερον
3605 5274 3664 5326 ὲν
3690 5275 3760 5343 τῇ

2182 5372 2465 5441 παννυχίδι
2509 5370 2569 5434 ἓξ
2606 5371 2885 5441 τροπάρια
2931 5367 3050 5422 καθ’
3076 5368 3315 5438 ἑκάστην
3344 5366 3487 5437 ᾠδὴν
3526 5363 3764 5435 ψάλλον-

2181 5481 2294 5530 ται,
2331 5460 2470 5531 μετὰ
2502 5460 2599 5531 τὴν
2626 5460 2781 5531 ἡμῶν
2812 5461 2948 5532 πρὸς
2978 5459 3182 5530 Κύριον
3213 5455 3482 5529 ἐκδημίαν
3506 5470 3523 5485 ⁶
3557 5454 3629 5508 τὰ
3657 5453 3752 5524 μὲν

2183 5553 2426 5623 τέσσαρα
2473 5550 2742 5620 ὀφείλουσι
2775 5549 3074 5621 ψάλλεσθαι
3113 5549 3255 5607 κατὰ
3297 5548 3357 5605 τὸ
3402 5544 3762 5614 Συναξάριον,

2186 5645 2255 5700 τὰ
2284 5644 2342 5699 δὲ
2387 5642 2479 5698 δύο
2507 5640 2645 5701 εἶναι
2684 5643 3019 5718 νεκρὼσιμα.
