4092 6202
363 328 499 394 1057

939 436 1188 490 usam.
1222 436 1364 502 Aq'.

763 531 901 598 Περὶ
937 529 1055 584 τῶν
1103 529 1520 584 Ἀποδείπνων.

437 644 502 696 Ἢ
534 642 592 695 δέ
632 660 696 710 γε
753 642 862 695 τῶν
899 641 1268 695 Ἀποδείπνων
1329 640 1624 694 ἀκολουθία
1682 639 1819 708 μετά
1873 639 1934 691 τὸ

355 735 571 786 δεῖπνον
627 735 756 803 ὑμῖν
802 734 1188 804 τελεσθήσεται
1242 733 1301 785 ἐν
1348 732 1426 802 τῷ
1482 731 1586 800 τῆς
1638 729 1933 800 ἐκκλησίας

355 823 689 894 ἐξωάρθηκι,
742 826 800 876 ὲν
834 817 878 892 ᾧ
928 825 1022 877 καὶ⁵
1079 824 1147 877 τὰ
1195 823 1398 891 γόνατα
1445 821 1659 876 κλιτέον
1687 822 1851 892 ὑμῖν·
1885 821 1932 873 εἰ

358 917 528 986 μήγε
555 916 636 983 τὸ,
679 937 697 968 ι
739 916 871 980 Θεὸς
908 915 1134 986 Κύριος,
1179 935 1198 968 ›
1241 915 1523 984 ψάλλοιτο.

940 1026 1192 1079 ΚΕΦΑΛ.
1228 1022 1353 1078 ΛΖ’.

604 1115 743 1183 Περὶ
772 1115 882 1185 τῆς
913 1114 1272 1184 νυκτερινῆς
1297 1116 1684 1181 ἀκολουθίας.

428 1222 540 1274 Καὶ
596 1223 732 1291 μετὰ
790 1223 890 1292 τὴν
939 1223 1048 1277 τῶν
1097 1225 1467 1278 Ἀποδείπνων
1519 1225 1934 1296 συμπλήρωσιν,

357 1314 450 1366 τοῦ
485 1315 675 1382 ἱερέως
712 1314 811 1384 τὴν
847 1315 1050 1386 συνήθη
1091 1318 1410 1382 ἐπειπόντος
1433 1319 1620 1390 εὐχὴν,
1652 1319 1809 1387 ὑμεῖς
1839 1320 1938 1388 μὲν

358 1405 451 1457 ἐπὶ
483 1406 775 1474 πρόσωπον
802 1408 882 1470 είς
903 1408 1008 1477 γῆν
1033 1411 1286 1461 πεσεῖσθε
1312 1411 1680 1480 προσέχουσαι
1705 1413 1770 1482 τῇ
1801 1409 1936 1463 καθ-

355 1498 654 1567 ηγουμένῃο
689 1497 906 1568 ἐκείνης
934 1499 990 1551 δὲ
1025 1503 1160 1570 πρὸς
1197 1502 1342 1570 ὑμᾶς
1401 1502 1688 1572 εἰπούσης,
1736 1520 1754 1553 ι
1796 1503 1935 1570 Συγ-

358 1587 643 1657 χωρήσατέ
676 1604 768 1656 μοι
794 1590 850 1640 ὲν
882 1590 1093 1662 Κυρίῳ,
1128 1591 1353 1659 ἀδελφαί
1380 1607 1392 1620 ⁸
1426 1593 1676 1662 ἥμαρτον
1704 1592 1815 1663 γὰρ
1843 1594 1936 1646 καὶ

354 1677 522 1747 ἔργῳ,
574 1680 670 1732 καὶ⁴
722 1679 886 1748 λόγῳ,
949 1684 1037 1734 καὶ
1087 1684 1231 1735 κατά
1284 1683 1559 1736 διάνοιαν·
1603 1702 1620 1734 ι
1675 1685 1938 1754 κάκείνης

1803 323 2157 384 TYPICUM.

1969 440 2020 494 A

3489 326 3624 392 1063

2589 430 2813 486 CAPUT
2853 427 3091 484 XXXVI.

2372 521 2444 576 De
2473 522 2762 592 Apodipuis
2787 538 2878 574 seu
2919 519 3290 590 Completorio.

2107 635 2462 706 Completorii
2493 634 2731 692 cilicium
2764 647 2887 707 post
2915 651 3128 692 coenam
3158 653 3189 690 a
3228 636 3387 692 vobis
3409 640 3624 708 persol-

2041 739 2202 785 vetur
2227 730 2280 784 in
2309 729 2569 785 exteriori
2611 731 2861 785 ecclesia:
2885 730 3193 796 vestibulo;
3230 731 3286 784 in
3316 746 3426 800 quo
3455 733 3624 787 etiam

2037 837 2216 890 genua
2241 821 2392 876 vobis
2424 819 2692 876 ﬂectenda
2727 830 2857 876 sunt
2888 841 2902 876 :
2933 821 3040 876 nisi
3077 841 3094 873 ι
3132 823 3276 876 Deus
3303 823 3569 878 Dominus
3597 843 3616 876 ι

2041 914 2331 982 psallatur.

2557 1026 2784 1082 CAPUT
2825 1025 3093 1080 XXXVII.

2530 1118 2610 1172 De
2641 1127 2898 1171 nocturno
2929 1117 3116 1186 o/ﬁcio.

2109 1228 2377 1283 Absoluto
2415 1227 2811 1298 Completorio,
2855 1237 3146 1299 postquam
3180 1223 3439 1287 sacerdos
3489 1248 3623 1289 con-

2040 1324 2250 1368 suetam
2295 1316 2600 1370 orationem
2638 1317 2862 1381 dixerit,
2913 1334 3012 1372 vos
3042 1319 3264 1387 quidem
3313 1321 3368 1375 in
3408 1324 3618 1378 vultum

2039 1405 2104 1458 ad
2133 1415 2334 1458 terram
2366 1405 2668 1474 procidetis
2698 1405 2968 1475 pra-tecta:
2991 1407 3344 1463 attendentes
3374 1426 3386 1461 :
3410 1418 3466 1464 et
3495 1427 3618 1465 cum

2041 1496 2132 1550 illa
2162 1497 2320 1551 vobis
2359 1496 2563 1551 dixerit
2590 1515 2603 1552 :
2644 1516 2662 1548 ι
2702 1497 2972 1568 Ignoscite
3006 1498 3140 1551 mihi
3172 1501 3224 1551 in
3250 1501 3504 1564 Domino,
3537 1516 3625 1556 so-

2041 1604 2216 1653 rores,
2254 1590 2476 1658 peccavi
2503 1589 2650 1644 enim
2683 1605 2870 1660 opere,
2908 1591 3078 1645 verbo
3107 1600 3162 1645 et
3193 1593 3556 1662 cegitatione;
3596 1612 3614 1643 ι

2041 1697 2103 1736 ac
2135 1697 2234 1751 pro
2264 1683 2422 1737 vobis
2454 1684 2718 1748 oraverit,
2762 1684 2992 1738 dicens:
3049 1703 3066 1735 ι
3106 1684 3250 1739 Deus
3278 1701 3376 1755 per
3415 1686 3622 1740 oratio-

355 1768 735 1840 ἔπευξαμένης
771 1772 899 1841 ὑμῖν
947 1775 1039 1824 καὶ
1089 1773 1351 1844 εἰπούσης
1376 1791 1389 1804 ·
1433 1793 1452 1827 ι
1500 1775 1560 1828 ὐ
1593 1775 1726 1839 Θεὸς
1749 1777 1816 1830 δι’
1845 1779 1932 1830 εὑ-

2037 1789 2138 1828 nes
2187 1773 2409 1828 Patrum
2462 1785 2780 1831 nostrorum
2811 1775 3062 1847 ignoscat
3088 1778 3348 1832 omnibus
3374 1779 3555 1842 nobis,
3595 1797 3612 1828 ι

354 1860 468 1930 χῶν
497 1862 606 1914 τῶν
637 1865 890 1933 πατέρων
915 1863 1070 1933 ἡμῶν
1096 1869 1449 1936 συγχωρήσαι
1480 1867 1683 1930 πάσαις
1705 1870 1841 1938 ἡμῖν
1867 1885 1880 1900 ο
1907 1887 1926 1922 ι

354 1953 529 2015 οὕτως
561 1955 878 2024 ἀπάρξασθε
915 1958 1013 2026 τῆς
1041 1959 1360 2029 νυκτερινῆς
1411 1961 1754 2026 ἀκολουθίας,
1793 1962 1936 2016 κατὰ

353 2045 446 2098 τὸν
477 2047 647 2098 τύπον
689 2048 769 2110 εἰς
801 2049 861 2100 τὸ
900 2050 1264 2120 κοιμητήριον
1299 2051 1651 2121 ἀφικόμεναι,
1698 2055 1807 2107 εἴτε
1852 2056 1938 2106 ἐν·

354 2138 446 2199 τὸς
492 2137 587 2190 τοῦ
637 2138 1022 2208 κοιμητηρίου,
1067 2141 1179 2194 εἴτε
1230 2142 1387 2205 ἐκτὸς
1439 2145 1683 2197 ἐκτελεῖν
1726 2145 1935 2216 ταύτην

355 2227 668 2296 ὀφείλουσαι
694 2247 707 2262 ·
740 2231 922 2294 καθὼς
972 2231 1038 2283 ἂν
1067 2231 1095 2284 ὅ
1129 2250 1186 2285 τε
1228 2233 1417 2304 καιρὸς
1447 2236 1727 2305 ἁπαιτοίη,
1773 2238 1868 2290 καλ⁵
1899 2240 1933 2308 ἡ

357 2319 748 2392 καθηγουμένη
801 2323 1044 2393 βούλοιτο
1069 2343 1083 2356 ο
1111 2326 1178 2397 ἣν
1221 2322 1670 2398 ἐκπληρώσασαι,
1707 2328 1936 2400 πλήρεις

355 2411 696 2486 εὐφροσύνης
725 2418 1106 2488 πνευματικῆς
1137 2419 1213 2482 εἰς
1254 2417 1418 2471 ὕπνον
1451 2420 1823 2491 τραπήοεσθε.

939 2530 1186 2582 ΚΕΦΛΛ.
1219 2531 1349 2583 AH'.

581 2621 720 2688 Περὶ
747 2620 858 2691 τῆς
891 2621 1301 2691 μεσονυκτίου
1331 2623 1716 2689 ἀκολουθίας.

443 2731 530 2785 Ἐν
563 2735 741 2806 καιρῷ
784 2737 840 2790 δὲ
871 2739 1201 2807 προσήκοντι
1245 2738 1342 2806 τῆς
1381 2737 1642 2807 τελούσης
1689 2739 1790 2806 τὴν
1833 2739 1933 2809 τῆς

359 2825 791 2898 ἑκκλησιαρχίας
837 2829 1132 2895 διακονίαν,
1188 2832 1478 2900 μετάνοιαν
1529 2834 1596 2902 τῇ
1653 2832 1932 2901 καθηγου-

359 2917 498 2988 μένῃ
532 2919 850 2990 βαλλούσης,
899 2924 992 2976 καὶ
1034 2923 1094 2975 τὸ
1125 2923 1282 2986 ξύλον
1327 2924 1660 2994 κρουσάσης,
1694 2924 1792 2994 τὴν
1829 2942 1931 2995 με-

360 3011 642 3063 σονυκτίου
682 3011 1006 3067 ἀκολουθίαν
1049 3016 1107 3067 ἐν
1133 3014 1212 3086 τῷ
1244 3014 1447 3086 ἀρθηκι
1487 3016 1587 3085 τῆς
1631 3017 1930 3088 ἐκκλησίας

2038 1865 2118 1919 sic
2154 1865 2489 1920 inchoabitis
2535 1876 2870 1923 nocturnum
2902 1867 3162 1934 ofﬁcium,
3191 1871 3346 1940 juxta
3386 1870 3617 1924 formam

2037 1957 2102 2010 ad
2137 1957 2528 2013 dormitorium
2558 1969 2878 2030 pergentes;
2907 1969 2962 2014 et
2993 1961 3106 2014 sive
3127 1961 3292 2024 intra,
3322 1961 3436 2014 sive
3461 1970 3616 2014 extra

2037 2045 2421 2100 dormitorium
2456 2047 2588 2102 illud
2643 2049 2864 2118 explere
2899 2048 3136 2112 debetis,
3183 2057 3243 2102 ut
3273 2058 3493 2118 tempus
3515 2064 3617 2119 po-

2037 2137 2275 2199 stularit,
2302 2148 2358 2192 et
2381 2148 2440 2192 ut
2461 2139 2714 2208 praetecta
2739 2140 3012 2206 voluerit;
3043 2140 3189 2210 quod
3221 2156 3344 2196 cum
3367 2141 3624 2209 expleve-

2038 2227 2182 2294 ritis,
2226 2229 2400 2298 plenae
2440 2228 2644 2284 laetitia:
2675 2230 2985 2298 spiritualis
3016 2246 3212 2286 somno
3255 2247 3355 2286 vos
3391 2231 3616 2287 dabitis.

2555 2545 2780 2601 CAPUT
2816 2545 3104 2600 XXXVIII.

2477 2635 2554 2690 De
2580 2637 2750 2706 olﬁcio
2782 2638 2963 2691 media:
2990 2637 3178 2690 noctis.

2106 2756 2363 2826 Congruo
2398 2766 2666 2826 tempore,
2717 2771 2842 2810 cum
2878 2770 2940 2810 ea
2974 2772 3096 2826 quae
3126 2756 3369 2811 ecclesiae
3403 2772 3616 2826 praepo-

2037 2848 2215 2903 situra
2261 2847 2531 2915 fungitur,
2574 2849 2940 2902 reverentiam
2984 2847 3255 2916 praetecta:
3293 2849 3508 2912 fecerit,
3561 2857 3618 2902 et

2034 2943 2243 3013 lignum
2274 2940 2603 3011 pulsaverit;
2634 2951 2922 3009 postquam
2951 2940 3018 2994 ad
3059 2940 3306 2994 ecclesia:
3336 2941 3616 2994 artliecem

2034 3048 2131 3088 seu
2163 3032 2498 3088 vestibulum
2529 3032 2887 3095 adveneritis,
2927 3031 3122 3087 mediae
3152 3031 3332 3086 noctis
3375 3031 3614 3086 oﬂicium

357 3104 815 3173 παραγενόμεναι,
850 3107 1185 3161 ὲκτελέσετε.
1225 3107 1360 3160 Οὐδὲ
1392 3108 1563 3178 αὐτῆς
1589 3108 1692 3178 τῆς
1718 3108 1928 3164 διυπνι-

2037 3121 2382 3191 persolvetis,
2413 3135 2482 3174 ne
2516 3119 2631 3189 ipsa
2684 3120 2910 3188 quidem
2941 3135 3062 3188 quae
3096 3135 3194 3173 vos
3225 3120 3486 3174 excitavit
3512 3120 3615 3174 ab-

357 3193 528 3264 σάσης
578 3197 722 3265 ὑμᾶς
776 3199 1324 3270 ἀπολιμπανομένης,
1379 3200 1494 3253 ἀλλ’
1547 3199 1666 3270 ἃμα.
1711 3219 1773 3255 τε
1833 3205 1929 3257 σὺν

357 3284 484 3355 ὑμίν
535 3286 879 3357 ψαλλούσης,
929 3291 1023 3342 καὶ
1067 3290 1165 3351 τὰς
1215 3289 1312 3341 τοῦ
1362 3289 1492 3342 ναοῦ
1558 3295 1931 3360 φωταγωγοὺς

355 3380 724 3450 ἀναπτνιύσης.
767 3379 878 3448 Τῆς
903 3380 958 3432 δὲ
993 3381 1351 3448 μεσονυκτίου
1381 3381 1653 3449 ὑμνῳδίας
1689 3383 1817 3448 ὑμῖν
1845 3399 1931 3434 τε·

359 3469 692 3538 λεισθείσης,
756 3471 1154 3540 κρουσθησεται
1211 3471 1272 3521 τὸ
1325 3470 1469 3538 μέγα
1519 3473 1929 3539 σημαντήριον,

357 3561 584 3627 προσέτι
623 3561 678 3611 δὲ
712 3560 804 3611 καὶ
844 3559 907 3610 τὸ
955 3558 1192 3628 χαλκοῦν
1218 3575 1231 3588 ο
1267 3560 1360 3611 καὶ
1406 3558 1579 3623 οὕτως
1624 3560 1932 3628 ἀπάρξεσθε

355 3651 454 3718 τῆς
483 3647 744 3718 ὀρθρινῆς
792 3648 1140 3713 ἀκολουθίας,
1179 3643 1246 3720 ἧς
1281 3650 1314 3719 ἡ
1361 3647 1582 3719 ἕναρξις
1622 3650 1821 3721 ἐφεξῆς
1851 3654 1930 3705 εί-

359 3743 610 3810 ρήσεται.

941 3856 1189 3912 ΚΕΦΛΛ.
1223 3858 1346 3913 ΛΘ’.

741 3953 878 4018 Περὶ
923 3951 1219 4020 ἐιτίρξεως
1266 3955 1543 4022 Ὄρθρου.

428 4066 581 4120 Μετὰ
618 4067 673 4117 δὲ
706 4064 766 4116 τὸ
801 4064 1139 4133 κρουσθῆναι
1166 4067 1224 4117 τὸ
1256 4067 1492 4136 χαλκοῦν
1531 4073 1929 4142 σημαντήριον,

355 4157 384 4207 ὁ
413 4156 592 4225 ἱερεὺς
628 4155 915 4222 εὐλογήσει
958 4155 1048 4205 τὸν
1077 4153 1232 4217 Θεὸν,
1274 4157 1366 4210 τὸν
1410 4158 1580 4211 τύπον
1608 4162 1704 4213 τοῦ
1749 4166 1930 4233 τιμίου

361 4245 593 4316 σταυρυῦ
627 4245 935 4314 ἔμπροσθεν
965 4245 1064 4313 τῆς
1096 4249 1258 4314 ἁγίας
1292 4250 1573 4320 τραπέζης
1609 4253 1684 4321 τῷ
1732 4253 1933 4324 θυμια-

356 4335 529 4404 τηρεῖν
566 4334 771 4387 τυπῶν.
822 4330 954 4386 Εἶτα
989 4335 1104 4402 ἅμα
1133 4339 1197 4406 τῇ
1231 4337 1325 4390 τοῦ
1355 4339 1490 4392 Θεοῦ
1523 4341 1750 4407 αἰνέσει,
1777 4361 1933 4415 τρισ-

2034 3220 2212 3276 sente,
2244 3209 2340 3263 sed
2374 3225 2482 3262 una
2510 3209 2798 3262 vobiscum
2826 3209 3112 3277 psallente,
3145 3218 3200 3261 et
3231 3210 3417 3276 templi
3453 3209 3617 3262 lumi-

2033 3300 2188 3352 naria
2237 3297 2598 3352 accendente.
2636 3298 2865 3365 Expleto
2913 3306 3096 3352 autem
3141 3313 3171 3350 a
3219 3298 3372 3352 vobis
3420 3299 3617 3354 media:

2033 3388 2214 3442 noctis
2237 3398 2428 3448 cantu,
2453 3403 2711 3457 magnum
2747 3387 2962 3456 signum
2992 3387 3321 3454 pulsabitur,
3357 3403 3419 3441 ac
3458 3387 3611 3442 insu-

2034 3493 2152 3546 per,
2187 3493 2401 3532 teneum
2438 3495 2450 3531 :
2487 3486 2542 3531 et
2574 3477 2654 3533 sic
2678 3477 2954 3545 incipietis
2984 3477 3315 3532 matutinum
3348 3478 3610 3544 oﬂicium,

2033 3566 2101 3622 de
2125 3567 2286 3638 cujus
2312 3567 2470 3623 initio
2494 3567 2758 3637 deinceps
2783 3567 3025 3622 dicetur.
3614 3585 3616 3587 ·

2564 3878 2793 3936 CAPUT
2833 3877 3078 3932 XXXIX.

2539 3971 2617 4027 De
2652 3974 2800 4028 initio
2828 3971 3104 4025 Matutini.

2107 4084 2399 4152 Postquam
2431 4098 2645 4138 :eneum
2681 4083 2897 4152 signum
2929 4082 3203 4150 pulsatum
3228 4079 3614 4144 fuerit,sacer-

2035 4175 2136 4229 dos
2194 4175 2488 4230 benedieet
2539 4176 2735 4237 Deum,
2775 4174 3004 4241 ﬁguram
3054 4173 3382 4226 veneranda:
3432 4173 3614 4227 crucis

2035 4281 2217 4319 coram
2261 4274 2447 4319 saneta
2480 4278 2692 4328 mensa,
2724 4263 3008 4317 tliuribulo
3037 4262 3353 4316 eﬂ‘ormans.
3382 4262 3612 4326 Dehinc,

2039 4373 2143 4410 una
2177 4373 2301 4411 cum
2340 4355 2435 4410 Dei
2463 4356 2626 4410 laude
2657 4355 2880 4424 trisagio
2910 4369 2937 4406 a
2961 4353 3120 4409 vobis
3144 4355 3314 4418 dicto,
3339 4355 3612 4408 decimum

358 4426 512 4492 αγίου
559 4425 852 4492 γενομένου
905 4426 1035 4492 παρ’
1081 4425 1258 4493 ὑμῶν,
1304 4428 1395 4479 τὸν
1442 4431 1926 4487 ἐννεακαιδέκατον

2035 4465 2240 4502 nonum
2296 4457 2351 4502 et
2396 4447 2720 4502 vicesimum
2787 4447 3059 4515 psalmum
3112 4447 3438 4508 cantabitis,
3488 4463 3612 4500 cum

360 4516 452 4566 καὶ
511 4513 756 4564 εἰκοστὸν
811 4512 1025 4580 ψαλμὸν
1076 4512 1293 4582 ᾇσεσθε,
1354 4517 1630 4584 μετὰτῶν
1681 4524 1929 4592 συνήθων

358 4607 678 4675 τροπαρίων
705 4606 796 4656 καὶ
825 4604 938 4666 τοῦ,
992 4623 1009 4654 ι
1050 4606 1246 4675 Κύριε,
1278 4605 1523 4676 ἐλέησον,
1567 4629 1585 4660 ι
1614 4612 1688 4673 ὼς
1727 4609 1840 4666 οἷόν
1869 4632 1928 4667 τε

363 4700 502 4767 μετὰ
556 4698 800 4764 ἰσότητος
863 4700 956 4748 καὶ
1018 4698 1314 4769 προσοχῆς.
1389 4699 1550 4752 Ἀλλὰ
1605 4702 1778 4755 ταῦτα
1833 4709 1931 4774 μὲν

360 4795 574 4845 ἔσονται
611 4790 923 4858 ψαλλόμενοι
959 4792 1088 4859 παρ’
1117 4791 1287 4860 ὑμῶν,
1331 4792 1442 4844 ἔστ’
1487 4796 1552 4846 ἂν
1581 4796 1609 4847 ὁ
1644 4797 1931 4864 κράτιστός

367 4902 470 4955 μου
501 4882 754 4952 βασιλεὺς
783 4884 840 4934 ἐν
875 4885 987 4944 τοῖς
1032 4881 1197 4945 ζῶσιν
1285 4899 1298 4912 ·
1331 4884 1415 4953 είη
1460 4885 1515 4936 δὲ
1545 4887 1930 4957 ὲπιμήκιστον,

358 4974 402 5031 ὦ
428 4979 599 5046 Κύριε
623 4976 716 5028 καὶ
740 4976 968 5026 Θεοτὸκε
989 4992 1002 5004 °
1029 4977 1246 5030 ἐπειδὰν
1277 4978 1334 5029 δὲ
1361 4969 1480 5029 τῶν
1513 4979 1640 5048 τῇδε
1669 4983 1930 5051 μεταστῇ,

357 5072 565 5140 ψαλμοὶ
628 5069 726 5137 μὲν
778 5067 907 5135 ὑμῖν
953 5067 1204 5135 ᾀδόμενοι
1253 5069 1488 5132 ἔσονται,
1541 5070 1622 5133 τὸ,
1663 5088 1682 5120 ι
1731 5071 1932 5142 Κύριος

357 5162 634 5230 ποιμαίνει
668 5176 734 5226 με
759 5173 772 5187 ·
814 5176 831 5208 ι
861 5160 956 5210 καὶ
980 5158 1060 5221 τὸ,
1093 5176 1110 5208 ι
1151 5159 1242 5210 Σοὶ
1263 5151 1476 5229 ’πρέπει
1509 5159 1698 5230 ὕμνος,
1727 5163 1754 5213 ὁ
1775 5161 1927 5226 Θεὸς,

2032 4538 2212 4592 solitis
2245 4537 2522 4606 tr0pariis,
2556 4545 2612 4591 et
2650 4554 2668 4586 ι
2705 4536 2870 4604 Kyrie
2901 4535 3130 4595 eleison,
3167 4554 3184 4584 ι
3227 4551 3353 4588 cum
3387 4535 3612 4602 aequali-

2034 4639 2145 4684 tate
2195 4638 2249 4682 et
2303 4627 2628 4692 attentione,
2683 4627 2863 4698 quoad
2910 4627 3026 4682 ﬁeri
3067 4628 3290 4704 poterit.
3349 4629 3452 4680 Sed
3500 4625 3612 4680 luec

2036 4725 2260 4795 quidem
2302 4739 2331 4776 a
2359 4721 2515 4776 vobis
2544 4721 2870 4791 psallentur,
2916 4720 3092 4773 donec
3128 4718 3612 4789 praestantissimus

2033 4831 2192 4870 meus
2231 4815 2529 4883 imperator
2567 4813 2622 4866 in
2665 4811 2804 4864 vivis
2862 4811 3030 4864 fuerit
3077 4811 3152 4878 (id
3198 4825 3328 4863 vero
3365 4809 3612 4862 diutissi-

2034 4923 2183 4961 mum
2216 4907 2308 4972 sit,
2351 4921 2384 4958 o
2416 4905 2667 4967 Domine,
2699 4913 2755 4956 et
2788 4902 3073 4972 Deipara);
3114 4911 3400 4969 postquam
3425 4909 3610 4952 autem

2034 4999 2165 5052 hinc
2199 4997 2496 5052 translatus
2520 4997 2706 5059 fuerit,
2743 4995 2795 5048 hi
2831 4994 3028 5048 Psalmi
3059 5010 3088 5047 a
3116 4992 3270 5045 vobis
3304 4990 3608 5046 cantabun-

2034 5093 2170 5138 tur:
2214 5103 2234 5136 ι
2280 5085 2542 5139 Dominus
2590 5084 2763 5153 pascit
2813 5098 2899 5136 me
2934 5084 2998 5147 “,
3054 5100 3072 5134 ι
3129 5091 3232 5135 et:
3289 5099 3307 5131 ι
3346 5081 3422 5135 Te
3451 5081 3610 5134 decet

2028 5175 2287 5246 hymnus,
2327 5177 2470 5230 Deus
2515 5178 2567 5228 in
2603 5175 2735 5227 Sion
2773 5174 2877 5228 ³⁷.»
2916 5174 3179 5242 Troparia
3211 5187 3364 5236 vero,
3406 5182 3461 5226 et
3491 5171 3607 5240 ipsa

357 5253 415 5303 ὲν
447 5250 604 5302 Σιών.
635 5248 947 5317 »Τροπὰρια
966 5248 1019 5300 δὲ
1043 5249 1135 5300 καὶ
1166 5249 1304 5302 αὐτὰ
1329 5251 1682 5322 ἅναπαύσιμα
1703 5267 1717 5283 ο
1746 5271 1763 5302 ι
1782 5253 1932 5322 Μνη-

2035 5265 2257 5321 lunerea
2284 5284 2298 5320 :
2334 5267 2653 5332 «Memento,
2674 5265 2926 5321 Domine.
2951 5267 3024 5319 Da
3061 5265 3329 5334 requiem,
3357 5262 3608 5317 Salvator

362 5343 542 5410 σθητι,
579 5341 768 5412 Κύριε.
813 5342 1171 5406 Ἀνάπαυσον,
1195 5343 1383 5414 Σωτὴρ
1418 5344 1597 5414 ἡμῶν.
1632 5345 1792 5412 Δόξα.
1820 5348 1931 5400 Καὶ

359 5452 472 5489 νυν.
515 5454 533 5486 ι

430 5527 584 5582 Μετὰ
615 5527 668 5580 δὲ
705 5527 765 5580 τὸ
785 5525 1100 5598 τελεσθῆναι
1125 5527 1186 5581 τὸ
1210 5531 1513 5600 τρισάγιον,
1544 5534 1576 5605 ἡ
1601 5535 1931 5606 ἐκκλησιάρ-

429 5709 476 5740 ”
501 5709 640 5766 Psal.
671 5723 830 5776 cxxv,
857 5713 907 5765 l.
985 5713 1030 5745 "
1067 5712 1188 5769 Psal
1248 5729 1388 5778 inv,
1421 5715 1468 5769 l.

2033 5363 2238 5411 noster.
2275 5355 2479 5412 Gloria.
2513 5357 2582 5412 Et
2606 5371 2774 5412 nunc.
2816 5375 2834 5408 ι

2102 5543 2370 5600 Absoluto
2438 5553 2619 5600 autem
2694 5543 2949 5616 trisagio,
3005 5543 3250 5600 ecclesiae
3314 5542 3604 5616 praeposita
