4092 6202
509 303 652 368 1059

1765 291 2056 355 IRENES
2097 289 2477 351 AUGUST/E

3601 291 3751 358 1060

497 412 913 485 hexapsalmum
953 425 1050 465 seu
1097 423 1191 465 sex
1241 408 1481 479 psalmos
1546 405 1797 476 incipiet,
1831 407 1979 461 lente
2027 412 2082 457 et

2205 420 2346 472 [ισσα
2389 399 2484 455 τοῦ
2528 399 2846 471 ἑξαψάλμου
2882 401 2998 472 (58)
3038 402 3344 472 ἀπάρξεται
3387 405 3655 476 σχολαίως
3700 427 3779 464 τε

499 517 706 562 attente
765 502 896 558 illud
946 515 1172 564 canens,
1215 508 1270 555 et
1319 500 1506 568 quieta
1555 497 1903 566 demissaque
1941 509 2078 550 voce

501 597 774 668 psallens;
815 602 872 646 ut
904 591 1130 660 reliquae
1169 589 1309 644 citra
1352 589 1564 658 lapsum
1590 597 1647 642 et
1674 601 1922 642 errorem
1957 600 2076 640 eam

503 686 763 755 subsequi
794 685 1032 747 valeam,
1054 691 1111 737 et
1140 681 1286 751 apud
1304 681 1512 750 scipsas
1536 682 1700 736 verba
1737 679 2080 734 Psalmorum

502 785 688 831 mente
744 773 1046 827 revolvere.
1084 772 1151 825 Et
1183 773 1262 825 sic
1299 779 1422 840 post
1473 771 1753 838 expletum
1795 766 2083 835 hexapsal-

501 883 674 931 mum,
711 866 1031 919 universum
1072 861 1327 916 Matutini
1359 860 1599 916 olIicium
1629 859 1996 928 persolvetur,
2021 865 2082 911 ut

503 959 560 1014 in
624 956 926 1029 Synaxario
981 957 1328 1018 continetur,
1383 952 1531 1022 quod
1596 950 1953 1022 Synaxarium
2013 949 2084 1004 de

503 1058 818 1104 sanctorum
843 1061 1064 1116 quoque
1086 1045 1425 1116 jejuniorum
1451 1042 1632 1097 olIicio
1665 1041 2082 1097 accuratissime

503 1152 605 1192 vos
651 1135 943 1198 edocebit.
981 1151 1199 1189 necnon
1238 1133 1516 1202 quomodo
1567 1132 1726 1187 vobis
1773 1131 2086 1202 peragenda

505 1228 614 1282 sint
645 1243 768 1282 cum
795 1228 922 1293 alia,
951 1237 1064 1281 tum
1091 1227 1312 1297 vigiliae,
1344 1228 1397 1280 in
1429 1224 1579 1280 omni
1607 1224 1915 1291 Dominica,
1940 1224 2084 1279 festo

505 1320 760 1384 Domini,
819 1328 874 1374 et
934 1319 1165 1388 reliquis
1211 1328 1529 1374 sanctorum
1578 1317 1896 1384 memoriis,
1949 1331 2087 1387 quas

505 1420 730 1464 enarrat
765 1409 1159 1479 Synasarium.

578 1591 869 1656 Caeterum,
905 1588 1261 1654 imperatoria
1292 1603 1414 1643 mea
1460 1589 1717 1660 maiestas
1757 1586 1848 1642 hic
1892 1596 2089 1642 vestrae

510 1683 816 1737 inﬁrmitati
844 1698 900 1736 se
927 1690 1319 1751 attemperans,
1348 1679 1494 1734 circa
1523 1678 1734 1750 vigilias
1763 1678 2089 1734 clementius

2189 495 2283 546 καὶ
2312 493 2694 564 προσεκτικῶς
2726 492 2929 565 ᾄδουσα
2960 493 3112 558 αύτδ,
3144 495 3238 548 καὶ
3267 495 3456 568 ἡσύχῳ
3487 497 3782 569 ὑπᾴδουσσ.

2185 589 2252 656 τῇ
2281 586 2432 655 φωνῇ
2457 600 2470 614 ·
2497 584 2562 638 ἵν’
2589 585 2764 654 ἔχοιεν
2787 586 3099 639 ἀκολουθεῖν
3121 587 3256 658 αὐτῇ
3297 590 3352 641 αί
3390 587 3576 642 λοιπαὶ
3595 592 3781 662 ἀπροο

2189 674 2426 737 σκόπως,
2461 675 2555 727 καλ⁵
2595 673 2872 740 ἀπλανῶς,
2907 675 3004 728 καὶ
3036 675 3290 742 διεξιέναι
3320 678 3444 733 καθ’
3471 679 3673 744 ἑαυτὰς
3700 682 3784 734 τὰ

2191 767 2411 836 ῥήματα
2440 765 2550 819 τῶν
2578 765 2844 836 Ψαλμῶν.
2891 767 3047 822 Οὕτω
3081 785 3139 821 τε
3174 770 3312 839 μετά
3352 769 3452 841 τὴν
3506 771 3602 824 τοῦ
3645 772 3786 837 ἑξα-

2188 858 2406 927 ψάλμου
2445 857 2815 930 ἐκπλήρωσιν,
2861 859 2894 929 ἡ
2927 861 3080 913 πᾶσα
3112 859 3206 913 τοῦ
3246 861 3484 932 Ὄρθρου
3537 864 3787 919 ἀκολου-

2193 949 2282 1003 θία
2307 949 2694 1019 τελεσθήσεται
2742 951 2884 1004 κατά
2913 952 3014 1023 τὴν
3044 951 3139 1005 τοῦ
3173 953 3508 1024 Συναξαρίου
3540 956 3790 1026 περίλη-

2190 1043 2317 1114 ψιν·
2361 1045 2498 1115 ὅπερ
2527 1043 2590 1112 δὴ
2647 1043 2980 1114 Συναξάριον
3014 1043 3264 1113 καὶπερὶ
3310 1045 3412 1112 τῆς
3442 1047 3550 1098 τῶν
3597 1047 3788 1114 ἁγίων

2191 1137 2456 1208 νηστειῶν
2495 1135 2840 1198 ἀκολουθίας,
2880 1134 3254 1205 ἀκριϐέστατα
3304 1136 3434 1205 ὑμῖν
3481 1137 3784 1208 ὑποθήσει.

2192 1231 2345 1285 Καθὸ
2375 1232 2472 1286 καὶ
2508 1229 2871 1297 διαπρακτέον
2901 1229 2971 1282 τά
2995 1244 3057 1280 τε
3091 1228 3231 1282 ἄλλα
3262 1229 3414 1299 ὑμῖν,
3456 1229 3552 1282 καὶ
3581 1230 3643 1299 δὴ
3679 1233 3789 1282 καὶ

2193 1322 2292 1384 τάς
2315 1321 2624 1392 ἀγρυπνίας
2661 1323 2718 1373 ὲν
2761 1319 2911 1392 πάσῃ
2946 1320 3198 1389 κυριακῇ
3245 1320 3553 1389 Δεσποτικῇ
3584 1320 3785 1389 ἑορτῇ,

2194 1410 2286 1462 καὶ
2310 1410 2417 1462 τῶν
2447 1408 2651 1464 λοιπῶν
2680 1409 2852 1478 ἁγίων
2883 1409 3151 1479 μνήμαις,
3178 1407 3244 1471 ἃς
3269 1408 3492 1474 διέξεισι
3519 1408 3578 1462 τὸ
3603 1409 3793 1461 Συνα-

2197 1501 2406 1572 ξάριον.

2269 1592 2416 1662 Πλὴν
2453 1591 2691 1646 ἐνταῦθα
2737 1591 3256 1659 συγκαταϐαίνουσα
3301 1593 3333 1663 ή
3389 1591 3636 1662 βασιλεία
3673 1607 3790 1661 μου

2200 1687 2266 1755 τῇ
2298 1684 2555 1755 ἀσθενείᾳ
2587 1683 2763 1753 ὑμῶν,
2797 1686 2891 1736 καὶ
2920 1685 3046 1755 περὶ
3077 1684 3185 1738 τῶν
3212 1683 3795 1754 ἀγρυπνιιῖινισυμπα-

512 1775 793 1845 quidpiam
823 1774 1174 1844 exc0gitavit.
1210 1773 1343 1828 Volo
1370 1775 1519 1828 enim
1544 1781 1600 1826 et
1643 1781 1848 1840 statuo,
1883 1782 1945 1827 ut
1975 1788 2092 1828 om-

2205 1776 2454 1846 θέστερόν
2482 1793 2535 1829 τι
2575 1775 2918 1846 ὲπινενόηκε.
2954 1774 3224 1846 Βούλομαι
3259 1776 3390 1846 γὰρ,
3425 1776 3520 1828 καὶ
3544 1774 3800 1845 διορίζο-

512 1882 610 1920 nes
638 1863 840 1935 vigilia:
860 1865 912 1918 in
938 1865 1092 1920 [estis
1120 1864 1334 1918 Domini
1361 1865 1455 1919 Dei
1479 1873 1535 1918 et
1561 1862 1862 1919 Salvatoris
1894 1863 2094 1928 nostri,

511 1973 725 2012 necnon
760 1957 1079 2012 castissima:
1110 1959 1352 2013 Domina:
1382 1966 1436 2011 et
1466 1957 1710 2028 Deiparzn
1742 1955 2094 2026 peragendae,

513 2066 612 2120 per
645 2058 812 2104 totam
850 2060 1064 2104 noctem
1101 2059 1366 2120 agantur;
1403 2052 1718 2122 pariterque
1769 2050 1951 2122 vigilia
1979 2065 2098 2105 ma-

513 2143 600 2212 gni
627 2143 887 2208 Canonis,
927 2157 1210 2196 sacrarum
1240 2144 1585 2209 Passionum,
1616 2144 1844 2212 insuper
1877 2141 2098 2197 Exalta-

516 2231 680 2286 tionis
711 2232 1037 2286 veneranda:
1071 2234 1272 2298 crucis,
1323 2242 1377 2288 et
1422 2243 1740 2288 sanctorum
1778 2234 2100 2304 corypme-

516 2336 750 2390 rumque
783 2323 1160 2392 apostolorum
1191 2323 1341 2378 Petri
1369 2335 1426 2379 et
1462 2326 1641 2380 Pauli.
1666 2325 1890 2394 Vigilias
1914 2327 2098 2378 autem

518 2429 642 2483 qua:
673 2424 802 2469 ante
829 2415 1148 2470 Doniinicos
1180 2415 1298 2470 dies
1331 2425 1690 2488 peraguntur,
1732 2417 1837 2471 nisi
1867 2431 1992 2469 cum
2018 2415 2100 2484 ip-

516 2507 594 2560 sis
619 2507 816 2560 festum
849 2507 1071 2577 aliquod
1098 2509 1313 2563 Domini
1348 2509 1520 2563 nostri
1553 2517 1868 2573 concurrat,
1913 2518 2102 2562 testate

517 2597 740 2666 quidem
781 2599 940 2653 tertia
976 2599 1136 2663 liora,
1182 2601 1366 2654 hieme
1390 2615 1522 2654 vero
1551 2609 1744 2669 quarta
1764 2598 2100 2668 incipiente,

517 2689 833 2756 explebitis.
869 2688 925 2742 Si
962 2699 1147 2745 autem
1187 2691 1481 2762 contigerit
1509 2693 1645 2746 duas
1671 2691 1725 2744 in
1757 2689 2104 2744 hebdomade

522 2793 633 2831 una
672 2779 887 2848 vigilias
922 2796 1277 2846 concurrere,
1337 2799 1503 2837 unam
1537 2783 1761 2852 quidem
1818 2781 2101 2850 cujusdam

520 2867 648 2922 festi
669 2869 927 2935 ,Domini,
962 2873 1192 2925 alteram
1224 2888 1356 2927 vero
1385 2889 1452 2927 ex
1484 2873 1592 2928 illis
1623 2889 1744 2942 qua:
1776 2873 1831 2926 in
1857 2873 2105 2926 Domini-

521 2958 602 3013 cis
665 2969 882 3014 statuta:
937 2970 1066 3015 sunt
1109 2979 1123 3016 :
1175 2963 1390 3018 Domini
1437 2964 1662 3034 quidem
1717 2965 1961 3035 vigiliam
1989 2965 2104 3019 sive

522 3049 886 3117 praecesserit,
920 3051 1034 3105 sive
1066 3066 1198 3117 non,
1249 3067 1346 3122 per
1375 3063 1543 3108 totam
1584 3062 1799 3108 noctem
1845 3053 1988 3124 exigi
2013 3054 2106 3124 ju-

524 3139 742 3206 bcmus,
792 3141 1090 3198 Dominica:
1126 3158 1255 3198 vero
1295 3145 1535 3215 vigiliam
1587 3156 1738 3200 sexta
1790 3146 1922 3200 hora
1971 3145 2109 3201 inci-

524 3228 712 3298 piente
740 3233 1005 3301 compleri
1050 3251 1064 3288 :
1097 3244 1158 3289 ut
1184 3235 1264 3290 sic
1304 3237 1523 3292 modico
1551 3252 1744 3292 somno
1777 3247 1957 3308 capto,
1993 3238 2110 3294 ala-

520 3319 734 3376 criores
767 3323 820 3375 in
851 3325 1215 3392 sequentibus
1236 3327 1501 3383 evadatis.
1527 3329 1594 3383 Et
1624 3330 1677 3383 in
1711 3332 1980 3386 matutino
2001 3331 2112 3386 dici

531 3415 880 3484 pervigilium
909 3416 1321 3486 subsequentis,
1353 3421 1520 3475 solito
1551 3421 1766 3476 tardius
1805 3421 1961 3491 quasi
2003 3438 2110 3475 una

524 3500 659 3555 hora
690 3518 788 3556 vos
815 3517 1039 3572 surgere
1075 3507 1192 3560 vult
1227 3508 1517 3576 imperium
1553 3524 1758 3571 meum.
1791 3520 1847 3564 et
1883 3510 2108 3564 matuti-

524 3604 658 3642 num
707 3606 906 3658 agere;
940 3601 1000 3646 ut
1045 3609 1277 3664 corpora
1332 3608 1515 3652 vestra
1547 3617 1576 3652 a
1610 3600 1798 3654 labore
1835 3613 2103 3667 recreata,

528 3678 582 3729 in
608 3682 896 3746 pr0prium
935 3697 1128 3736 rursus
1163 3685 1332 3739 robur
1368 3689 1752 3742 restituantur.

2205 1886 2326 1940 μαι,
2387 1869 2486 1932 τάς
2543 1867 2642 1937 μὲν
2691 1867 2784 1920 ἐπὶ
2838 1869 2955 1931 ταῖς
3006 1869 3364 1930 Δεσποτικαῖς
3414 1868 3630 1936 ἑορταῖς
3684 1865 3794 1918 τοῦ

2201 1959 2408 2030 Κυρίου
2440 1958 2534 2011 καὶ
2564 1956 2700 2010 Θεοῦ
2731 1957 2826 2012 καὶ
2863 1957 3120 2027 Σωτῆρος
3159 1959 3337 2028 ήμῶν,
3369 1958 3466 2010 καὶ
3509 1958 3607 2025 τῆς
3640 1973 3797 2009 παν-

2200 2053 2369 2120 ἀγνου
2401 2049 2703 2120 Δεσποίνης
2734 2051 2828 2102 καὶ
2852 2049 3134 2114 Θεοτόκου,
3178 2050 3447 2103 τελεῖσθαι
3479 2049 3798 2119 μελλούσας

2201 2140 2531 2210 ἀγρυπνίας,
2567 2139 2747 2203 πάσας
2797 2140 3143 2202 ὁλονυκτὶους
3183 2141 3449 2210 γίνεσθαι,
3481 2141 3576 2194 καὶ
3609 2141 3797 2210 αὐτὴν

2200 2232 2300 2297 τὴν
2339 2230 2431 2282 τοῦ
2475 2231 2714 2299 μεγάλου
2747 2231 2986 2293 Κανόνος
3023 2231 3161 2301 (59),
3201 2233 3294 2284 καὶ
3325 2231 3424 2301 τὴν
3469 2231 3576 2283 τῶν
3609 2229 3796 2297 ἁγίων

2205 2322 2404 2375 Παθῶν
2429 2321 2564 2393 (40),
2599 2321 2681 2375 ἔτι
2715 2339 2777 2390 γε
2811 2323 2918 2392 μὴν
2954 2327 3048 2376 καὶ
3077 2324 3177 2394 τὴν
3221 2325 3322 2394 τῆς
3364 2323 3656 2394 ’Υψώσεως
3684 2322 3791 2374 τοῦ

2201 2413 2387 2481 τιμίου
2417 2413 2683 2482 Σταυροῦ,
2732 2413 2827 2466 καὶ
2855 2413 2953 2482 τὴν
2987 2414 3096 2466 τῶν
3123 2415 3295 2482 ἁγίων
3338 2416 3436 2466 καὶ
3467 2413 3794 2484 κορυφαίων

2204 2503 2519 2558 ἀποστόλων
2560 2503 2768 2574 Πέτρου
2803 2505 2894 2556 καὶ
2936 2505 3171 2559 Παύλου.
3201 2505 3312 2568 Τάς
3352 2505 3408 2558 δέ
3454 2522 3516 2573 γε
3548 2505 3640 2556 ἐπὶ
3671 2502 3792 2556 τῶν

2205 2595 2503 2665 Κυριακῶν
2559 2593 2806 2666 ἡμερῶν,
2859 2596 2907 2647 εί
2958 2598 3032 2666 μή
3094 2613 3198 2649 που
3249 2596 3481 2659 ταύταις
3527 2597 3623 2649 καὶ
3671 2597 3792 2648 τῶν

2203 2688 2556 2741 Δεσποτικῶν
2592 2688 2690 2757 μία
2716 2688 3000 2760 συνδράμῃ
3035 2691 3260 2760 ἑορτῶν,
3293 2690 3485 2761 θέρους
3530 2690 3627 2760 μὲν
3659 2692 3790 2760 τρί-

2204 2795 2304 2846 της
2341 2777 2510 2849 ῶρας,
2561 2796 2828 2850 χειμωνος
2860 2782 2916 2834 δὲ
2961 2784 3230 2852 τετάρτης
3267 2783 3576 2852 ἀρχομένης
3623 2784 3792 2835 ἐκτε-

2207 2871 2340 2924 λεῖν.
2378 2871 2440 2922 Εί
2462 2871 2520 2924 δέ
2543 2887 2645 2923 που
2672 2874 2829 2941 τύχοι
2849 2871 2943 2924 δύο
2964 2875 3021 2924 ὲν
3051 2875 3151 2943 μιᾷ
3183 2873 3438 2942 ἐσδομάδι
3461 2875 3796 2945 συνδραμεῖν

2207 2963 2538 3034 ἀγρυπνίας,
2597 2963 2726 3034 μίαν
2785 2965 2906 3034 μὲν.
2963 2967 3302 3035 Δεσποτικῆς
3357 2983 3504 3030 τινος
3551 2967 3797 3036 ἑορτῆς⁹

2208 3056 2399 3128 ἑτέραν
2445 3056 2523 3116 δὲ,
2560 3057 2669 3108 τῶν
2718 3058 2776 3110 ὲν
2836 3060 2958 3120 ταῖς
3009 3059 3317 3128 Κυριακαῖς
3365 3059 3797 3127 τετυπωμένων.

2209 3147 2321 3217 Τήν
2351 3149 2450 3216 μὲν
2482 3147 2576 3200 οὖν
2608 3149 2968 3220 Δεσποτικὴν,
3003 3151 3112 3203 εῖτε
3138 3150 3200 3222 δὴ
3238 3151 3639 3221 προηγήσεται,
3676 3151 3799 3203 εἴτε

2209 3241 2303 3293 καὶ
2337 3239 2432 3309 μὴ,
2466 3239 2775 3294 ὀλονύκτιον
2803 3242 3053 3310 γίνεσθαι
3076 3242 3432 3312 ὲντελλόμεθα
3454 3258 3470 3273 ⁸
3493 3243 3589 3312 τὴν
3609 3241 3665 3294 δὲ
3688 3245 3799 3313 τῆς

2212 3332 2516 3402 Κυριακῆς,
2554 3331 2718 3403 ἕκτης
2746 3333 2894 3403 ῶρας
2921 3334 3231 3404 ἀρχομένης
3252 3350 3267 3364 ⁸
3301 3334 3368 3386 ἵν’
3397 3333 3541 3386 οὕτω
3589 3333 3796 3402 μικρὸν

2214 3425 2696 3494 ἀναπαυσάμεναι,
2749 3425 3160 3497 προθυμότεραι
3203 3427 3315 3489 τοῖς
3360 3424 3669 3496 ἔμπροσθεν
3699 3427 3800 3489 γί-

2215 3513 2415 3566 νοισθε.
2445 3513 2555 3566 Καὶ
2590 3514 2686 3565 ἐπὶ
2706 3513 2784 3584 τῷ
2828 3514 3012 3586 ὄρθρῳ
3044 3515 3102 3567 δὲ
3151 3517 3250 3586 τῆς
3282 3515 3420 3586 μετά
3461 3517 3560 3584 τὴν
3603 3515 3797 3568 ὀλονύο

2217 3620 2369 3657 κτιον
2385 3607 2693 3674 ἀγρυπνίαν
2721 3607 2957 3678 ἡμέρας,
2989 3606 3319 3678 βραδύτερον
3347 3608 3493 3677 ὑμᾶς
3510 3607 3604 3660 τοῦ
3630 3607 3798 3676 συνή-

2218 3692 2365 3759 θους,
2400 3695 2530 3747 ὡσεὶ
2562 3698 2692 3766 μίαν
2733 3697 2881 3766 ὥραν
2912 3694 3298 3760 ἐξανίστασθαι
3327 3697 3359 3766 ἡ
3394 3695 3638 3766 βασιλεία
3683 3711 3794 3763 μου

527 3767 800 3836 βούλεται,
839 3771 932 3822 καὶ
979 3771 1255 3844 ὁρθρίζειν
1281 3791 1297 3808 ο
1331 3778 1418 3830 ἵνα
1452 3783 1517 3831 τὰ
1553 3779 1782 3849 σώματα
1809 3781 1964 3849 ὑμῶν
2000 3783 2110 3836 ἀπὸ
2147 3782 2243 3837 τοῦ
2312 3786 2483 3840 κόπου
2551 3787 2951 3858 ἀνακτηθέντα,
2991 3790 3072 3852 είς
3101 3789 3202 3860 τὴν
3227 3788 3437 3842 οἰκείαν
3471 3787 3626 3850 αὖθις
3653 3787 3798 3840 ἀπσ-

528 3863 874 3919 καταστῶσιν
899 3865 1074 3935 ἰσχύν.

1124 3981 1348 4038 CAPUT
1381 3982 1493 4036 XL.

527 4091 606 4147 De
630 4095 898 4148 vocatione
920 4093 989 4147 ad
1011 4103 1323 4161 mensam,et
1351 4095 1414 4148 de
1436 4095 1709 4184 disciplina
1733 4098 1803 4152 ibi
1824 4100 2104 4154 servanda.

599 4274 1054 4344 Quandoquidem
1104 4276 1171 4330 de
1202 4279 1573 4334 ecclesiastico
1604 4280 1803 4347 olIicio,
1848 4292 1906 4338 ut
1944 4286 2106 4340 nobis
2138 4308 2183 4363 ι)

2813 3987 3064 4042 ΚΕΦΑΛ.
3099 3989 3190 4043 Μ’.

2215 4102 2353 4170 Περὶ
2386 4099 2496 4168 τῆς
2527 4101 2615 4166 είς
2649 4099 2764 4169 τὴν
2792 4101 3085 4174 τρᾴπεζιιν
3123 4105 3422 4174 κλήσεως,
3450 4106 3548 4158 καὶ
3583 4105 3690 4174 τῆς
3717 4106 3793 4159 ἐν

2735 4172 2891 4240 αὐτῇ
2938 4173 3256 4242 διαγωγῆς.

2297 4283 2514 4353 Ἐπειδὴ
2561 4283 2691 4354 περὶ
2719 4285 2818 4356 τῆς
2867 4285 3330 4356 ἐκκλησιαστικῆς
3376 4288 3695 4352 ἀκολουθίας
3718 4293 3790 4344 τὰ

527 4365 707 4420 visum
752 4374 857 4431 est,
908 4368 1298 4434 tractavimus,
1337 4373 1404 4424 de
1440 4371 1742 4428 refectione
1786 4377 2100 4432 nionialium

2211 4373 2474 4426 δοκοῦντα
2495 4374 2837 4446 διείληπται,
2871 4376 2951 4429 δεῖ
2975 4377 3162 4430 λοιπὸν
3191 4379 3368 4432 εἰπεῖν
3397 4382 3490 4432 καὶ
3534 4381 3790 4452 περὶτῆς

529 4456 792 4527 deinceps
825 4456 1121 4512 dicendum
1173 4459 1434 4514 Absoluta
1459 4461 1625 4530 igitur
1653 4478 1805 4520 sacra
1835 4477 1891 4522 et
1920 4468 2106 4524 divina

530 4549 772 4619 liturgia,
824 4551 878 4604 in
913 4549 1134 4604 artliece
1185 4566 1280 4605 seu
1322 4551 1596 4606 vestibulo
1623 4569 1846 4611 manere
1880 4557 2103 4625 debent,

529 4648 912 4707 exspectantes
956 4638 1296 4693 vocationem
1341 4637 1409 4692 ad
1457 4654 1805 4696 communem
1860 4660 2103 4700 mensam

529 4741 628 4794 per
677 4729 902 4780 solitum
943 4727 1172 4797 lignum.
1209 4727 1429 4782 Pulsato
1462 4743 1594 4782 vero
1627 4729 1798 4801 ligno,
1852 4749 1958 4789 una
2005 4751 2104 4790 ex-

529 4816 689 4870 ibunt
722 4833 846 4871 cum
870 4817 1337 4884 ecclesiarcliissa,
1363 4827 1419 4874 et
1444 4820 1712 4888 praetecta:
1743 4827 2106 4883 reverentiam

527 4909 752 4975 facient,
775 4919 830 4964 et
856 4911 936 4964 sic
967 4921 1254 4980 postquam
1283 4911 1523 4967 demissa
1547 4922 1602 4968 et
1628 4919 1950 4986 congruenti
1969 4935 2106 4976 voce

530 5011 855 5057 consuetum
889 5001 1195 5072 inceperint
1223 5002 1492 5071 psalmum
1521 5019 1741 5076 nempe,
1797 5027 1815 5060 ι
1845 5009 2107 5068 Exaltabo

2215 4466 2514 4528 ἑστιάσεως
2539 4467 2646 4520 τῶν
2671 4469 3042 4538 μοναζουσῶν.
3068 4470 3458 4542 Πληρωθείσης
3482 4473 3662 4527 τοίνυν
3684 4475 3788 4545 τῆς

2217 4554 2368 4623 ἱερᾶς
2400 4555 2492 4607 καὶ
2521 4553 2672 4618 θείας
2705 4555 3068 4627 λειτουργίας,
3102 4561 3158 4612 ὲν
3191 4559 3271 4630 τῷ
3303 4559 3505 4632 ἇρθηκι
3548 4567 3792 4634 προσμέ-

2213 4661 2327 4699 νειν
2356 4645 2687 4715 ὀφείλουσιν,
2744 4649 3096 4719 ἐκδεχόμεναι
3127 4651 3226 4722 τὴν
3271 4651 3360 4706 διὰ
3390 4651 3484 4705 τοῦ
3521 4655 3789 4724 συνήθους

2215 4737 2375 4802 ξύλου
2416 4739 2753 4812 πρόσκλησιν
2779 4741 2874 4793 ἐπὶ
2899 4743 2997 4812 τὴν
3022 4743 3208 4811 κοινὴν
3227 4744 3528 4814 τράπεζαν.
3561 4746 3668 4799 Τοῦ
3695 4747 3791 4813 ξύ-

2215 4830 2309 4884 λου
2339 4831 2396 4885 δὲ
2422 4831 2802 4902 κρουσθέντος,
2854 4834 3159 4899 συνεξιέναι
3189 4840 3254 4907 τῇ
3298 4838 3790 4913 ἐκκλησιαρχίσσῃ,

2216 4928 2541 4995 προσκυνεῖν
2569 4925 2628 4979 δὲ
2672 4929 2739 4998 τῇ
2781 4931 3126 5000 προεστώσῃ,
3166 4931 3258 4982 καὶ
3310 4930 3454 4985 οὕτω
3481 4933 3576 4987 τοῦ
3619 4938 3790 5005 συνή-

2218 5015 2344 5079 θους
2375 5015 2693 5088 ἀρξαμὲνας
2728 5017 2945 5088 ψαλμοῦ
2972 5021 3218 5092 ἠρεμαίᾳ
3249 5022 3342 5075 καὶ
3373 5023 3690 5097 καθηκούσῃ
3721 5029 3787 5096 τῇ

1757 5147 2217 5215 Montfauconii
2259 5165 2450 5217 notua.

602 5267 712 5338 (58)
755 5266 1169 5334 Ἑξαψάλμου.
1202 5267 1261 5323 id
1315 5278 1400 5324 est
1429 5287 1522 5325 sex
1577 5271 1774 5328 Psalmi
1831 5273 2103 5342 Laudum,

529 5354 731 5415 nempe
748 5354 900 5415 δμιι,
922 5352 1124 5415 tum",
1141 5352 1199 5400 ιι,
1217 5355 1568 5415 ωιχιςνιιηειι,
1583 5343 2107 5415 exuliﬂorologium

531 5407 587 5460 in
747 5406 1018 5482 Matutini,
1056 5422 1164 5475 quo
1202 5411 1425 5482 nomine
1462 5406 1842 5482 intelliguntur
1869 5406 2105 5470 Laudes.

603 5477 714 5544 (59)
737 5478 1026 5553 ’Μεγάλου
1056 5479 1350 5553 κανόνος.
1383 5480 1606 5553 Festum
1643 5477 1831 5553 tnagni
1865 5487 2106 5541 Canonis

531 5547 776 5621 occurrit
803 5549 942 5621 feria
975 5547 1168 5615 quinta
1225 5551 1439 5621 quint-ee
1469 5547 1831 5608 hebdomadis
1861 5555 2106 5621 Quadra-

533 5618 770 5691 gesimag,
792 5616 853 5691 id
905 5624 1008 5680 est,
1065 5616 1568 5691 ante_Dominicam
1629 5616 1944 5691 Passionis;
1979 5641 2103 5680 nam

481 5735 484 5738 .
536 5688 628 5742 illa
660 5687 959 5742 bebdomas
990 5695 1074 5742 est
1126 5687 1321 5744 ordine
1373 5689 1564 5758 quinta
1600 5695 1742 5764 apud
1771 5687 2011 5762 Graecos,
2043 5707 2106 5752 ut

2213 5280 2361 5350 apud
2389 5294 2490 5358 nos
2521 5290 2737 5349 quarta.
2763 5281 2974 5358 Dicitur
2996 5288 3174 5355 magni
3217 5287 3478 5351 Cauonis,
3515 5291 3645 5358 quia
3674 5308 3788 5345 ma-

2212 5348 2354 5472 gnps
2390 5348 2576 5404 Canon
2603 5351 2779 5406 sancti
2809 5353 3044 5410 Andrea:
3068 5348 3345 5413 Cretensis
3374 5348 3473 5412 illo
3511 5348 3603 5414 die
3629 5378 3790 5417 cane-

2255 5435 2284 5472 a
2317 5435 2400 5472 ur.

2255 5435 2400 5472 alllr.

2245 5559 2256 5568 .
2284 5488 2397 5559 μυ)
2439 5487 2563 5542 Τῶν
2591 5491 2779 5571 ἁγίων
2831 5492 3062 5571 Παθῶν.
3111 5496 3305 5571 Vigiiia
3333 5513 3614 5558 sacrarum
3662 5505 3790 5559 Pas-

2214 5567 2432 5613 sionum
2488 5567 2733 5614 occurrit
2792 5574 2952 5618 nocte
3008 5567 3386 5624 intercedente
3420 5574 3564 5628 inter
3592 5575 3785 5628 feriam

2211 5629 2458 5754 quisnam
2501 5628 2555 5684 in
2582 5629 2752 5688 Ccena
2777 5632 2994 5690 Domini
3045 5647 3099 5691 et
3132 5637 3325 5695 feriam
3356 5653 3564 5699 sextam
3601 5645 3656 5699 in
3684 5645 3784 5699 Pa-

2241 5714 2298 5752 as
2333 5715 2452 5754 eve.

2241 5714 2452 5756 ascevc.
