4092 6202
375 303 509 368 1061
1817 303 1957 363 TYP

2062 302 2175 363 JM.
2530 325 2537 332 ·
3485 303 3624 370 1062

366 423 541 491 φωνῇ,
572 421 736 491 ἧγουν
763 419 878 482 τοῦ,
911 437 929 469 ι
987 416 1218 487 ’Υψώσω
1248 435 1328 483 σε,
1357 418 1384 471 ὁ
1413 419 1542 481 Θεὸς
1585 437 1710 490 μου,
1743 421 1770 472 ὁ
1795 419 1946 489 βασι-

2062 427 2128 481 Le,
2167 416 2311 471 Deus
2337 431 2508 482 meus,
2550 417 2664 471 Rex
2690 429 2844 471 meus
2877 415 2943 482 ’⁸,
2983 432 3001 465 ι
3031 416 3215 484 quiete
3237 414 3535 485 precedent
3556 422 3624 473 ad

368 511 495 576 λεύς
539 530 663 582 μου,
701 530 719 562 ι
753 511 936 580 ἠρέμα
979 510 1219 580 βαδίζειν
1254 512 1346 564 ἐπὶ
1387 510 1486 581 τὴν
1513 511 1815 582 τράπεζαν,
1848 510 1945 562 καὶ

2062 524 2322 563 mensam.
2348 508 2414 563 Et
2439 509 2659 578 expleto
2685 508 2913 578 psalmo,
2935 523 3060 562 cum
3090 508 3278 562 debito
3308 507 3502 562 ordine
3533 525 3624 564 se.

367 604 458 656 τὸν
487 602 702 672 ψαλμὸν
737 601 1128 671 πληρωσάσας,
1166 600 1496 664 καθέζεσθαι
1524 602 1803 662 εὐτάκτως
1839 618 1942 655 κα-

2062 599 2282 663 iebunt,
2321 609 2378 654 ut
2410 599 2668 669 praelecta
2703 614 3023 654 consessum
3059 599 3421 664 ordinaverit,
3462 609 3519 654 et
3540 601 3621 654 sic

371 691 478 755 θὼς
509 693 574 745 ἂν
609 693 640 760 ἡ
691 690 1078 760 καθηγουμένη
1127 690 1265 761 τάξῃ
1301 691 1392 742 καὶ
1424 691 1492 742 τὰ
1527 693 1625 761 τῆς
1675 689 1944 760 καθέδρας

2062 707 2166 760 tua:
2207 691 2457 760 apposita
2485 699 2613 745 sunt
2651 707 2775 746 cum
2807 691 3106 760 gratiarum
3131 689 3348 744 actione
3381 698 3624 744 sument.

368 785 588 839 αὐτῶν·
637 782 780 836 οὕτω
826 800 887 835 τε
935 782 1043 835 τῶν
1103 781 1556 852 παρατιθεμένων
1612 781 1946 852 εὐχαρίστως

2062 780 2275 850 Piatque
2299 781 2368 836 de
2399 796 2552 836 more
2580 782 2765 845 lectio,
2793 781 2912 837 sine
2936 782 3173 835 tumultu
3204 790 3258 834 et
3283 782 3482 846 turba;
3509 783 3624 836 sola

371 875 848 947 μεταλαμϐάνειν·
907 879 1203 945 γινομένης
1267 872 1509 944 συνήθως
1555 872 1942 939 ἀναγνώσεως,

367 965 537 1036 χωρὶς
563 964 793 1035 θορύϐου
823 965 916 1017 καὶ
939 967 1203 1034 ταραχῆς,
1235 963 1406 1034 μόνης
1443 963 1542 1032 τῆς
1571 961 1943 1031 προεστώσης,

369 1057 424 1108 εἴ
461 1075 512 1109 τι
555 1055 799 1125 βούλοιτο
845 1056 1245 1128 φθεγγομένης,
1288 1055 1383 1108 καὶ⁵
1431 1055 1605 1120 αὐτῆς
1639 1054 1944 1124 ἠρεμαῖωςν

369 1149 464 1203 καὶ
490 1147 591 1218 τῆς
638 1148 1027 1219 ἀποκρίνεσθαι
1063 1149 1199 1219 πρὸς
1239 1150 1410 1220 αὐτὴν
1452 1147 1774 1216 ὀφειλούσης
1817 1146 1948 1214 ἠρε-

373 1241 640 1312 μαιοτέρᾳ
679 1244 746 1313 τῇ
781 1245 931 1312 φωνῇ
981 1245 1294 1312 χρωμένης,
1329 1242 1423 1295 καὶ
1461 1241 1685 1308 ὀλίγοις,
1729 1238 1803 1299 ὡς
1836 1233 1948 1290 οἷόν

369 1351 452 1400 τε,
485 1335 578 1386 καὶ
612 1335 1070 1405 συντεταγμένοις
1097 1337 1209 1398 τοῖς
1244 1337 1487 1407 ῥήμασιν
1510 1351 1524 1366 ⁸
1555 1333 1632 1396 ὡς
1673 1331 1739 1385 ἂν
1769 1329 1948 1401 ἄκρας

2043 872 2321 942 prmfeeta,
2368 873 2415 928 si
2445 874 2579 943 quid
2620 874 2880 938 voluerit,
2929 873 3212 941 loquente,
3263 873 3356 927 sed
3388 873 3624 926 demissa

2051 980 2206 1029 voce,
2238 975 2292 1020 et
2321 980 2442 1035 qua:
2461 966 2567 1035 ipsi
2601 966 2932 1036 respondere
2952 965 3117 1020 debet
3139 965 3466 1019 demissiore
3490 980 3625 1018 voce

2051 1061 2260 1119 utetur,
2296 1064 2352 1109 et
2386 1055 2596 1126 paucis,
2627 1065 2892 1125 quantum
2932 1055 3155 1124 poterit,
3199 1054 3629 1123 compositisque

2049 1145 2269 1210 verbis;
2311 1155 2373 1200 ut
2414 1161 2626 1200 summa
2681 1146 2867 1216 quiete
2907 1146 2975 1199 ad
3021 1159 3266 1200 mensam
3317 1145 3478 1205 facta.
3527 1145 3627 1198 soli

2048 1235 2275 1291 lectioni
2305 1237 2624 1301 attendatis,
2656 1247 2711 1292 et
2736 1252 2799 1292 ea
2825 1237 3049 1307 quidem
3071 1237 3285 1291 animas
3309 1235 3628 1290 exltilaretis

2049 1336 2106 1383 et
2135 1327 2512 1400 impinguetis,
2551 1327 2818 1399 appositis
2849 1342 2982 1383 vero
3013 1343 3216 1397 corpus
3244 1327 3423 1380 alatis.

373 1425 600 1494 ἡσυχίας
629 1423 794 1496 οῠσης
829 1428 886 1478 ὲν
929 1429 995 1498 τῇ
1043 1427 1315 1498 τραπέζῃ,
1368 1427 1504 1498 μόνῃ
1539 1425 1846 1498 προσέχητε
1910 1424 1976 1491 τῇ
2021 1420 2348 1488 ἀναγνώσει,
2418 1421 2514 1476 καὶ
2561 1421 2734 1495 ταύτῃ
2775 1420 2875 1492 μὲν
2917 1421 3015 1485 τὰς
3048 1420 3227 1490 ψυχὰς
3274 1416 3632 1491 ευφραίνητε,

371 1519 464 1570 καὶ
522 1518 794 1589 πιαίνητε,
830 1521 944 1585 τοῖς
987 1520 1045 1575 δὲ
1091 1521 1554 1593 παρατιθεμένοις
1598 1519 1670 1573 τὰ
1718 1517 1947 1588 σώματα
1987 1516 2246 1587 τρέφητε.

943 1675 1197 1730 ΚΕΦΑΛ.
1234 1676 1372 1730 MA'.

501 1791 638 1855 Περὶ
673 1787 778 1842 τοῦ
797 1787 908 1842 ἐάν
936 1805 1026 1856 τις
1054 1788 1123 1843 ὲν
1152 1787 1227 1859 τῇ
1259 1787 1530 1843 ἑστιάσει
1567 1784 1818 1854 ἀτακτῇ.

459 1969 586 2021 ‘an
616 1968 672 2021 δέ
724 1985 809 2032 τις
855 1970 913 2022 ὲν
939 1968 1016 2040 τῷ
1069 1967 1352 2023 ἑστιᾶσθαι
1402 1969 1545 2039 ὑμᾶς
1598 1967 1952 2038 ταράσσουσα

377 2062 620 2130 φαίνοιτο
647 2062 738 2114 καὶ
779 2062 1188 2132 ταρασσομένη,
1222 2061 1530 2132 θορυὸοὖσά
1565 2078 1622 2114 τε
1665 2063 1758 2114 καὶ
1792 2058 1952 2130 θορυ-

378 2153 640 2223 6ουμένη,
674 2153 767 2206 καὶ
793 2153 1100 2222 συγχέουσα
1126 2153 1224 2224 τὴν
1248 2153 1555 2220 ἀνάγνωσιν
1587 2153 1835 2224 ἀκαίροις
1861 2150 1952 2205 καὶ

378 2245 650 2315 ἁπρεπέσι
669 2247 900 2317 ῥήμασι,
927 2245 1019 2298 καὶ
1038 2245 1135 2311 τὴν
1155 2244 1476 2316 γαληνιαίαν
1494 2261 1551 2296 τε
1573 2245 1666 2296 καὶ
1682 2243 1952 2313 ὴρεμαίαν

377 2339 712 2392 κατάστασιν
758 2338 1098 2406 ἀφανίζουσα
1125 2354 1137 2368 ·
1169 2337 1623 2405 κατασιγαζέσθω
1652 2336 1803 2406 παρὰ
1851 2336 1952 2406 τῆς

377 2429 750 2501 τραπεζαρίας
795 2429 982 2500 ἡσύχῳ
1013 2428 1334 2500 παραινέσει
1364 2445 1420 2481 τε
1461 2428 1556 2482 καὶ
1590 2426 1909 2496 νουθετήσει
1935 2439 1950 2455 ⁸

380 2525 475 2574 καὶ
510 2522 795 2593 παυομένη
836 2527 935 2592 μὲν
960 2523 1140 2576 ὲάσθω
1166 2539 1179 2551 ο
1210 2522 1546 2593 ἐπιμένουσα
1575 2521 1652 2587 δὲ,
1676 2519 1954 2590 ἐξεγειρέ-

379 2611 491 2665 σθω
517 2613 616 2682 τῆς
667 2613 945 2683 τραπέζης
979 2615 1072 2666 καὶ
1126 2611 1336 2666 ἄκουσα
1383 2611 1594 2682 ὁρισμῷ
1637 2615 1735 2682 τῆς
1783 2610 1954 2679 καθη-

376 2705 682 2776 γουμένης·
711 2705 855 2775 ἥτις,
905 2707 953 2758 ει
995 2704 1263 2775 βούλοιτο,
1316 2707 1408 2758 καὶ
1442 2705 1502 2758 τὸ
1547 2705 1646 2775 τῆς
1687 2705 1955 2775 ἁτροφίας

378 2797 652 2867 ἐπιτίμιον
676 2799 812 2870 αὐτῇ
838 2797 1110 2868 ἐπιθήσει,
1135 2797 1168 2868 ἢ
1199 2800 1293 2852 καὶ
1323 2797 1518 2865 ἄλλως,
1551 2797 1626 2860 ὡς
1650 2795 1816 2862 δοκεῖ,
1848 2812 1955 2852 σω,-

380 2889 648 2960 φρονίσει.

939 3021 1192 3074 ΚΕΦΑΛ.
1240 3020 1375 3074 MB'.

381 3137 520 3206 Περὶ
552 3136 660 3192 τοῦ
691 3137 800 3190 ἐάν
829 3154 916 3203 τις
945 3137 1078 3205 περὶ
1123 3134 1555 3205 προκαθεὸρίας
1585 3133 1954 3203 ἀμφισϐητῇ.

463 3252 589 3306 Ἐὰν
621 3251 676 3306 δὲ
708 3252 799 3304 καὶ
838 3251 999 3322 μέχρι
1029 3249 1286 3302 τοσούτου
1313 3250 1435 3309 ταῖς
1469 3245 1664 3316 αὐραις
1689 3263 1768 3308 τις
1802 3245 1959 3314 ὑμῶν

385 3344 664 3415 ῥιπισθείη
693 3345 786 3397 τοῦ
817 3343 1083 3412 Πονηροῦ,
1113 3340 1254 3392 ὥστε
1285 3339 1442 3407 δόξης
1472 3338 1708 3406 ματαίας
1744 3335 1960 3405 φροντί-

384 3437 498 3499 ζειν
522 3436 618 3489 καὶ
637 3434 1060 3506 προκαθεδρίας,
1089 3431 1182 3482 καὶ
1210 3428 1607 3498 προϐάλλεσθαι
1639 3426 1775 3495 πρὸς
1803 3424 1961 3477 τοῦτο

385 3530 418 3599 ἢ
459 3528 826 3598 χρονιωτέραν
860 3527 919 3576 ὲν
946 3526 1011 3592 τῇ
1049 3527 1182 3592 μονῇ
1213 3521 1511 3589 διαγωγὴν,
1542 3518 1572 3590 ἢ
1614 3518 1780 3587 ἄλλην
1807 3517 1962 3587 ἐνέρ-

385 3635 542 3686 γειαν
580 3617 867 3670 ὁποιανοῦν
887 3634 900 3646 °
932 3613 1254 3683 ἐντέλλομαι
1285 3615 1344 3666 ὲν
1380 3613 1572 3682 Κυρίῳ
1598 3610 1689 3664 τὸν
1729 3611 1960 3680 ἔσχατον

387 3710 526 3780 αὐτῇ
562 3709 724 3762 τόπον
766 3707 1137 3775 ἀποκληροῦν.
1197 3708 1315 3760 Κᾶν
1357 3705 1456 3776 μὲν
1492 3704 1834 3776 διορθωθείη,
1880 3702 1959 3773 τῷ

386 3799 506 3869 Θεῴ
531 3801 688 3870 χάρις
712 3815 725 3828 ·
755 3801 803 3851 εί
835 3799 889 3852 δὲ
919 3799 1244 3868 ἁδιόρθωτος
1277 3799 1450 3866 μένοι,
1476 3796 1760 3850 ἑκδιὼκειν
1788 3795 1960 3862 αὐτὴν

388 3893 498 3946 ἀπὸ
518 3893 619 3964 τῆς
653 3893 841 3964 μονῆς,
875 3893 1023 3956 ὅπως
1059 3890 1134 3962 μὴ
1169 3892 1260 3944 καὶ
1294 3893 1412 3954 ταῖς
1442 3889 1630 3954 ἄλλαις
1656 3888 1757 3960 τῆς
1781 3886 1963 3940 τοιαύ-

389 4003 489 4058 της
521 3987 698 4060 λύμης
730 3985 962 4057 μεταδῷ.

985 4121 1207 4174 ΚΕΦΑΛ
1219 4163 1230 4176 .
1265 4121 1400 4175 Ml".

565 4240 703 4309 Περὶ
730 4238 836 4293 τοῦ
863 4237 947 4307 μὴ
988 4236 1183 4304 ζὴτεῖν
1211 4254 1265 4291 τι
1296 4237 1434 4305 παρ’
1472 4236 1784 4304 ἀλλήλων.

1981 1672 2029 1733 Β

1983 3015 2030 3076 C

2646 1667 2872 1724 CAPUT
2900 1665 3039 1722 XLI.

2052 1778 2189 1844 Quid
2239 1780 2518 1848 agendum,
2571 1781 2616 1834 si
2664 1797 2769 1850 qua
2813 1781 2866 1833 in
2908 1779 3179 1861 refectorio
3226 1777 3532 1833 immodeste
3581 1793 3637 1831 se

2725 1859 2964 1920 gesserit.

2126 1958 2183 2014 Si
2213 1974 2319 2028 qua
2363 1972 2494 2013 vero
2525 1957 2656 2012 dum
2686 1971 2784 2013 vos
2827 1958 3015 2012 cibum
3053 1958 3282 2012 sumetis
3306 1958 3636 2027 perturbans

2054 2050 2172 2104 visa
2211 2049 2401 2114 fuerit,
2436 2057 2493 2103 et
2532 2048 2877 2118 perturbata,
2914 2047 3209 2102 tumultum
3256 2062 3505 2112 movens,
3540 2058 3636 2101 aut

2055 2150 2347 2206 commota,
2374 2150 2428 2196 et
2454 2140 2796 2196 confundens
2824 2139 3116 2195 lectionem
3150 2138 3558 2208 intempestivis
3580 2148 3637 2192 et

2055 2234 2441 2289 indeeentibus
2465 2233 2666 2299 verbis,
2694 2247 2757 2286 ac
2788 2230 3263 2301 tranquillitatem,
3288 2239 3454 2299 atque
3479 2230 3640 2300 quie-

2058 2336 2172 2382 tum
2195 2337 2396 2381 statum
2425 2327 2621 2382 tollens
2654 2344 2667 2378 :
2701 2335 2881 2380 tacere
2910 2323 3171 2395 jubeatur
3193 2339 3224 2378 a
3257 2323 3636 2387 refectoraria,

2055 2421 2165 2475 leni
2200 2421 2581 2474 adhortatione
2609 2429 2664 2475 et
2691 2417 2992 2473 monitione
3021 2436 3034 2471 :
3073 2425 3128 2471 et
3153 2417 3196 2472 si
3229 2417 3449 2487 quidem
3483 2418 3638 2486 quie-

2055 2514 2219 2578 verit,
2245 2513 2492 2578 sinalur;
2530 2513 2573 2566 si
2603 2521 2785 2566 autem
2829 2511 3285 2580 perseveraverit,
3316 2519 3639 2565 amoveatur

2057 2622 2087 2660 a
2123 2621 2310 2661 mensa
2345 2607 2427 2660 vel
2467 2607 2662 2669 invita,
2690 2608 2847 2678 jussu
2895 2606 3186 2676 praafecue,
3239 2620 3360 2674 qua:
3391 2604 3436 2658 si
3460 2603 3640 2658 libue-

2059 2697 2150 2759 rit.
2206 2696 2555 2751 abstinentia:
2597 2711 2626 2749 a
2663 2695 2788 2749 cibo
2834 2695 3050 2764 pm’nam
3096 2694 3199 2764 ipsi
3249 2694 3518 2765 imponet,
3549 2693 3641 2749 vel

2055 2805 2178 2846 eam
2202 2790 2384 2853 aliter,
2421 2800 2482 2842 ut
2520 2787 2694 2842 visum
2726 2787 2916 2851 fuerit,
2954 2785 3256 2856 castigabit.

2639 3042 2862 3100 CAPUT
2897 3039 3062 3095 XLII.

2138 3151 2278 3217 Quid
2308 3152 2592 3222 agendum,
2627 3153 2672 3204 si
2699 3169 2803 3220 qua
2835 3153 2896 3204 de
2924 3151 3091 3221 priori
3118 3150 3238 3202 sede
3266 3150 3569 3217 dispulerit.

2135 3264 2189 3318 Si
2222 3278 2354 3316 vero
2379 3271 2620 3314 vestrum
2655 3263 2923 3330 quaepiam
2957 3277 3204 3329 eousque
3229 3262 3380 3314 auris
3417 3261 3639 3330 maligni

2063 3355 2383 3416 ventiletur,
2415 3361 2472 3406 ut
2499 3354 2566 3405 de
2589 3354 2735 3406 inani
2766 3354 2936 3423 gloria
2961 3361 3016 3407 et
3040 3354 3207 3421 priori
3238 3369 3499 3408 consessu
3526 3357 3646 3409 sol-

2063 3439 2213 3492 licita
2243 3439 2338 3500 sit,
2376 3447 2432 3490 et
2461 3453 2526 3491 ea
2559 3438 2625 3492 de
2653 3454 2817 3492 causa
2863 3439 3189 3509 praetendat,
3218 3441 3302 3493 vel
3332 3440 3647 3496 diuturnio-

2064 3543 2180 3583 rem
2211 3527 2265 3581 in
2292 3529 2622 3582 monasterio
2647 3530 3143 3595 conversationem,
3173 3541 3268 3585 aut
3288 3531 3434 3586 aliud
3469 3533 3650 3602 quod-

2065 3620 2200 3675 libet
2233 3635 2372 3690 opus
2407 3638 2420 3674 :
2452 3620 2621 3690 jubeo
2673 3620 2727 3674 in
2776 3622 3007 3676 Domino
3041 3630 3101 3675 ut
3145 3621 3370 3676 ultimus
3398 3622 3448 3678 ei
3482 3623 3642 3679 locus

2063 3711 2393 3781 assignetur.
2431 3712 2499 3766 Et
2547 3712 2593 3766 si
2626 3712 2848 3782 quidem
2880 3729 2938 3768 se
2990 3712 3386 3775 emendaverit.
3431 3715 3544 3769 Deo
3575 3715 3649 3770 sit

2064 3803 2270 3872 gratia;
2324 3803 2367 3857 si
2425 3818 2556 3857 vero
2605 3804 2880 3859 obstinata
2932 3805 3220 3870 manserit,
3261 3806 3568 3876 expellatur
3615 3821 3648 3861 ο

2062 3897 2420 3961 monasterio,
2451 3911 2520 3951 ne
2556 3896 2681 3952 aliis
2725 3897 2997 3968 ejusmodi
3036 3898 3214 3953 labem
3249 3898 3644 3954 communicet.

2629 4140 2856 4198 CAPUT
2889 4139 3077 4194 XLIII.

2295 4249 2447 4316 Quod
2472 4248 2602 4304 nihil
2626 4251 2690 4303 ab
2717 4251 2937 4304 invicem
2967 4252 3307 4321 quaerendum
3329 4256 3415 4311 sit.

477 4359 564 4411 Ἐν
601 4359 852 4428 μέντοιγε
875 4355 950 4425 τῷ
973 4356 1223 4424 ὰριστᾷν,
1249 4352 1507 4422 ἀλλήλαις
1528 4353 1778 4423 οὐδαμῶς
1805 4367 1958 4423 μετα·

2141 4360 2291 4414 Inter
2323 4358 2702 4429 prandendum
2731 4361 2798 4414 ad
2834 4360 3072 4417 invicem
3103 4365 3419 4421 nullatenus
3457 4367 3654 4438 imper-

399 4453 620 4516 δώσετε,
652 4451 775 4504 οὕτε
833 4449 1120 4520 βρώματός
1160 4465 1324 4511 τινος,
1355 4447 1477 4500 οὔτε
1525 4448 1792 4515 πόματος,
1839 4445 1970 4515 ἄχρι

402 4546 532 4615 γοῦν
563 4547 658 4600 καὶ
686 4544 900 4616 ρανίδος
933 4543 1094 4612 τυχὸν
1139 4543 1342 4611 μικρᾶς
1377 4541 1455 4602 εἰς
1482 4538 1542 4591 τὸ
1581 4537 1887 4607 καταψύξαι
1911 4537 1973 4589 τὸ

401 4639 665 4709 κερασθὲν
689 4637 965 4704 ποτήριον,
991 4635 1085 4687 καὶ
1108 4633 1229 4697 ζέον
1255 4631 1416 4683 πλέον
1439 4629 1531 4681 τοῦ
1554 4628 1790 4690 δέοντος.
1828 4625 1970 4678 Ἀλλ’

400 4733 433 4802 ἠ
461 4732 692 4800 δεομένη
726 4729 969 4782 τοιούτου
992 4727 1136 4789 τινὸς
1168 4724 1284 4795 μετ’
1313 4721 1601 4783 εὐλαϐείας
1625 4721 1704 4773 ὅτι
1736 4719 1972 4788 μάλιστα

397 4822 601 4890 πολλῆς
629 4820 723 4874 καὶ
759 4818 1085 4889 σεμνότητος
1135 4815 1286 4886 παρὰ
1315 4813 1413 4883 τῆς
1461 4809 1878 4880 καθηγουμένης
1908 4806 1969 4858 τὸ

394 4913 575 4966 ἐνδέον
616 4910 920 4980 αἰτήσεται.
953 4907 1070 4961 Κᾶν
1119 4910 1217 4977 μὲν
1254 4905 1407 4974 τύχοι
1449 4903 1654 4974 ταύτης
1690 4896 1967 4952 ὲπινευούσ

399 5021 523 5071 σης,
566 5007 838 5071 κομιεῖται
889 5001 949 5053 τὸ
1005 4999 1333 5052 κελευσθένο
1379 4995 1518 5049 εἰδὲ
1575 4996 1670 5064 μὴ,
1725 4991 1971 5046 συστελεῖ

401 5095 621 5164 ἑαυτὴν,
687 5094 779 5146 καὶ
817 5089 1215 5159 καθεσθήσεται
1267 5090 1407 5158 μετὰ
1458 5085 1692 5156 σιωπῆς,
1744 5086 1968 5153 εὐχαρι·

403 5192 604 5245 στοῦσα
641 5191 730 5244 διὰ
756 5190 853 5259 τὴν
880 5187 974 5240 τοῦ
1003 5185 1138 5238 Θεοῦ
1168 5183 1409 5256 ἐντολήν.
1437 5181 1622 5244 Οὕτως
1652 5175 1744 5233 οὖν
1781 5181 1968 5232 ἑστια-

403 5287 578 5337 θείσαι
636 5279 997 5352 ἐγερθήσεσθε
1045 5277 1154 5330 ἀπὸ
1202 5277 1299 5346 τῆς
1351 5275 1666 5347 τραπέζης,
1722 5271 1816 5325 καὶ
1868 5273 1969 5340 τὴν

401 5375 637 5445 τοπικὴν
664 5371 1005 5435 ἀκολουθίαν,
1046 5370 1140 5422 καὶ
1178 5368 1276 5439 τὴν
1312 5369 1478 5440 εὐχὴν
1516 5365 1964 5439 ὲκπληρώσασαι,

402 5471 483 5532 είς
520 5468 581 5520 τὸ
607 5464 964 5538 κοιμητήριον
996 5461 1386 5518 ἀπελεύσεσθε.

474 5709 519 5740 ³⁸
547 5708 685 5763 Psal.
718 5721 894 5774 cxuv,
931 5706 980 5759 ί.

2076 4450 2222 4505 tietis
2247 4451 2428 4505 cibum
2451 4450 2754 4521 quemlibet
2776 4461 2873 4507 aut
2897 4462 3110 4523 potum,
3132 4471 3201 4509 ne
3224 4457 3446 4525 quidem
3477 4474 3651 4528 usque

2074 4542 2140 4596 ad
2162 4541 2363 4596 stillam
2396 4558 2552 4612 aqua:
2580 4540 2647 4596 ad
2679 4541 3114 4614 refrigerandum
3132 4547 3352 4601 mistum
3372 4549 3654 4619 poculun‘,

2077 4635 2200 4704 plus
2237 4649 2400 4703 quam
2444 4643 2664 4703 oportet
2705 4634 3000 4690 ebulliens.
3032 4636 3138 4690 Sed
3171 4653 3292 4706 qua:
3335 4639 3651 4709 hujusmodi

2075 4726 2334 4796 quopiam
2361 4725 2590 4796 indiget,
2615 4741 2740 4780 cum
2771 4727 3008 4781 maxima
3043 4731 3351 4783 reverentia
3391 4740 3446 4785 et
3477 4731 3653 4786 Itone-

2076 4825 2238 4881 state,
2271 4834 2301 4870 a
2327 4816 2579 4886 prml‘eeta
2611 4817 2978 4872 necessariam
3009 4834 3123 4873 rem
3153 4820 3472 4888 postulabit.
3505 4822 3573 4876 Et
3607 4822 3652 4877 si

2076 4909 2167 4963 illa
2198 4921 2478 4966 annuente
2512 4912 2566 4965 id
2599 4910 2926 4978 obtinuerit,
2958 4912 3102 4982 quod
3130 4915 3345 4984 jussum
3379 4923 3465 4969 est
3492 4914 3650 4970 aufe-

2075 5010 2162 5056 ret
2196 5021 2209 5055 :
2241 5003 2325 5056 sin
2356 5002 2562 5068 minus,
2589 5003 2824 5074 seipsam
2857 5006 3160 5070 cohibebit,
3193 5013 3249 5060 et
3281 5021 3406 5060 cum
3431 5006 3654 5061 silentio

2079 5093 2294 5149 sedebit
2325 5095 2524 5165 gratias
2559 5111 2724 5166 agens
2770 5107 2996 5167 propter
3029 5098 3126 5151 Dei
3177 5099 3513 5153 mandatum.
3563 5099 3654 5153 Sic

2080 5184 2245 5254 igitur
2283 5186 2500 5241 refectaa
2539 5203 2569 5242 a
2605 5203 2794 5242 mensa
2837 5189 3094 5258 surgetis,
3137 5191 3427 5260 typicoque
3473 5190 3653 5246 oﬂicio

2078 5285 2244 5346 atque
2288 5279 2538 5335 oratione
2562 5279 2814 5350 expletis,
2848 5279 2918 5334 ad
2966 5279 3350 5336 dormitorium
3390 5281 3651 5353 pergetis.
