4104 6200
1091 407 1319 464 CAPUT
1353 406 1537 486 xuv.

534 506 684 573 Quod
709 519 823 576 quae
844 504 970 557 bene
988 501 1162 556 valent
1187 516 1530 576 communem.
1544 514 1779 576 mensam
1815 493 2108 548 detrectare

950 579 1232 642 nequeant,
1263 581 1310 624 et
1345 571 1407 623 de
1440 568 1686 637 inﬁrmis.

605 691 664 747 In
690 690 792 744 hac
820 697 1002 743 autem
1032 685 1308 741 communi
1340 685 1498 739 vobis
1527 693 1718 752 parata
1741 696 1946 743 mensa,
1978 681 2109 734 dum

535 784 673 836 bene
723 778 999 842 valebitis,
1031 777 1183 831 nullo
1232 785 1498 845 praetextu
1531 774 1792 842 nullaque
1844 771 2111 842 petitione

539 873 801 936 admissa,
833 871 1189 926 refectionem
1223 869 1486 933 sumetis;
1519 874 1575 922 et
1600 866 1747 920 nulla
1779 865 1888 920 erit
1917 863 2114 917 idonea

537 964 754 1019 occasio
793 961 1135 1017 detrectandi
1166 968 1495 1014 conventum
1535 958 1592 1012 in
1643 972 1934 1012 commune
1971 953 2117 1009 refe-

539 1056 800 1109 ctorium.
844 1055 976 1120 Quae
1016 1068 1145 1108 vero
1171 1052 1411 1122 graviter
1454 1058 1743 1118 aegrotant,
1785 1056 1841 1103 et
1875 1048 1952 1102 sic
1993 1057 2116 1101 uta

541 1147 685 1200 lecto
719 1161 945 1215 surgere
975 1152 1071 1199 aut
1103 1144 1396 1212 tranquille
1428 1143 1670 1197 dormire
1698 1148 1998 1209 nequeant,
2019 1138 2116 1193 sed

541 1240 728 1294 turbas
759 1247 1012 1292 moveant
1048 1246 1103 1292 ct
1142 1238 1373 1290 turbatze
1408 1235 1519 1290 sint
1539 1253 1553 1300 ;
1576 1235 1731 1305 jussu
1762 1233 2032 1302 praelecta:
2062 1231 2116 1285 in

541 1330 811 1399 peculiari
857 1331 1018 1393 cella,
1053 1328 1239 1397 quiete
1263 1336 1318 1381 et
1343 1327 1687 1380 accuratiore
1717 1323 1981 1392 obsequio
2023 1322 2121 1376 do-

542 1420 844 1474 nabuntur.
892 1418 1157 1473 Praefecta
1192 1432 1326 1472 vero
1372 1431 1544 1488 aegras
1592 1415 1915 1484 diligentius
1961 1410 2121 1482 quasi

543 1510 767 1578 propria
811 1509 1058 1562 membra
1087 1506 1336 1571 curabit;
1372 1507 1614 1576 ipsisque
1645 1505 1712 1558 ad
1743 1504 1948 1559 victum
1986 1518 2122 1558 con-

545 1601 796 1668 gruentia
844 1599 1072 1663 tribuet,
1104 1598 1646 1668 sollicitudinemque
1698 1605 1852 1668 geret
1900 1595 1970 1652 de
2017 1595 2120 1650 alia

545 1704 736 1743 carum
771 1690 1131 1746 recreatione.

1122 1968 1346 2026 CAPUT
1383 1970 1544 2026 XLV.

820 2059 970 2127 Quod
996 2063 1224 2116 secunda
1246 2061 1368 2130 ﬁeri
1398 2064 1584 2117 debeat
1616 2064 1844 2134 refectio.

617 2173 913 2242 Postquam
945 2172 1113 2243 igitur
1157 2173 1426 2228 moniales
1465 2189 1494 2228 a
1522 2188 1711 2229 mensa
1757 2173 2119 2238 surrexerint,

549 2265 722 2319 altera
744 2265 837 2318 ﬁat
860 2264 1104 2328 refectio,
1131 2265 1395 2334 appositis
1418 2265 1652 2335 panibus
1669 2275 1726 2320 et
1759 2266 1917 2331 cibis,
1948 2281 2124 2335 quan-

549 2365 663 2410 tum
699 2357 751 2410 in
784 2357 960 2425 prima
1009 2371 1199 2410 mensa
1244 2357 1477 2427 appositi
1524 2366 1672 2421 sunt,
1705 2365 1761 2410 et
1805 2355 2124 2411 reficiantur

550 2463 672 2518 qua:
723 2447 1126 2502 ministravere.
1181 2447 1370 2517 Neque
1423 2448 1581 2502 liceat
1624 2447 1792 2519 (quod
1839 2448 1896 2501 in
1947 2447 2120 2517 prima

551 2538 856 2592 reiectione
905 2547 1168 2604 statuere,
1219 2539 1484 2593 memoria
1531 2537 1758 2609 excidit)
1797 2539 2046 2609 surgenti
2094 2555 2123 2592 a

551 2648 761 2697 mensa,
789 2634 1071 2703 quidpiam
1104 2648 1290 2688 secum
1321 2650 1389 2688 ex
1428 2614 1713 2704 appositis,
1759 2635 1874 2690 sive
1903 2649 2125 2704 panem,

552 2725 666 2780 sive
711 2726 841 2795 quid
881 2726 1051 2789 aliud,
1099 2727 1310 2781 tollere.
1365 2727 1468 2781 Sed
1518 2742 1697 2796 neque
1733 2727 2123 2782 monacharum

553 2821 802 2889 quaedam
836 2825 1178 2891 pulmentum
1228 2823 1313 2876 vel
1350 2823 1645 2892 legumina,
1695 2833 1790 2877 aut
1827 2824 2124 2892 quidquam

555 2913 703 2967 aliud
730 2929 916 2968 secum
951 2928 1170 2968 sumere
1200 2922 1370 2982 petat,
1405 2912 1501 2966 sed
1537 2912 1593 2964 in
1629 2912 1905 2966 communi
1935 2926 2124 2967 omnes

554 3005 892 3060 reﬁciantur.

1124 3114 1347 3171 CAPUT
1381 3115 1560 3171 XLVI.

559 3203 634 3259 De
676 3206 810 3259 victu
857 3207 911 3258 in
967 3205 1141 3259 diebus
1187 3205 1534 3271 Iitaniarum,
1585 3223 1677 3261 seu
1722 3207 2127 3277 processiouum.

622 3319 794 3376 Cibus
812 3328 994 3374 vester
1021 3319 1074 3374 in
1103 3320 1298 3375 diebus
1322 3323 1732 3390 processionum
1757 3323 1820 3377 ad
1841 3322 2131 3393 prandium

553 3411 682 3476 erit,
713 3413 873 3466 tertia
902 3413 1123 3481 quidem
1165 3421 1218 3466 et
1249 3414 1437 3482 quinta
1476 3414 1636 3480 feria,
1669 3415 1906 3469 Sabbato
1935 3427 1989 3470 et
2022 3416 2130 3470 Do-

557 3504 780 3568 minica,
832 3506 940 3557 duo
992 3497 1193 3558 fercula
1239 3515 1335 3558 aut
1383 3506 1506 3570 tria,
1557 3507 1602 3559 si
1644 3507 1908 3575 praefectre
1951 3508 2129 3561 visum

552 3594 741 3658 fuerit,
779 3610 844 3646 ex
873 3595 1118 3662 piscibus
1142 3607 1196 3650 et
1223 3612 1402 3652 caseo.
1437 3597 1687 3651 Secunda
1720 3597 1874 3660 feria,
1907 3597 2017 3651 duo
2047 3599 2132 3652 vel

554 3681 660 3734 tria
694 3697 761 3734 ex
786 3682 1155 3745 leguminibus
1184 3685 1357 3736 coctis
1386 3697 1507 3736 cum
1536 3683 1678 3747 cleo,
1713 3693 1769 3737 et
1799 3699 1866 3736 ex
1892 3685 2132 3756 conchy-

554 3769 676 3833 liis,
705 3770 750 3822 si
773 3769 1141 3839 reperiantur.
1171 3771 1404 3826 Tetrade
1433 3787 1564 3826 vero
1596 3783 1651 3826 et
1679 3772 2002 3837 Parasceve,
2033 3790 2131 3829 seu

556 3867 773 3928 quarta,
809 3867 868 3914 et
897 3870 1048 3914 sexta
1082 3861 1240 3926 feria,
1282 3861 1391 3915 duo
1441 3861 1524 3915 vel
1560 3861 1662 3915 tria
1711 3863 1917 3917 fercula
1946 3879 2014 3918 ex
2051 3865 2134 3920 le-

554 3951 870 4021 guminibus
901 3952 1042 4006 co‘t‘
1119 3967 1243 4007 cum
1281 3953 1422 4018 oleo,
1477 3964 1534 4010 ct
1577 3970 1643 4008 ex
1689 3955 1935 4009 oleribus
1967 3955 2133 4010 simili

557 4044 738 4100 modo.

626 4137 682 4192 Si
708 4147 892 4192 autem
923 4137 979 4190 in
1010 4136 1145 4206 ipsis
1173 4138 1327 4192 feriis
1360 4138 1624 4199 secunda.
1663 4149 1857 4207 quarta
1888 4147 1943 4192 et
1973 4141 2133 4194 Para-

555 4241 715 4281 sceve
741 4242 770 4280 a
797 4226 1126 4296 quibusdam
1167 4225 1373 4281 Christi
1413 4226 1725 4281 amantibus
1754 4226 1848 4282 ﬁat
1883 4230 2133 4283 consola-

556 4316 656 4377 tio,
695 4325 788 4369 aut
822 4317 1036 4370 Domini
1070 4317 1390 4372 solemnitas
1417 4326 1692 4376 occurrat.
1727 4318 1844 4373 sive
1881 4321 2129 4388 quadam

555 4405 848 4460 duodecim
901 4416 1217 4461 sanctorum
1270 4409 1667 4478 apostolorum,
1702 4408 1784 4462 vel
1832 4408 2125 4479 insignium
2161 4395 2204 4448 θ

559 4509 881 4570 martyrum,
911 4516 1010 4554 seu
1038 4502 1388 4571 pontificum;
1430 4509 1559 4555 tunc
1595 4502 1770 4570 pisces
1792 4518 2011 4572 quoque
2030 4519 2126 4558 co-

557 4595 809 4659 medetis,
840 4596 944 4650 hoc
969 4605 1194 4650 curante
1226 4595 1513 4665 praelecta;
1543 4595 1648 4651 nisi
1680 4597 1928 4666 quaedam
1981 4613 2128 4652 acce-

556 4687 651 4742 dat
684 4689 753 4742 ab
783 4690 904 4743 aliis
935 4690 1258 4744 consvlatio.

629 4780 797 4834 Pctus
817 4796 948 4834 vero
976 4791 1158 4835 vester
1188 4783 1244 4836 in
1282 4782 1541 4836 omnibus
1568 4781 1883 4835 litaniarum
1917 4781 2136 4846 diebus,

555 4871 664 4923 erit
705 4887 828 4925 cum
862 4873 1068 4942 majore
1107 4873 1341 4942 liexagio
1375 4890 1389 4926 :
1426 4881 1481 4928 at
1527 4872 1620 4926 ubi
1653 4871 1923 4941 praelecta:
1955 4873 2132 4926 visum

557 4962 742 5026 fuerit,
782 4963 1073 5032 augebitur
1101 4971 1366 5032 quantum
1396 4962 1499 5032 ipsi
1529 4962 1776 5017 libuerit.
1801 4961 1881 5015 Ad
1921 4977 2132 5016 cumam

555 5062 739 5107 autem
763 5055 1084 5108 eorumdem
1104 5055 1317 5109 dierum
1337 5061 1644 5124 apponetur
1658 5054 1812 5108 vobis
1835 5055 1990 5122 panis
2008 5070 2132 5108 cum

555 5145 800 5199 oleribus
823 5145 1126 5200 secundum
1165 5152 1568 5214 tempestatem,
1596 5153 1652 5199 et
1685 5144 1886 5198 modici
1919 5143 2130 5198 fructus

1794 291 1980 352 IREN
1995 287 2081 349 ES
2117 282 2494 345 AUGUSTAE

2147 1734 2197 1794 B

3657 265 3788 330 1064

2789 387 3034 441 ΚΕΦΑΛ.
3072 385 3203 440 MA’.

2215 483 2352 550 Περὶ
2387 482 2493 536 τοῦ
2549 480 2956 550 ἀπαραίτητον
2999 475 3151 532 εἶναι
3198 476 3327 541 ταῖς
3376 475 3788 542 ὑγιαινούσαις

2305 554 2421 619 τὴν
2459 548 2676 617 κοινὴν
2703 548 3021 618 τράπεζαν,
3053 551 3152 605 καὶ
3185 550 3319 618 περὶ
3349 550 3695 604 νοσουσῶν.

2287 664 2504 733 Ταύτην
2536 662 2593 716 δὲ
2636 663 2736 733 τὴν
2786 665 2940 732 κοινῇ
2985 661 3442 734 εὖτρεπισθεῖσαν
3495 663 3622 730 ὑμῖν
3651 664 3786 732 τρά-

2217 755 2409 820 πεζαν,
2478 755 2534 806 αί
2601 754 2700 824 μὲν
2751 754 3129 822 ὑγιαίνουσαι,
3185 755 3634 825 ἀπροφάσιστον,
3701 757 3792 810 καὶ

2218 846 2595 916 ἀπαραίτητον
2656 845 2840 911 ἕξετε·
2877 848 2974 900 καὶ
3025 847 3253 914 οὐδεμία
3304 847 3457 899 ἔσται
3521 847 3792 917 πρόφασις

2222 936 2385 1006 ἱκανὴ
2420 937 2556 1008 πρὸς
2604 937 2932 1008 παραίτησιν
2971 938 3070 1008 τῆς
3113 940 3194 1002 είς
3240 939 3302 991 τὸ
3333 939 3509 992 κοινὸν
3549 942 3797 994 ἑστιατό-

2223 1044 2339 1096 ριον
2384 1027 2774 1091 συνελεύσεως.
2824 1030 2888 1082 Αἱ
2923 1028 3248 1082 ἀσθενοῦσαι
3299 1029 3356 1082 δὲ
3401 1032 3658 1100 ἰσχυρῶς,
3702 1034 3796 1086 καὶ

2220 1117 2393 1182 οὕτως
2425 1119 2564 1172 ὥστε
2611 1120 2686 1188 μὴ
2744 1119 3002 1174 δύνασθαι
3041 1122 3142 1191 τῆς
3177 1121 3365 1192 κλίνης
3413 1123 3794 1187 ἐξανίστασθαι

2221 1209 2254 1279 ἢ
2285 1210 2577 1280 ἀταράχως
2628 1210 2852 1277 ύπνοῦν,
2892 1211 3007 1264 ἀλλ’
3049 1212 3384 1284 ὲνοχλοῦσαι,
3419 1215 3514 1267 καὶ
3546 1216 3796 1285 ἐνοχλού-

2226 1319 2408 1368 μεναι,
2443 1304 2584 1356 κατὰ
2608 1303 2833 1375 γνώμην
2873 1306 2970 1376 τῆς
3003 1306 3416 1377 καθηγουμένη;
3448 1309 3506 1359 ὲν
3544 1308 3795 1373 ἰδιάζοντι

2222 1397 2416 1466 κελλίῳ
2445 1397 2726 1465 τεύξονται
2769 1401 3156 1467 ἀναπαύσεως,
3187 1404 3283 1455 καὶ
3334 1404 3625 1474 θεραπείας
3674 1407 3800 1457 ὲπι-

2227 1490 2580 1560 μελεστέρας.
2629 1493 2876 1563 Φροντιεί
2923 1493 2978 1545 δὲ
3015 1495 3048 1564 ἡ
3102 1493 3491 1565 καθηγουμένη
3541 1495 3638 1548 καὶ
3684 1495 3797 1550 τῶν

2224 1583 2496 1636 νοσουσῶν
2546 1583 2992 1653 ἐπιμελέστερον,
3033 1584 3379 1647 ὡςόίκείων
3425 1586 3638 1657 μελῶνο
3701 1588 3798 1640 καὶ

2228 1675 2455 1745 παρέξει
2509 1675 2737 1738 ταύταις
2786 1677 2856 1730 τὰ
2904 1677 3216 1746 κατάλληλα
3273 1679 3410 1748 πρὸς
3458 1680 3796 1750 διατροφὴν,

2227 1768 2484 1837 πρόνοιάν
2526 1785 2586 1820 τε
2634 1772 2921 1839 ποιήσεται
2971 1772 3063 1825 καὶ
3096 1772 3195 1843 τῆς
3233 1771 3398 1842 ἄλλης
3433 1773 3612 1826 αὐτῶν
3658 1774 3796 1826 ἀνα⁶

2224 1877 2500 1924 παυσεως.

2794 1975 3048 2029 ΚΕΦΑΛ.
3079 1977 3134 2030 Μ
3143 1977 3214 2030 E'.

2329 2066 2470 2135 Περὶ
2498 2066 2602 2121 τοῦ
2629 2067 2731 2121 καὶ
2770 2066 3059 2134 δευτέραν
3085 2069 3355 2137 τίνεσθαι
3389 2068 3687 2124 ἑστίασιν.

2297 2181 2489 2234 Τοίνυν
2523 2182 2662 2251 μετὰ
2690 2181 2752 2235 τὸ
2791 2182 2892 2246 τὰς
2933 2183 3172 2252 μοναχὰς
3215 2183 3514 2252 ἀναστῆναι
3541 2184 3641 2254 τῆς
3665 2200 3803 2254 τρα-

2227 2269 2419 2339 πέζης,
2451 2271 2692 2335 ἑστίασις
2730 2271 2957 2343 δευτέρα
2989 2273 3224 2342 γινέσθω
3262 2273 3442 2344 ἄρτων
3480 2292 3537 2328 τε
3565 2293 3803 2345 παρατιο

2227 2360 2467 2432 θεμένων
2495 2365 2591 2416 καὶ
2632 2364 2960 2434 βρωμάτων,
2999 2366 3100 2418 ὅσα
3131 2367 3189 2418 ὲν
3223 2369 3291 2436 τῇ
3325 2365 3515 2437 πρώτῃ
3555 2366 3802 2435 παρατέ-⁹

2228 2455 2402 2510 θειται
2431 2457 2703 2528 τραπέζῃ.
2735 2459 2846 2511 Καὶ
2879 2457 3251 2511 ἐστιάσθωσαν
3288 2461 3341 2511 αἱ
3381 2459 3798 2528 διακονήσασαι.

2227 2547 2320 2617 Μὴ
2372 2548 2573 2612 ἐξέστω
2624 2549 2701 2612 δὲ,
2758 2549 2895 2620 ὅπερ
2953 2550 3047 2602 καὶ
3102 2552 3158 2603 ἐν
3202 2554 3268 2621 τῇ
3323 2549 3517 2623 πρώτῃ
3558 2551 3799 2604 ἑστιάσει

2227 2640 2545 2709 τυπωθῆναι
2601 2639 2875 2704 διέλαθεν,
2947 2641 3280 2712 ἀνισταμένῃ
3341 2643 3438 2710 τῆς
3489 2643 3792 2711 τραπέζης,

2229 2731 2402 2801 αίρειν
2437 2747 2489 2784 τι
2541 2731 2658 2800 μεθ’
2700 2731 2899 2802 ἑαυτῆς
2928 2733 2993 2784 ἐκ
3036 2733 3145 2785 τῶν
3177 2734 3622 2803 παρακειμένων,
3661 2734 3796 2803 μήτε

2229 2822 2416 2892 ἄρτον,
2457 2822 2585 2892 μήθ’
2619 2823 2804 2892 ἕτερόν
2833 2840 2918 2876 τι·
2962 2824 3102 2876 ἀλλὰ
3133 2825 3266 2895 μηδὲ
3298 2824 3403 2877 τῶν
3437 2825 3687 2894 μοναχῶν
3715 2841 3798 2886 τις

2229 2913 2448 2966 αἰτείτω
2474 2913 2594 2982 μεθ’
2619 2914 2821 2982 ἑαυτῆς
2844 2914 3101 2986 λαϐεῖν,ἢ
3128 2915 3472 2985 μαγειρείαν,
3495 2915 3528 2988 ἢ
3551 2915 3802 2985 ὄσπριον,

2231 3008 2265 3078 ἢ
2307 3007 2433 3061 ἄλλο
2460 3025 2532 3072 τι,
2563 3006 2696 3060 ἀλλὰ
2732 3010 2882 3078 κοινῇ
2916 3010 3086 3061 πᾶσαι
3113 3009 3512 3062 έστιάσθωσαν.

2793 3120 3045 3173 ΚΕΦΑΛ.
3088 3121 3237 3188 Μετ’.

2363 3209 2504 3277 Περὶ
2531 3209 2643 3278 τῆς
2675 3210 2745 3262 ἐν
2777 3210 2906 3277 ταῖς
2937 3211 3132 3277 λιταῖς
3158 3211 3398 3282 ἡμέραις
3433 3211 3678 3281 τροφῆς.

2315 3321 2379 3374 Ἠ
2411 3321 2466 3374 δὲ
2505 3323 2679 3392 τροφὴ
2729 3321 2881 3390 ὑμῶν
2914 3323 3068 3375 ἔσται
3101 3324 3158 3377 έν
3201 3327 3319 3386 ταῖς
3350 3325 3523 3386 λιταῖς
3566 3325 3816 3393 ἡμέραις

2235 3412 2378 3465 κατὰ
2399 3411 2459 3464 τὸ
2484 3411 2705 3480 ἄριστον
2732 3425 2745 3440 “
2790 3411 2963 3483 Τρίτῃ
2996 3412 3116 3482 μὲν,
3141 3413 3234 3465 καὶ
3268 3413 3518 3485 Πέμπτῃ,
3544 3415 3638 3465 καὶ
3661 3413 3815 3464 Σαδ-

2235 3504 2406 3575 δάτῳ,
2439 3505 2535 3559 καὶ⁵
2584 3506 2862 3574 Κυριακῇ,
2895 3506 3168 3575 ἐδέσματα
3221 3505 3314 3558 δύο
3358 3506 3388 3576 ἢ
3440 3507 3586 3575 τρέα,
3648 3507 3698 3558 εἰ
3741 3509 3813 3576 τῇ

2236 3595 2624 3666 καθηγουμένῃ
2652 3595 2856 3666 δοκοίη,
2888 3595 2954 3648 δι’
2989 3596 3189 3666 ἰχθύων
3223 3598 3318 3649 καὶ
3335 3597 3500 3666 τυροῦ
3523 3615 3535 3628 ’
3568 3599 3627 3650 ὲν
3658 3597 3717 3650 δὲ
3739 3602 3812 3668 τῇ

2234 3688 2484 3757 δευτέρᾳ,
2513 3686 2660 3757 δύοῆ
2692 3687 2817 3757 τρία
2859 3687 2928 3740 δι’
2957 3687 3197 3758 ὀσπρίων
3237 3689 3452 3758 ἑψητῶν
3481 3692 3576 3744 σὺν
3616 3690 3813 3761 ἐλαίῳ,

2234 3778 2329 3832 καὶ
2355 3777 2839 3849 ὀστρακοδέρμων,
2873 3782 2921 3831 εί
2949 3781 3290 3847 εὑρίσκοιντο
3315 3797 3328 3811 ’
3362 3783 3579 3853 τετράδι
3615 3800 3675 3835 τε
3710 3788 3814 3836 καὶ

2232 3871 2568 3940 Παρασκευῇ
2615 3869 2710 3921 δύο
2752 3868 2940 3940 ἢτρία
2987 3871 3261 3940 ἐδέσματα
3301 3871 3368 3924 δι’
3398 3873 3644 3942 ὀσπρίων
3670 3873 3816 3943 ἐψη-

2232 3962 2341 4014 τῶν
2384 3965 2481 4016 σὺν
2508 3962 2673 4016 ὲλαίω
2708 3963 2802 4015 καὶ
2834 3963 3086 4032 λαχάνων
3111 3964 3332 4033 ὁμοίως.

2305 4143 2368 4194 Εἰ
2412 4143 2469 4196 δὲ
2501 4143 2597 4196 καὶ
2626 4144 2684 4195 ὲν
2727 4143 2939 4206 αὐταῖς,
2967 4146 3032 4213 τῇ
3080 4143 3327 4214 δευτέρᾳ,
3379 4145 3543 4212 φημὶ,
3587 4144 3813 4213 τετράδι

2233 4250 2316 4300 τε,
2349 4235 2441 4287 καὶ
2470 4236 2788 4304 παρασκευῇ
2828 4235 2981 4304 παρά
3004 4252 3164 4287 τινων
3189 4236 3545 4306 φιλοχρίστων
3579 4239 3812 4306 γένηται

2237 4322 2578 4393 παράκλησις
2617 4322 2752 4395 (Al),
2789 4324 2821 4393 ἢ
2851 4324 3012 4394 ἑορτὴ
3050 4326 3189 4396 τύχῃ
3225 4326 3552 4396 Δεσποτικὴ,
3579 4327 3612 4395 ἡ
3663 4344 3812 4390 τινος

2232 4412 2341 4465 τῶν
2363 4411 2570 4466 δώδεκα
2593 4414 2763 4483 ἁγίων
2787 4415 3124 4479 ἀποστόλων,
3150 4416 3182 4486 ἢ
3225 4416 3331 4469 τῶν
3357 4417 3643 4486 ἐπισήμων
3667 4435 3814 4488 μαρ-

2233 4503 2434 4572 τύρων,
2477 4504 2509 4575 ἦ
2553 4505 2841 4576 ίεραρχῶν,
2883 4506 3084 4559 ἐσθίειν
3117 4508 3212 4559 καὶ
3248 4509 3367 4560 τότε
3397 4507 3607 4578 ίχούας,
3636 4510 3812 4577 αὐτῆς

2235 4593 2546 4664 ἡγουμένης
2567 4593 2766 4648 ταύτου
2791 4594 3182 4665 φροντιζούσης
3201 4611 3214 4624 ·
3244 4597 3294 4648 εί
3327 4596 3401 4666 μή
3433 4613 3517 4658 τις
3551 4597 3603 4666 ίη
3625 4594 3809 4667 lein?)

2234 4686 2366 4756 παρ’
2403 4687 2607 4756 ἐτέρων
2638 4685 3006 4756 παράκλησις.

2321 4777 2385 4829 Ἠ
2419 4777 2475 4830 δὲ
2501 4776 2658 4838 πόσις
2683 4775 2837 4846 ὑμῶν
2873 4781 2930 4829 έν
2966 4776 3167 4840 πάσαις
3195 4781 3314 4840 ταῖς
3344 4777 3520 4838 λιταῖς
3572 4779 3809 4846 ἡμέραις

2232 4867 2386 4921 ἔσται
2437 4868 2574 4936 μετὰ
2618 4866 2712 4921 τοῦ
2772 4866 3013 4936 μείζονος
3062 4869 3282 4936 ὲξαγίου
3319 4867 3466 4938 (ιεγ
3499 4870 3589 4921 ὅτε
3640 4868 3699 4920 δὲ
3740 4870 3804 4937 τῇ

2235 4956 2557 5027 προεστὼσῃ
2590 4956 2751 5023 δόξει,
2787 4957 2881 5010 καὶ
2931 4956 3367 5028 ὲπαυξηθήσεται
3401 4957 3632 5011 καθόσον
3666 4959 3802 5027 αὐτῇ

2234 5050 2514 5120 βούλητόν.
2559 5049 2718 5103 Κατὰ
2763 5050 2820 5102 δὲ
2853 5050 2912 5103 τὸ
2940 5049 3153 5104 δεῖπνον
3183 5051 3291 5103 τῶν
3342 5051 3525 5104 αὐτῶν
3580 5050 3805 5119 ἡμερῶν

2236 5141 2676 5212 παρατεθήσεται
2724 5140 2853 5207 ὑμῖν
2900 5139 3084 5210 ἄρτος,
3138 5140 3233 5194 καὶ
3281 5139 3487 5210 λάχανα
3545 5141 3613 5192 τὰ
3669 5139 3808 5191 κατὰ

1807 5281 2276 5353 iMontfauconii
2330 5288 2517 5343 notae.

632 5408 744 5479 (41)
778 5408 1186 5476 Παράκλησις.
1224 5409 1430 5464 Eodem
1455 5410 1570 5464 fere
1615 5424 1778 5464 sensu
1818 5409 1910 5462 hic
1957 5423 2122 5462 usur-

553 5489 738 5549 patur,
759 5495 870 5548 quo
899 5480 1187 5532 consolatio
1218 5481 1362 5548 apud
1407 5481 1631 5534 Latinos
1657 5498 1670 5534 :
1692 5482 1807 5533 haec
1835 5480 1982 5533 enim
2004 5485 2125 5533 erat

556 5564 722 5617 parva
749 5563 904 5603 caena
937 5549 1221 5603 inonachis
1247 5556 1304 5603 in
1336 5551 1589 5604 solatium
1620 5565 1903 5604 concessa.
1933 5549 1991 5602 In
2019 5549 2124 5603 hoc

557 5627 738 5673 autem
781 5618 961 5689 typico
1008 5618 1359 5688 παράκλησις
1411 5629 1469 5673 ut
1503 5620 1800 5689 plurimum
1859 5618 2126 5689 accipitur

559 5703 661 5757 pro
714 5687 1012 5745 refectione
1074 5687 1530 5758 extraordinaria,
1569 5689 1622 5743 in
1675 5705 1781 5759 qua
1823 5690 2001 5761 pisces
2039 5687 2124 5743 vel

2237 5404 2522 5480 concliylia
2539 5405 2986 5480 apponebantur.

2307 5473 2755 5543 (42)"‘Efarlov.
2787 5473 2955 5544 Vulgo
2984 5475 3129 5545 apud
3154 5473 3372 5529 Graecos
3415 5480 3674 5545 auctores
3701 5486 3804 5524 vox

2235 5546 2354 5600 hazc
2380 5559 2481 5598 usu
2504 5547 2654 5598 venit
2681 5559 2782 5613 pro
2829 5543 3071 5615 pondere
3109 5560 3203 5600 sex
3244 5545 3551 5607 unciarum,
3583 5543 3674 5597 hic
3693 5557 3760 5596 au
3791 5573 3806 5580 -

2236 5627 2345 5671 tem
2385 5628 2486 5684 pro
2525 5627 2801 5669 mensura.
