4104 6200
407 241 550 307 1065

1844 249 2205 313 TYPICUM.

3419 258 3428 268 ’
3499 265 3634 332 1006

384 357 600 426 καιρὸν,
635 355 731 409 καὶ
759 356 971 426 ὀπῶραι
1007 362 1204 428 μικραὶ
1250 363 1388 417 κατὰ
1426 361 1652 433 γνώμην
1689 363 1786 431 τῆς
1821 379 1949 434 προ-

2061 363 2215 433 juxta
2241 363 2509 434 praetecta:
2538 369 2886 424 sententiam.
2914 371 3080 426 l‘otus
3104 387 3237 426 vero
3263 372 3482 431 dabitur
3510 395 3632 434 cum

383 446 649 516 εστώσης.
687 447 759 499 Τὸ
800 447 858 500 δέ
888 465 972 501 τοι
1011 450 1166 520 πόμα
1212 453 1498 525 δοθήσεται
1534 455 1674 525 μετὰ
1715 458 1810 511 τοῦ
1845 460 1962 528 μεί-

383 538 537 602 ζονος
564 538 808 608 ἔξαγίου.

959 637 1210 692 ΚΕΦΔΛ.
1256 641 1390 692 ΜΖ⁹.

382 721 518 789 Περὶ
550 720 660 789 τῆς
695 721 766 774 ἐν
814 723 886 790 τῇ
919 726 1157 796 μεγάλῃ
1203 727 1677 800 Τεσσαρακοστῇ
1714 733 1954 803 τροφῆς.

453 833 639 886 Ταῦτα
671 834 772 902 μὲν
818 835 878 888 ὲν
916 840 1036 900 ταῖς
1061 838 1239 903 λιταῖς
1279 842 1519 911 ἡμέραις
1561 845 1654 898 τοῦ
1685 847 1957 900 ἐνιαυτοῦ.

389 921 479 976 Ἐν
509 923 567 974 δέ
595 939 658 990 γε
689 926 810 987 ταῖς
841 925 949 979 τῶν
976 928 1150 996 ἁγίων
1179 931 1463 1000 Νηστειῶν
1506 935 1603 1005 οὐχ
1625 935 1820 1000 οὕτως.
1846 939 1960 991 Καὶ

377 1014 485 1082 πρό
515 1029 578 1080 γε
599 1013 708 1068 τῶν
728 1015 923 1084 ἄλλων,
945 1019 1003 1072 ὲν
1024 1023 1089 1090 τῇ
1115 1023 1308 1095 πρώτῃ
1327 1025 1423 1079 καὶ
1446 1027 1701 1099 μεγίστῃ,
1731 1025 1799 1101 ἦς
1821 1031 1960 1086 κατὰ

377 1104 479 1171 τὴν
514 1105 739 1176 πρώτην
788 1108 1003 1179 ἡμέραν
1043 1111 1147 1181 τῆς
1175 1113 1401 1186 πρώτης
1440 1117 1754 1190 ἑϐδομάδος,
1785 1123 1958 1192 ἡγουν

380 1195 528 1248 κατὰ
571 1197 671 1266 τὴν
699 1199 982 1270 δευτέραν,
1018 1203 1148 1275 μήθ’
1193 1207 1598 1280 ίερουργητέον,
1637 1214 1776 1283 μήτε
1822 1231 1955 1284 τρα-

381 1285 553 1357 πέζης
604 1295 979 1360 φροντιστέον,
1020 1295 1053 1365 ἡ
1109 1295 1399 1367 βρώσεως·
1433 1303 1553 1366 ταῖς
1601 1303 1786 1372 μέντοι
1832 1306 1960 1374 ἑξῆς

379 1379 618 1448 ἡμέραις
641 1382 740 1450 τῆς
768 1384 1028 1454 τοιαύτης
1075 1388 1390 1459 ἐΰδομάδος,
1420 1395 1516 1448 καὶ
1545 1395 1829 1464 τράπεζαν
1857 1414 1958 1449 πα-

379 1467 658 1534 ραθετέον,
679 1472 773 1524 καὶ
797 1471 1054 1543 βρώσεως
1074 1477 1173 1548 τὴν
1193 1478 1530 1550 αἱρουμένην
1552 1485 1956 1554 μεταληπτέον,

374 1557 496 1627 ἥτις
543 1559 602 1613 δὲ
653 1561 806 1617 ἔσται
858 1564 918 1628 ἐξ
965 1567 1213 1636 ὀσπρίων
1258 1569 1562 1641 διαδρόχων
1618 1573 1806 1640 ὕδατι,
1865 1581 1960 1629 καὶ

375 1646 544 1717 ὠμῶν
589 1666 752 1704 τινων
793 1653 1062 1724 λαχάνων,
1101 1655 1233 1720 ἴσως
1274 1656 1369 1711 καὶ
1399 1659 1655 1731 ὀπωρῶν.
1699 1663 1856 1730 Πόμα
1899 1663 1955 1714 δὲ

375 1738 565 1792 πίεσθε
593 1739 797 1811 θερμὸν
827 1722 974 1816 ὕδωρ
1001 1746 1216 1815 κυμίνῳ
1259 1722 1663 1819 συνηρτυμένον
1693 1722 1828 1820 (ὀὸδ.
1865 1751 1954 1804 Ἐν
1988 1722 2028 1776 Β

376 1829 564 1899 μέντοι
619 1836 685 1904 τῇ
738 1837 1073 1907 Παρασκευῇ
1125 1839 1302 1909 έψητά
1357 1857 1480 1893 τινα
1535 1839 1776 1912 βρωτέον
1825 1843 1954 1912 ὑμῖν

372 1921 646 1992 ἐδέσματα
675 1926 789 1994 δύο,
825 1930 887 1981 τὸ
921 1929 1021 1996 μὲν
1059 1930 1118 1983 ἓν
1152 1931 1291 2000 μετὰ
1327 1930 1531 1998 ἐλαίου,
1557 1934 1618 1986 τὸ
1661 1934 1719 1987 δὲ
1763 1935 1953 2006 ἕτερον

373 2015 545 2083 χωρὶς
584 2017 764 2071 ἐλαίου
787 2033 804 2049 '
855 2021 950 2073 καὶ
990 2016 1134 2074 οἶνον
1165 2021 1360 2075 ποτέον
1391 2021 1532 2092 μετὰ
1577 2021 1674 2076 τοῦ
1709 2025 1954 2094 μείζονος

374 2104 594 2173 ἐξαγίου
638 2107 938 2179 διδόμενον,
971 2112 1059 2166 διὰ
1087 2112 1185 2181 τὴν
1216 2113 1410 2184 ἑορτὴν
1446 2112 1540 2166 τοῦ
1586 2115 1745 2184 ἁγίου
1778 2134 1952 2186 μεγα-

374 2195 722 2268 λομάρτυρος
751 2200 1029 2272 Θεοδώρου
1066 2203 1202 2273 (44),
1235 2207 1301 2276 ἢν
1326 2207 1358 2275 ἡ
1391 2205 1717 2275 προεστῶσα
1746 2208 1950 2276 ὀφείλει

375 2287 646 2342 ἐπιτελεῖν
684 2293 1059 2361 χρεωστικῶς,
1102 2295 1195 2348 καὶ
1238 2295 1572 2363 παρακαλεῖν
1623 2296 1768 2365 ὑμᾶς
1813 2298 1952 2350 κατὰ

373 2378 478 2451 τὴν
503 2381 599 2436 τοῦ
637 2383 917 2438 Σαὸδάτου
949 2386 1185 2456 ἡμέραν,
1219 2389 1315 2438 καὶ
1357 2387 1818 2458 ὀστρακοδέρμοις
1851 2389 1950 2460 τὴν

373 2471 715 2542 ἀδελφότητα
756 2475 967 2546 ἑστιᾷν.
1007 2477 1067 2528 Et
1091 2475 1147 2529 δὲ
1184 2476 1336 2545 παρά
1384 2493 1528 2539 τινος
1565 2476 1675 2528 τῶν
1716 2477 1953 2548 φιλοχρέ-

375 2575 519 2613 στων
551 2564 902 2634 παράκλησις
941 2567 1175 2635 γένοιτο,
1220 2567 1314 2618 καὶ
1345 2566 1415 2618 δι’
1465 2565 1660 2635 ἰχθύων
1696 2567 1952 2637 ἑστιαϐἡ-

376 2654 560 2707 σεσθε.

453 2745 520 2797 Ἦ
553 2743 726 2814 μὲνδὲ
757 2745 822 2817 [Ι.
857 2745 946 2818 δὴ]
975 2748 1166 2817 πρώτη
1223 2749 1456 2818 ἑϐδομὰς
1502 2748 1600 2816 τῆς
1642 2749 1805 2816 ἁγίας
1851 2753 1944 2804 καὶ

375 2836 622 2904 μεγάλης
664 2837 1118 2908 Τεσσαροκοστῆς
1169 2839 1342 2902 οὕτως
1374 2841 1501 2909 ὑμῖν
1526 2839 1771 2892 ἀνυέσοω
1794 2856 1809 2870 ο
1838 2843 1950 2902 τοῖς

371 2925 428 2978 δὲ
461 2926 702 2980 Σᾶϐϐασι
738 2929 892 2992 πᾶσι,
937 2930 1032 2982 καὶ
1089 2931 1209 2993 ταῖς
1263 2931 1565 2999 Κυριακαίς
1624 2928 1724 2998 τῆς
1779 2931 1949 3000 αὐτῆς

2065 451 2272 524 majore
2309 457 2555 528 hcxagio.

2618 640 2844 698 CAPUT
2872 643 3076 699 XLVII.

2335 728 2409 781 De
2436 731 2570 784 victu
2611 732 2662 785 in
2695 751 2888 805 magna
2920 735 3362 811 Quadragesima.

2133 840 2258 894 Haec
2298 842 2522 910 quidem
2565 845 2625 898 in
2674 846 2870 903 diebus
2924 853 3338 918 processionum
3388 859 3538 912 anni.
3575 860 3634 916 In

2062 945 2342 986 sacrorum
2378 949 2510 990 vero
2531 936 2866 1006 jejuniorum
2901 941 3119 1010 diebus,
3144 961 3251 1000 non
3279 949 3379 1003 sic.
3411 951 3478 1004 Et
3507 961 3635 1006 ante

2060 1019 2166 1073 alia
2202 1020 2255 1074 in
2290 1022 2468 1090 primo
2506 1032 2563 1079 et
2613 1028 2850 1083 maximo
2881 1030 3114 1100 jejunio,
3150 1035 3309 1104 cujus
3341 1038 3515 1106 prima
3551 1040 3636 1096 die

2059 1110 2249 1179 prima:
2298 1113 2679 1182 hebdomadis,
2719 1134 2917 1189 nempe
2969 1122 3105 1178 feria
3155 1129 3417 1194 secunda,
3455 1145 3635 1200 neque

2061 1203 2510 1271 sacriﬁcandum,
2537 1224 2717 1277 neque
2743 1210 2812 1265 de
2836 1228 3023 1268 mensa
3052 1225 3145 1270 aut
3173 1218 3299 1273 cibo
3328 1223 3633 1277 curandum

2059 1299 2185 1345 est:
2232 1293 2427 1349 diebus
2472 1312 2604 1352 vero
2661 1303 3023 1370 sequentibus
3067 1306 3230 1378 hujus
3275 1310 3637 1368 hebdomadis

2060 1397 2247 1438 mensa
2279 1389 2600 1456 apponenda
2625 1394 2998 1456 est,etcibnm
3025 1408 3343 1469 sumetquaa
3369 1403 3632 1470 voluerit,

2059 1489 2256 1544 nempe
2295 1476 2575 1548 legumina
2622 1497 2762 1551 aqua
2815 1485 3140 1552 madefacta,
3197 1504 3413 1547 necnon
3463 1495 3634 1550 cruda

2059 1567 2306 1634 quaedam
2338 1570 2509 1633 olera,
2542 1573 2626 1626 vel
2659 1573 2799 1629 forte
2831 1575 3061 1632 fructus.
3092 1579 3151 1632 ln
3178 1591 3368 1648 potum
3392 1599 3520 1638 vero
3551 1585 3635 1639 bi-

2059 1654 2203 1710 betis
2235 1672 2432 1727 aquam
2465 1660 2698 1718 calidam
2747 1666 2971 1721 cumino
3011 1669 3310 1734 conditam.
3349 1673 3408 1726 In
3466 1670 3634 1731 Para-

2058 1760 2218 1802 sceve
2243 1758 2423 1804 tamen
2469 1762 2622 1807 cocta
2652 1755 2901 1824 qua-dam
2929 1759 3088 1814 vobis
3118 1765 3454 1820 comedenda
3482 1777 3632 1832 sunt,

2059 1836 2318 1892 nimirum
2375 1841 2581 1898 fercula
2627 1845 2759 1911 duo,
2814 1863 2984 1902 unum
3033 1853 3257 1920 quidem
3307 1870 3431 1910 cum
3484 1859 3629 1925 oleo,

2057 1926 2207 1982 aliud
2237 1943 2366 1984 vero
2403 1932 2610 2003 absque
2642 1935 2797 2003 oleo;
2835 1938 3134 2010 vinumque
3173 1943 3470 1999 bibendum
3501 1963 3628 2003 cum

2059 2018 2249 2088 majori
2271 2019 2501 2093 hexagio
2527 2023 2823 2088 datum,ob
2845 2027 3044 2084 festum
3073 2033 3246 2086 sancti
3280 2038 3458 2107 magni
3481 2054 3628 2093 mar-

2059 2108 2194 2176 tyris
2241 2109 2539 2177 Theodori,
2579 2115 2725 2184 quod
2755 2133 2879 2172 cum
2929 2118 3117 2175 debito
3162 2123 3268 2177 ritu
3319 2125 3628 2194 praefectam

2059 2199 2341 2256 celebrare
2372 2213 2614 2273 oportet,
2659 2215 2716 2262 et
2751 2210 3022 2266 consolari
3054 2227 3151 2268 vos
3184 2215 3240 2268 in
3267 2215 3354 2271 die
3380 2216 3626 2285 Sabbati,

2057 2305 2385 2363 sororesque
2416 2297 2725 2367 conchyliis
2767 2301 3041 2371 excipere.
3074 2303 3132 2358 Si
3169 2321 3296 2361 vero
3323 2323 3354 2361 a
3386 2310 3625 2378 quodam

2055 2398 2122 2436 ev
2160 2382 2383 2440 Christo
2415 2387 2629 2442 devotis
2663 2393 2968 2447 consolatio
2991 2396 3238 2464 accedet,
3278 2400 3458 2468 pisces
3490 2417 3627 2472 quo-

2055 2488 2163 2541 que
2193 2477 2517 2532 comedetis.

2123 2739 2301 2796 Prima
2345 2745 2526 2814 itaque
2575 2746 2874 2804 hebdomas
2913 2767 3110 2807 sanctae
3144 2761 3200 2807 et
3241 2771 3448 2826 magna:
3478 2757 3626 2824 Qua-

2051 2827 2370 2899 dragesimaa
2416 2835 2496 2888 sic
2542 2851 2571 2889 a
2613 2837 2770 2893 vobis
2823 2841 3091 2911 exigetur.
3138 2842 3390 2901 Sabbatis
3435 2859 3621 2904 autem

2051 2921 2327 2986 omnibus,
2362 2931 2418 2978 et
2450 2924 2748 2982 Dominicis
2779 2929 3024 3000 ejusdem
3069 2936 3243 2990 sancti
3277 2937 3493 3006 jejunii,
3523 2942 3625 2997 tria

371 3018 534 3084 ἁγίας
564 3019 840 3088 νηστείας,
882 3020 1009 3089 τρία
1048 3021 1434 3092 παρατιθέσθω
1493 3023 1620 3091 ὑμῖν
1677 3019 1946 3090 ἐδέσματα

2051 3021 2396 3079 apponcntur
2420 3016 2575 3072 vobis
2601 3027 2754 3073 cocta
2781 3021 3016 3087 fercula,
3047 3026 3169 3080 oleo
3190 3029 3432 3084 condita.
3458 3034 3625 3088 Detur

370 3107 710 3179 μαγειρευτὰ
771 3110 1062 3180 μετέχοντα
1121 3110 1324 3164 ἐλαίου.
1359 3110 1594 3164 Διδόσθω
1639 3111 1696 3165 δὲ
1743 3115 1836 3165 καὶ
1865 3112 1947 3173 είς

370 3199 530 3252 πόσιν
547 3199 608 3252 τὸ
625 3200 851 3269 σύνηθες
876 3203 1015 3271 μέγα
1038 3202 1409 3270 κρασοϐόλιον,
1425 3201 1484 3253 τὸ
1503 3201 1546 3254 δ’
1564 3201 1696 3255 αὐτὸ
1715 3203 1948 3270 γινέσθω

369 3292 465 3344 καὶ
496 3293 562 3360 τῇ
597 3292 815 3361 τετράδι
836 3293 937 3356 τῆς
981 3293 1404 3363 μεσονηστίμου,
1461 3293 1556 3346 καὶ
1603 3295 1670 3362 τῇ
1722 3294 1947 3364 πέμπτῃ

367 3380 462 3433 τοῦ
499 3381 738 3450 μεγάλου
761 3383 1018 3445 Κανόνος.
1057 3383 1100 3434 Τ
1103 3385 1188 3445 αῖς
1228 3383 1285 3436 δέ
1322 3401 1386 3450 γε
1433 3383 1642 3454 τρίταις
1676 3384 1768 3434 καὶ
1804 3384 1944 3451 πέμ-

372 3487 536 3534 πταις
572 3474 691 3535 ταῖς
720 3471 930 3538 ἄλλαις,
960 3472 1053 3525 δύο
1080 3474 1180 3541 μὲν
1221 3474 1348 3541 ὑμῖν
1381 3473 1654 3541 ἐδέσματα
1706 3489 1944 3542 παρατε-

370 3560 624 3632 θήσονται
652 3565 1008 3634 μαγειρευτὰ,
1043 3563 1326 3632 ἀμφότερα
1377 3561 1558 3616 ὲλαὶου
1609 3563 1904 3632 μετέχοντα
1926 3580 1940 3592 ·

367 3650 510 3718 (ἶνις
537 3654 591 3706 δὲ
609 3656 686 3725 τῷ
707 3655 950 3709 ἐλάττονι
983 3655 1184 3724 ἑξαγίῳ
1208 3653 1603 3724 μετρούμενος.
1667 3653 1779 3717 Τὰς
1812 3656 1941 3722 μέν·

367 3761 453 3800 τοι
487 3745 748 3815 δευτέρας
773 3747 866 3800 δύο
920 3749 1194 3818 ἐδέσματα
1247 3746 1582 3818 μαγειρευτὰ
1630 3749 1942 3818 παρατεθή-

373 3853 554 3892 οονται
589 3855 605 3874 ο
647 3834 722 3893 ὧν
754 3840 816 3893 τὸ
851 3839 908 3893 ἓν
945 3841 1083 3910 μετὰ
1113 3840 1317 3903 ἐλαίου,
1353 3839 1414 3892 τὸ
1443 3839 1499 3892 δὲ
1532 3838 1716 3910 ἕτερον
1762 3841 1940 3893 ἐλαίου

369 3931 656 3999 ἀμέτοχον.
678 3930 790 3984 Καὶ
829 3928 970 3996 οἶνος
995 3933 1049 3984 δὲ
1081 3932 1158 4001 τῷ
1199 3932 1442 3985 ἐλάττονι
1473 3931 1676 4000 ὲξαγίῳ
1713 3933 1940 4002 μετρούο

373 4035 553 4086 μενος,
595 4019 733 4087 ὅπερ
767 4020 885 4072 ἐστὶ
929 4019 1022 4072 τοῦ
1071 4020 1314 4088 μείζονος
1357 4019 1417 4070 τὸ
1474 4019 1668 4087 ἥμισυ.
1720 4020 1830 4081 Τὰς
1885 4021 1940 4073 δὲ

365 4109 632 4178 τετράδας
671 4112 766 4164 καὶ
796 4109 1152 4179 παρασκευὰς
1175 4109 1270 4162 δύο
1303 4110 1573 4177 ἐδέσματα
1604 4112 1940 4178 μαγειρευτὰ

371 4201 492 4270 μὲν,
524 4201 703 4252 ὲλαίου
727 4201 781 4254 δὲ
810 4201 1078 4272 ἀμέτοχαο
1105 4203 1200 4254 καὶ
1227 4203 1258 4270 ἡ
1295 4200 1452 4263 πόσις
1477 4195 1618 4261 οἶνος
1658 4198 1734 4268 τῷ
1780 4199 1937 4252 ἐλάτ-

366 4308 482 4344 τονι
523 4292 719 4362 ὲξαγίῳ
741 4293 1129 4363 μετρούμενος.

2051 3112 2231 3157 autem
2260 3106 2314 3159 in
2348 3115 2535 3175 potum
2560 3111 2779 3165 solitum
2821 3131 3074 3184 magnum
3109 3119 3476 3176 crasobolium
3526 3139 3624 3180 seu

2049 3196 2299 3264 cyathus.
2324 3197 2564 3266 ldipsum
2589 3200 2682 3254 ﬁat
2709 3204 2914 3257 tetrade
2939 3207 3055 3258 sive
3080 3206 3211 3261 feria
3237 3220 3428 3276 quarta
3455 3215 3621 3268 medii

2044 3285 2259 3353 jejunii,
2293 3296 2349 3340 et
2381 3287 2517 3342 feria
2540 3290 2728 3358 quinta
2768 3294 2948 3361 magni
2973 3295 3232 3350 Canonis.
3267 3299 3468 3354 Tertiis
3491 3319 3622 3358 vero

2047 3383 2104 3427 et
2137 3375 2344 3442 quintis
2365 3377 2517 3432 feriis
2542 3379 2790 3449 reliquis,
2823 3383 2933 3436 duo
2967 3384 3191 3452 quidem
3227 3387 3383 3444 vobis
3412 3389 3618 3449 fercula

2045 3477 2200 3521 cocta
2230 3479 2594 3537 apponentur,
2627 3473 2787 3526 ambo
2820 3475 2942 3530 oleo
2976 3476 3233 3544 condita;
3272 3480 3461 3535 vinum
3487 3499 3618 3540 vero

2047 3559 2276 3614 minoris
2322 3560 2536 3632 hexagii
2577 3579 2849 3618 mensura.
2904 3567 3076 3622 Feriis
3121 3580 3310 3624 autem
3363 3575 3624 3632 secundis

2047 3649 2157 3704 duo
2185 3651 2388 3707 fercula
2421 3663 2574 3708 cocta
2604 3665 2970 3724 apponentur,
3005 3675 3238 3728 quorum
3277 3679 3446 3718 unum
3494 3683 3620 3722 cum

2044 3743 2188 3808 oleo,
2215 3744 2446 3798 alterum
2478 3761 2608 3800 vero
2635 3747 2842 3818 absque
2873 3750 3028 3816 oleo;
3051 3760 3107 3806 et
3135 3753 3325 3809 vinum
3359 3771 3617 3814 mensura

2046 3835 2274 3889 minoris
2296 3836 2531 3904 hcxagii,
2554 3839 2700 3908 quod
2724 3849 2808 3894 est
2832 3842 3050 3911 majoris
3071 3846 3247 3899 media
3270 3862 3416 3916 pars.
3442 3850 3618 3907 Feriis

2044 3925 2253 3993 quartis
2285 3935 2341 3980 et
2388 3927 2721 3993 Parascevis,
2754 3929 2863 3984 duo
2899 3931 3124 3996 fercula,
3169 3945 3324 3989 cocta
3368 3939 3616 4005 quidem,

2044 4016 2140 4071 sed
2164 4018 2284 4071 oleo
2312 4033 2418 4072 non
2450 4021 2670 4074 condita
2706 4043 2715 4074 :
2744 4023 2795 4073 in
2831 4031 3018 4090 potum
3064 4033 3270 4090 autem,
3304 4026 3490 4081 vinum
3519 4031 3618 4084 mi-

2045 4107 2196 4161 noris
2237 4107 2448 4178 hexagii
2478 4125 2752 4164 mensura.

442 4384 504 4436 Εἰ
527 4384 582 4436 δὲ
613 4387 668 4437 ὲν
692 4386 925 4455 δευτέρᾳ
952 4384 1078 4448 τινὶ,
1112 4385 1145 4454 ἢ
1176 4383 1356 4456 τρίτῃ,
1385 4383 1419 4452 ἢ
1451 4383 1697 4454 πέμπτῃ,
1737 4382 1768 4452 ἦ
1797 4381 1935 4434 Σαϐ-

2119 4375 2174 4429 Si
2204 4390 2333 4429 vero
2365 4390 2486 4429 cum
2519 4373 2754 4444 quadam
2800 4375 2933 4432 feria
2958 4382 3216 4448 secunda,
3269 4385 3384 4440 sive
3429 4387 3608 4451 tertia,

367 4474 539 4545 ϐάτῳ,
579 4476 612 4546 ἡ
646 4478 896 4547 κυριακῇ
926 4476 1060 4546 τύχῃ
1096 4473 1194 4545 τὴν
1233 4476 1451 4544 μνήμην
1484 4475 1806 4543 συνδραμεῖν
1844 4473 1940 4542 τῆς

366 4567 637 4636 εὑρέσεως
666 4566 766 4636 τῆς
804 4569 990 4636 τιμίας
1019 4565 1260 4633 κεφαλῆς
1289 4563 1382 4616 τοῦ
1434 4562 1751 4647 ῌροδρόμου
1801 4563 1938 4632 (45)»

367 4657 399 4724 ἢ
441 4656 551 4709 τῶν
579 4657 750 4726 ἁγίων
779 4657 1219 4726 Τεσσαράκοντα,
1252 4654 1285 4723 ἢ
1331 4652 1428 4718 τῆς
1464 4653 1654 4722 ἑορτῆς
1708 4652 1801 4703 τοῦ
1836 4653 1940 4706 Εὑ-

367 4747 727 4818 αγγελισμοῠ,
785 4749 880 4800 καὶ
939 4747 1009 4799 δι’
1058 4745 1255 4816 ίχθύων
1308 4743 1603 4807 ὲστιατέον,
1652 4744 1749 4796 καὶ
1795 4745 1938 4797 οίνου

2045 4465 2159 4520 sive
2197 4465 2410 4534 quinta,
2449 4465 2532 4518 vel
2567 4463 2828 4530 Sabbato,
2853 4469 2940 4523 vel
2966 4471 3243 4529 Dominica
3270 4481 3614 4534 concurrerit

2046 4558 2306 4613 memoria
2356 4558 2688 4612 Inventionis
2727 4563 3024 4615 venerandi
3071 4565 3268 4633 capitis
3309 4567 3617 4624 Prmcurso-

2049 4653 2149 4716 ris,
2177 4662 2273 4705 aut
2303 4659 2617 4705 sanctorum
2657 4648 3054 4722 Quadraginta,
3085 4653 3198 4709 sive
3219 4654 3339 4710 festi
3379 4657 3612 4712 Annun-
3710 4675 3718 4683 ε

2048 4742 2326 4806 tiationis;
2367 4749 2422 4796 et
2453 4741 2630 4811 pisces
2658 4741 2980 4798 comedendi
3004 4751 3152 4807 sunt,
3183 4754 3238 4799 et
3269 4743 3454 4798 vinum
3478 4746 3612 4801 dan-

1637 4861 2104 4923 Montfauconii
2163 4865 2352 4920 nota).

439 4996 552 5062 (45)
577 4995 772 5071 ’Υδῳρ
823 4995 1053 5062 κυμίνῳ
1103 4988 1581 5071 συνηρτημένον.
1642 4989 1793 5071 aqua
1844 5003 1945 5043 cu-

367 5057 790 5128 mino'condit'a,
814 5057 922 5141 qua
943 5079 1073 5141 non
1103 5062 1205 5141 soli
1233 5057 1405 5141 Graeci
1448 5057 1704 5141 monachi
1735 5067 1792 5112 et
1823 5073 1945 5141 mo-

372 5137 566 5200 niales,
596 5135 690 5188 sed
749 5127 802 5188 et
833 5127 1012 5208 Latini
1078 5132 1425 5208 utebantur,_
1449 5127 1741 5208 utnvidcre
1773 5137 1859 5208 est
1890 5130 1944 5181 in

370 5196 577 5273 Regula
630 5203 894 5273 Magistri,
953 5217 1074 5273 cap.
1117 5202 1206 5264 45,
1253 5199 1348 5252 ubi
1394 5196 1944 5273 de_Quadragcsit_na

366 5267 556 5342 age'ns,
599 5267 914 5328 haecvhabet
947 5289 961 5325 :
994 5267 1186 5350 firmis
1219 5284 1360 5327 vero.
1408 5267 1491 5350 pel
1535 5283 1629 5350 otto
1663 5274 1779 5347 voto
1824 5267 1946 5350 al.75-

371 5336 678 5407 tiitentibus,
729 5343 886 5415 mixta
919 5341 1120 5395 salibus
1142 5355 1260 5415 cum
1281 5339 1492 5392 cumino
1519 5336 1731 5415 ve_l_apii
1751 5339 1947 5415 sentina

368 5411 546 5482 calida
601 5429 740 5482 aqua
800 5414 1098 5482 misceatur.
1154 5410 1290 5482 Vide
1331 5407 1947 5482 notam__llugonis_llle-

369 5481 526 5534 nardi
550 5475 724 5535 nostri
757 5483 810 5536 in
835 5483 983 5534 hunc
1007 5480 1211 5542 locum,
1237 5478 1491 5533 Concord.
1512 5475 1700 5545 Regul.
1736 5489 1788 5542 p.
1815 5475 1940 5530 841.

443 5552 556 5627 tu)
583 5550 1137 5627 Osodtbpov._l_s_erat
1174 5555 1396 5627 sanctus
1443 5547 1770 5627 Theodorus
1803 5555 1940 5627 ty_r0.

371 5616 545 5690 cujus
569 5620 888 5675 solemnitas
916 5619 980 5672 Π
1005 5616 1290 5672 Februarii
1315 5618 1593 5682 occurrit;
1638 5631 1701 5670 ac
1742 5625 1940 5683 praeter

692 5716 964 5777 ΡΑτιιοι..
1009 5717 1125 5776 Gn.
1171 5712 1465 5775 CXXVII.

2042 4988 2183 5042 hanc
2215 4985 2638 5056 solemnitatem,
2654 4986 2929 5056 memoria
2955 4985 3200 5056 ejusdem
3243 4987 3416 5056 sancti
3448 4997 3611 5056 quot-

2043 5058 2204 5137 annis
2255 5055 2596 5134 recolebatur
2637 5053 2889 5137 'Sabbato
2941 5053 3122 5137 primo
3149 5053 3607 5137 Quadragesimar,

2043 5127 2114 5181 ob
2138 5140 2394 5204 magnum
2425 5124 2748 5204 miraculum
2765 5124 2843 5204 ab
2872 5124 2990 5204 ipso
3019 5125 3208 5204 eadem
3255 5125 3344 5178 die
3371 5124 3608 5204 editum,

2043 5195 2112 5251 de
2139 5192 2252 5265 quo
2277 5192 2936 5275 ftisius_Tri_odign_§ragc.
2971 5192 3027 5247 ln
3047 5193 3203 5272 cujus
3229 5194 3402 5248 sancti
3437 5192 3612 5275 hono-

2044 5261 2182 5328 rem,
2213 5277 2321 5317 non
2349 5261 2510 5350 modo
2543 5262 2881 5350 die'Sabbati
2920 5278 3028 5332 quo
3061 5261 3181 5330 ejus
3219 5264 3484 5350 memoria
3519 5281 3607 5350 re:

2047 5335 2349 5395 colebatur,
2378 5332 2483 5406 sed
2538 5342 2596 5406 et
2639 5332 2772 5406 feria
2839 5344 3008 5406 sexta
3036 5332 3368 5406 prmcedcnti
3413 5335 3610 5406 jejunii

2046 5403 2558 5486 rigoremnrelaxar'e
2579 5401 2844 5482 iubentur
2864 5403 3204 5486 moniales.‘_
3261 5474 3283 5486 '
3414 5401 3447 5486 ⁷.

2117 5475 2231 5542 (45)
2271 5471 2768 5542 Duplexlnventio
2815 5475 3011 5542 capitis
3032 5473 3207 5527 sancti
3255 5473 3481 5529 Joannis
3509 5473 3609 5528 Bac

2046 5541 2222 5611 ptistze
2269 5541 2652 5611 celebrabatur
2683 5541 2752 5597 24
2783 5541 2944 5599 Febr.
2983 5544 3117 5599 Vide
3151 5542 3352 5600 Meuwa
3390 5554 3445 5599 ct
3476 5559 3606 5598 eru-

2042 5610 2219 5667 ditiss.
2253 5610 2539 5680 Cangiuni.
3403 5635 3407 5638 ·

3163 5708 3236 5765 3's
