4104 6200
468 174 604 238 ῙΊίὲἹ

1718 172 2003 235 IRENES
2033 169 2410 233 AUGUSTlE

3566 164 3707 228 1068

459 288 592 341 dum
620 290 703 341 est
724 296 979 339 mensura
1005 285 1181 357 magni
1208 282 1422 354 bexagii
1453 300 1465 337 :
1496 284 1612 340 sive
1625 284 1818 353 pisces
1842 285 2036 341 domus

2151 279 2461 351 μεταδοτέον
2489 276 2568 348 τῷ
2600 277 2807 348 μείζονι
2841 275 3063 347 ὲξαγίῳ,
3097 276 3129 346 ἢ
3185 274 3399 330 οἴκοθεν
3442 275 3706 345 ὀψωνιςο-

462 371 773 443 sumptibus
816 372 870 425 in
920 371 1207 425 obsonium
1262 370 1479 436 dentur,
1525 372 1639 428 sive
1668 374 1971 435 consolatio
2003 387 2031 429 ο

442 464 664 520 ’(Σιινίειί
691 462 1028 517 amatoribus
1062 460 1331 515 mittatur.
1367 460 1425 516 Si
1474 477 1638 531 quam
1670 478 1800 519 vero
1828 478 2035 518 memo-

463 566 701 611 ratarum
729 552 1136 608 solemnitatem
1162 553 1215 606 in
1236 553 1416 622 aliqua
1439 555 1652 609 dierum
1684 555 1875 625 primae
1898 554 2032 609 heb-

461 646 709 702 domadis
739 644 1007 700 celebrari
1031 646 1334 716 contingat,
1367 646 1597 715 perinde
1626 655 1790 716 atque
1830 647 1885 701 in
1930 656 2037 701 ter-

443 736 552 790 ‘tiis
574 746 631 789 et
658 734 865 804 quintis
908 733 1059 789 feriis
1101 734 1331 789 aliarum
1372 735 1778 791 hebdomadum
1830 744 2034 792 sanctae

460 824 904 894 Quadragesimaz
930 823 1039 879 cibi
1070 825 1391 880 comedendi
1434 836 1591 894 sunt;
1620 828 1808 883 vinum
1850 830 2034 885 autem

462 914 699 970 dandum
738 915 963 985 majoris
1014 915 1228 987 bexagii
1266 932 1540 973 mensura.
1574 919 1634 973 lu
1685 918 1805 974 aliis
1853 919 2036 986 itaque

450 1007 720 1062 omnibus
754 1006 959 1062 sanctis
986 1006 1427 1078 Quadragesimae
1462 1010 1678 1077 diebus,
1722 1011 2038 1066 nullatenus

452 1097 651 1152 licebit
681 1097 838 1152 vobis
872 1097 1047 1166 pisces
1070 1100 1381 1165 comedere,
1423 1099 1527 1155 nisi
1557 1101 1698 1156 forte
1728 1102 2037 1156 consolatio

460 1207 493 1245 a
520 1189 771 1259 quopiam
809 1189 974 1244 missa
1007 1188 1173 1244 fuerit
1198 1191 1453 1252 Sabbato,
1486 1201 1580 1246 aut
1616 1193 1916 1248 Dominica.

533 1279 873 1334 Adveniente
909 1289 1090 1333 autem
1137 1278 1584 1335 Annuntiationis
1639 1281 1802 1347 fasto,
1853 1282 2040 1351 splen-

456 1368 593 1423 dide
617 1383 717 1438 pro
749 1366 959 1422 viribus
988 1366 1378 1421 celebrandum
1402 1376 1507 1433 est,
1535 1368 1820 1438 piscesque
1853 1383 2039 1423 come-

451 1459 630 1515 dendi
665 1468 813 1523 sunt,
848 1456 1046 1512 domus
1078 1457 1388 1527 sumptibus
1417 1458 1471 1512 in
1502 1459 1791 1514 obsonium
1820 1475 2041 1530 compa—

456 1551 574 1605 rati
603 1549 901 1617 vinumque
928 1547 1228 1602 bibendum
1260 1564 1515 1605 mensura
1548 1550 1772 1620 majoris
1800 1550 2039 1620 hexagii.

472 1641 664 1696 Pisces
694 1649 878 1693 autem
915 1638 969 1692 in
1010 1647 1198 1694 sancta
1230 1639 1324 1694 illa
1356 1617 1700 1695 solemnitate
1719 1617 2039 1707 comedetis,
2076 1617 2117 1671 Β

454 1738 527 1785 ~ut
561 1729 765 1785 dictum
789 1737 892 1793 est,
920 1726 1027 1782 nisi
1059 1728 1116 1782 in
1153 1736 1342 1784 sancta
1375 1738 1432 1786 et
1472 1746 1667 1801 magna
1700 1730 2043 1787 hebdomade

466 1820 778 1876 occurrerit
808 1838 821 1874 :
848 1827 979 1874 tunc
1008 1818 1153 1873 enim
1181 1818 1313 1875 solis
1332 1820 1637 1892 conchyliis
1671 1822 1919 1887 utemini,
1946 1837 2043 1879 seu

472 1912 656 1982 potius
698 1910 1132 1966 consolationem
1177 1911 1460 1981 accipietis
1499 1913 1571 1967 ob
1613 1913 2040 1971 solemnitatem.

472 2004 606 2058 Nam
631 2012 743 2057 tres
764 2003 881 2058 dies
913 2003 1061 2058 illius
1083 2002 1462 2070 hebdomadis,
1487 2003 1783 2059 secundam
1808 2005 2040 2073 scilicet,

465 2094 689 2148 tertiam
715 2101 770 2147 et
789 2102 1038 2162 quartam
1061 2091 1274 2158 feriam,
1303 2108 1401 2148 vos
1416 2094 1633 2166 exigere
1657 2110 1759 2165 par
1785 2103 1891 2161 est,
1919 2096 2045 2167 qui-

474 2183 703 2238 busdam
741 2182 1112 2252 leguminibus
1152 2182 1493 2251 madefactis,
1543 2186 1788 2242 oleribus
1836 2187 2042 2253 crudis,

473 2281 531 2327 ct
563 2272 832 2328 fructibus
878 2272 1021 2328 forte
1075 2273 1275 2343 obviis,
1325 2283 1634 2344 contentas,
1686 2292 1813 2332 cum
1867 2278 2046 2335 calido

476 2360 756 2415 cuminato
783 2370 939 2430 potu.
975 2361 1031 2418 Si
1060 2378 1190 2419 vero
1232 2361 1442 2420 dictum
1483 2366 1935 2423 Annuntiationis
1963 2368 2045 2424 fe-

476 2459 626 2504 stum
654 2464 778 2504 cum
809 2451 1049 2507 secunda
1068 2462 1164 2508 aut
1186 2454 1345 2509 tertia
1372 2454 1508 2510 feria
1531 2466 1732 2512 sanctae
1752 2468 1807 2513 et
1837 2474 2045 2529 magna:

477 2543 835 2598 hebdomadze
879 2546 1246 2612 concurrerit,
1291 2547 1378 2602 vel
1433 2563 1560 2603 cum
1612 2565 1804 2620 magna
1855 2552 2049 2621 quinta

476 2635 633 2701 feria,
662 2636 793 2690 solis
821 2636 1123 2707 conchyliis
1148 2637 1377 2693 utemini
1413 2657 1427 2692 :
1465 2640 1512 2695 si
1549 2650 1735 2697 autem
1763 2658 1886 2698 cum
1928 2658 2048 2698 ma-

481 2740 581 2795 gna
609 2725 741 2780 feria
771 2737 984 2796 quarta,
1018 2728 1336 2795 Parasceve,
1375 2731 1462 2785 vel
1513 2732 1632 2804 ipso
1676 2748 1872 2805 magno
1915 2734 2053 2789 Sab-

482 2816 638 2881 bato;
678 2818 731 2869 in
763 2833 956 2887 magna
983 2817 1210 2887 quidem
1258 2818 1396 2875 feria
1424 2831 1621 2889 quarta
1655 2831 1711 2877 et
1735 2838 1925 2893 magna
1950 2824 2050 2879 Pa-

480 2920 722 2972 raseevc,
745 2907 1020 2977 legumina
1047 2907 1295 2975 quaedam
1319 2920 1474 2963 cocta
1512 2920 1569 2965 et
1600 2912 1748 2968 olera
1780 2928 1903 2968 cum
1929 2915 2051 2970 oleo
2076 2932 2122 2993 ο

480 2998 636 3051 vobis
661 2996 931 3051 suﬂicient
964 3014 977 3049 :
1016 2996 1241 3067 vinique
1277 2998 1506 3054 sumctis
1529 3001 1705 3070 majus
1734 3002 2046 3074 hexagium.

481 3088 538 3142 ln
564 3098 755 3143 sancto
776 3096 957 3142 autem
991 3086 1235 3143 Sabbato
1263 3088 1408 3145 absit
1441 3090 1622 3146 omnis
1647 3105 1780 3147 cura
1806 3093 2050 3147 animum

480 3179 830 3235 distrahens:
868 3174 938 3234 ob
969 3177 1170 3234 festum
1201 3196 1440 3251 namque
1485 3181 1617 3237 illud
1669 3198 1779 3241 non
1831 3184 2055 3240 solvetis

476 3271 743 3342 jejunium
769 3271 949 3342 magni
982 3270 1230 3339 Sabbati,
1266 3271 1322 3326 in
1352 3287 1467 3355 quo
1486 3274 1604 3329 solo
1637 3275 1898 3330 omnibus
1922 3275 2053 3332 abs-

484 3361 769 3417 tinendum
833 3376 956 3417 esse
1007 3364 1270 3419 canonice
1326 3366 1672 3436 accepimus;
1732 3367 1828 3423 sed
1873 3369 2056 3438 potius

478 3450 752 3506 servanda
780 3450 1094 3507 divinorum
1121 3453 1342 3508 Patrum
1370 3463 1600 3523 statuta,
1627 3471 1692 3511 ac
1717 3456 1773 3510 in
1799 3456 1934 3526 ipsis
1957 3473 2056 3527 pro

482 3541 714 3607 viribus,
754 3541 907 3609 juxta
929 3539 1274 3612 Theologum
1317 3542 1668 3613 Gregorium,
1700 3547 1849 3601 aliud
1894 3563 2057 3604 omne

486 3630 696 3683 bonum
726 3628 884 3682 vobis
903 3629 1248 3685 efﬁciendum
1275 3642 1379 3689 est.
1409 3654 1427 3685 ι
1459 3636 1698 3701 Etenim,
1726 3637 2057 3709 ἱηιιυίιμϐ),

487 3719 620 3772 illud
645 3725 730 3772 est
756 3716 953 3772 festum
980 3734 1162 3789 agere,
1199 3723 1368 3775 menti
1408 3734 1609 3779 nostra:
1631 3725 1836 3795 aliquid
1868 3743 2060 3782 eorum

480 3806 888 3872 thesaurizare,
916 3822 1039 3876 quae
1080 3809 1297 3863 stabilia
1329 3820 1458 3866 sunt
1499 3822 1555 3866 et
1603 3813 1916 3870 retinentur
1949 3833 2059 3872 non

474 3906 671 3951 autem
713 3897 1016 3969 suffugium
1049 3909 1104 3956 ct
1132 3900 1471 3969 dilabuntur,
1500 3903 1806 3975 leviterque
1837 3923 2060 3963 sensum

488 3990 824 4056 demulcent,
864 3999 924 4045 ut
947 3990 1248 4061 plurimum
1288 4003 1470 4048 autem
1513 4004 1732 4063 nocent,
1779 4013 1901 4052 meo
1942 3999 2064 4068 qui-

489 4080 613 4134 dem
639 4079 870 4150 judicio.
909 4099 928 4132 ι
962 4081 1243 4136 Etrursus
1275 4098 1288 4134 :
1329 4100 1346 4133 ι
1373 4082 1584 4138 Suﬂicit
1612 4086 1830 4154 corpori
1855 4086 2061 4141 malitia

488 4185 587 4223 sua
611 4186 627 4233 ;
651 4168 783 4236 quid
826 4168 1057 4226 ﬂammae
1085 4172 1350 4241 ampliore
1381 4175 1611 4229 materia
1640 4190 1780 4246 Opus
1808 4186 1916 4243 est,
1966 4185 2062 4230 aut

2140 370 2315 440 μένων
2369 368 2479 423 τῶν
2531 368 2750 438 ἰχθύων,
2797 367 2831 438 ἢ
2891 366 3289 437 παρακλήσεως
3349 365 3709 437 στελλομένης

2137 465 2290 535 παρὰ
2318 463 2426 515 τῶν
2464 461 2846 533 φιλοχρίστων.
2887 461 2950 514 El
2996 460 3054 513 δέ
3089 476 3174 522 τις
3231 460 3342 513 τῶν
3398 460 3708 530 εἰρημένων

2137 553 2357 622 ἑορτῶν,
2388 555 2446 606 ὲν
2481 552 2577 622 μιᾷ
2604 551 2713 609 τῶν
2744 551 2847 620 τῆς
2876 548 3100 620 πρώτης
3133 549 3429 618 ἑϐδομάδος
3480 549 3706 618 ἡμερῶν

2136 644 2275 717 τύχῃ
2326 642 2616 707 τελεῖσθαι,
2667 642 2863 713 ὲπίσης
2888 644 3007 704 ταῖς
3031 641 3242 712 τρίταις
3285 640 3382 692 καὶ
3429 641 3709 709 πέμπταις

2135 736 2244 788 τῶν
2295 734 2471 789 ἄλλων
2528 731 2839 801 ὲόδομάδων
2901 730 2998 799 τῆς
3057 729 3220 797 ἁγίας
3251 727 3709 796 Τεσσαρακοστῆς

2138 826 2414 880 ὲστιατέον
2440 829 2496 879 ἐν
2527 824 2834 895 βρώμασιν,
2882 821 3026 875 οἴνου
3058 820 3114 874 δὲ
3147 819 3462 889 μεταδοτέον
3485 817 3564 888 τῷ
3590 820 3709 886 μεί⁸

2139 920 2253 984 ζονι
2281 918 2501 987 ἐξαγίῳ.
2544 916 2653 978 Τὰς
2683 913 2849 976 ἄλλοις
2887 911 3067 966 τοίνυν
3098 912 3278 973 πάσας
3306 910 3465 978 ἁγίας
3497 909 3713 978 ἡμέρας

2140 1012 2238 1081 τῆς
2257 1008 2735 1080 Τεσσαρακοστῆς,
2762 1005 2862 1058 οὐκ
2882 1002 3098 1068 ἐξέσται
3122 1002 3249 1073 ύμῖν
3280 1003 3627 1072 ίχθυοςαγεῖν
3652 1000 3713 1051 τὸ

2144 1101 2380 1165 σύνολον,
2412 1102 2459 1152 εἰ
2513 1099 2586 1168 μὴ
2626 1096 2972 1167 παράκλησις
3042 1094 3171 1157 ἴσως
3230 1093 3509 1164 πεμφθείη
3561 1092 3715 1163 παρά

2141 1209 2284 1255 τινος
2312 1194 2369 1245 ὲν
2403 1190 2687 1258 Σαϐΰάτῳ,
2717 1187 2750 1258 ἢ
2785 1187 3062 1256 Κυριακῇ.

2209 1284 2325 1354 Τῆς
2391 1281 2583 1351 ἑορτῆς
2635 1280 2691 1332 δὲ
2742 1280 2837 1333 τοῦ
2892 1278 3310 1349 Εὑαγγελισμοῦ
3372 1277 3715 1347 ἐπιστάσης,

2140 1374 2411 1444 λαμπρῶς
2438 1372 2759 1442 ὲορταστέον
2789 1374 2869 1433 είς
2894 1371 3145 1442 δύναμιν,
3175 1371 3271 1426 καὶ
3306 1369 3505 1440 ἰχθύων
3546 1385 3716 1437 μεταν

2140 1466 2395 1534 ληπτέον,
2443 1463 2653 1518 οἴκοθεν
2693 1463 3132 1532 ὀψωνιξομένων,
3187 1463 3283 1517 καὶ
3317 1463 3460 1516 οῐνου
3523 1462 3718 1515 ποτέον

2144 1558 2234 1612 διὰ
2268 1557 2363 1611 τοῦ
2400 1555 2644 1625 μείζονος
2697 1554 2935 1624 ὲξαγίου.
2976 1552 3428 1623 Ἰχθυοφαγήσετε
3454 1550 3509 1603 δὲ
3555 1550 3614 1605 ἑν
3650 1550 3717 1619 τῇ

2146 1649 2276 1720 ἁγίᾳ
2305 1647 2483 1719 ταύτῃ
2516 1646 2699 1715 ἑορτῇ,
2728 1644 2805 1707 ὡς
2834 1644 3074 1716 εἴρηται,
3109 1641 3206 1696 ἐὰν
3239 1640 3315 1712 μὴ
3344 1643 3409 1710 τῇ
3436 1638 3571 1709 ἁγίᾳ
3621 1640 3719 1691 καὶ

2149 1738 2361 1815 μεγάλῃ
2406 1737 2663 1808 ὲόδομάδι
2691 1736 2971 1806 συνδράμῃ
3000 1750 3014 1765 ·
3044 1734 3167 1786 τότε
3193 1732 3303 1803 γὰρ
3354 1734 3466 1795 τοὶς
3516 1730 3715 1799 ὀστρι·

2147 1830 2433 1903 κοδὲρμοις
2460 1825 2725 1899 χρήσεσθε
2753 1826 2952 1898 μόνοις,
2988 1824 3187 1895 μᾶλλον
3211 1823 3267 1877 δὲ
3295 1819 3717 1895 παρακληθήσο-

2149 1919 2262 1980 σθε,
2284 1918 2370 1971 διὰ
2392 1916 2490 1986 τὴν
2525 1916 2739 1986 ἑορτήν.
2786 1914 2940 1968 Ἐπεὶ
2965 1914 3065 1976 τὰς
3098 1912 3248 1983 τρεῖς
3280 1910 3493 1981 ἡμέρας
3516 1908 3719 1977 ταύτης

2145 2008 2244 2078 τῆς
2265 2006 2575 2078 ἑϐδομάδος,
2607 2006 2775 2077 ῆγουν
2820 2004 3069 2076 δευτέρᾳ,
3133 2004 3315 2075 τρίτῃ,
3362 2001 3459 2056 καὶ
3504 1999 3722 2070 τετράδι

2146 2099 2353 2166 διάγειν
2370 2100 2537 2162 εἰκὸς,
2569 2095 2711 2151 τισὶν
2737 2094 2983 2169 ὀσπρίοις
3014 2093 3345 2163 διαϐρόχοις,
3411 2092 3504 2145 καὶ
3554 2089 3724 2159 λαχά-

2147 2206 2258 2254 νοις
2283 2188 2475 2258 ὠμοῖς,
2499 2186 2594 2241 καὶ
2618 2186 2860 2259 ὀπώραις
2899 2188 3020 2249 ταῖς
3053 2186 3494 2256 παρατυχούσαις
3522 2179 3727 2251 ἀρκούο

2153 2294 2333 2348 μεναι,
2367 2275 2463 2330 καὶ
2487 2274 2563 2345 τῷ
2587 2275 2868 2345 κυμινάτῳ
2892 2274 3081 2345 θερμῷ
3114 2274 3340 2344 πόματι.
3365 2271 3429 2326 Εί
3456 2271 3515 2324 δὲ
3540 2270 3636 2323 καὶ
3664 2271 3723 2322 ἐν

2149 2370 2214 2438 τῇ
2237 2366 2462 2437 δευτέρᾳ
2485 2367 2578 2417 καὶ
2602 2365 2760 2437 τρίτῃ
2789 2364 2891 2435 τῆς
2925 2364 3086 2432 ἁγίας
3124 2363 3219 2417 καὶ
3271 2362 3515 2432 μεγάλης
3565 2359 3721 2413 £660-

2153 2455 2320 2527 μάδος
2351 2453 2634 2525 συνδράμῃ
2664 2455 2697 2522 ἡ
2721 2452 3135 2525 προδηλωθεῖσα
3158 2452 3319 2522 ἑορτὴ
3354 2449 3444 2503 τοῦ
3475 2450 3723 2517 Εὑαγγε-

2150 2544 2369 2617 λισμοῦ,
2405 2545 2438 2615 ἢ
2465 2547 2531 2616 τῇ
2565 2544 2777 2617 μεγάλῃ
2809 2545 3035 2616 πέμπτῃ
3059 2583 3075 2608 ,
3109 2546 3221 2607 τοῖς
3262 2542 3723 2612 ὀστρακοδέρμος

2152 2636 2421 2707 χρήσεσθε
2448 2636 2630 2705 μόνοις
2656 2649 2669 2664 ·
2695 2638 2743 2687 εί
2776 2633 2838 2687 δὲ
2873 2634 2968 2687 καὶ
3010 2635 3068 2687 ἐν
3102 2634 3170 2703 τῇ
3215 2633 3426 2703 μεγάλῃ
3484 2629 3721 2697 τετράδι,

2154 2727 2246 2780 καὶ
2264 2727 2613 2796 Παρασκευῇ,
2651 2724 2685 2796 ἢ
2732 2725 2825 2778 καλ⁸
2868 2723 3018 2794 αύτῷ
3044 2723 3120 2794 τῷ
3178 2721 3399 2793 μεγάλῳ
3439 2720 3722 2787 Σαϐϐάτῳ,

2152 2821 2218 2889 τῇ
2254 2818 2353 2885 μὲν
2384 2818 2594 2888 μεγάλῃ
2624 2816 2863 2888 τετράδι,
2905 2817 3000 2870 καὶ
3048 2817 3116 2886 τῇ
3142 2816 3358 2885 μεγάλῃ
3392 2814 3724 2882 Παρασκευῇ

2153 2909 2399 2978 ὀσπρίοις
2424 2907 2566 2960 τισὶν
2594 2908 2833 2977 ἑψητοῖς,
2855 2906 2950 2963 καὶ
2975 2906 3226 2976 λαχάνοις
3267 2905 3363 2957 σὺν
3394 2903 3581 2971 ἐλαίῳ,
3624 2902 3728 2970 ἀρ-

2154 2997 2487 3070 κεσθήσεσθε
2522 3015 2541 3079 ς
2577 2998 2950 3068 μεταληπτέον
2977 2998 3034 3050 δὲ
3066 2997 3162 3052 καὶ
3193 2997 3338 3049 οἴνου
3390 2995 3469 3066 τῷ
3521 2993 3728 3065 μείζονι

2153 3088 2373 3159 ἑξαγίῳ.
2410 3088 2495 3140 Ἐν
2517 3088 2573 3141 δὲ
2601 3087 2678 3158 τῷ
2722 3080 3171 3158 ἁγίῳἜαόδάτῳ,
3202 3086 3423 3139 ἀπέστω
3451 3086 3601 3137 πᾶσα
3632 3080 3724 3151 μὲο

2156 3196 2324 3250 ριμνα
2370 3179 2756 3250 περισπασμὸν
2802 3175 3130 3247 ἐμποιοῦσα.
3199 3175 3272 3229 Ού
3322 3175 3430 3245 γὰρ
3482 3173 3570 3229 διὰ
3627 3170 3732 3241 τὴν

2155 3269 2350 3340 ἑορτὴν
2393 3268 2724 3322 καταλύσετε
2747 3268 2845 3340 τὴν
2872 3268 2968 3321 τοῦ
3000 3267 3239 3338 μεγάλου
3305 3266 3586 3320 Σαϐὅάτου
3629 3280 3729 3333 νη-

2156 3353 2432 3428 στείαν,ᾦ
2481 3360 2626 3430 μόνῳ
2680 3358 2958 3429 νηστεύειν
3004 3358 3115 3413 ἀπὸ
3164 3358 3381 3410 πάντων
3427 3354 3731 3417 κανονικιῖκ

2158 3451 2558 3522 παρελάϐομεν.
2597 3451 2756 3503 Ἀλλὰ
2794 3451 2887 3503 καὶ
2918 3448 3115 3520 μᾶλλον
3172 3450 3438 3519 τηρητέον
3479 3449 3579 3508 τὰς
3621 3445 3732 3498 τῶν

2159 3541 2319 3594 θείων
2369 3542 2623 3609 Πατέρων
2653 3539 2946 3606 διατάξεις,
2981 3540 3077 3594 καὶ
3128 3538 3428 3608 ἐργαστέον
3472 3535 3601 3603 ὑμῖν
3653 3533 3734 3595 ὡς

2158 3632 2397 3693 δυνατὸν,
2428 3631 2568 3683 κατὰ
2598 3631 2689 3683 τὸν
2717 3630 2976 3697 Θεολόγον
3009 3631 3327 3701 Γρηγόριον,
3377 3630 3483 3679 πᾶν
3544 3626 3735 3693 ἕτερον

2160 3723 2219 3774 ὲν
2251 3722 2440 3782 αὑταῖς
2473 3719 2695 3787 ἀγαθόν.
2731 3737 2750 3770 ι
2778 3720 2889 3772 Καὶ
2923 3719 3032 3790 γὰρ
3057 3758 3071 3783 ,
3109 3737 3129 3770 ι
3171 3719 3324 3787 φησὶ,
3366 3737 3385 3771 ‹
3429 3714 3584 3769 τοῦτό
3615 3717 3735 3765 ἐστι

2159 3812 2220 3864 τὸ
2250 3811 2547 3880 ἑορτάζειν,
2578 3812 2609 3881 ἡ
2620 3809 2736 3880 μῶν
2781 3808 2928 3880 ψυχῇ
2959 3827 3013 3863 τι
3048 3808 3400 3880 θησαυρίζειν
3430 3807 3538 3860 τῶν
3560 3806 3734 3859 ἑστῶ-

2160 3919 2267 3955 των
2294 3902 2388 3954 καὶ
2418 3902 2822 3973 κρατουμένων,
2854 3901 2990 3954 ἀλλὰ
3023 3900 3099 3971 μὴ
3142 3902 3249 3953 τῶν
3270 3966 3285 3975 ,
3307 3897 3736 3969 ὑποχωρούντων

2163 3993 2257 4046 καὶ
2282 3994 2577 4063 λυομένων,
2612 3993 2706 4046 καὶ
2735 3991 2907 4062 μικρὰ
2942 3991 3234 4043 σαινόντων
3291 3986 3391 4057 τὴν
3458 3986 3736 4057 αἴσθησιν,

2163 4087 2231 4138 τά
2266 4076 2573 4139 πλεῖσταδὲ
2602 4082 2948 4153 βλαπτόντων
2977 4081 3117 4135 κατὰ
3167 4079 3257 4133 τὶν
3309 4080 3443 4150 ὲμδν
3490 4077 3671 4145 λόγον.
3710 4096 3731 4128 ι

2165 4176 2274 4229 Καὶ
2302 4175 2463 4229 πάλη
2489 4190 2504 4205 ·
2535 4193 2555 4225 ι
2595 4172 2849 4243 Ἀρκετόν
2877 4172 2953 4240 τῷ
2976 4172 3186 4240 σώματι
3226 4173 3260 4242 η
3309 4170 3477 4224 κακία
3532 4167 3698 4222 αὑτοῦ
3719 4183 3733 4197 ο

472 4257 684 4311 bellum
709 4258 1015 4327 copiosiora
1049 4260 1196 4325 cibo,
1253 4270 1313 4315 ut
1337 4261 1656 4317 eﬂ‘reuatior
1693 4263 1975 4329 reddatur,
2009 4271 2052 4319 et

2167 4266 2300 4318 τίδὲ
2330 4265 2407 4318 δεῖ
2453 4267 2516 4334 τῇ
2552 4264 2707 4333 φλογὶ
2737 4265 2981 4327 πλείονος
3014 4263 3169 4331 ὕλης,
3208 4262 3241 4332 ἢ
3301 4261 3379 4331 τῷ
3434 4261 3611 4331 θηρίῳ
3642 4259 3740 4313 δα-

491 4350 782 4404 ratiocinio
823 4351 1149 4407 violentior?
1190 4355 1447 4425 quocirca
1495 4355 1653 4410 nobis
1703 4356 2052 4426 spiritualitet

2161 4356 2482 4426 ψιλεστέρας
2510 4355 2739 4427 τροφῆς,
2774 4357 2866 4409 ἵνα
2923 4355 3123 4427 μᾶλλον
3166 4354 3532 4408 δυσκάθεκτον
3576 4354 3741 4422 γένη-

490 4442 798 4498 feriandutn
826 4451 931 4497 est.
964 4461 987 4495 ι

563 4624 623 4678 in
649 4632 834 4680 sancta
871 4623 1040 4695 igitur
1078 4633 1135 4678 et
1164 4638 1356 4694 magna
1401 4624 1590 4695 quinta
1634 4624 1791 4693 feria,
1846 4626 2065 4696 quando

2160 4466 2272 4513 ται,
2306 4448 2515 4502 καὶτοῦ
2549 4449 2807 4519 λογισμοῦ
2858 4447 3189 4517 βιαιότερον;
3230 4447 3330 4503 Διὰ
3382 4444 3554 4500 ταῦτα
3605 4444 3739 4513 γοῦν

2161 4540 2481 4611 ὲορταστέον
2516 4541 2922 4611 πνευματικῶς.
2970 4560 2989 4592 ι

2233 4630 2312 4702 Τῇ
2341 4631 2519 4685 τοίνυν
2550 4632 2683 4701 ἁγίᾳ
2711 4632 2805 4686 καὶ¹
2839 4633 3055 4710 μεγάλῃ
3083 4635 3343 4707 πέμπτῃ,
3390 4633 3479 4687 ὅτε
3519 4631 3596 4702 μὴ
3616 4631 3740 4697 ἑορ-

494 4730 602 4769 non
651 4716 995 4771 celebramus
1023 4714 1531 4780 Annuntiationem,
1564 4717 1706 4771 sicut
1734 4717 1790 4771 in
1820 4718 1994 4772 tertiis
2016 4735 2046 4773 e

2169 4721 2405 4791 τάξομεν
2466 4724 2559 4774 τὸν
2615 4723 3047 4791 Εύαγγελισμὸν,
3110 4726 3252 4779 κατὰ
3298 4726 3398 4787 τὰς
3427 4722 3615 4792 τρίτας
3646 4719 3738 4771 καὶ

495 4807 704 4874 quintis
746 4805 901 4862 feriis
932 4806 1265 4875 reliquarum
1295 4806 1718 4873 hebdomadam,
1760 4806 2075 4878 Quadrage-

494 4895 647 4948 simu:
689 4893 1046 4951 refectionem
1100 4894 1352 4960 sumetis,
1400 4904 1669 4965 quantum
1713 4897 1782 4950 ad
1833 4896 2072 4963 fercula;

495 4984 684 5038 viuum
709 4999 841 5039 vero
862 5000 1117 5041 mensura
1149 4986 1376 5056 majoris
1400 4987 1640 5055 hexagii.
1672 4986 1737 5040 In
1764 4997 1953 5042 sancta
1976 5003 2074 5041 au-

500 5083 608 5127 tem
650 5076 969 5140 Parasceve,
1013 5075 1120 5131 nisi
1161 5076 1318 5146 prius
1369 5084 1669 5133 memorata
1705 5078 2065 5132 immaculata:

496 5165 741 5219 Domina:
772 5174 970 5222 nostra:
1013 5167 1258 5237 Deiparae
1301 5167 1625 5224 solemnitas
1676 5183 1799 5223 cum
1827 5184 1890 5224 ea
1935 5185 2068 5224 con-

2169 4813 2427 4883 πέμπτας
2446 4814 2555 4867 τῶν
2566 4813 2768 4869 λοιπῶν
2795 4815 3101 4887 ἑδδομάῖων
3124 4818 3226 4886 τῆς
3257 4811 3735 4884 Τεσσαρακοστῆς,

2169 4906 2202 4974 ή
2236 4905 2477 4968 ἑστίασις
2511 4905 2664 4959 ἔσται
2687 4908 2817 4976 ύμῖν
2853 4908 2911 4960 ὲν
2942 4912 3055 4972 τοῖς
3091 4909 3384 4979 ἐδέσμασιν
3415 4926 3426 4937 ·
3453 4910 3482 4958 ὀ
3506 4906 3563 4958 δὲ
3593 4900 3734 4964 οἶνος

2167 4994 2246 5063 τῷ
2280 4995 2488 5063 μείζονι
2510 4994 2729 5066 έξαγίῳ.
2766 4997 2845 5067 Τῇ
2880 4999 3061 5067 μέντοι
3095 4998 3229 5069 ἁγίᾳ
3274 4998 3627 5070 Παρασκευῇ,
3687 4995 3735 5043 εἰ

2172 5081 2248 5154 μὴ
2274 5087 2307 5156 ἡ
2340 5086 2694 5157 προλεχθεϊσα
2724 5087 2883 5156 ἑορτὴ
2909 5088 3005 5159 τῆς
3027 5090 3404 5159 πανιχράντου
3437 5084 3738 5152 Δεσποίνης

2171 5176 2329 5244 ήμῶν
2376 5177 2637 5231 Θεοτὸκου
2693 5182 2999 5253 συνδράμῃ,
3034 5183 3264 5244 ούδόλως
3310 5175 3738 5251 μαγεερευτέον·

501 5254 759 5319 currerit,
802 5253 942 5309 nihil
988 5256 1214 5310 omnino
1258 5257 1604 5326 coquendum
1649 5268 1774 5325 est;
1824 5246 2052 5314 oleribus

2174 5265 2422 5335 λαχάνων
2458 5269 2513 5321 δέ
2545 5287 2705 5325 τινων
2740 5272 2926 5343 ὠμῶν,
2958 5279 3049 5326 καὶ
3067 5271 3301 5343 ὀπωρῶν
3344 5265 3742 5339 μεταληπτέον

1766 5382 2220 5461 Montfaueonii
2282 5410 2472 5466 notm.

568 5509 688 5583 (ιο)
727 5510 881 5569 Orat.
912 5515 981 5571 Η
1010 5516 1063 5572 in
1097 5518 1401 5575 Pentecost.
