4104 6200
474 225 612 290 1079

1030 341 1254 396 CAPUT
1297 340 1470 396 LVI".

1096 431 1170 485 De
1201 433 1409 488 balneo.

535 523 729 578 Restat
779 534 839 579 ut
866 527 933 581 de
970 525 1170 580 balneo
1216 538 1429 598 agatur.
1460 529 1728 586 Jubemus
1764 530 1946 600 itaque
1982 547 2013 584 u

463 613 608 670 bene
635 615 881 671 valentes
903 619 1184 673 monachae
1201 620 1430 690 singulis
1453 621 1736 676 mensibus
1758 621 2036 688 laventur;

462 721 620 772 aegra
644 722 798 772 vero,
829 709 1048 778 quoties
1071 711 1246 765 morbi
1274 712 1482 782 peritus
1501 712 1751 767 medicus
1776 713 2037 768 lotionem

463 797 655 852 utilem
688 813 809 854 esse
831 800 1034 856 dixerit
1070 819 1084 854 :
1109 803 1203 872 qui
1229 803 1393 858 etiam
1417 805 1616 881 morbo
1643 815 2036 876 congruentem

461 886 668 944 victum
693 889 980 946 indicabit.

1058 1073 1282 1132 CAPUT
1316 1077 1454 1131 LIX.

672 1161 753 1216 De
783 1161 1118 1220 solemnitate
1140 1169 1195 1220 in
1238 1167 1563 1222 Dormitione
1597 1169 1862 1241 Deiparaa.

536 1275 597 1329 In
643 1273 762 1347 ipsa
808 1275 985 1356 prima
1017 1278 1359 1335 Dormitione
1391 1281 1564 1350 gratia
1595 1286 1770 1352 plena:
1797 1287 2042 1343 Dominae

466 1373 668 1420 nostrae
714 1367 981 1436 Deiparaa,
1010 1369 1244 1424 sublatis
1276 1373 1606 1437 crateribus,
1635 1379 2042 1446 suspendantur

466 1467 726 1528 argentea
769 1460 1126 1530 polycandela
1177 1463 1367 1517 multis
1403 1464 1706 1521 luminibus
1749 1469 2040 1540 instructa,

465 1558 740 1618 argentea:
783 1553 1224 1624 chytrocandelre
1257 1563 1314 1610 et
1352 1560 1599 1626 argentei
1657 1568 1938 1629 crateres;
1987 1575 2042 1619 et

1732 237 2019 298 IRENES
2056 240 2429 302 AUGUS’LE

2067 348 2114 402 Α

3593 245 3735 310 1080

2723 351 2948 404 ΚΕΦΛΛ
2959 391 2972 406 .
3011 352 3142 406 NH'.

2697 441 2835 509 Περὶ
2883 443 3168 511 λουτροῦ.

2218 532 2420 585 Λοιπὸν
2449 531 2492 585 δ’
2522 533 2587 585 ἂν
2617 533 2704 601 εἴη
2745 534 2836 586 καὶ
2869 535 2998 604 περὶ
3037 533 3262 605 λουτροῦ
3283 535 3584 594 διαλαϐεῖν.
3619 541 3728 594 Κε-

2145 626 2376 693 λεύομεν
2423 625 2518 678 οὖν
2559 624 2814 679 λούεσθαι
2855 626 2954 689 τὰς
3004 628 3359 695 ὑγιαινούσας
3388 632 3731 700 μοναζούσας

2146 715 2270 768 καθ’
2299 716 2533 770 ἕκαστον
2569 717 2718 787 μῆνα
2736 734 2752 748 ·
2789 718 2845 770 al
2865 718 2921 770 δὲ
2956 717 3230 780 νοσοῦσαι,
3261 720 3451 783 ὁσάκις
3477 721 3546 775 ἂν
3573 725 3602 776 ὁ
3630 725 3730 794 τῆς

2147 808 2304 860 νόσου
2333 809 2662 878 διαγνώμων
2719 809 2905 877 ἰατρὸς
2954 810 3237 880 συμφέρον
3271 810 3544 882 ὑπάρχειν
3581 814 3728 868 εἴποι

2146 897 2205 949 τὸ
2241 898 2560 963 λούσασθαι,
2617 901 2764 964 ὅστις
2813 900 2908 954 καὶ
2963 901 3228 973 περὶτῆς
3275 902 3620 973 καταλλήλου
3657 909 3724 978 τῇ

2143 989 2285 1060 νόσῳ
2314 989 2540 1058 λαλήσει
2564 992 2794 1062 τροφῆς.

2729 1082 2985 1136 ΚΕΦΛΛ.
3016 1083 3148 1138 ΝΘ’.

2146 1167 2283 1238 Περὶ
2308 1168 2418 1237 τῆς
2432 1171 2582 1224 κατὰ
2601 1172 2712 1239 τὴν
2729 1174 3029 1242 Κοίμησιν
3046 1174 3154 1244 τῆς
3178 1177 3475 1233 Θεοτόὶου
3493 1179 3720 1249 έοιιττῆς.

2230 1282 2319 1335 Ἑν
2345 1283 2482 1352 αὐτῇ
2515 1282 2709 1354 πρώτῃ
2751 1286 2819 1355 τῇ
2859 1285 3258 1357 ’κοιμήσει(55)
3295 1287 3397 1357 τῆς
3427 1307 3728 1360 κεχαριτω-

2149 1372 2319 1443 μένης
2360 1375 2660 1444 Δεσποίνης
2709 1376 2868 1447 ήμῶν
2921 1378 3212 1442 Θεοτόκου,
3263 1379 3572 1449 αἰρομένων
3620 1383 3728 1433 τῶν

2147 1465 2467 1536 κρατήρων,
2513 1467 2922 1536 κρεμάσθωσαν
2953 1469 3172 1538 ἀργυρᾶ
3209 1469 3587 1542 πολυκάνδηλα
3615 1472 3726 1542 (54)

2146 1555 2216 1607 τὰ
2247 1556 2590 1625 πολυφώτια,
2631 1560 2728 1610 καὶ
2762 1561 2817 1612 αἱ
2863 1563 3108 1630 ἀργυραῖ
3150 1563 3604 1632 χυτροκανδήλαι,
3636 1565 3727 1617 καὶ

466 1638 591 1694 oleo
621 1656 745 1695 cum
777 1659 920 1713 aqua
958 1644 1222 1699 adornata
1258 1646 1372 1702 haec
1401 1649 1587 1702 omnia
1619 1653 2014 1708 accendantur.

2145 1649 2195 1699 oi
2220 1649 2452 1719 ἀργυροῖ
2480 1650 2778 1722 κρατῆρες,
2813 1653 2908 1705 καὶ
2938 1651 3104 1722 ἐλαίῳ
3140 1653 3281 1722 μετὰ
3307 1652 3499 1718 ὕδατος
3529 1657 3724 1726 ἀρτυό-

535 1819 699 1876 Cerei
751 1839 881 1879 vero
924 1829 1349 1899 compingantur
1394 1848 1519 1887 cum
1560 1834 1888 1895 bambacino
1927 1841 2039 1911 ﬁlo,

466 1925 562 1964 seu
586 1912 884 1983 ellychnio,
912 1916 966 1970 in
991 1917 1192 1974 lamnis
1221 1924 1551 1993 templorum
1577 1936 1632 1981 et
1657 1929 2041 1989 adorationum

468 2003 767 2068 statuendi,
792 2007 886 2076 qui
921 2007 1069 2077 ipsas
1092 2010 1304 2068 lamnas
1325 2013 1608 2084 impleant.
1631 2020 1833 2091 singuli
1859 2026 2044 2094 pondo

466 2107 562 2148 sex
603 2096 912 2152 unciarum.
952 2099 1010 2154 ln
1047 2102 1396 2160 eandelabris
1430 2117 1612 2164 autem
1653 2110 2040 2170 duodenornm

465 2183 759 2249 luminum.
789 2188 1072 2246 collocatis
1105 2202 1232 2249 ante
1264 2205 1507 2252 sanctam
1547 2201 1794 2272 Deiparae
1843 2206 2040 2279 imagi-

463 2290 614 2341 nem,
637 2281 975 2350 propositam
1007 2285 1072 2338 ad
1099 2285 1501 2353 adorationem.
1529 2297 1674 2349 cerei
1700 2299 1864 2354 unius
1889 2301 2044 2357 librae

465 2375 590 2418 eum
615 2365 896 2437 ellycbnio
925 2370 1279 2431 bambacino.
1305 2378 1362 2432 ln
1392 2383 1626 2437 ecclesia
1658 2403 1808 2450 vero,
1841 2391 2044 2445 cande-

463 2451 633 2509 labris
681 2455 1040 2527 imponantur
1089 2473 1331 2533 quatuor
1383 2471 1531 2526 cerei
1582 2489 1675 2528 sex
1727 2476 2039 2545 librarum;

463 2539 519 2594 in
554 2552 791 2614 utroque
819 2550 1119 2606 venerandi
1146 2553 1336 2610 altaris
1365 2557 1557 2623 latere,
1591 2561 1702 2617 duo
1725 2579 1819 2620 sex
1848 2571 2042 2625 uncia-

463 2647 606 2689 rum.
636 2635 694 2690 ln
722 2643 1096 2699 monumentis
1122 2646 1440 2720 ubicunque
1483 2653 1616 2716 sint,
1643 2658 1811 2712 statui
1839 2660 2042 2716 debent

462 2727 608 2780 cerei
656 2740 896 2797 quatuor
936 2735 1249 2804 unciarum,
1303 2741 1358 2794 in
1409 2743 1644 2814 singulis
1695 2765 1862 2815 unus,
1912 2767 2040 2808 cum

463 2813 724 2872 defuncta
763 2834 996 2890 corpora
1033 2824 1110 2878 ibi
1141 2827 1388 2896 deposita
1420 2813 1646 2890 fuerint.
1672 2838 1824 2907 Aqua
1850 2813 2040 2898 autem

464 2916 710 2968 rosacea,
747 2907 953 2978 lignum
985 2913 1159 2979 aloes,
1193 2925 1249 2970 et
1284 2919 1593 2978 suﬂimenta
1623 2936 1738 2982 tum
1771 2932 2045 2989 submini-

2149 1757 2282 1809 μενα
2321 1742 2685 1796 ἁπτέσθωσαν
2712 1744 2914 1798 πάντα.

2217 1831 2400 1901 Κηρία
2429 1831 2486 1884 δὲ
2522 1832 2924 1902 πηγνύσθωσαν
2966 1835 3102 1903 μετὰ
3143 1833 3510 1906 βαμϐακηροῦ
3542 1837 3724 1906 νήμα-

2144 1938 2236 1984 τος
2267 1921 2404 1992 (55).
2438 1922 2495 1976 ἐν
2518 1940 2577 1975 τε
2609 1925 2728 1986 ταῖς
2764 1923 3002 1993 λάμναις
3030 1924 3144 1995 (50)
3175 1926 3284 1978 τῶν
3305 1926 3560 1994 τέμπλων
3587 1927 3724 1994 (57),

2145 2012 2240 2065 καὶ
2287 2013 2396 2066 τῶν
2425 2001 2871 2085 προᾶκυνήσεων,
2905 2015 2974 2067 τὰ
3017 2015 3332 2085 πληροῦντα
3377 2016 3568 2081 αὐτὰς,
3605 2033 3729 2070 στα-

2147 2105 2284 2173 θμὸν
2330 2104 2390 2171 ἓξ
2422 2106 2662 2174 οὑγγιῶν
2706 2107 2939 2161 ἕκαστον
2971 2107 3223 2163 ἕλκοντα.
3263 2108 3352 2161 Ἐν
3382 2107 3439 2161 δὲ
3483 2109 3590 2169 τοῖς
3617 2109 3725 2177 πρὸ

2145 2197 2245 2262 τῆς
2272 2198 2644 2268 προκειμένης
2681 2200 2762 2261 είς
2792 2198 3167 2270 προσκύνησιν
3198 2199 3358 2269 ἁγίας
3390 2200 3595 2262 εἰκόνος
3627 2199 3724 2268 τῆς

2144 2289 2412 2342 Θεοτόκου
2434 2290 2749 2360 ἱσταμένοις
2765 2292 3201 2360 δωδεκαφωτίοις
3222 2291 3568 2362 μανουαλίοις
3586 2290 3721 2360 (58),

2145 2383 2390 2453 λιτραία,
2443 2384 2584 2450 μετὰ
2635 2383 3001 2454 βαμϐακηροῦ
3051 2385 3315 2455 νήματος.
3370 2385 3468 2448 El;
3515 2384 3571 2436 δὲ
3623 2385 3720 2453 τὴν

2143 2473 2437 2544 ἐκκλησίαν
2460 2474 2803 2529 ίστάσθωσαν
2836 2477 2930 2530 ἐπὶ
2964 2475 3304 2546 μανσυαλὶων
3334 2475 3470 2545 (58')
3503 2475 3720 2544 λαμπά-

2143 2566 2231 2628 δες
2261 2566 2374 2634 (59)
2400 2565 2750 2636 ’ἑξαλιτραῖαι
2776 2566 3067 2638 τέσσαρες,
3100 2566 3233 2636 παρ’
3261 2567 3501 2634 ἑκάτερα
3540 2567 3597 2619 δὲ
3626 2565 3719 2619 τοῦ

2146 2658 2347 2711 σεπτοῦ
2401 2657 2794 2727 θυσιαστηρίου
2848 2657 2943 2711 δύο
2991 2658 3328 2728 έξαούγγιοι.
3371 2659 3460 2711 Ἐν
3509 2657 3567 2712 δὲ
3609 2659 3719 2720 τοῖς

2142 2747 2336 2815 τάφοις
2363 2750 2478 2810 τοῖς
2525 2747 2893 2818 ὁπουδήποτε,
2945 2749 3260 2817 ὀφείλουσιν
3308 2747 3588 2814 ἵστασθαι,
3617 2767 3718 2817 κη-

2147 2838 2238 2906 ρία
2260 2838 2629 2909 τετραούγγια
2661 2839 2766 2892 ἀνὰ
2801 2838 2881 2904 ἓν,
2915 2839 3004 2892 ὅτε
3035 2839 3240 2893 τεθῶσι
3275 2839 3508 2908 λείψανα
3528 2855 3542 2870 ο
3575 2839 3720 2910 ῥοδο-

2148 2927 2439 2997 στάγματα
2481 2929 2558 2994 δὲ,
2615 2930 2710 2983 καὶ
2757 2929 3036 2996 ξνλαλόαι,
3079 2932 3174 2984 καὶ
3216 2930 3544 3002 θημιὰματα
3571 2930 3720 2998 ὀφεί-

463 2995 811 3064 strabuntur,
846 3016 970 3056 cum
1007 3006 1262 3074 praelecta
1300 3010 1351 3066 id
1379 3017 1650 3085 expedire
1679 3021 2034 3091 judicaverit.

2143 2995 2304 3072 lauat
2350 3019 2748 3091 χορηγεῖσθαι,
2806 3020 2930 3076 ὅθεν
2979 3020 3046 3074 ἂν
3109 2995 3312 3093 συνορᾷ
3360 2995 3409 3092 ἡ.
3443 2995 3721 3092 ἡγουμένη

530 3179 744 3237 Dcntur
793 3186 957 3242 etiam
1003 3187 1057 3243 in
1110 3191 1215 3248 hoc
1247 3192 1391 3251 festo
1423 3197 1490 3252 ad
1534 3201 1736 3257 ostium
1774 3203 2040 3267 fratribus

460 3273 662 3329 nostris
683 3279 1040 3347 pauperibus,
1063 3297 1233 3352 panes
1254 3287 1478 3356 quidem
1507 3291 1674 3349 trium
1701 3298 2035 3366 modiorum,

459 3365 666 3420 nummi
690 3383 822 3424 vero
845 3372 1238 3430 nomismatum
1266 3392 1363 3433 seu
1387 3380 1687 3440 solidorum
1711 3365 2032 3458 asperorum

457 3469 587 3521 sex;
620 3458 739 3515 vice
771 3471 954 3518 autem
987 3465 1204 3522 obsonii
1236 3485 1430 3528 recens
1458 3487 1745 3544 captorum
1779 3483 2034 3553 piscium,

457 3545 525 3598 ad
567 3561 810 3604 mensam
847 3554 1088 3609 ascetice
1125 3556 1444 3628 degentium
1481 3579 1736 3623 sororum
1771 3545 2034 3642 appositi,

455 3637 618 3692 solidi
649 3642 831 3709 asperi
861 3644 954 3712 qui
987 3649 1123 3703 satis
1153 3650 1286 3716 sint,
1319 3654 1436 3710 sive
1467 3658 1561 3724 qui
1595 3637 1982 3730 aequivaleant.

1056 3758 1284 3817 CAPUT
1313 3763 1405 3817 LX

668 3841 745 3895 De
778 3843 1114 3902 solemnitate
1144 3850 1198 3903 in
1232 3850 1526 3909 Nativitate
1556 3858 1817 3931 Πείρου-ιε.

522 3996 583 4052 In
638 3999 990 4058 solemnitate
1039 4013 1225 4061 autem
1281 4006 1598 4068 Nativitatis
1658 4017 1930 4088 Deiparac,
1967 4040 2032 4079 ex

452 4093 630 4148 cereis
658 4094 712 4150 in
734 4096 1082 4154 candelabris
1101 4101 1486 4160 duodenornm
1513 4107 1784 4165 luminum
1812 4115 2032 4184 positis,

2153 3105 2505 3181 ἐνδεχόμενον
2537 3107 2699 3168 εἶναι.

2219 3201 2548 3256 Διαδιδόσθω
2576 3203 2654 3266 δὲ,
2682 3204 2777 3257 καὶ
2801 3203 2944 3257 κατὰ
2972 3205 3072 3276 τήν
3109 3203 3303 3275 ἑορτὴν
3331 3203 3537 3274 ταύτην
3562 3204 3618 3256 ἐν
3641 3203 3722 3274 τῷ

2148 3293 2358 3347 πυλῶνι
2386 3298 2498 3357 τοῖς
2534 3295 2787 3363 ἀδελφοῖς
2811 3297 2970 3366 ήμῶν
3001 3299 3112 3359 τοῖς
3147 3297 3346 3365 πένησι
3387 3293 3578 3364 ψωμία
3607 3293 3721 3366 (60)

2149 3387 2250 3456 μὲν
2296 3385 2496 3457 μοδίων
2537 3386 2728 3456 τριῶν,
2781 3388 3027 3458 νουμμία
3075 3388 3132 3441 δὲ
3185 3389 3536 3459 νομισμάτων
3586 3403 3722 3456 τρα·

2144 3477 2286 3546 χέων
2317 3476 2430 3547 (61)
2477 3477 2558 3544 ἓξ,
2593 3479 2925 3550 παρεχέσθω
2949 3479 3007 3532 δὲ
3051 3481 3145 3532 καὶ
3177 3480 3316 3550 ὑπὲρ
3343 3477 3572 3547 ὁψωνίου
3603 3494 3724 3529 νεα-

2149 3570 2257 3640 ρῶν
2291 3569 2490 3640 ἰχθύων
2517 3571 2615 3641 τῆς
2656 3572 2940 3642 τραπέζης
2971 3572 3079 3626 τῶν
3122 3571 3541 3641 ὲνασκουμένων
3571 3569 3726 3624 ἁδελ-

2146 3662 2283 3730 φῶν,
2316 3661 2630 3732 νομίσματα
2653 3665 2862 3735 τραχέα
2893 3665 2964 3719 τὰ
2988 3663 3284 3736 ἀρκοῦντα.

2744 3775 2996 3830 ΚΕΦΑΛ.
3043 3775 3119 3830 Ξ’.

2214 3864 2354 3930 Περὶ
2392 3861 2502 3931 τῆς
2539 3867 2691 3920 κατὰ
2727 3867 2844 3990 th:
2872 3870 3184 3950 Γέζνησιν
3214 3867 3325 3937 τῆς
3356 3871 3646 3924 Θεοτόκου

2846 3955 3051 3990 oomc.

2846 3955 3051 3995 οοτπς.

2813 3956 2878 3992 eo
2919 3956 2948 3991 τ
3033 3978 3051 3995 .

2225 4029 2315 4081 Ἐν
2338 4031 2394 4083 δὲ
2427 4032 2492 4102 τῇ
2521 4032 2682 4102 ἐορτῇ
2713 4032 2810 4099 τῆς
2833 3956 3145 4102 Pinarum»;
3167 4034 3266 4102 τῆς
3286 4033 3548 4087 Θεοτόκου
3573 4031 3726 4101 ὀξεί-

2143 4121 2326 4176 λουσιν
2351 4123 2621 4178 ἅπτεσθαι
2649 4124 2759 4178 ἀπὸ
2789 4123 2898 4177 τῶν
2929 4125 3236 4195 ἱσταμένων
3259 4126 3469 4196 κηρίων
3509 4125 3567 4178 ὲν
3608 4126 3722 4185 τοῖς

1706 4229 2163 4296 Montfauconii
2197 4246 2382 4301 notua.

525 4315 869 4400 (515)110th
902 4318 977 4386 τῇ
1000 4325 1298 4400 ποιιέήοηειΣ
1333 4326 1543 4400 Dicitur
1596 4331 1774 4400 prima
1809 4335 2030 4390 Dormi-

453 4387 553 4450 tio,
581 4403 690 4442 non
723 4389 869 4470 quod
927 4387 1170 4445 secunda
1218 4395 1549 4470 celebretur.
1581 4387 1675 4455 sed
1715 4387 2032 4470 quodiibtmc

449 4465 598 4530 esset
662 4464 937 4528 praecipua
994 4471 1050 4514 et
1095 4464 1331 4519 maxima
1389 4467 1635 4522 omnium
1702 4464 2028 4530 monasterii

451 4528 889 4584 solemnitatum.

522 4598 633 4682 (5t)
671 4598 1138 4682 Πολυκάνᾷηᾼα.
1173 4601 1380 4682 Ριιηοίο
1433 4609 1620 4682 multis
1683 4612 2032 4682 lampadibus

450 4677 728 4754 ornatum,
759 4685 790 4724 e
826 4669 1070 4754 laqueari
1137 4674 1382 4754 ecclesiae
1434 4681 1698 4754 pendens.
1737 4669 1916 4754 ﬂang.
1973 4669 2028 4739 in

451 4736 623 4793 Gloss.
651 4739 852 4818 Graeco.
888 4736 1006 4818 N_on
1050 4736 1464 4818 candelabrum,
1516 4759 1572 4804 ut
1625 4751 1701 4805 ait
1735 4736 2026 4818 MeuFSius,

448 4823 578 4930 Ean:
641 4809 883 4880 κὰνδηλα
930 4810 1274 4879 lampadem,
1327 4809 1458 4872 non
1501 4821 1788 4876 candelam
1853 4809 2027 4896 signi;

491 4893 551 4930 ca
586 4920 601 4930 .

491 4886 601 4933 cat.

517 4948 630 5018 (55)
661 4949 1122 5025 χυτροκανδῆλαι,
1154 4952 1435 5027 lampades
1485 4961 1660 5017 instar
1717 4963 1836 5020 olla:
1891 4980 2026 5021 con-

445 5031 615 5077 cavaL

518 5090 632 5176 (.56)
667 5090 1042 5176 βαμϐακηρὺν
1067 5101 1241 5176 νῆμα,
1272 5110 1360 5176 est
1375 5103 1524 5158 ﬁlum
1554 5103 1641 5156 vel
1667 5104 2024 5176 ellychnium,

445 5174 512 5212 ex
539 5161 822 5247 bambace,
847 5161 1236 5242 seu—gossipio,’
1272 5174 1437 5244 vulgo
1475 5185 1651 5239 colon,
1680 5161 2024 5247 ad’compinl

445 5230 678 5296 gendam
707 5230 915 5289 ceram.

519 5299 632 5385 ($7)
663 5302 1211 5385 AdllrafC-Afiuyat,
1261 5323 1393 5370 sunt
1435 5314 1674 5378 laminw,
1721 5314 1788 5369 de
1822 5315 2026 5385 quibus

443 5365 650 5453 99....
677 5365 779 5427 ms.
812 5365 2023 5453 σιδήροςς·δχεε;ς-δςλᾱμςιᾱςῖςιατδδεςῑηιζῑᾱ

443 5445 551 5524 est.
584 5438 822 5524 ferreum
873 5438 1258 5524 reuna—culum,
1291 5455 1436 5524 quod
1474 5438 1724 5510 'lamnam
1779 5438 2022 5523 vocant;

443 5504 530 5594 ira;
579 5518 764 5594 autem
809 5512 1026 5594 laminae
1069 5504 1811 5594 _iniicire1u-lume—ompositie
1843 5504 2021 5586 erant:

443 5575 566 5658 illas
593 5580 741 5634 enim
772 5586 914 5658 cerei
951 5575 2022 5658 impiebam’,'diiii'téiili’ééﬁiisf

443 5657 742 5723 utrumque
780 5656 1062 5716 eruditiss.
1089 5659 1280 5732 Gangii
1315 5662 1663 5722 Glossarium.

2211 4341 2323 4412 (58)
2360 4323 2666 4413 fépauwr.
2694 4345 2939 4414 τέμπ).ον
2976 4346 3201 4401 videtur
3248 4362 3369 4401 esse
3415 4347 3715 4412 ciborium,

2139 4425 2234 4466 seu
2259 4423 2494 4481 tegmen,
2511 4430 2575 4468 ac
2593 4415 2972 4470 umbraculum
2995 4417 3208 4480 altaris,
3231 4427 3289 4471 et
3305 4432 3470 4472 sacrae
3489 4432 3716 4481 mensae,

2136 4483 2282 4558 quod
2317 4483 2466 4558 forte
2489 4500 2518 4538 a
2553 4484 2987 4558 cymbze._l_ia_ura
3019 4487 3364 4558 cymbarium
3400 4487 3624 4549 dicitur,
3658 4489 3716 4543 in

2135 4551 2352 4623 Sylloge
2382 4551 2739 4623 epistolarum
2800 4551 3244 4611 Hibernicarum.
3293 4557 3417 4612 Haec
3466 4559 3719 4614 eruditus

2131 4620 2464 4687 COtelerius.
2502 4635 2649 4678 tomo
2693 4625 2760 4679 Ill
2795 4625 3035 4680 Monum.
3084 4627 3332 4680 Ecclesia:
3375 4627 3594 4688 Cra'caz,
3620 4631 3712 4682 cui

2133 4704 2404 4778 gonsonat
2431 4710 2683 4778 summus
2716 4696 2801 4778 vir
2847 4695 3091 4778 gangius
3123 4697 3178 4750 in
3209 4697 3484 4778 Glossario
3506 4698 3713 4778 Graeco.

2131 4762 2268 4816 Cum
2290 4763 2457 4832 igitur
2477 4764 2613 4819 nihil
2637 4766 2844 4820 certius
2860 4762 3184 4834 habeamus,
3205 4768 3273 4822 ad
3291 4768 3544 4822 laudatos
3565 4767 3717 4822 viros

2133 4835 2491 4889 remittimus.

2204 4903 2296 4971 (58
2317 4905 2354 4968 ')
2387 4906 2728 4971 Μανουάλια,
2746 4907 3100 4971 candelabra,
3127 4909 3273 4974 quod
3308 4907 3522 4964 scilicet
3548 4923 3711 4961 manu

2131 4973 2336 5048 gestari
2364 4976 2598 5048 soleant.
2650 4977 2776 5032 Haec
2823 4993 2928 5032 vox
2958 4973 3160 5047 passim
3186 4979 3433 5036 occurrit
3457 4978 3604 5048 apud
3628 4993 3710 5033 se.

2131 5043 2344 5111 quioris
2364 5046 2462 5098 aevi
2495 5045 2738 5102 Gracos.

2204 5112 2316 5186 (59)
2343 5115 2688 5183 Λαμπάδες.
2719 5116 2895 5186 Magni
2923 5117 3092 5181 cerei,
3127 5119 3244 5174 sive
3290 5117 3464 5174 faces.

2203 5185 2315 5245 (tio)
2355 5187 2558 5259 Ψωιιιά
2586 5187 2731 5257 apud
2761 5185 2981 5259 Graecos
3005 5188 3170 5259 medii
3199 5189 3322 5255 aevi,
3346 5204 3517 5259 panes
3535 5189 3712 5259 signi-

2131 5252 2316 5327 ﬁcant,
2351 5256 2494 5322 apud
2516 5252 2759 5326 nuperos
2789 5258 2993 5312 dicitur
3013 5258 3190 5327 ψωμὶ.

2201 5322 2314 5400 (61.)
2343 5322 2619 5400 Navim/ts
2641 5327 2709 5379 δὲ
2729 5322 3117 5400 ινόμιτνμάτὶεηἑ
3131 5327 3417 5400 τραχέων.
3440 5329 3709 5400 Νόμισμα

2130 5395 2329 5462 τραχὺ,
2361 5409 2456 5448 seu
2483 5395 2692 5450 solidus
2711 5395 2893 5466 asper,
2910 5395 3205 5452 duodecim
3230 5395 3567 5455 milliaresiis
3591 5395 3707 5454 sive

2129 5466 2409 5532 argenteis
2437 5473 2562 5518 ante
2582 5466 3029 5520 reformationem
3056 5467 3232 5523 Alexii
3256 5470 3551 5531 Conineni,
3571 5484 3708 5532 qua-

2131 5542 2256 5586 tuor
2282 5547 2413 5609 vero
2476 5545 2602 5602 post
2633 5537 2778 5609 illam
2822 5537 3271 5594 reformationem
3317 5537 3703 5609 :equivalebat.

2127 5604 2372 5673 νουμμία
2404 5619 2556 5669 vero,
2581 5621 2702 5674 qua:
2733 5607 2787 5661 in
2819 5612 3070 5676 sequenti
3113 5609 3292 5690 Qpere
3340 5604 3541 5692 νρυμξα
3569 5611 3702 5679 χάλ-

2128 5689 2229 5726 κεα
2254 5683 2538 5742 vocantur,
2569 5689 2688 5733 erat
2731 5689 2952 5735 moneta
2998 5683 3247 5736 omnium
3303 5683 3698 5742 minutissima,
