4104 6200
355 339 486 402 1081

1786 348 2150 413 TYPICUM.

3455 360 3590 424 1082

331 449 792 521 δωὸελαφωτίοις,
820 449 924 503 άνὰ
949 448 1028 514 ἒξ,
1061 450 1140 513 εἰς
1170 451 1232 503 τὸ
1267 451 1506 521 τέμπλον
1529 452 1607 516 ἓξ,
1639 452 1733 506 καὶ
1769 453 1913 523 ὀψώ-

2030 471 2110 510 sex
2141 460 2367 512 aeceaui
2420 460 2642 524 debent,
2695 463 2748 516 in
2799 465 3002 528 templo
3033 479 3160 531 sex;
3198 475 3263 522 et
3297 467 3586 523 obsonium

335 565 450 600 νιον
480 547 600 607 ταῖς
631 543 891 615 μοναχαῖς
917 541 978 592 τὸ
1005 541 1214 613 ἀρκοῦν
1252 543 1631 613 χορηγεῖσθαι.

421 631 700 692 Ὡσαύτως
743 628 799 682 δὲ
849 627 1054 695 ὀφείλει
1086 631 1334 698 γίνεσθαι
1372 633 1468 684 καὶ
1520 634 1553 701 ὴ
1605 632 1768 704 ἑορτὴ
1817 636 1917 704 τῆς

344 721 635 791 ’Υψώσεως
663 720 756 773 τοῦ
791 721 974 788 τιμίου
1025 724 1117 776 καὶ
1147 722 1415 786 ζωοποιοῦ
1458 723 1725 792 Σταυροῦ.
1759 725 1856 778 καὶ
1881 726 1915 794 ἡ

337 815 502 884 ἑορτὴ
536 813 630 865 τοῦ
668 813 828 880 ἁγίου
867 815 1146 884 μάρτυρος
1175 815 1516 885 Δημητρίου,
1550 815 1646 868 καὶ
1673 817 1707 886 ὴ
1754 817 1917 887 ἑορτὴ

334 906 434 976 τῆς
458 905 726 958 Θεοτόκου
751 907 821 959 τὰ
851 905 1019 974 ’Ἅγια
1047 905 1157 958 τῶν
1183 904 1354 973 ἁγίων
1383 907 1521 977 (62).

938 1019 1188 1071 ΚΕΦΑΛ.
1223 1017 1344 1074 ΞΝ.

519 1109 661 1178 Περὶ
695 1107 808 1176 τῆς
838 1107 1050 1176 ἑορτῆς
1081 1108 1202 1162 τῶν
1229 1112 1739 1182 Χριστουγέννων.

421 1222 514 1277 Ἐν
554 1221 612 1274 δὲ
657 1223 725 1293 τῇ
762 1221 924 1290 ἑορτῇ
958 1219 1056 1288 τῆς
1099 1219 1194 1272 τοῦ
1226 1221 1466 1292 Χριστοῦ
1516 1224 1849 1293 Γεννήσεως,
1883 1226 1918 1296 ἡ

343 1319 442 1388 μὲν
475 1314 730 1384 φωταψία
759 1314 922 1382 ὁμοία
954 1311 1106 1365 ἔσται
1131 1316 1198 1384 τῇ
1231 1317 1330 1386 τῆς
1369 1318 1715 1386 Κοιμήσεως,
1741 1317 1925 1369 ὡσαύ-.

340 1425 453 1471 τως
490 1406 546 1459 δὲ
579 1406 673 1458 καὶ
717 1405 777 1456 τὸ
810 1402 1040 1472 ὀψώνιον
1077 1401 1188 1456 τῶν
1243 1405 1514 1475 μοναχῶν.
1558 1406 1621 1458 Ἠ
1647 1406 1702 1458 δὲ
1747 1407 1806 1458 ὲν
1840 1405 1919 1475 τῷ

340 1499 547 1553 πυλῶνι
573 1498 811 1559 διάδοσις
839 1496 992 1547 ἔσται
1040 1495 1237 1562 μοδὶων
1269 1496 1383 1561 δύο,
1433 1498 1526 1549 καὶ
1561 1499 1918 1568 νομισμάτων

336 1590 642 1656 τεσσάρων.
698 1585 849 1656 Αὕτη
895 1585 952 1637 δὲ
986 1588 1018 1655 ἡ
1054 1587 1308 1656 φωταψία
1351 1588 1598 1658 ἀρκέσει,
1635 1589 1728 1641 καὶ
1774 1588 1916 1641 κατὰ

335 1679 437 1745 τὴν
479 1676 670 1746 ἑορτὴν
713 1676 824 1728 τῶν
871 1676 1070 1729 Φώτων
1102 1677 1213 1747 (65)
1243 1693 1256 1706 ⁸
1291 1678 1323 1746 ή
1379 1677 1433 1730 δὲ
1480 1678 1537 1730 ἐν
1586 1678 1664 1747 τῷ
1711 1679 1916 1733 πυλῶνι

2022 548 2356 604 monialibus
2379 561 2644 620 quantum
2677 555 2812 610 satis
2851 557 2978 619 erit,
3014 559 3479 626 suppeditabitur.

2088 641 2293 696 Eodem
2347 643 2510 698 modo
2559 646 2926 702 celebrabitur
2981 648 3178 703 festum
3227 652 3590 706 Exaltationis

2019 733 2348 789 venerandae
2377 743 2432 788 et
2455 735 2682 790 vivifica:
2708 736 2926 803 Crucis,
2956 739 3156 794 festum
3186 743 3357 796 sancti
3391 755 3589 814 marty-

2020 824 2099 879 ris
2124 825 2412 892 Demetrii,
2440 836 2495 882 et
2523 825 2722 883 festum
2752 829 2996 900 Deiparaa
3025 831 3223 887 Sancta
3250 844 3588 892 sanctorum.

2589 1024 2813 1082 CAPUT
2854 1028 2992 1082 LXI.

2357 1115 2435 1171 De
2461 1119 2590 1186 [esto
2627 1117 2821 1172 Christi
2846 1119 3249 1175 Natalitiorum.

2089 1229 2148 1283 In
2195 1228 2335 1284 festo
2381 1229 2693 1284 Natiritatis
2731 1229 2958 1293 Christi,
3006 1232 3278 1288 luminare
3310 1235 3450 1288 idem
3483 1237 3589 1290 erit

2019 1321 2165 1392 quod
2218 1322 2272 1374 in
2314 1321 2454 1377 festo
2488 1321 2865 1386 Dortnitionis,
2902 1323 3264 1392 similiterque
3297 1326 3587 1380 obsonium

2019 1414 2366 1468 monialium.
2395 1414 2649 1484 Erogatio
2679 1423 2862 1468 autem
2890 1415 2955 1465 ad
2990 1416 3193 1468 ostium
3217 1417 3326 1470 erit
3349 1417 3585 1471 duorum

2021 1509 2355 1572 modiorum,
2408 1518 2466 1561 et
2524 1517 2763 1576 quatuor
2825 1508 3232 1563 nomismatum.
3293 1511 3590 1580 lpsummet

2021 1600 2294 1654 luminare
2341 1599 2573 1652 sufliciet
2605 1609 2659 1652 et
2707 1599 2759 1652 in
2796 1598 2934 1651 festo
2979 1597 3270 1654 Luminum
3307 1619 3319 1653 :
3351 1603 3589 1656 eleemoo

2021 1705 2152 1761 syna
2201 1705 2334 1744 vero
2369 1690 2434 1743 ad
2483 1690 2708 1751 ostium,
2755 1688 2944 1742 eadem
2989 1689 3116 1753 crit,
3154 1707 3275 1758 quae
3329 1691 3592 1760 praedicto

333 1768 570 1831 διάδοσις
599 1767 764 1836 ὀμοία
803 1767 957 1819 ἔσται
997 1770 1064 1838 τῇ
1120 1769 1498 1839 προειρημένῃ
1532 1770 1714 1840 ἑορτῇ,
1752 1770 1918 1838 ἤγουν

2030 1781 2180 1846 festo,
2208 1798 2408 1852 nempe
2435 1781 2639 1837 Christi
2673 1780 3007 1844 Nativitatis,
3039 1781 3403 1852 similiterque
3430 1781 3618 1837 obso?

335 1861 434 1928 τῆς
464 1859 558 1913 τοῦ
595 1859 833 1928 Χριστοῦ
874 1861 1205 1930 γεννήσεως,
1239 1859 1440 1930 ὁμοίως
1463 1861 1557 1915 καὶ
1589 1863 1649 1914 τὸ
1677 1861 1785 1914 τῶν
1814 1879 1913 1932 μο-

337 1949 515 2019 ναχῶν
543 1948 795 2020 ὀψώνιον.

939 2063 1196 2116 ΚΕΦΛΛ.
1230 2063 1352 2118 ΞΒ⁹.

574 2154 716 2222 Περί
746 2155 857 2223 τῆς
885 2155 1099 2224 ἑορτῆς
1126 2155 1236 2224 τῆς
1281 2156 1682 2225 Ὑπαπαντῆς.

426 2268 516 2321 Ἐν
537 2268 594 2322 δέ
625 2285 689 2336 γε
719 2271 784 2340 τῇ
841 2271 1004 2340 ἑορτῇ
1049 2271 1146 2339 τῆς
1193 2270 1558 2338 ’Υπαπαντῆς
1610 2271 1920 2338 ὀφείλουσιν

345 2356 616 2410 ἅπτεσθαι
639 2360 697 2410 ἐν
745 2361 855 2422 τοῖς
884 2359 1321 2427 δωδεκαφωτίοις
1345 2360 1448 2412 ἁνὰ
1490 2360 1662 2431 κηρία
1692 2360 1770 2426 ἒξ,
1811 2361 1922 2413 άπὸ

343 2447 455 2500 τῶν
485 2449 614 2518 πρὶν
663 2448 1000 2518 ἱσταμένωνο
1033 2451 1110 2510 είς
1142 2449 1198 2502 δὲ
1225 2450 1284 2502 τὸ
1308 2448 1548 2520 τέμπλον
1573 2451 1774 2520 ὁμοίως
1818 2451 1923 2504 ἁνὰ

345 2537 426 2602 ἓξ.
471 2538 534 2591 Ἦ
565 2539 619 2592 δέ
656 2555 719 2606 γε
754 2538 918 2610 ἑορτὴ
950 2539 1042 2592 τοῦ
1081 2540 1520 2610 Εὐαγγελισμοῦ,
1553 2544 1648 2595 καὶ
1674 2545 1707 2612 ἡ
1760 2543 1922 2614 ἑορτὴ

346 2629 447 2701 τῆς
477 2631 782 2700 Βαῖοφόρου
810 2632 1014 2695 ὁμοίως
1060 2633 1159 2701 τὴν
1193 2633 1362 2702 αὐτὴν
1405 2635 1586 2699 ἕξουσι
1618 2635 1922 2704 φωταψίαν.

577 2806 582 2811 η
933 2745 1184 2798 ΚΕΦΑΛ.
1214 2742 1332 2799 Ξιπο.

512 2837 653 2906 Περὶ
684 2835 796 2904 τῆς
821 2835 940 2889 τῶν
968 2837 1153 2904 ἁγίων
1182 2835 1397 2890 Παθὼν
1423 2841 1756 2908 φωταψίας.

429 2950 494 3004 Ἦ
529 2953 711 3021 μέντοι
759 2947 1015 3018 φωταψία
1039 2950 1136 3018 τῆς
1164 2950 1304 3003 κατὰ
1345 2951 1443 3021 τὴν
1487 2952 1648 3019 ἁγίαν
1685 2955 1779 3007 καὶ
1828 2972 1926 3025 με-

346 3044 518 3114 γάλην
533 3043 788 3112 πέμπτην
803 3041 914 3113 (64)
940 3041 1136 3111 ἑορτῆς
1142 3080 1156 3102 ν
1181 3042 1382 3111 ὁμοίως
1401 3048 1467 3114 τῇ
1485 3047 1580 3114 τῆς
1597 3047 1780 3117 Κοιμή
1791 3065 1928 3110 σεως

2018 1871 2171 1926 nium
2205 1871 2550 1926 monialium.

2588 2070 2814 2126 CAPUT
2859 2071 3020 2124 LXII.

2257 2163 2333 2216 De
2359 2163 2489 2231 [esto
2513 2161 2788 2225 Occursus,
2815 2179 2903 2215 seu
2932 2161 3354 2229 Puriﬁcationis.

2091 2278 2151 2332 In
2193 2277 2330 2332 festo
2382 2275 2658 2332 Occursus
2704 2275 3081 2330 accendantur
3133 2275 3185 2329 in
3239 2274 3587 2329 candelabris

2022 2367 2404 2423 duodenorum
2436 2367 2735 2432 luminum,
2767 2383 2863 2422 sex
2895 2368 3065 2429 cerei,
3099 2383 3168 2422 ex
3206 2367 3268 2421 iis
3302 2368 3394 2436 qui
3430 2376 3591 2420 antea

2023 2457 2099 2510 ibi
2154 2457 2318 2526 positi
2377 2466 2555 2512 sunt:
2594 2458 2647 2511 in
2691 2458 2898 2525 templo
2960 2458 3166 2526 pariter
3224 2474 3340 2512 sex.
3373 2457 3595 2512 Festum

2022 2548 2473 2602 Annuntiationis
2506 2556 2562 2603 et
2597 2549 2797 2603 festum
2830 2549 3138 2604 Palmarum
3181 2549 3374 2604 eodem
3429 2547 3596 2602 Iumi-

2023 2639 2146 2693 nari
2177 2639 2518 2710 gaudebunt.

2583 2753 2808 2812 CAPUT
2850 2757 3013 2812 LXIII

2288 2847 2366 2900 De
2402 2848 2658 2902 luminari
2691 2867 2967 2902 sacrarum
3003 2848 3342 2902 Passionum.

2099 2959 2396 3014 Luminare
2429 2959 2551 3012 festi
2605 2967 2809 3012 sanctae
2838 2967 2892 3013 et
2930 2974 3138 3028 magna:
3180 2957 3384 3028 quinta:
3428 2958 3596 3022 feriae,

2029 3051 2135 3105 erit
2172 3060 2232 3104 ut
2279 3051 2333 3103 in
2381 3049 2520 3104 festo
2565 3049 2944 3104 Dormitionis.
2996 3050 3252 3120 Erogatio
3279 3064 3498 3118 quoque
3529 3049 3594 3102 ad

347 3137 666 3206 γενήσεται.
705 3132 978 3196 Ὡσαύτως
1033 3133 1127 3186 καὶ
1153 3134 1188 3202 ἡ
1217 3135 1275 3186 ἐν
1315 3134 1395 3203 τῷ
1439 3135 1644 3189 πυλῶνι
1685 3139 1919 3202 διάδοσις

2030 3143 2226 3197 ostium
2252 3141 2444 3196 eadem
2485 3142 2593 3196 erit
2625 3158 2748 3210 qua:
2788 3141 2841 3195 in
2881 3141 3141 3210 praedicto
3176 3141 3334 3204 festo,
3371 3148 3601 3208 excepto

348 3229 516 3298 ὀμοία
554 3224 710 3280 Ισται
763 3228 830 3295 τῇ
889 3228 988 3296 τῆς
1046 3226 1452 3296 προειρημένης
1493 3227 1707 3298 ἑορτῆς,
1759 3231 1928 3298 χωρὶς

347 3321 444 3372 τοῦ
475 3319 733 3389 ὀψωνξου.
761 3317 826 3371 Ἦ
851 3319 906 3372 δέ
929 3335 992 3386 γε
1017 3319 1149 3386 ἁγία
1171 3317 1266 3370 καὶ
1285 3321 1496 3387 mydia;
1514 3320 1767 3389 Κυριακὴ
1793 3309 1927 3391 (65),

351 3411 451 3482 τὴν
483 3412 652 3482 αὐτὴν
697 3411 809 3477 ἕξει
857 3410 1146 3479 φωταψίαν
1174 3427 1236 3463 τε
1279 3410 1372 3464 καὶ
1424 3410 1680 3474 διάδοσιν,
1728 3413 1822 3464 καὶ
1869 3412 1931 3465 τὸ

351 3503 582 3571 ὀψώνιον
619 3505 685 3572 τῇ
735 3503 992 3572 ἀνωτέρω
1026 3500 1253 3571 ῥηθείσῃ
1309 3502 1491 3572 ἑορτῇ.
1547 3501 1609 3553 Ἦ
1642 3501 1698 3554 δέ
1738 3519 1800 3568 γε
1831 3503 1931 3570 τῆς

365 3593 708 3663 Ἀναλὴψεως
759 3593 942 3664 ἑορτὴ,
969 3591 1066 3646 καὶ
1092 3593 1126 3662 ἡ
1157 3591 1257 3660 τῆς
1290 3592 1694 3662 Πεντηκοστῆς,
1746 3591 1931 3646 ὡσαύ-

355 3701 463 3748 τως
494 3685 550 3738 δὲ
579 3687 674 3738 καὶ
699 3687 733 3753 ἡ
761 3684 869 3738 τῶν
917 3685 1090 3752 ἁγίων
1131 3683 1496 3750 ’Δποστόλων,
1528 3684 1720 3754 ὀμοίαν
1745 3684 1932 3750 ἕξουσι

357 3777 458 3846 τὴν
485 3777 771 3846 φωταψίαν
813 3775 909 3828 καὶ
937 3776 1000 3828 τὸ
1049 3773 1280 3844 ὀψώνιον
1311 3777 1376 3845 τῇ
1409 3776 1569 3845 ἑορτῇ
1611 3775 1712 3844 τῆς
1740 3776 1934 3844 Γεννή-

357 3883 496 3930 σεως
532 3866 632 3935 τῆς
685 3865 972 3918 Θεοτόκου.
993 3865 1056 3917 Ἦ
1088 3865 1143 3918 δέ
1175 3883 1235 3934 γε
1255 3865 1414 3936 ἑορτὴ
1438 3865 1537 3936 τῆς
1556 3865 1935 3936 Μεταμορφώ-

362 3975 500 4022 σεως
534 3957 627 4011 τοῦ
659 3957 864 4028 Κυρίου
881 3959 975 4010 καὶ
999 3956 1133 4009 Θεοῦ
1158 3959 1249 4010 καὶ
1268 3959 1519 4028 Σωτῆρος
1557 3958 1716 4028 ἡμῶν
1755 3958 1932 4028 Ἰησοῦ

355 4049 614 4118 Χριστοῦ,
631 4047 832 4117 ὀφείλει
853 4048 1096 4117 γίνεσθαι
1118 4048 1277 4117 ὁμοία
1292 4051 1356 4118 τῇ
1375 4049 1472 4117 τῆς
1495 4049 1819 4118 Κοιμήσεως
1837 4048 1935 4115 τῆς

357 4141 648 4194 Θεοτόκου.
690 4140 753 4192 Ἦ
779 4140 835 4193 δὲ
860 4140 1096 4203 διάδοσις
1125 4139 1264 4192 ἔστω
1296 4140 1446 4192 σίτου
1475 4140 1672 4211 μοδίων
1695 4141 1809 4206 δύο,
1841 4141 1935 4194 καὶ

358 4233 605 4304 νουμμία
643 4232 994 4303 νομισμάτων
1024 4233 1271 4303 τραχέων
1309 4233 1612 4305 τεσσάρων.

929 4345 1181 4398 ΚΕΦΑΛ.
1240 4343 1355 4398 ΞΔἎ

360 4437 499 4506 Περὶ
525 4435 629 4491 τοῦ
662 4436 938 4507 γίνεσθαι
978 4435 1461 4522 μετάδοσινλιαίν
1503 4434 1773 4501 ἑκάστην
1793 4429 1932 4501 ὴμέ-
1974 4469 2014 4522 D

829 4523 949 4574 par
981 4503 1054 4559 ἐν
1082 4505 1163 4570 τῷ
1194 4503 1450 4559 πυλῶνι.

357 4601 362 4606 1
431 4619 560 4672 Δέον
586 4619 642 4671 δέ
674 4619 789 4671 ἐστι
819 4619 917 4671 καὶ
959 4620 1015 4672 ἐν
1055 4616 1134 4687 τῷ
1166 4616 1370 4668 πυλῶνι
1407 4615 1649 4683 γίνεσθαι
1693 4615 1934 4668 διάδοσιν

362 4712 482 4764 καθ’
511 4711 749 4780 ἑκάστην
774 4710 1011 4780 ἡμέραν,
1053 4707 1244 4778 ψωμία
1281 4709 1428 4759 σίτου
1473 4705 1656 4774 μοδίου
1698 4705 1792 4758 τοῦ
1818 4704 1935 4774 τρί-

361 4821 478 4867 του,
510 4803 632 4874 ἠτοι
674 4804 794 4863 ταῖς
833 4805 1010 4870 τρισὶν
1053 4800 1307 4870 ἡμέραις,
1361 4799 1508 4851 σίτου
1548 4797 1727 4867 μοδίου
1777 4799 1962 4860 ὲνόςν

363 4897 438 4958 ώς
467 4897 562 4948 καὶ
594 4895 703 4946 τῶν
748 4892 1205 4963 περισσευμάτων
1249 4891 1349 4961 τῆς
1382 4889 1665 4959 τραπέζης
1700 4890 1939 4960 ἑκάστης

361 4988 578 5058 ἡμέρας
627 4985 952 5056 ὀφειλόντων
1005 4983 1265 5047 δίδοσθαι,
1300 4983 1376 5047 ὡς
1421 4981 1487 5036 ἂν
1521 4981 1610 5034 διὰ
1653 4982 1754 5049 τῆς
1801 4981 1938 5052 πρὸς

360 5077 489 5140 τοὺς
517 5076 778 5144 ἀδελφοὺς
811 5076 1001 5144 ἱλαρᾶς
1027 5073 1418 5143 ἐλεημοσύνης,
1444 5071 1630 5141 ἱλαρὸν
1651 5071 1748 5124 καὶ
1782 5070 1940 5141 ὑμεῖς

361 5169 464 5223 καὶ
491 5169 690 5239 δαψιλῆ
717 5169 808 5222 τὸν
839 5171 902 5222 ἐκ
929 5165 1063 5221 Θεοῦ
1101 5165 1249 5219 ἔλεον
1276 5164 1612 5234 ἀπολάϐητε.

2030 3233 2280 3288 obsonio.
2309 3233 2507 3288 Sancta
2554 3241 2736 3285 autem
2767 3241 2822 3284 et
2856 3246 3046 3299 magna
3099 3231 3402 3294 Dominiea,
3435 3231 3597 3283 lumi-

2030 3340 2183 3387 nare,
2227 3324 2598 3392 erogationem
2663 3331 2720 3375 et
2767 3321 3081 3382 obsonium,
3123 3321 3316 3372 eadem
3354 3320 3596 3382 habebit,

2031 3430 2152 3482 quae
2203 3429 2372 3482 supra
2429 3421 2736 3466 memorata
2794 3410 3138 3466 solemnitas.
3190 3410 3411 3464 Festum
3467 3423 3602 3463 vero

2030 3505 2406 3567 Ascensionis,
2443 3504 2818 3566 Pentecostes,
2861 3515 3074 3554 necnon
3124 3510 3438 3554 sanctorum
3471 3513 3601 3567 apo-

2032 3597 2322 3658 stolarum,
2355 3595 2548 3650 eodem
2579 3593 2898 3665 gaudebunt
2934 3591 3190 3644 luminari
3245 3599 3301 3645 et
3343 3591 3598 3651 obsonio,

2033 3705 2144 3759 quo
2203 3688 2402 3742 festum
2451 3685 2768 3742 Nativitatis
2817 3682 3084 3751 Deiparaa.
3137 3682 3362 3736 Festum
3421 3689 3602 3734 autem

2035 3775 2559 3847 Transflgurationis
2602 3773 2815 3830 Domini
2867 3771 2961 3826 Dei
2996 3779 3051 3824 et
3081 3769 3382 3824 Salvatoris
3430 3769 3601 3822 nostri

2032 3870 2159 3925 Jesu
2188 3868 2419 3930 Christi,
2443 3883 2540 3937 par
2565 3882 2686 3922 esse
2716 3865 2881 3920 debet
2916 3864 3054 3918 festo
3080 3859 3438 3916 Dormitionis
3469 3859 3600 3914 Dei-

2037 3977 2212 4031 parze;
2245 3961 2298 4015 in
2323 3961 2721 4030 eleemosynam
2754 3972 2886 4012 vero
2913 3955 3115 4010 dentur
3141 3953 3397 4006 frumenti
3433 3950 3602 4003 modii

2035 4054 2165 4120 duo,
2193 4063 2246 4110 et
2273 4053 2482 4108 nummi
2512 4051 2898 4106 nomismatum
2928 4060 3248 4116 asperorum
3276 4051 3537 4112 quatuor.

2601 4331 2824 4388 CAPUT
2866 4329 3050 4386 LXIV.

2041 4433 2190 4500 Quod
2241 4429 2568 4499 elecmosyna
2617 4425 2848 4495 quotidie
2892 4424 3007 4493 ﬁeri
3059 4423 3238 4476 debeat
3273 4421 3340 4476 ad
3393 4430 3604 4476 ostium.

2111 4617 2526 4685 Eleemosynam
2563 4609 2814 4682 quotidie
2852 4607 2916 4661 ad
2951 4606 3150 4660 ostium
3199 4603 3318 4657 fieri
3368 4609 3606 4672 Oportet,

2041 4727 2212 4784 panes
2267 4709 2479 4763 scilicet
2528 4722 2594 4760 ex
2646 4704 2806 4758 tertia
2864 4708 3016 4769 parte
3070 4695 3235 4750 modii
3292 4693 3604 4756 frumenti,

2039 4817 2233 4871 nempe
2258 4798 2430 4853 ternis
2462 4796 2680 4858 diebus,
2714 4791 2929 4846 modius
2969 4787 3224 4842 frumenti
3259 4802 3438 4848 unus;
3474 4800 3605 4837 nec-

2041 4910 2151 4948 non
2197 4904 2400 4946 mensze
2447 4885 2692 4956 reliquiae
2719 4899 2841 4953 qua:
2862 4879 3112 4952 quotidie
3139 4877 3349 4947 erogari
3379 4875 3604 4939 debent,

2041 5001 2152 5055 quo
2181 5000 2280 5054 per
2315 4983 2547 5037 hilarem
2580 4977 2982 5045 elcemosynam
3029 4971 3291 5026 fratribus
3332 4965 3606 5022 distribu-

2043 5089 2176 5142 tam,
2210 5076 2440 5130 hilarem
2495 5088 2593 5128 vos
2626 5079 2681 5127 et
2721 5067 2998 5138 copiosam
3047 5063 3141 5118 Dei
3173 5058 3607 5116 miscricordiam

2040 5165 2481 5238 consequamini.

1623 5274 2086 5342 Montfanconii
2159 5291 2347 5344 notia.

365 5397 534 5456 atque
584 5395 724 5442 adeo
771 5379 1459 5456 eleemosyn‘serogandis
1481 5378 1785 5449 aptissima.
1825 5379 1940 5435 Sed

364 5451 527 5514 de’iis
550 5458 704 5525 plura
729 5457 781 5509 in
821 5451 1074 5525 sequenti
1109 5451 1450 5525 Aliationario.

437 5518 562 5597 (ϐῆ
604 5527 681 5597 Τὰ
715 5527 877 5597 ξΑτια
904 5518 1038 5576 τῶν
1085 5523 1285 5590 ἁγίων.
1324 5519 1526 5597 _S_upple
1557 5518 1826 5597 εἰσόδου,
1850 5520 1933 5573 ἰη-

365 5589 589 5670 gressus
623 5595 678 5670 in
707 5589 903 5670 S_an_c_t_a
939 5603 1290 5670 sanctorum,
1323 5589 1376 5642 id
1421 5599 1526 5655 est,
1562 5589 1760 5643 festum
1793 5591 1936 5644 Prae-

367 5662 698 5724 sentntionis
725 5662 1071 5736 B.Vir:giui_s.
1285 5727 1298 5736 _
1397 5727 1410 5736 _
1515 5725 1526 5736 _

441 5737 554 5808 (63)
589 5736 814 5790 Festum
850 5727 961 5786 τῶν
996 5729 1215 5795 Φώτων,
1256 5727 1369 5782 sive
1397 5727 1690 5794 luminum,
1732 5736 1817 5782 est
1861 5727 1934 5781 fe-

2039 5393 2182 5455 stum
2216 5383 2554 5455 Epiphaniae,
2586 5394 2703 5455 Aqua
2726 5375 2903 5455 σιω-ἰπὶ
2941 5371 3208 5425 honorem
3263 5367 3608 5455 Iz‘aptismatis

2037 5453 2240 5510 Christi
2263 5439 2435 5522 ’ριὐι-ιι
2465 5439 2837 5524 luminaapud
2866 5445 3079 5524 Grzecos
3100 5439 3501 5524 accenduntur.

2109 5525 2219 5594 (6i)
2266 5511 2554 5594 Μεγάλην-
2607 5511 2923 5594 πέιιᾶττηγη
2970 5511 3197 5578 Μεγάλη
3252 5511 3480 5580 πέμπτη
3525 5518 3611 5566 est

2043 5586 2981 5667 [cfiqjqqim'qin'CmnaDominix
3054 5659 3090 5667 ἢ
3198 5657 3210 5667 _
3259 5655 3272 5667 _

2110 5657 2244 5735 (65f
2262 5663 2542 5720 Dominica
2570 5657 3014 5718 llcsurrectionis
3045 5657 3299 5730 Domini.
