4104 6200
522 310 662 374 1083

1081 422 1306 477 CAPUT
1358 420 1518 475 LXV.

519 516 672 586 Quod
703 515 926 586 singulis
971 514 1246 586 mensibus:
1278 516 1505 586 tnpicum
1543 517 1644 584 tegi
1674 515 1879 582 debeat,
1912 516 2083 570 ωηιιὶ-

646 582 651 587 ’
789 582 807 586 ’
1062 583 1157 636 bus
1190 584 1542 637 audientibus.

588 691 727 745 illud
792 689 1198 745 observandum
1254 690 1616 747 nihilominus
1674 708 1834 762 quam
1887 703 2085 750 uetera

517 780 723 843 omnia,
782 778 889 832 nisi
952 778 1095 833 forte
1144 780 1338 850 magis,
1393 790 1580 851 utpote
1638 784 1973 853 principium
2032 794 2088 840 et

516 882 681 921 causa
708 866 1070 921 immutabilis
1092 876 1421 923 statutorum
1449 871 1866 937 observationis,
1885 883 1941 928 et
1969 876 2087 929 uni-

458 973 466 1017 s
517 974 692 1013 versae
720 960 1040 1015 monasterii
1072 961 1464 1029 perfectionis;
1490 964 1749 1019 nimirum
1776 976 1837 1020 ut
1860 967 2089 1036 singulis

462 1032 469 1070 έ
517 1049 838 1123 Neomeniis
868 1050 981 1104 sive
1002 1051 1259 1106 Kalendis
1290 1053 1505 1121 legatur
1545 1056 1807 1125 typicum,
1831 1057 2088 1113 omnibus

517 1155 640 1208 qua:
683 1140 740 1194 in
780 1143 1119 1195 monasterio
1158 1152 1289 1196 sunt
1330 1142 1722 1214 audientibus;
1754 1136 1830 1201 ἰιι
1866 1148 2087 1205 assidua

518 1230 779 1297 lectione,
820 1234 1059 1288 maxime
1124 1233 1278 1288 ﬁrma
1330 1246 1386 1289 et
1444 1235 1758 1293 indelebilia
1792 1241 1921 1305 sint,
1969 1257 2090 1310 qum

518 1331 722 1377 statuta
777 1335 926 1387 sunt,
962 1333 1018 1378 et
1065 1334 1126 1377 ut
1172 1324 1330 1380 facile
1382 1328 1455 1382 sit
1502 1342 1693 1385 eorum
1745 1332 2088 1388 exsecutionl

521 1427 863 1469 assuescere.
924 1413 1055 1480 Quae
1115 1424 1176 1470 ut
1227 1433 1409 1493 opere,
1451 1420 1656 1489 jugiter
1712 1424 2091 1493 compleantur

523 1504 671 1555 omni
706 1503 1077 1559 sollicitudine
1111 1506 1417 1560 curandum
1454 1526 1467 1562 :
1499 1522 1554 1565 et
1595 1519 1655 1564 ut
1701 1511 1898 1566 divinae
1943 1514 2089 1585 leges

521 1609 800 1662 nunquam
848 1596 1104 1649 temerari
1163 1606 1257 1650 aut
1302 1598 1505 1652 mutari
1536 1600 1757 1666 debent,
1814 1619 1913 1658 nec
1952 1613 2090 1659 tem-

523 1700 659 1755 pore
699 1686 978 1755 antiquari
1010 1687 1093 1741 vel
1120 1688 1313 1751 deleri,
1338 1705 1440 1744 nec
1470 1691 1670 1747 damno
1699 1697 1955 1764 quopiam
1996 1706 2089 1752 aut

1660 328 1679 337 ‘
1775 311 2059 371 IRENES
2093 309 2470 372 AUGUSTzE

2113 424 2161 480 Α

3622 318 3759 382 Ῑθὸί

2768 423 3013 477 ΚΕΦΑΛ.
3050 424 3170 479 ΞΕ’.

2188 513 2326 580 Περὶ
2352 511 2454 565 τοῦ
2478 512 2995 591 ἀναγινώσκεσθαι
3022 515 3088 591 τὸ
3119 517 3373 591 τρπικὸν
3388 522 3477 587 εις
3496 522 3766 591 ἐπήκοον

2654 585 2871 637 πασῶν
2904 588 3055 637 κατὰ
3088 585 3280 654 μῆνα.

2271 695 2396 748 Ἐπὶ
2427 696 2565 765 πᾶσι
2600 694 2694 747 καὶ
2731 695 2891 747 τοῦτο
2936 714 3010 748 πα
3022 699 3396 765 ραφυλακτέον
3422 703 3576 757 οὐδὲν
3601 700 3764 773 ἧττον

2186 783 2296 837 τῶν
2321 782 2518 848 ἄλλων,
2548 784 2596 834 ει
2627 782 2701 853 μὴ
2736 783 2831 835 καὶ
2880 786 3100 853 μᾶλλον,
3133 786 3208 849 ὡς
3235 790 3412 859 ἀρχήν
3438 809 3518 857 τε,
3552 795 3645 848 καὶ
3681 799 3767 849 αξ-

2187 874 2308 927 τίαν
2345 875 2443 943 τῆς
2489 874 2885 943 ἀμεταπτὼτου
2913 877 3023 931 τῶν
3061 880 3556 952 διατετυπωμένων
3590 891 3768 960 τηρή-

2190 983 2349 1028 σεως,
2381 965 2475 1018 καὶ⁵
2513 964 2608 1018 τοῦ
2646 966 2767 1019 ὅλου
2797 967 2898 1037 τῆς
2942 969 3112 1040 μονῆς
3152 976 3530 1044 καταρτισμοῦ
3563 994 3577 1007 ·
3620 981 3763 1048 φημὶ

2188 1056 2253 1124 δὴ
2277 1056 2339 1108 τὸ
2365 1055 2839 1127 ἀναγινώσκεσθαι
2862 1059 2923 1110 τὸ
2944 1061 3174 1114 τυπικὺν
3203 1064 3284 1127 εἰς
3310 1064 3545 1134 ἐπήκοον
3575 1070 3761 1123 πασῶν

2187 1145 2297 1198 τῶν
2333 1147 2391 1197 ὲν
2438 1149 2505 1217 τῇ
2542 1149 2700 1219 μονῇ.
2736 1147 2858 1200 καθ’
2883 1149 3124 1219 ἑκάστην
3159 1152 3479 1222 Νουμηνίαν
3507 1172 3520 1185 ·
3566 1157 3654 1211 ῖνα
3694 1162 3758 1228 τῇ

2191 1237 2405 1305 συνεχεῖ
2452 1237 2756 1305 ἀναγνώσει
2812 1238 3045 1309 μάλιστα
3109 1244 3400 1313 παράμονα
3462 1249 3559 1302 καὶ
3613 1250 3764 1314 ἀνεξ-

2191 1324 2424 1380 άλειπτα
2457 1329 2543 1398 εἴη
2573 1330 2639 1381 τὰ
2659 1328 3128 1401 διατετυπωμὲνα.
3160 1337 3253 1386 καὶ
3282 1336 3415 1403 πρὸς
3443 1338 3764 1409 συνεθισμδν

2189 1419 2290 1487 τῆς
2327 1418 2535 1473 τούτων
2567 1419 2899 1491 πληρώσεως
2936 1422 3114 1477 εῠοδα.
3150 1426 3216 1477 Ἀ
3260 1428 3341 1479 δεῖ
3372 1429 3523 1501 πάσῃ
3550 1432 3764 1501 φυλακῇ

2189 1510 2378 1580 τηρεῖν
2406 1508 2701 1579 ἔμπρακτα
2742 1513 2835 1563 καὶ
2868 1512 3087 1582 ἐνεργὰ,
3117 1517 3213 1566 καὶ
3253 1516 3329 1578 ὡς
3354 1517 3552 1586 νόμους
3587 1519 3764 1583 θείους

2191 1600 2562 1670 ἀπαρασάτως
2591 1603 2683 1655 καὶ
2712 1602 3091 1666 ἀναλλοιώτως
3120 1605 3331 1674 ἔχοντα,
3363 1608 3491 1677 μήθ’
3517 1610 3621 1662 ὑπὸ
3640 1613 3765 1680 χρό-

2193 1708 2285 1743 νου
2314 1691 2690 1763 παλαιούμενα
2724 1695 2818 1747 καὶ
2868 1696 3265 1766 ἀφανιζόμενα,
3298 1700 3425 1770 μήθ’
3474 1702 3579 1755 ὑπό
3621 1720 3765 1768 τινος

521 1779 774 1832 saeculari
807 1779 1188 1833 vicissitudine
1234 1781 1563 1849 oblitterari,
1609 1801 1710 1841 nec
1756 1803 1853 1858 per
1904 1791 2088 1860 segni-

2195 1785 2479 1853 ὲπηρείας,
2626 1787 2887 1856 βιωτικῆς
2937 1753 3762 1865 περιτροπῆξάμαυρούμενα,

526 1869 655 1921 tiem
684 1869 949 1923 oblivioni
997 1869 1160 1937 tradi,
1200 1886 1303 1927 nec
1339 1885 1398 1927 ut
1425 1890 1659 1932 onerosa
1700 1893 1796 1948 per
1832 1883 2066 1937 cessatio

522 1974 646 2013 nem
686 1962 894 2015 excuti.

1089 2096 1313 2155 CAPUT
1342 2102 1522 2157 LXVI.

748 2185 826 2239 De
853 2188 1157 2257 quotidiana
1192 2191 1353 2245 divini
1383 2193 1563 2263 templi
1592 2195 1865 2254 luminari.

591 2358 985 2425 Quotidianum‘
1013 2362 1183 2415 divini
1235 2365 1422 2433 templi
1470 2366 1740 2422 luminare
1777 2368 2087 2439 hujusmodi

519 2451 589 2504 sit
638 2451 994 2521 :Lampades
1047 2470 1147 2508 nec
1180 2456 1268 2509 die
1322 2474 1422 2512 nec
1474 2469 1633 2512 nocte
1685 2462 2092 2532 exstinguenda:

521 2551 849 2601 serventm.
908 2542 962 2596 in
1018 2547 1225 2614 mytulo
1279 2546 1500 2614 quidem
1559 2565 1685 2614 una,
1739 2561 1863 2606 ante
1921 2554 2089 2623 gratia

521 2631 740 2699 plenam
799 2632 1084 2703 Deiparam
1143 2651 1286 2702 una;
1337 2637 1390 2689 in
1424 2639 1645 2693 artbece
1679 2656 1776 2694 seu
1820 2643 2092 2697 vestibulo

522 2737 629 2774 una
650 2739 665 2788 ;
693 2723 745 2775 in
763 2724 1088 2779 exoartbece
1107 2727 1223 2781 sive
1243 2730 1539 2784 exterioris
1554 2733 1826 2786 vestibulo
1846 2735 1972 2788 alia.
1988 2735 2090 2789 Ubi

523 2827 653 2865 vero
677 2814 970 2882 contigerit
1015 2818 1250 2873 cadaver
1282 2820 1336 2872 in
1372 2821 1609 2888 quodam
1640 2826 1893 2893 sepulcro
1917 2826 2090 2879 collo-

522 2902 659 2968 cari,
685 2902 894 2973 lampas
925 2920 1031 2959 una
1066 2909 1413 2962 accendenda
1444 2920 1545 2965 est.

1061 3017 1288 3074 CAPUT
1334 3021 1542 3077 LXVII.

2195 1874 2323 1946 μήθ’
2359 1877 2462 1929 ὑπὸ
2498 1878 2771 1948 ῥᾳθυμίας
2801 1882 2865 1950 τῇ
2896 1881 3035 1953 λήθῃ
3067 1884 3497 1953 παραδιδόμενα,
3525 1888 3647 1959 μήθ’
3682 1889 3762 1952 ὡς

2191 1968 2403 2037 ἐπαχθῆ
2433 1969 2524 2021 ὑπ’
2547 1972 2885 2042 ἀνασκησίας
2918 1974 3289 2045 ἀποσειόμενα

2750 2106 2999 2161 ΚΕΦΑΛ.
3034 2106 3169 2174 Ξςν.

2189 2190 2326 2258 Περὶ
2369 2189 2478 2260 τῆς
2509 2190 2615 2244 τοῦ
2666 2194 2828 2247 θείου
2868 2196 3019 2316 raloﬁ
3058 2201 3455 2269 καθημείινῆς
3492 2218 3761 2274 genaru-

2892 2283 2930 2316 ιγ
2955 2282 3049 2316 ac.

2892 2282 3049 2333 γιας.

2266 2372 2448 2425 Ἔστω
2488 2373 2727 2447 τοίνυνὴ
2775 2379 2912 2431 κατά
2954 2380 3046 2433 τὸν
3075 2379 3217 2435 θεῖον
3242 2384 3386 2437 ’ναὸν
3423 2386 3767 2459 καθημερινὴ

2192 2461 2528 2528 φωταγωγία
2554 2463 2812 2533 τοιαύτηο
2847 2469 3108 2539 κανδῆλαι
3149 2474 3438 2543 ἀκοίμητοι
3487 2478 3731 2547 νυχθημε

2196 2550 2344 2618 ριναῖ⁵
2366 2551 2860 2622 διατηρείσθωσαν,
2891 2560 2948 2612 ὲν
2979 2560 3078 2628 μὲν
3101 2561 3177 2631 τῷ
3208 2564 3378 2632 μύακι
3408 2567 3530 2636 μία,
3562 2569 3768 2638 ἐμπρο-

2194 2638 2319 2690 σθεν
2345 2640 2442 2709 τῆς
2466 2648 2912 2715 κεχαριτωμένης
2933 2649 3192 2703 Θεοτὸκου
3220 2653 3337 2721 μία,
3360 2657 3416 2706 ἐν
3444 2656 3523 2725 τῷ
3540 2658 3763 2729 τέμπλῳ

2198 2730 2317 2798 μία,
2358 2732 2414 2783 ὲν
2447 2732 2527 2801 τῷ
2552 2736 2753 2805 ἄρθηκι
2784 2739 2904 2806 μία,
2931 2742 3024 2792 καὶ
3054 2744 3112 2795 ὲν
3136 2743 3212 2813 τῷ
3238 2745 3545 2818 ὲξωάρθηκι
3577 2750 3760 2819 ἑτέρα.

2196 2820 2381 2873 Ὀτανη
2411 2822 2467 2874 δὲ
2512 2823 2570 2876 ἐν
2616 2841 2723 2878 τινι
2776 2828 2931 2900 τάφῳ
2981 2833 3164 2904 φθάσῃ
3216 2836 3442 2906 τεθῆναι
3491 2838 3761 2909 λείψανον,

2196 2909 2402 2980 ὀφείλει
2434 2914 2630 2970 ἅπτειν
2658 2918 2895 2989 κανδῆ>.α
2926 2923 3046 2990 μία.
3686 2920 3691 2925 ’

2793 3031 3045 3086 ΚΕΦᾹΛ.
3079 3032 3196 3087 ΞΖ’.

523 3105 603 3160 De
651 3108 939 3162 eratet-ibus
970 3111 1025 3163 in
1061 3112 1258 3164 circulo
1294 3113 1445 3195 t_rulli
1475 3120 1762 3188 suspensis,
1793 3130 1841 3175 et
1870 3121 1934 3175 de
1970 3123 2089 3180 reli-

2195 3112 2338 3180 Hepl
2365 3113 2486 3177 τῶν
2510 3117 2716 3204 κύκξῳ
2744 3120 2848 3173 τοῦ
2888 3123 3186 3204 spodium)
3215 3127 3598 3204 κρεμαμένων
3624 3145 3767 3199 κρα-

1235 3200 1373 3253 quis.

591 3287 847 3346 Crateros
894 3292 949 3347 in
983 3295 1165 3351 medio
1199 3298 1357 3353 ebori
1402 3304 1676 3372 suspensi,
1721 3306 2096 3363 accendantur

522 3377 749 3449 quidem
798 3397 940 3439 unus
979 3393 1103 3453 post
1137 3385 1330 3452 alium,
1378 3387 1536 3445 initio
1577 3404 1949 3450 conventuum
1996 3399 2091 3467 qui

524 3472 783 3529 de-more
809 3475 863 3529 in
903 3478 1107 3546 templo
1144 3479 1283 3535 ﬁunt
1323 3481 1378 3536 in
1420 3482 1707 3553 Matutino,
1744 3488 2088 3558 Vespertino,

526 3572 583 3618 et
622 3563 874 3633 'Liturgia
906 3582 921 3631 ;
959 3568 1386 3638 exstinguantur
1427 3587 1560 3629 vero
1607 3575 1673 3629 iis
1718 3580 1950 3648 expletis
1987 3598 2001 3634 :
2037 3589 2094 3634 et

525 3654 608 3709 sic
642 3653 737 3710 ﬂat
777 3655 847 3710 de
876 3658 1138 3713 omnibus
1167 3663 1356 3731 templi
1385 3663 1753 3734 lampadibus.

1068 3871 1294 3931 CAPUT
1327 3876 1555 3935 LXVIII.

985 3966 1059 4022 De
1083 3969 1244 4022 cereis
1274 3972 1636 4027 accendendis.

596 4077 758 4133 Cerei
798 4074 1170 4137 uecendantur
1215 4098 1316 4137 nec
1361 4085 1451 4138 die
1495 4100 1596 4139 nec
1639 4095 1799 4143 nocte
1852 4104 2090 4159 unquam

520 4171 940 4240 exstinguendi,
993 4173 1048 4225 in
1106 4188 1262 4228 sacro
1310 4174 1471 4245 adyto
1521 4192 1692 4239 unus,
1737 4186 1865 4234 ante
1920 4182 2094 4250 gratia

532 4262 746 4330 plenam
793 4262 1077 4332 Deiparam
1121 4282 1298 4321 meam
1348 4284 1511 4324 unus.
1566 4270 1909 4327 Candelabra
1960 4291 2093 4331 vero

529 4352 913 4407 duodenorum
976 4355 1248 4411 luminum
1310 4375 1529 4429 semper
1585 4362 1715 4430 poni
1767 4363 1970 4421 debent
2038 4368 2091 4422 in

529 4442 969 4509 adorationibus,
1002 4461 1069 4501 ex
1095 4449 1297 4517 quibus
1326 4466 1467 4504 unus
1495 4466 1687 4507 cereus
1727 4470 1823 4523 per
1852 4457 2088 4524 psalmo-

529 4533 676 4586 diam
710 4534 959 4603 quotidie
1006 4538 1232 4591 accendi
1271 4538 1454 4604 debet,
1484 4549 1539 4594 et
1570 4541 1623 4593 in
1672 4544 1894 4612 templo,
1927 4561 2088 4609 unus,

529 4627 914 4697 exstinguendi
949 4626 1126 4684 ofﬁcio
1168 4631 1417 4686 absoluto
1455 4649 1467 4684 :
1510 4633 1562 4685 in
1604 4630 1758 4705 festis
1805 4646 1985 4690 autem
2037 4638 2091 4715 in

531 4718 714 4789 typico
756 4735 865 4773 non
901 4719 1214 4791 descriptis,
1256 4731 1369 4777 tres
1407 4741 1419 4776 :
1457 4716 1712 4779 similiter
1761 4728 1815 4781 in
1866 4728 2088 4797 templo,

530 4818 665 4864 tres.
696 4810 992 4876 Cancrum,
1020 4813 1074 4864 in
1106 4814 1359 4869 maximis
1385 4830 1552 4885 supra
1584 4818 1902 4873 memoratis
1941 4819 2093 4874 festis

531 4903 649 4956 vice
670 4901 1092 4972 absumptorum
1111 4919 1397 4960 cercurum
1425 4908 1618 4978 integri
1651 4910 2089 4981 compingantur,

529 4995 626 5062 qui
658 5009 848 5049 rursus
885 4996 1092 5051 servari
1132 4996 1352 5060 debent,
1388 5008 1445 5052 ut
1475 5014 1646 5069 usque
1682 5001 1749 5056 ad
1791 5012 2090 5057 extremam

533 5086 806 5139 ustionem
841 5087 1162 5155 quotidiana
1195 5089 1321 5144 usui
1349 5090 1668 5148 inserviant.

1092 5287 1313 5344 CAPUT
1343 5289 1509 5344 LXIX

1176 5379 1251 5432 De
1290 5396 1451 5449 aqua.

604 5489 1055 5559 Quandoquidem
1106 5495 1359 5563 majestas
1390 5511 1510 5551 mea
1544 5507 1831 5569 postquam
1861 5502 2091 5557 multum

537 5578 827 5644 laboravit,
861 5584 1058 5650 potuit,
1087 5583 1196 5638 Deo
1230 5587 1546 5654 auxiliante,
1571 5604 1767 5659 aquam
1797 5608 2092 5662 perennem

535 5669 603 5725 ad
648 5673 975 5728 monasteria
1010 5690 1108 5730 sua
1151 5675 1425 5732 deducere
1471 5695 1484 5743 ;
1518 5688 1574 5734 et
1618 5680 1773 5737 facta:
1814 5694 1941 5738 sunt
1976 5685 2097 5741 duae

2580 3186 2799 3255 τήρων,
2846 3190 2946 3244 καὶ
2979 3192 3098 3246 τῶν
3124 3186 3378 3250 latione.

2266 3292 2329 3344 Oi
2367 3292 2425 3346 δὲ
2453 3294 2513 3346 ὲν
2546 3294 2713 3366 μέσῳ’
2747 3296 2840 3350 τοῦ
2871 3298 3033 3369 χοροῦ
3080 3303 3415 3372 κρεμάμενοι
3465 3308 3762 3378 κρατῆρες.

2192 3380 2555 3437 ἀπτέσθωσαν
2586 3386 2687 3455 μὲν
2719 3381 2802 3451 εἷς
2848 3389 2979 3458 παρ’
3012 3390 3130 3458 ἕνα,
3158 3395 3280 3447 κατ’
3319 3397 3495 3465 ἀρχὰς
3538 3399 3645 3450 τῶν
3674 3415 3769 3451 τε·

2194 3472 2469 3544 λουμένων
2498 3478 2743 3547 συνήθως
2771 3481 2828 3532 ἐν
2853 3481 2931 3551 τῷ
2951 3481 3063 3554 ναῷ
3092 3482 3387 3552 συνάξεων,
3413 3492 3535 3541 κατ’
3552 3490 3768 3560 ὄρθρον.

2194 3565 2501 3636 ὲσπερινὸν,
2536 3569 2630 3621 καὶ
2669 3569 3049 3640 λειτουργίαν·
3094 3574 3507 3632 σϐεννύσθωσαν
3555 3581 3614 3633 δὲ
3667 3584 3773 3633 πά-

2194 3653 2279 3707 λιν
2308 3656 2449 3709 κατά
2477 3657 2547 3711 τὰ
2574 3658 2701 3729 τέλη
2754 3661 2964 3715 τούτων
2984 3680 2999 3694 ο
3023 3665 3085 3717 τὸ
3128 3667 3260 3721 αὐτὸ
3302 3669 3360 3720 δὲ
3404 3669 3642 3738 γινέσθω
3674 3672 3772 3725 καί

2195 3749 2327 3820 περὶ
2357 3752 2536 3815 πάσας
2566 3753 2666 3817 τὰς
2692 3753 2785 3809 τοῦ
2827 3756 3072 3826 τέμπλου
3103 3760 3391 3829 κανδήλας.

2776 3891 3030 3949 ΚΕΦΔΛ.
3063 3893 3189 3950 311'.

2338 3977 2475 4048 Περὶ
2515 3977 2632 4034 τῶν
2661 3982 3030 4051 ὀφειλόντων
3054 3987 3347 4045 ἅπτεσθαι
3380 3994 3625 4061 κηρίων.

2268 4093 2451 4164 Κηρια
2488 4094 2544 4147 δὲ
2585 4094 2947 4152 ἁπτέσθωσαν
2977 4099 3348 4171 νυχθημερινὰ
3379 4103 3678 4174 ἀκοίμητα,
3709 4108 3773 4159 ἐν

2198 4184 2300 4253 μὲν
2335 4186 2413 4254 τῷ
2445 4185 2673 4255 βήματι,
2718 4186 2779 4240 ἓν
2801 4203 2815 4218 ·
2844 4189 2938 4240 καὶ
2973 4189 3284 4261 ἔμπροσθεν
3320 4194 3419 4263 τῆς
3463 4212 3773 4265 κεχαριεοω-

2200 4276 2369 4345 μένης
2413 4294 2515 4343 μου
2544 4278 2831 4342 Θεοτόκου,
2871 4279 2951 4334 ἓν.
2992 4281 3296 4349 ὐφείλουσι
3342 4284 3398 4337 δὲ
3424 4286 3490 4338 τὰ
3535 4286 3764 4341 δωδεκα-

2199 4367 2375 4435 φὼτια
2404 4368 2652 4422 ἵστασθαι
2676 4371 2734 4423 ὲν
2757 4373 2876 4435 ταῖς
2912 4374 3316 4444 προσκυνήσεσι
3344 4375 3430 4429 διὰ
3462 4378 3684 4440 παντὸς,
3711 4380 3775 4445 ἐξ

2194 4451 2267 4508 ὧν
2297 4455 2501 4523 ὀφείλει
2531 4456 2798 4513 ἅπτεσθαι
2844 4461 2902 4513 ὲν
2932 4463 2999 4530 τῇ
3045 4461 3337 4532 ψαλμῳδίᾳ
3384 4464 3505 4517 καθ’
3532 4466 3771 4531 ἑκάστην

2194 4546 2405 4616 ἡμέραν
2443 4545 2521 4613 ἓν,
2548 4550 2641 4602 καὶ
2678 4551 2737 4603 ὲν
2767 4550 2845 4620 τῷ
2873 4550 3098 4622 τέμπλῳ
3136 4552 3194 4604 ἓν
3219 4570 3232 4584 ·
3271 4554 3594 4608 σϐέννυσθαι
3622 4556 3679 4608 δὲ
3712 4558 3769 4610 ἐν

2192 4640 2258 4707 τῇ
2290 4635 2551 4691 ἀπολύσει
2577 4656 2591 4669 ο
2626 4641 2683 4692 ὲν
2705 4639 2760 4693 δὲ
2790 4643 2907 4703 ταῖς
2935 4642 3150 4709 ἑορταῖς
3171 4645 3290 4706 ταῖς
3314 4643 3390 4714 μὴ
3419 4645 3743 4714 ἀναγεγραμ

2199 4728 2387 4799 μέναις
2426 4732 2483 4783 ἑν
2512 4730 2591 4803 τῷ
2623 4731 2860 4801 τυπικῷ,
2900 4733 3025 4801 τρία
3048 4749 3061 4764 ·
3094 4732 3359 4796 ὡσαύτως
3388 4733 3444 4787 δὲ
3482 4736 3575 4786 καὶ
3602 4736 3660 4786 ὲν
3691 4736 3770 4802 τῷ

2194 4820 2443 4891 τὲμπλῳ,
2476 4821 2622 4891 τρία.
2653 4822 2797 4892 Πλὴν
2825 4823 2882 4875 ἐν
2908 4826 3027 4887 ταῖς
3048 4824 3150 4895 ήδη
3177 4824 3457 4895 ῥηθείσαις
3482 4825 3771 4894 μεγίσταις

2196 4904 2412 4981 ἑορταῖς
2440 4912 2563 4965 ἀντὶ
2593 4913 2700 4965 τῶν
2731 4915 3196 4984 ἀποκεκαυμένων
3228 4914 3460 4985 κηρίων,
3500 4914 3772 4985 ὁλόκληρα

2204 5006 2629 5076 πηγνύσθωσαν.
2667 5010 2732 5060 Ἀ
2781 5008 2862 5061 δεῖ
2912 5009 3070 5061 πάλιν
3123 5005 3514 5076 φυλάττεσθαι,
3574 5006 3650 5068 ὡς
3705 5005 3768 5059 ἄν

2197 5095 2587 5167 ὑπουργήσωσι
2623 5098 2783 5168 μέχρι
2822 5097 3035 5162 τελείας
3100 5099 3350 5160 καύσεως
3395 5097 3452 5148 ὲν
3490 5097 3611 5159 ταῖς
3639 5095 3769 5148 καθ-

2195 5203 2304 5256 ημε
2314 5190 2506 5257 ριναίς.

2784 5299 3028 5351 ΚΕΦΔΛ.
3060 5296 3180 5352 33'.

2700 5388 2838 5456 Περὶ
2871 5387 2977 5440 τοῦ
3013 5387 3252 5455 ὓδατος.

2282 5499 2433 5551 Ἐπεὶ
2482 5498 2536 5551 δὲ
2589 5498 2757 5552 mm
2801 5498 3121 5568 μοχθήσασα
3165 5463 3199 5572 ἦ
3237 5501 3485 5571 βασιλεία
3536 5520 3659 5572 μου,
3698 5503 3761 5570 τῇ

2201 5587 2296 5643 τοῦ
2327 5589 2460 5642 Θεοῦ
2508 5590 2764 5661 συνεργία
2791 5590 3027 5661 ἠδυνήθη
3060 5592 3150 5644 καὶ
3199 5592 3342 5665 ὕδωρ
3383 5595 3609 5648 ἀένναον
3634 5593 3769 5646 ἁπο-

2203 5684 2427 5755 κομίσαι
2459 5685 2514 5738 ὲν
2549 5684 2661 5747 τοῖς
2713 5682 3099 5754 μοναστηρίοις
3142 5686 3351 5756 αὐτῆς*
3404 5687 3660 5755 γεγόνασι
3704 5683 3759 5735 δὲ
