4104 6200
445 295 585 360 1087

1710 297 1999 359 IRENES
2036 296 2415 359 AL'GUSTA!

3549 290 3686 353 Μ’ὃὸ

440 413 779 482 sepulturam
800 411 880 466 sic
898 410 1013 465 ﬁeri
1034 409 1398 479 praecipimus.
1422 410 1482 463 In
1504 410 1764 465 exteriori
1783 411 2008 480 quidem

2131 412 2279 481 ιιδήν
2316 429 2375 465 τε
2414 410 2511 464 καὶ
2557 407 2758 479 ταφὴν,
2789 405 2934 460 οὕτω
2991 402 3391 473 διαταττόμεθα
3415 403 3687 470 γίνεσθαι·

439 491 715 557 vestibulo
746 499 1129 570 perﬁcientur.
1179 516 1302 570 qua:
1356 516 1457 569 pro
1489 501 1750 556 defuncta
1802 510 2008 557 statuta

398 586 409 593 ’
442 600 593 658 sunt,
618 588 940 661 psalmodia,
968 588 1115 653 dico,
1138 590 1427 658 omnisque
1445 590 1677 644 vestitus
1703 588 2009 650 cadaveris,

443 683 631 752 sicque
662 680 1024 738 transferetur
1053 680 1119 734 ad
1170 682 1570 736 monasterium
1602 681 1851 751 Deipara:
1891 681 2016 736 Cel-

444 775 641 837 larmte,
680 788 803 827 cum
856 773 1060 828 lectulo
1095 788 1191 827 seu
1239 773 1444 828 feretro
1488 774 1798 843 deportata,
1836 773 1955 828 sive
1984 788 2014 826 a

446 864 742 919 Sororibus
810 865 948 927 suis,
992 865 1108 919 sive
1154 879 1185 918 a
1230 865 1547 920 famulabus
1593 873 1698 920 :et
1742 864 2013 919 mouiales

447 962 751 1023 sequentur
780 952 981 1021 ipsam,
1016 960 1289 1022 quotquot
1314 953 1533 1024 jubcbit
1562 953 1819 1024 praefecta
1852 973 1865 1007 :
1904 954 2018 1007 illic

446 1060 580 1100 vero
612 1044 667 1098 in
702 1043 970 1112 sepulcris
1013 1043 1412 1098 monacbarum
1448 1044 1781 1112 deponetur,
1813 1045 1867 1098 in
1891 1045 2015 1114 qui—

449 1137 556 1191 bus
579 1136 707 1191 δοιαὶ
728 1136 995 1190 moniales
1020 1135 1076 1190 in
1110 1136 1448 1192 monasterio
1473 1136 1871 1206 Gratia-plena:
1894 1136 2022 1190 Dei-

451 1241 598 1295 para‘.
639 1240 775 1280 meae
813 1225 1047 1280 aseetice
1078 1235 1362 1280 versantes
1405 1225 1628 1295 sepeliri
1681 1224 1927 1290 debent;
1957 1239 2023 1278 ac

452 1313 600 1367 nulla
623 1323 774 1367 extra
799 1329 1051 1368 sororum
1080 1314 1391 1382 catalogqu
1416 1330 1522 1368 una
1553 1330 1678 1369 cum
1711 1315 1843 1384 ipsis
1866 1329 2024 1383 sepe-

453 1403 646 1465 lietur,
696 1404 830 1458 licet
865 1415 1095 1474 cognata
1131 1404 1299 1458 fuerit
1337 1405 1629 1474 praefectaz,
1664 1416 1758 1461 aut
1790 1406 2023 1461 alterius

455 1494 739 1563 cujusdam
763 1511 793 1548 e
826 1494 1181 1557 monialibus,
1214 1496 1430 1549 tametsi
1475 1496 1760 1552 familiaris
1779 1507 1836 1552 et
1870 1506 2021 1562 nota,

458 1598 526 1637 ne
554 1583 775 1653 quidem
811 1585 971 1653 jussu
1016 1592 1261 1654 patrona»,
1313 1587 1667 1652 monasterii;
1719 1603 1786 1641 ne
1835 1602 2025 1641 mona-

458 1674 687 1728 charum
710 1676 1048 1744 sepulcrum,
1071 1678 1490 1746 xcnotaphium,
1510 1678 1625 1731 sive
1638 1688 2023 1733 extranearum

458 1765 775 1833 sepulcrum
809 1767 1027 1821 evadat.
1075 1768 1132 1823 Si
1181 1785 1290 1839 qua
1321 1786 1455 1824 vero
1482 1771 1533 1824 id
1576 1771 1794 1825 ellicere
1836 1771 2024 1824 molita

459 1854 648 1919 fuerit,
704 1871 734 1910 a
783 1857 895 1912 Deo
928 1858 1154 1927 quidem
1209 1861 1689 1926 condemnabitur,
1744 1861 1815 1915 ob
1859 1861 2026 1931 typici

461 1948 993 2018 transgressionem;
1029 1951 1363 2024 impedietur
1398 1962 1583 2007 autem
1630 1968 1661 2008 a
1701 1952 2027 2006 monasterii

460 2047 712 2108 patrona.

532 2305 706 2362 Porro
747 2305 1118 2374 assignabitur
1147 2322 1254 2362 uua
1305 2315 1554 2363 stataraea
1588 2323 1685 2378 pro
1724 2308 2029 2376 sepultura,

464 2399 777 2453 famulabus
808 2400 1024 2453 illarum
1060 2399 1381 2454 mouialium
1410 2418 1423 2454 :
1453 2401 1618 2453 altera
1652 2398 2034 2469 praefectarum

465 2489 681 2560 gratia:
712 2490 817 2544 alia
843 2506 943 2559 pro
987 2490 1055 2544 iis
1084 2505 1206 2560 quae
1234 2499 1363 2545 sunt
1413 2491 1591 2561 magni
1638 2491 1888 2556 habitus,
1933 2490 2035 2545 alia

466 2597 566 2650 pro
600 2582 811 2636 czeteris
840 2582 1175 2637 monialibus
1203 2590 1260 2635 et
1308 2581 1626 2636 famulabus
1658 2598 1782 2652 qua:
1826 2583 2038 2636 monia-

468 2673 548 2727 les
569 2683 700 2727 sunt
734 2684 790 2727 et
813 2675 1017 2728 virtute
1047 2674 1292 2743 praedita:
1321 2693 1334 2730 :
1368 2674 1475 2729 alia
1535 2689 1635 2745 pro
1708 2673 2042 2729 monialibus

470 2766 788 2819 monasterii
812 2765 1107 2821 Cellaraeaa.

2110 501 2386 555 τελεῖσθαι
2421 501 2521 570 μὲν
2551 501 2609 553 έν
2642 499 2722 570 τῷ
2759 496 3072 567 ὲξιηάρθηκι
3103 495 3173 549 τὰ
3195 496 3289 547 ἰπὶ
3320 498 3384 563 τῇ
3414 493 3690 566 τεθνεώσῃ

2111 593 2499 663 νενομισμένα,
2522 592 2624 661 τήν
2652 607 2711 643 τε
2741 587 3085 659 ψαλμῳδίαν,
3133 585 3299 655 φημὶ,
3333 585 3430 639 καὶ
3478 586 3576 655 τὴν
3601 584 3692 638 τοῦ

2114 682 2172 735 λε
2182 682 2371 751 ιψάνου
2404 684 2587 735 πᾶσαν
2610 680 2879 749 ἀμφίασιν
2895 696 2909 711 ·
2940 677 3038 732 καὶ⁵
3058 677 3201 731 οὕτω
3226 676 3696 747 μετακομίζεσθαι

2115 777 2195 837 είς
2223 775 2287 829 τὸ
2325 775 2692 845 μοναστήριον
2741 771 2844 841 τῆς
2899 770 3191 837 Θεοτόκου,
3230 769 3302 823 τὰ
3322 766 3691 839 Κελλαραίας,

2119 866 2261 937 μετά
2307 866 2407 936 τῆς
2439 866 2631 935 κλίνης
2685 863 3122 934 βασταζομένην,
3176 862 3211 932 ἢ
3241 862 3393 932 παρά
3427 860 3537 914 τῶν
3568 878 3698 914 συν-

2116 956 2365 1026 αδελφῶν
2396 957 2589 1027 αὐτῆς,
2616 956 2650 1026 ἢ
2674 953 2830 1024 παρά
2860 953 2972 1006 τῶν
3017 950 3426 1022 ύπουργισσῶν,
3461 951 3697 1005 ἀκολου-

2119 1046 2327 1100 θουσῶν
2365 1045 2506 1117 αὐτῇ
2532 1045 2640 1099 τῶν
2691 1043 2966 1115 μοναχῶν,
3001 1043 3134 1107 ὅσας
3166 1042 3465 1113 προστάξει
3493 1043 3528 1112 ή
3559 1042 3696 1095 καθ·-

2119 1137 2399 1207 ηγουμένη
2422 1151 2441 1167 ⁸
2479 1137 2662 1189 ἐκεῖσε
2699 1135 2757 1189 δὲ
2792 1136 2854 1190 έν
2886 1136 3001 1198 τοῖς
3032 1132 3143 1186 τῶν
3185 1132 3535 1207 μοναζουσῶν
3558 1133 3698 1186 ἀπο-

2120 1194 2645 1295 τίθεσθαιΙτάφοιν
2706 1226 2765 1279 ὲν
2810 1219 2891 1288 οἷς
2937 1194 3099 1295 μύναι
3133 1194 3197 1277 αἱ.
3234 1194 3312 1275 4iv
3334 1194 3417 1294 τῇ
3444 1225 3577 1294 μονῇ
3602 1223 3699 1291 τῆς

2124 1316 2571 1387 κεχαριτωμένης
2600 1332 2704 1386 μου
2733 1314 3002 1369 Θεοτόκου
3034 1313 3435 1383 ινασκούμεναι
3465 1315 3699 1382 μοναχαὶ

2121 1406 2397 1474 ὀφείλουσι
2429 1405 2769 1459 θάπτεσθαι·
2795 1405 2868 1474 μή
2909 1420 3057 1467 τινος
3084 1402 3194 1456 τῶν
3224 1402 3427 1469 ἔξωθεν
3477 1400 3573 1454 τοῦ
3600 1419 3699 1453 κα-

2123 1496 2355 1562 ταλόγου
2393 1494 2552 1564 τῆσδε
2573 1495 2676 1564 τῆς
2702 1494 3072 1562 ἀδελφότητος
3116 1492 3348 1557 ταύταις
3402 1494 3699 1547 συνθαπτο-

2129 1587 2321 1656 μένης,
2356 1583 2458 1638 κᾶν
2514 1585 2785 1654 συγγενὴς
2810 1583 2897 1655 εἴη
2928 1583 3031 1653 τῆς
3076 1583 3452 1654 προεστώσης,
3495 1583 3532 1652 ἡ
3560 1600 3700 1646 τινος

2129 1678 2295 1746 ἄλλης
2318 1676 2427 1731 τῶν
2478 1675 2750 1745 μοναχῶν,
2783 1675 2889 1728 κᾶν
2940 1674 3200 1744 συνήθης,
3259 1673 3362 1727 κᾶν
3397 1675 3694 1743 γνώριμοςο

2127 1765 2251 1820 οὕτε
2293 1766 2401 1834 μὴν
2452 1766 2542 1818 διὰ
2566 1764 2916 1835 προστάξεως
2962 1764 3061 1833 τῆ⁴ς
3092 1767 3190 1835 τῆς
3235 1763 3405 1833 μονῆς
3439 1763 3701 1832 ἀντιλαμ-

2130 1857 2454 1927 ϐανομένης,
2479 1856 2566 1910 ίνα
2597 1855 2672 1926 μὴ
2701 1856 3044 1923 ξενοταφεϊον
3065 1856 3127 1908 τὸ
3145 1858 3370 1925 ταφείον
3393 1853 3502 1908 τῶν
3536 1870 3700 1923 μονα-¹

2130 1947 2240 2017 χῶν
2274 1949 2541 2015 καταστῇ.
2576 1946 2638 1998 El
2665 1945 2722 1999 δὲ
2751 1945 2990 2017 πειραθῇ
3018 1962 3103 2007 τις
3132 1945 3294 1998 τοῦτο
3325 1947 3569 2014 ποιῆσαι,
3588 1944 3698 2007 ἕξει

2136 2039 2238 2108 μὲν
2264 2040 2359 2092 καὶ
2390 2037 2500 2090 ἀπὸ
2529 2036 2664 2090 Θεοῦ
2698 2036 2797 2106 τὴν
2825 2037 3157 2108 κατάκρισιν
3185 2036 3275 2088 διὰ
3301 2035 3400 2105 τὴν
3419 2034 3511 2088 τοῦ
3545 2050 3704 2086 τυπι-

2134 2129 2231 2185 κοῦ
2263 2129 2579 2202 παράϐασιν
2602 2146 2615 2161 ·
2656 2129 3032 2200 κωλυθήσεται
3080 2129 3138 2182 δὲ
3173 2128 3267 2181 καὶ
3303 2127 3451 2197 παρὰ
3485 2127 3583 2196 τῆς
3607 2125 3703 2196 τῆς

2138 2222 2303 2293 μονῆς
2334 2221 2908 2292 ἀντιλαμϐανομένης.

2219 2311 2675 2383 ’Λφορισθήσεταί
2706 2328 2769 2379 γε
2801 2312 2908 2381 μὴν
2936 2309 3034 2382 μία
3066 2308 3374 2380 σταταραία
3406 2307 3518 2379 (69)
3550 2306 3708 2378 χάριν

2136 2402 2317 2471 ταφῆς
2345 2401 2453 2454 τῶν
2489 2400 2875 2472 ύπουργισσῶν
2895 2401 3004 2455 τῶν
3043 2400 3301 2454 τοιούτων
3333 2398 3703 2470 μοναζουσῶν·

2139 2492 2303 2564 ἑτέρα
2324 2492 2467 2562 λόγῳ
2485 2491 2595 2545 τῶν
2621 2491 3105 2560 ἡγουμενευουσῶν
3125 2508 3138 2520 ·
3167 2490 3329 2560 ἑτέρα
3347 2490 3402 2542 δὲ
3427 2489 3570 2558 λόγῳ
3603 2488 3709 2542 τῶν

2143 2585 2579 2656 μεγαλοσχήμων
2605 2602 2619 2615 ’
2674 2586 2839 2656 ἑτέρα
2873 2585 3018 2655 λόγῳ
3050 2587 3159 2638 τῶν
3200 2584 3406 2638 λοιπῶν
3436 2583 3710 2655 μοναχῶν,

2141 2679 2238 2732 καὶ
2275 2676 2385 2730 τῶν
2414 2676 2799 2744 ύπουργισσῶν
2824 2677 2953 2730 ὅσαι
2977 2677 3085 2730 είσὶ
3117 2677 3350 2748 μοναχαὶ
3389 2676 3483 2730 καὶ
3525 2675 3712 2745 ένάρε-

2141 2783 2255 2819 τοι·
2289 2766 2456 2836 ἑτέρα
2512 2766 2657 2838 λόγῳ
2695 2767 2808 2821 τῶν
2857 2768 2915 2822 ὲν
2939 2770 3003 2839 τῇ
3037 2771 3172 2839 μονῇ
3233 2768 3341 2823 τῶν
3369 2767 3711 2839 Κελλαραίας

2021 2892 2033 2901 .
2146 2856 2424 2927 μοναχῶν.

539 2942 773 3021 Sorores
804 2956 935 2996 vero
966 2943 1236 2996 moniales
1281 2957 1402 3011 quae
1434 2957 1559 2997 cum
1606 2941 1868 2997 defuncta
1892 2940 2046 2995 abie-

468 3040 613 3099 rant,
663 3046 900 3087 reversze
951 3033 1019 3086 ad
1068 3032 1463 3087 monasterium
1508 3048 1691 3097 suum,
1731 3047 1839 3086 non
1893 3031 2036 3085 ultra
2066 3062 2109 3119 ο

470 3126 601 3180 illuc
634 3125 979 3190 concedant;
1015 3124 1109 3179 sed
1144 3124 1487 3189 tertia,nona
1531 3133 1589 3178 et
1617 3122 2035 3194 quadragesima

469 3218 738 3274 defuncta:
770 3218 1052 3273 monachae
1085 3217 1391 3287 psallantur
1430 3216 1655 3287 quidem
1687 3232 1718 3271 a
1751 3215 2040 3271 sacerdote

471 3310 581 3366 illic
606 3311 909 3366 constituto
935 3327 951 3376 ;
993 3310 1383 3381 persolvantur
1421 3325 1552 3365 vero
1576 3325 1605 3364 a
1634 3309 1963 3365 monialibus
1985 3309 2041 3363 in

470 3405 827 3460 monasterio.
856 3405 915 3459 In
945 3404 1152 3460 divinis
1203 3419 1423 3474 quoque
1457 3402 1749 3459 sacriﬁciis
1795 3402 2042 3473 quotidie

472 3497 566 3552 fiat
592 3513 781 3552 earum
817 3496 1103 3559 memoria,
1137 3512 1353 3560 necnon
1389 3495 1445 3550 in
1488 3495 1779 3561 matutino,
1814 3509 2055 3564 vesper-‘

474 3588 610 3653 tino,
640 3597 699 3642 et
731 3588 1008 3656 protensis
1039 3586 1387 3641 orationibus
1412 3602 1586 3655 usque
1614 3588 1684 3642 ad
1719 3586 2040 3657 Quadrage-

473 3680 631 3741 sima,
654 3686 710 3732 et
727 3677 932 3731 oblatio
953 3677 1240 3744 speciatim
1264 3692 1364 3745 pro
1387 3693 1715 3746 unaquaque
1739 3678 2040 3743 deferatur,

474 3767 652 3821 donec
678 3765 1106 3835 Quadragesima
1138 3766 1285 3820 illius
1314 3767 1712 3835 compleantur.

549 4030 816 4087 Notandaa
858 4036 991 4084 sunt
1052 4034 1237 4081 autem
1261 4026 1616 4096 'singularum
1662 4024 2042 4080 defunctarum

478 4123 754 4179 memoria:
775 4123 844 4176 ab
872 4121 1122 4177 ecclesia:
1158 4118 1471 4189 praeposita,
1490 4128 1545 4173 et
1577 4119 1795 4173 illarum
1814 4118 2043 4173 nomina

2212 2946 2278 2997 At
2310 2944 2367 2998 δὲ
2397 2937 2733 3000 ἀπελθοῦσαι
2764 2947 2901 3017 μετά
2928 2951 3024 3019 τῆς
3050 2948 3453 3023 τελευτησάσης
3484 2958 3715 3025 μοναχαὶ

2143 3035 2390 3104 ἀδελφαὶ,
2441 3036 2856 3106 ὑποστρέψασαι
2888 3041 2969 3103 είς
2997 3041 3060 3093 τὸ
3081 3044 3445 3113 μοναστήριον
3478 3045 3714 3111 ἑαυτῶν,

2142 3125 2338 3195 μηκέτι
2367 3126 2796 3197 ἀπερχέσθωσαν
2823 3129 2972 3182 ίικεῐ·
3006 3131 3146 3183 ἀλλὰ
3179 3131 3247 3185 τὰ
3272 3134 3427 3202 τρίτα
3461 3134 3600 3205 (70),
3621 3135 3719 3189 καὶ

2139 3219 2208 3271 τὰ
2236 3217 2453 3283 ἐννατια⁹
2500 3220 2597 3273 καὶ
2631 3220 2702 3275 τά
2738 3223 3153 3294 τεσσαρακοστά
3204 3225 3302 3295 τῆς
3341 3226 3714 3298 ἀποιχομένης

2150 3310 2393 3381 μοναχῆς
2414 3309 2812 3379 ψαλλέσθωσαν
2841 3314 2948 3384 μὲν
2982 3314 3075 3367 καὶ
3103 3315 3257 3384 παρά
3288 3315 3385 3369 τοῦ
3417 3319 3594 3371 ἐκεῖσε
3623 3334 3717 3370 τε·

2140 3400 2419 3470 ταγμένου
2449 3399 2663 3471 ἱερέως,
2694 3401 3061 3459 τελείσθωσαν
3091 3404 3146 3456 δὲ
3175 3406 3272 3458 καὶ
3300 3406 3451 3475 παρά
3484 3407 3594 3460 τῶν
3625 3424 3721 3475 μο-

2141 3489 2419 3554 ναζουσῶν
2468 3492 2528 3544 ὲν
2573 3490 2653 3560 τῷ
2700 3496 3072 3565 μοναστηρίῳ,
3126 3494 3222 3549 καὶ
3248 3495 3369 3549 καθ’
3402 3497 3640 3566 ἑκάστην
3662 3498 3723 3550 ὲν

2141 3586 2262 3646 ταῖς
2293 3582 2470 3647 θείαις
2497 3582 2837 3655 ίερουργίαις
2861 3578 3019 3638 αὗται
3044 3587 3597 3657 μνημονευέσθωσαν,
3627 3589 3726 3641 καὶ

2140 3672 2219 3743 τῷ
2246 3672 2427 3743 ὃρθρῳ
2454 3674 2551 3725 καὶ
2578 3673 2656 3742 τῷ
2676 3674 2947 3745 ἑσπερινῷ
2973 3677 3102 3746 ἄχρι
3123 3677 3235 3729 τῶν
3257 3679 3727 3748 Τεσσαρακοστῶν

2142 3761 2201 3813 ὲν
2225 3763 2345 3824 ταῖς
2375 3761 2622 3815 ἐκτενέσι
2651 3762 2894 3832 δεήσεσι,
2945 3764 3041 3816 καὶ
3074 3767 3362 3836 προσφορὰ
3429 3766 3487 3819 δὲ
3538 3766 3727 3829 amo;

2145 3851 2287 3922 ὑπὲρ
2336 3851 2507 3920 αὐτῆς
2543 3852 2998 3923 προσκομιζέσθω
3031 3857 3193 3925 μέχρι
3245 3859 3339 3927 τῆς
3374 3856 3480 3910 τῶν
3516 3856 3728 3908 Τεσσα-

2145 3942 2429 4012 ρακοστῶν
2466 3943 2634 4012 αὐτῆς
2670 3961 2734 3996 συ
2744 3944 3150 4015 μπληρώσεως.

2215 4035 2564 4105 Σημειωτέον
2590 4035 2647 4088 δὲ
2684 4036 2780 4088 καὶ
2804 4036 2900 4096 τάς
2928 4036 3149 4106 μνήμας
3185 4036 3420 4108 ἑκάστης
3453 4038 3561 4092 τῶν
3592 4040 3728 4108 θνη-

2147 4127 2392 4180 σκουσῶν
2428 4127 2527 4197 τὴν
2554 4126 3086 4198 ὲκκλησιάρχισσαν,
3126 4129 3222 4181 καὶ
3261 4131 3330 4182 τὰ
3361 4130 3606 4199 ὀνόματα
3628 4132 3730 4184 αύ-

476 4214 532 4268 in
601 4213 878 4284 diptycbis
940 4213 1329 4277 describenda.
1392 4230 1460 4269 ne
1511 4229 1702 4269 earum
1765 4214 2031 4270 memoria

2143 4215 2254 4268 τῶν
2276 4218 2387 4278 τοῖς
2409 4216 2689 4286 διπτύχοις
2724 4218 3068 4288 ὲγγραπτέον
3095 4234 3108 4248 ·
3140 4219 3228 4272 ίνα
3261 4220 3339 4290 μὴ
3368 4220 3729 4290 ἀνεπίληστοι

476 4306 864 4371 obliterentur,
894 4305 988 4360 sed
1019 4306 1137 4360 sine
1168 4306 1470 4362 amissione
1499 4308 1848 4377 expleantur.
1875 4306 2031 4362 Jube-

2147 4302 2259 4358 εἷεν
2288 4307 2342 4358 ai
2367 4303 2573 4357 τούτων
2601 4305 2839 4375 μνῆμαι,
2864 4309 2958 4360 καὶ
2979 4308 3243 4361 τελῶνται
3274 4311 3723 4381 ἀπαραλείπτως.

477 4411 602 4450 mus
650 4395 835 4463 itaque
880 4395 1288 4459 sacerdotibus,
1330 4405 1392 4450 ut
1425 4395 1480 4448 in
1533 4395 1766 4465 singulis
1812 4396 2031 4465 liturgii:

2153 4399 2237 4451 Τὰ
2267 4396 2451 4465 μέντοι
2490 4395 2725 4466 δίπτυχα
2747 4399 3171 4469 προτρεπόμεθα
3197 4403 3309 4463 τοῖς
3348 4399 3553 4471 ίερεῦσι
3584 4404 3729 4457 κατὰ

476 4485 733 4559 diptycha
788 4485 1010 4552 adeant,
1049 4486 1234 4555 quoin
1284 4486 1606 4540 memoriam
1653 4497 1912 4541 revocent
1952 4501 2031 4539 ea:

2154 4488 2336 4540 πᾶσαν
2372 4485 2585 4538 ὲπιέναι
2647 4486 3011 4556 λειτουργίαν,
3066 4488 3148 4551 είς
3181 4489 3488 4559 ἀνάμνησιν
3531 4491 3638 4544 τῶν
3669 4492 3727 4544 ὲν

475 4596 596 4649 quae
629 4578 766 4633 inibi
806 4578 1094 4647 descripta:
1122 4586 1273 4642 sunt,
1302 4591 1371 4630 ne
1405 4575 1681 4646 judicium
1719 4575 1820 4645 ipsi
1861 4576 2031 4630 ferant

2155 4578 2339 4639 αὐτοῖς
2385 4576 2935 4646 ἀπογεγραμμένων·
2976 4577 3063 4631 ἵνα
3118 4578 3193 4649 μὴ
3248 4581 3404 4633 αὐτοὶ
3449 4581 3510 4633 τὸ
3553 4584 3729 4651 κρῖμα

474 4688 666 4727 earum
711 4670 1012 4725 oblivionis
1065 4678 1122 4724 et
1171 4668 1487 4722 omissionis
1515 4685 1528 4720 :
1557 4674 1613 4720 et
1647 4676 1709 4721 ut
1741 4667 2031 4721 communi:

2158 4665 2466 4738 βαστάζωσι
2503 4665 2601 4734 τῆς
2639 4665 2864 4720 ἐκείνων
2916 4666 3225 4736 ἀμνηστίας
3278 4670 3371 4722 καὶ
3400 4669 3721 4738 ἐλλείψεως·

477 4765 741 4821 memoria
764 4762 856 4817 liat
883 4763 1129 4817 omnium
1176 4759 1590 4821 monacharum,
1614 4757 1848 4828 singulis
1878 4757 2031 4812 Para-

2157 4760 2245 4813 ἴνα
2281 4758 2338 4812 δὲ
2382 4758 2479 4812 καὶ
2527 4758 2683 4825 κοινὴ
2718 4759 2907 4829 μνήμη
2950 4760 3142 4813 πασῶν
3174 4761 3394 4831 γίνηται
3415 4761 3525 4815 τῶν
3558 4778 3725 4832 μονα-

476 4857 654 4913 scevis
685 4871 781 4910 seu
827 4855 981 4909 feriis
1024 4852 1195 4907 sextis
1219 4862 1342 4920 post
1373 4850 1765 4905 lucernarium.
1796 4849 1911 4903 Nisi
1945 4850 2031 4903 ali-

2152 4846 2383 4913 ζουσῶν,
2406 4847 2528 4899 καθ’
2552 4847 2792 4916 ἑκάστην
2825 4849 3188 4920 Παρασκευὴν
3214 4852 3353 4920 μετά
3372 4851 3433 4904 τὸ
3455 4851 3724 4920 λυχνικδν,

476 4949 624 5019 quod
650 4948 851 5003 festum
883 4945 1171 5015 impediat,
1213 4943 1448 5013 psallunt
1475 4942 1744 4996 mouiales
1780 4957 2031 4997 canonen

2154 4941 2203 4991 εἰ
2239 4940 2313 5010 μή
2342 4956 2423 5001 τις
2453 4938 2615 5009 ἑορτὴ
2648 4938 2872 5002 κωλύει,
2902 4939 3258 5008 ψαλλέτωσαν
3285 4943 3481 4995 κανόνα
3522 4940 3727 5009 νεκρὼ⁴

478 5039 770 5095 funereum
821 5036 1087 5092 facientes
1120 5032 1546 5105 parastasimum
1571 5050 1584 5085 :
1614 5040 1870 5101 protensa
1909 5046 2031 5099 quo-

2154 5047 2313 5100 σιμον
2352 5031 2408 5083 αἱ
2440 5032 2697 5101 μοναχαὶ,
2730 5030 2981 5085 ποιοῦσαι
3011 5033 3106 5086 καὶ
3138 5033 3562 5105 παραστάσιμον
3591 5032 3727 5103 (7|)-

1718 5120 2178 5207 Montfauconii
2247 5132 2435 5187 noun.

549 5231 661 5307 (ῳ)
698 5227 1087 5307 Στρατᾳραὶα.
1117 5225 1243 5281 limo
1268 5241 1374 5307 vox
1404 5222 1689 5307 rarissima
1723 5221 2047 5307 videt‘urIsif
2154 5222 2393 5307 pllicium
2446 5222 2858 5292 exsequiarum,
2921 5221 3069 5292 quod
3130 5222 3189 5277 in
3237 5221 3576 5294 Eucbologio
3623 5223 3726 5278 ba-

478 5292 738 5368 gnilicare
773 5292 1019 5352 tumbam
1043 5311 1140 5351 seu
1173 5296 1485 5364 sepulcrum
1512 5293 1701 5347 multis
1723 5292 2050 5358 corporibus
2155 5292 2339 5368 betur.

479 5360 773 5423 bumandis
802 5374 1010 5435 aptum.
1132 5434 1179 5435 η
1236 5360 1251 5364 “
1407 5432 1422 5435 _
1462 5432 1475 5435 _
1754 5428 1792 5435 __
1974 5428 1987 5435 _

2225 5362 2354 5435 (71)Δ
2383 5360 2871 5435 Παραστάσιμον.
2898 5362 2974 5418 Ut
3017 5360 3367 5435 παράστασις
3407 5372 3493 5417 est
3528 5378 3729 5432 repra.

555 5438 667 5507 (70)
702 5438 772 5492 Ut
796 5428 938 5507 apud
974 5448 1078 5507 nos
1131 5434 1306 5488 Missa:
1344 5432 1694 5507 celebrantur
1738 5428 1828 5485 die
1864 5428 2047 5507 tertia,
2155 5428 2415 5507 sentatio,
2442 5432 2521 5507 sic
2547 5428 2971 5507 παραστάσιμρν
3019 5431 3241 5507 videtur
3273 5447 3395 5487 esse
3424 5428 3727 5507 repraesen-

480 5499 734 5573 septima,
766 5499 1140 5573 et'tricesima
1189 5510 1323 5573 post,
1349 5502 1584 5573 obitum,
1621 5515 1763 5573 cum
1807 5499 2053 5569 perulia-
2155 5501 2292 5573 _t_atio
2323 5499 2570 5569 qumdam
2604 5499 2659 5554 in
2697 5499 2974 5573 exsequiis
3013 5500 3399 5573 defunctorum
3454 5501 3575 5573 fieri
3635 5516 3728 5555 so-

482 5568 635 5629 ribus
665 5568 1043 5643 orationibus;
1077 5573 1157 5643 sit:
1185 5568 1329 5641 apud
1364 5571 1582 5643 Graecos
1604 5568 2046 5643 diebusquarta,
2155 5568 2274 5643 lita,
2334 5584 2496 5643 quam
2527 5584 2629 5623 nos
2660 5585 2783 5625 cum
2835 5568 3029 5627 lectica
3064 5578 3243 5643 tapete
3271 5571 3428 5643 nigro
3463 5568 3732 5641 'coOperta

483 5658 647 5708 nova,
681 5651 736 5699 et
771 5641 1186 5713 quadragesima
1222 5636 1359 5713 post
1390 5640 1602 5713 obitum
1642 5636 1910 5713 speciales
1960 5636 2047 5713 (li-3
2156 5637 2335 5695 facere
2352 5636 2618 5696 solemus.

481 5705 683 5770 cuntur
743 5705 1039 5772 orationes.
1099 5705 1339 5767 Consule
1389 5708 1627 5764 Goarum
1673 5705 1740 5761 'in
1782 5705 1935 5762 Notis
1980 5705 2045 5760 ad
