4104 6200
390 263 529 328 1089

1830 274 2186 339 TYPICUM.

3494 287 3630 353 1090

383 395 472 432 ita!
510 378 737 448 ὲκτενὴς
765 375 950 448 δέησις
999 377 1234 448 γινέσθω
1259 380 1399 454 ὑπὲρ
1421 382 1530 437 τῶν
1576 383 1954 456 προαπελθου-

2066 407 2167 458 que
2200 393 2380 449 oratio
2422 394 2641 450 dicatur
2681 410 2783 466 pro
2825 397 3086 454 omnibus
3131 416 3252 470 qua:
3282 413 3409 458 ante
3440 405 3630 463 deces-

384 470 495 524 σῶν
531 471 746 523 πασῶν.

465 563 557 615 Ἐν
589 562 770 632 μέντοι
795 560 874 631 τῷ
899 561 1162 636 Σαϐϐάτῳ
1187 566 1286 636 τῆς
1315 567 1575 638 ἀπόκρεω
1603 567 1740 638 (72),
1763 568 1856 621 καὶ
1881 568 1956 638 τῷ

383 653 646 722 Σαϐϐάτῳ
673 652 772 720 τῆς
823 655 1138 724 τυροφάγου
1165 657 1300 728 (75),
1331 659 1426 710 καὶ
1453 657 1530 728 τῷ
1564 658 1827 729 Σαϐϐάτῳ
1856 660 1958 729 τῆς

382 744 781 812 Πεντηκοστῆς,
832 746 1068 812 γινέσθω
1123 750 1218 800 καὶ
1280 749 1422 817 ὑπὲρ
1456 749 1567 801 τῶν
1603 750 1956 819 μοναζουσῶν

381 833 481 886 καθ
521 832 580 884 ἓν
613 832 788 901 ὄνομα
812 835 924 887 τῶν
947 839 1431 906 προαπελθουσῶν,
1467 839 1588 907 μία,
1617 842 1709 893 καὶ
1742 858 1958 911 μνημο-

380 922 726 975 νευέσθωσαν
760 925 855 976 καὶ
886 926 1076 979 αὐταί·
1108 927 1370 992 ὡσαύτως
1394 929 1489 983 καὶ
1514 931 1573 982 ἐν
1602 934 1713 993 τοῖς
1747 947 1959 1001 μνημο-

381 1010 566 1074 σύνοις
591 1012 853 1079 ἑκάστης,
886 1015 1122 1081 γινέσθω
1152 1018 1291 1088 ὑπὲρ
1315 1019 1485 1089 αὐτῆς
1512 1019 1826 1090 λειτουργία
1865 1022 1960 1073 καὶ

383 1105 688 1174 προσφορά.
729 1105 1030 1173 Ὀφείλουσι
1053 1106 1108 1158 δὲ
1139 1108 1440 1178 λαμϐάνειν
1463 1112 1519 1165 αἱ
1552 1112 1783 1182 μοναχαὶ
1814 1111 1873 1165 ἐν
1897 1128 1956 1164 τε

382 1194 460 1262 τῷ
495 1195 757 1264 Σαϐϐάτῳ
813 1197 911 1264 τῆς
965 1197 1246 1268 ἀποκρέω,
1303 1201 1399 1253 καὶ
1439 1201 1515 1272 τῷ
1564 1203 1826 1270 Σαϐϐάτῳ
1859 1203 1958 1272 τῆς

386 1287 782 1356 Πεντηκσστῆς,
811 1288 917 1340 ἀνὰ
957 1293 1275 1360 προσφορὰν
1311 1293 1462 1361 μίαν,
1497 1295 1578 1355 είς
1611 1295 1960 1363 μνημόσυνον

385 1377 494 1428 τῶν
519 1377 720 1444 γονέων
749 1378 928 1433 αὐτῶν
959 1386 1054 1433 καὶ
1083 1383 1365 1449 συγγενῶν
1386 1396 1400 1410 ⁸
1444 1384 1584 1452 μετὰ
1612 1385 1669 1437 δὲ
1703 1385 1759 1436 τὸ
1791 1401 1960 1455 προσ-

386 1468 732 1537 κομισθῆναι,
770 1471 1103 1538 συνάγεσθαι
1162 1474 1326 1527 πάλιν
1372 1477 1524 1548 παρὰ
1555 1476 1654 1544 τῆς
1681 1475 1956 1545 πυλωροῦ,

387 1560 479 1611 καὶ
500 1559 735 1614 δίδοσθαι
765 1563 824 1613 ἐν
856 1561 936 1615 τῶ
977 1563 1212 1619 πυλῶνι.

451 1946 794 2015 ’Δρκούντως
817 1947 917 2018 ἤδη
943 1949 1194 2017 περὶτῶν
1221 1950 1318 2015 τῆς
1353 1924 1520 2021 μδνῆς
1552 1952 1956 2025 διαταξάμενοι,

388 2038 484 2092 νῦν
519 2041 615 2091 καὶ
651 2040 778 2108 περ).
806 2039 916 2091 τῶν
951 2042 1373 2110 κεκοιμημένων
1405 2043 1620 2110 Ιγονέων
1647 2046 1830 2116 ἡμῶν,
1867 2048 1961 2100 καὶ

383 2130 629 2199 ἀδελφῶν
659 2130 800 2182 κατά
830 2131 1032 2200 σάρκα,
1093 2130 1188 2183 καὶ
1220 2131 1444 2199 παίδων,
1496 2138 1592 2187 καὶ
1621 2137 1728 2189 τῶν
1760 2155 1957 2209 κοιμη-

384 2221 719 2291 θησομένων,
746 2221 1116 2291 διατυποῦμεν
1145 2223 1240 2276 κα)⁸
1268 2224 1694 2295 διατασσόμεθα.
1732 2228 1958 2282 Πάντων

383 2313 493 2381 γὰρ
518 2313 586 2364 τὰ
613 2313 934 2382 μνημόσυνα
963 2313 1074 2366 τῶν
1106 2314 1351 2367 κάτωθεν
1379 2317 1558 2386 ῥητῶς
1589 2320 1960 2390 ἀναταττομέ-

383 2415 512 2461 νων,
545 2399 686 2451 κατὰ
717 2400 846 2462 τοὺς
870 2403 1100 2470 καιροὺς
1127 2404 1225 2456 καὶ
1254 2402 1354 2466 τὰς
1385 2405 1597 2474 ἡμέρας
1637 2405 1735 2469 τὰς
1760 2407 1961 2480 ἐθερα-

385 2491 578 2559 φείσας
624 2492 1053 2560 τοιουτοτρόπως
1124 2494 1590 2565 τελεισθήσονται.
1645 2497 1960 2569 Βουλόμεθα

383 2580 630 2649 γίνεσθαι
661 2583 961 2652 παννυχίδα
987 2584 1354 2655 νεκρῶσιμον,
1387 2587 1526 2656 μετὰ
1550 2589 1649 2660 τῆς
1678 2608 1960 2661 παραστα-

387 2669 569 2740 σίμου,
592 2671 688 2723 καὶ
724 2673 1010 2742 φωταψίαν
1042 2675 1101 2727 ὲν
1141 2678 1207 2746 τῇ
1260 2676 1526 2750 ἐκκλησίᾳ
1563 2679 1661 2747 τῆς
1697 2681 1961 2750 συνήθους

383 2763 774 2833 δαψιλεστέραν
796 2781 810 2795 ο
849 2766 1230 2836 προσάγεσθαι
1256 2786 1316 2821 τε
1351 2772 1446 2823 κα)⁵
1475 2773 1533 2823 ἐν
1553 2774 1622 2842 τῇ
1648 2771 1962 2843 λειτουργίᾳ

384 2857 704 2926 προσφορὰν
746 2857 886 2927 ὑπὲρ
920 2858 1016 2911 τοῦ
1063 2860 1442 2932 κοιμηθέντος,
1475 2866 1569 2916 καὶ
1601 2865 1806 2918 κόλυϐα
1846 2866 1960 2934 (74)

384 2946 654 3012 γίνεσθαι,
685 2947 783 3001 καὶ
821 2951 1266 3019 μνημονεύεσθαι
1296 2953 1457 3007 αὑτὸν
1480 2955 1537 3008 ἐν
1564 2959 1684 3018 ταῖς
1716 2957 1960 3010 ἐκτενέσι

2058 483 2253 536 serint.

2113 565 2300 628 Porro
2339 576 2393 630 in
2428 574 2670 630 Sabbato
2701 578 3068 648 carnisprivii,
3104 582 3157 636 in
3196 585 3436 640 Sabbato
3468 588 3627 644 lacti-

2059 665 2211 730 cinii,
2269 676 2326 720 et
2375 667 2430 720 in
2482 667 2724 722 Sabliato
2774 670 3162 739 Pcnlecostes,‘
3201 691 3304 744 pro
3357 678 3633 736 defunctis

2059 755 2415 821 monialibus,
2441 755 2508 809 ad
2562 757 2777 826 singula
2808 761 3030 814 nomina
3057 766 3232 818 oratio
3262 781 3368 820 una
3391 768 3632 832 dicatur,

2059 855 2116 897 et
2148 845 2411 898 memoria
2439 859 2628 899 earum
2660 844 2752 900 ﬁat
2784 865 2798 900 :
2835 847 3088 904 similiter
3119 851 3172 904 in
3201 854 3632 927 uniuscujusque

2061 939 2702 1003 commemorationibus,
2738 941 2959 1011 liturgia
3007 959 3108 1012 pro
3146 945 3261 1014 ipsa
3302 949 3631 1016 celebretur,

2061 1035 2118 1081 et
2142 1027 2234 1081 fiat
2260 1029 2486 1085 oblatio.
2521 1031 2780 1087 Moniales
2798 1043 2977 1088 autem
3003 1036 3241 1093 Sabbato
3260 1043 3632 1112 carnisprivii,

2066 1121 2123 1166 et
2154 1113 2395 1170 Sabbato
2420 1118 2772 1176 Pentecostes
2789 1133 3007 1176 sument
3034 1141 3196 1180 unam
3218 1129 3551 1185 oblationem
3579 1135 3632 1187 in

2062 1208 2642 1262 commemorationem
2678 1222 2970 1279 parentum
3018 1225 3074 1270 ει
3110 1232 3467 1288 cognatorum
3500 1239 3634 1277 8110⁸·

2065 1311 2225 1361 rum;
2279 1313 2400 1365 quze
2444 1305 2731 1368 postquam
2768 1302 2951 1356 oblata
2991 1304 3180 1373 fuerit,
3229 1311 3519 1382 colligetur
3565 1314 3634 1367 ab

2063 1385 2311 1451 ostiaria,
2343 1395 2399 1439 et
2428 1386 2495 1440 ad
2535 1388 2739 1442 ostium
2770 1391 3106 1460 erogabitur.

2132 1963 2423 2032 Postquam
2439 1979 2528 2019 res
2547 1965 2862 2019 monasterii
2877 1965 3208 2021 sufﬁcienter
3228 1967 3631 2037 disposuimus;

2058 2053 2169 2123 jam
2227 2054 2297 2109 de
2345 2054 2414 2108 iis
2463 2055 2557 2123 qui
2618 2055 2963 2110 dormierunt
3024 2059 3348 2127 parentibus
3406 2061 3636 2127 nostris,

2063 2140 2328 2195 fratribus
2361 2145 2667 2197 secundum
2699 2157 2947 2211 carnem,
2973 2153 3029 2199 et
3056 2146 3206 2210 ﬁliis,
3237 2163 3454 2202 necnon
3476 2148 3544 2202 de
3565 2150 3636 2204 iis

2063 2233 2157 2303 qui
2192 2233 2489 2298 dormient,
2525 2235 2817 2290 statuimus
2841 2244 2899 2290 et
2925 2237 3268 2293 ordinamus.
3292 2238 3637 2294 Commemo-

2065 2326 2306 2381 rationes
2362 2328 2509 2380 enim
2575 2328 2821 2381 omnium
2877 2328 2946 2382 de
2979 2329 3184 2395 quibus
3229 2329 3436 2384 diserte
3491 2331 3635 2384 infra

2064 2418 2471 2486 praecipiemus,
2499 2419 2843 2486 temporibus
2877 2428 2934 2474 et
2963 2420 3161 2475 diebus
3201 2420 3497 2490 descriptis
3530 2423 3636 2477 hoc

2064 2511 2228 2565 modo
2285 2511 2696 2579 persolventur.
2748 2511 3016 2566 Volumus
3065 2522 3127 2566 ut
3191 2513 3286 2567 fiat
3331 2515 3636 2582 pannychis

2063 2603 2290 2656 funerea
2321 2616 2445 2654 cum
2489 2601 2871 2670 parastasimo,
2906 2615 2963 2657 et
2992 2603 3264 2658 luminare
3308 2605 3364 2658 in
3404 2605 3637 2659 ecclesia

2063 2694 2398 2750 accendatur
2460 2694 2624 2749 solito
2668 2694 2981 2764 copiosius;
3041 2704 3098 2751 et
3149 2705 3211 2749 ut
3249 2696 3531 2751 deferatur
3580 2698 3638 2751 in

2064 2786 2285 2854 liturgia
2335 2786 2543 2840 oblatio
2573 2801 2675 2855 pro
2706 2785 2992 2851 defuncto,
3023 2788 3326 2857 colybaque
3372 2787 3502 2842 ﬁant
3533 2805 3547 2841 :
3577 2799 3640 2842 ut

2065 2876 2334 2930 memoria
2382 2892 2601 2946 quoque
2623 2879 2744 2946 ejus
2777 2877 2868 2931 fiat
2899 2879 2951 2931 in
2973 2881 3251 2948 protensis
3289 2880 3641 2935 orationibus

2067 2967 2121 3020 in
2186 2968 2535 3038 pannychide
2589 2984 2684 3023 seu
2734 2970 3043 3040 pervigilio,
3111 2971 3167 3024 in
3226 2971 3521 3035 matutino,
3580 2972 3638 3025 in

384 3036 604 3104 δεήσεσι
632 3037 776 3090 κατά
804 3053 862 3089 τε
891 3040 989 3107 τὴν
1020 3041 1347 3110 παννυχίδα,
1385 3045 1480 3096 καὶ
1507 3043 1568 3096 τὸ
1611 3044 1831 3115 ὄρθρον,
1865 3047 1958 3098 καὶ

2067 3056 2310 3128 liturgia,
2340 3036 2395 3112 et
2440 3058 2494 3112 in
2544 3036 2867 3126 vespertino
2893 3036 3106 3126 {utque
3142 3059 3474 3113 monialibus
3525 3072 3636 3112 non

384 3122 486 3191 τὴν
520 3123 884 3194 λειτουργίαν,
937 3130 1031 3181 καὶ
1079 3129 1141 3182 τὸ
1171 3131 1478 3199 ἑσπερινδν,
1514 3133 1609 3185 καὶ
1637 3137 1756 3196 ταῖς
1798 3150 1964 3203 μονα-

385 3215 510 3283 χαίς
553 3214 634 3280 δὲ,
676 3214 750 3285 μὴ
789 3216 888 3286 τὴν
942 3216 1149 3287 συνήθη
1202 3219 1605 3290 παρατίθεσθαι
1658 3222 1959 3292 τράπεζαν,

385 3305 502 3356 ἀλλ’
534 3307 841 3374 ὀψωνίζειν,
900 3310 993 3360 κα)⁸
1049 3309 1385 3378 διαιτᾶσθαι,
1437 3313 1582 3364 καθὰ
1611 3315 1704 3364 καί
1751 3313 1809 3365 ἐν
1841 3317 1961 3376 ταῖς

385 3399 747 3461 Δεσποτικαῖς
781 3399 998 3470 ἑορταῖς
1025 3402 1501 3472 προετυπώσαμεν
1535 3403 1804 3470 γίνεσθαι,
1837 3405 1962 3458 καθ’

388 3483 500 3542 οἷον
530 3488 597 3542 ἂν
626 3489 766 3562 τύχῃ
803 3493 994 3561 καιρὸν
1025 3492 1058 3561 ἡ
1090 3491 1185 3543 τοῦ
1214 3493 1645 3562 τελευτήσαντος
1675 3497 1891 3566 μνήμη.

456 3579 601 3650 Πλὴν
649 3582 699 3633 εἰ
744 3583 843 3650 μὲν
897 3582 955 3634 ἐν
1004 3583 1224 3652 τετράδι
1264 3583 1370 3636 τῶν
1415 3584 1620 3638 λοιπῶν
1649 3587 1961 3662 ἠμερῶν,ἢ

387 3670 717 3740 Παρασκευῇ
747 3669 1047 3740 συνδράμοι
1079 3671 1140 3724 τὸ
1181 3672 1548 3741 μνημόσυνον,
1605 3673 1967 3747 ὀστρακοδέρ-

389 3777 510 3828 μοις
542 3762 639 3813 καὶ
680 3761 864 3830 μόνοις
895 3762 1336 3830 ἐστιαθὴσονται,
1371 3763 1502 3817 ἄνευ
1538 3764 1648 3819 τῶν
1681 3767 1966 3837 μνημοσύ-

388 3869 495 3905 νων
522 3851 616 3905 τοῦ
645 3854 938 3924 κρατίστου
963 3854 1058 3908 καὶ
1078 3857 1236 3923 ἁγίου
1262 3872 1364 3925 μου
1395 3855 1684 3927 βασιλέως.
1731 3859 1822 3912 Ἐν
1851 3861 1961 3930 γὰρ

387 3945 496 4005 τοῖς
531 3945 898 4015 μνημοσύνοις
927 3947 1140 4014 τούτου,
1174 3947 1279 4000 κᾶν
1337 3949 1395 4001 ὲν
1447 3951 1666 4019 τετράδι
1731 3953 1962 4020 συνδρά-

391 4052 543 4104 μοιεν
581 4037 678 4089 καὶ
731 4037 1086 4108 Παρασκευῇ,
1123 4041 1216 4092 καὶ
1266 4039 1452 4110 ίχθύες
1499 4041 1966 4114 ὀψωνισθὴσονται

391 4127 688 4196 φιλοτίμως
707 4132 829 4191 ταῖς
862 4131 1120 4198 μοναχαῖς
1171 4132 1252 4193 είς
1281 4131 1522 4184 ἑστίασιν
1545 4147 1562 4164 ο
1611 4132 1717 4203 χρὴ
1745 4135 1850 4205 γὰρ
1875 4137 1967 4189 τὸν

391 4216 668 4287 ἐξαίρετον
689 4221 746 4272 ὲν
768 4220 1098 4291 ἀνθρώποις,
1117 4223 1210 4274 κα)⁵
1230 4223 1291 4276 τὸ
1323 4222 1668 4292 μνημόσυνον
1692 4226 1967 4296 ἐξαίρετον

395 4307 793 4377 ἀποφέρεσθαι.
861 4309 948 4360 Ἑν
978 4308 1036 4361 δὲ
1085 4311 1202 4372 ταῖς
1235 4309 1406 4372 λιταῖς
1438 4309 1679 4374 ἁπάσαις
1708 4312 1963 4380 ἡμέραις,

394 4400 489 4451 καὶ
521 4401 611 4452 ἐπὶ
638 4405 748 4462 τοῖς
785 4400 894 4453 τῶν
920 4401 1126 4454 λοιπῶν
1187 4401 1462 4470 συγγενῶν
1495 4402 1652 4472 ἡμῶν
1687 4403 1966 4475 μνημοσύ-

391 4507 506 4553 νοις
544 4491 1062 4562 ίχθυοφαγήσουσιν.

464 4667 528 4719 Ei
555 4667 614 4720 δὲ
647 4666 704 4719 ἐν
751 4684 864 4721 τισι
914 4668 1025 4722 τῶν
1073 4669 1172 4738 τῆς
1213 4667 1454 4738 μεγάλης
1507 4653 1967 4738 Τεσσαρακοστῆς

395 4756 618 4826 ἡμερῶν
657 4759 1000 4826 μνημόσυνόν
1021 4773 1164 4820 τινος
1196 4760 1589 4829 ἀπαντήσειεν,
1637 4760 1698 4812 ὲν
1729 4759 1866 4829 μόνῃ
1896 4761 1963 4828 τῇ

397 4847 607 4918 ἑσπέρᾳ
636 4850 735 4919 τῆς
759 4850 1123 4920 Παρασκευῆς
1149 4849 1364 4919 ἐκείνης
1400 4852 1500 4920 τῆς
1522 4850 1818 4919 ἑϐδομάδος
1844 4850 1967 4902 καθ’

398 4939 465 5008 ἣν
490 4941 684 5008 φθάσοι
712 4941 774 4992 τὸ
799 4942 1164 5012 μνημόσυνον,
1195 4942 1228 5010 ὴ
1253 4943 1514 5010 παννυχὶς
1556 4941 1968 5011 ἐπιτελεσθήσε-

397 5048 508 5097 ται,
541 5034 637 5086 καὶ
668 5034 746 5103 τῷ
783 5036 987 5087 ἐπιόντι
1023 5035 1286 5098 Σαϐϐάτῳ
1314 5035 1368 5086 αἱ
1403 5035 1634 5104 μοναχαὶ
1672 5032 1742 5086 δι’
1770 5034 1968 5104 ὀστρα-

2061 3150 2218 3204 solita
2240 3158 2546 3219 apponatur
2575 3164 2784 3212 mensa,
2812 3149 2906 3202 sed
2935 3151 3126 3202 eodem
3153 3148 3388 3202 obsonio
3413 3148 3636 3202 etvictu

2062 3248 2294 3295 utantur
2353 3256 2464 3308 quo
2498 3241 2552 3293 in
2593 3239 2811 3293 Domini
2843 3239 2997 3293 festis
3028 3238 3106 3292 uti
3159 3255 3323 3307 supra
3350 3239 3636 3308 iussimus,

2063 3347 2286 3400 quoquo
2327 3339 2574 3399 tempore
2611 3329 2856 3384 defuncti
2892 3329 3157 3384 memoria
3188 3338 3460 3383 occurrat.

3164 3513 3190 3548 \

2132 3575 2427 3636 Ceterum,
2463 3572 2508 3628 si
2545 3572 2767 3642 quidem
2804 3571 2937 3627 feria
2968 3581 3162 3642 quarta
3189 3573 3274 3626 vel
3317 3572 3634 3640 Parasceve,

2062 3675 2120 3724 et
2151 3683 2258 3722 non
2287 3665 2410 3720 aliis
2441 3666 2654 3727 diebus,
2683 3664 2990 3719 occurrerit
3014 3663 3482 3725 commemoratio.
3513 3679 3641 3718 con-

2065 3757 2260 3828 chyliis
2299 3756 2432 3811 so-lis
2461 3755 2802 3814 reficientur.
2835 3753 3080 3822 exceptis
3102 3753 3639 3807 commemorationi-

2064 3849 2170 3903 bus
2218 3845 2656 3919 praestantissimi
2701 3855 2758 3900 et
2791 3845 2967 3900 sancti
3004 3843 3358 3915 imperatoris
3390 3843 3530 3908 mei;
3582 3843 3638 3898 in

2065 3941 2186 4010 ejus
2260 3939 2408 3994 enim
2471 3937 3121 3997 commemorationibus,
3173 3936 3276 3989 etsi
3337 3934 3394 3988 in
3447 3935 3637 3988 feriam

2066 4042 2314 4104 quartam
2358 4040 2415 4085 et
2446 4031 2783 4085 Paraseeven
2833 4027 3152 4090 inciderint,
3191 4025 3372 4095 pisces
3419 4039 3639 4093 quoque

2066 4124 2396 4179 monialibus
2440 4122 2506 4175 ad
2542 4120 2894 4174 refectionem
2934 4116 3221 4185 magniﬁce
3251 4116 3305 4169 in
3347 4115 3638 4170 obsonium

2067 4213 2565 4283 suppeditabantur
2600 4225 2615 4260 :
2658 4224 2759 4278 par
2785 4216 2870 4262 est
2913 4208 3062 4262 enim
3092 4207 3185 4274 qui
3220 4215 3444 4277 praestat
3489 4207 3636 4261 inter

2070 4305 2343 4365 homines,
2385 4299 2819 4370 prznstantiorem
2870 4299 3448 4353 commemorationem
3493 4299 3640 4353 obti-

2070 4411 2225 4450 nere.
2267 4392 2535 4448 Omnibus
2584 4407 2718 4447 vero
2759 4391 3072 4446 litaniarum
3119 4391 3336 4454 diebus,
3368 4401 3533 4445 etiam
3583 4389 3639 4444 in

2070 4495 2391 4543 caeterorum
2425 4483 2664 4538 aﬂinium
2686 4484 2999 4539 nostrorum
3024 4481 3640 4536 commemorationibus

2069 4579 2250 4648 pisces
2285 4575 2600 4631 comedent.
3230 4628 3236 4634 _

2144 4669 2201 4724 Si
2242 4675 2423 4722 autem
2457 4663 2785 4736 quibusdam
2817 4678 3026 4734 magna:
3055 4662 3492 4733 Quadragesimae
3519 4663 3640 4718 die-

2075 4761 2196 4825 bus,
2245 4757 2552 4829 cuiuspiam
2602 4755 3046 4810 commemoratio
3075 4764 3345 4818 occurrat,
3398 4757 3510 4809 sola
3548 4771 3641 4809 ve.

2073 4866 2232 4922 spera
2255 4851 2579 4904 Parasceves
2598 4846 2958 4900 hebdomadis
2981 4846 3034 4899 in
3067 4860 3228 4914 quam
3260 4844 3467 4900 incidet
3491 4860 3641 4899 com-

2079 4941 2424 5002 memoratio,
2473 4939 2568 4992 fiet
2601 4937 2970 5007 pervigilium,
3011 4946 3066 4990 et
3099 4937 3347 5006 sequenti
3401 4937 3640 4990 Sabbato

2077 5032 2344 5088 moniales
2392 5029 2694 5099 conchyliis
2745 5028 3174 5083 consolationem
3225 5025 3518 5094 accipient.
3581 5025 3638 5079 Si

1657 5122 2114 5188 Montfauconii
2187 5131 2374 5184 notae.

497 5226 584 5293 72)
627 5223 946 5291 Ἀπόκρεω.
1015 5221 1316 5277 Sabbatum
1381 5225 1478 5290 τῆς
1534 5223 1829 5293 ἀπόκρεω,
1890 5233 1973 5279 est

404 5293 706 5349 Sahbatum
736 5302 858 5362 post
885 5293 1222 5347 Dominicam
1277 5293 1715 5362 Septuagesimm.
1751 5293 1972 5347 Hebdo-

402 5366 563 5420 mada
603 5379 838 5432 namque
862 5363 1286 5435 septuagesima:
1313 5372 1537 5435 vocatur
1563 5363 1661 5432 τῆς
1685 5365 1968 5435 άπόκρεω,

403 5435 532 5504 quia
569 5436 622 5487 in
657 5449 721 5504 ea
764 5433 944 5487 carnis
992 5446 1146 5504 usus
1182 5432 1508 5504 terminatur
1539 5434 1698 5504 apud
1728 5432 1969 5504 Graécos.

479 5505 590 5572 (75)
619 5503 915 5557 Sabbatum
944 5501 1282 5572 τυροφάγου,
1316 5510 1399 5572 est
1424 5502 1722 5556 Sabbatum
1755 5503 1966 5557 hebdo-

2151 5225 2262 5293 (Ἠ)
2296 5220 2550 5293 Κόλυϐα.
2582 5219 2636 5272 in
2675 5218 2878 5293 Triodo
2901 5216 3013 5293 _ad_
3046 5215 3344 5293 Sabbatum
3402 5217 3639 5286 primum

2075 5286 2533 5362 Quaclragesimze,
2557 5299 2822 5362 vocantur
2857 5286 3056 5362 etme;
3091 5288 3255 5362 σῖτος,
3299 5287 3636 5362 [ΓιιᾹῐῐΙΘηριηΙιΙὶ

2076 5355 2322 5420 ἔθειυωῖ
2353 5359 2568 5413 Goarus
2620 5373 2748 5424 vero
2771 5357 2824 5410 in
2879 5357 3034 5410 Notis
3060 5355 3127 5409 ad
3173 5358 3459 5424 exsequias
3487 5356 3638 5410 Greu-

2079 5447 2292 5495 corum,
2322 5429 2497 5482 fusius
2535 5430 2812 5496 explicans
2851 5427 2998 5496 quid
3020 5425 3150 5479 illud
3179 5425 3270 5489 sit,
3293 5429 3369 5479 ait
3398 5441 3519 5481 esse
3558 5428 3640 5483 ei:

2080 5503 2210 5556 bum
2239 5495 2706 5567 variisqfrugibus,
2724 5495 3090 5567 leguminibus
3113 5501 3169 5567 et
3191 5496 3462 5567 fructibus
3485 5511 3640 5549 com-

407 5562 984 5641 madisSexagesiniaa,
1009 5562 1185 5639 inqua
1210 5562 1558 5626 Πάρις-τιθεὶς
1580 5573 1717 5626 lacte
1736 5581 1973 5627 etcaseo
2079 5571 2346 5641 positum.
2382 5562 3168 5637 Vidc'quoque'eruditissimi
3204 5566 3392 5636 Cangii
3424 5565 3639 5623 Glossa-

406 5643 575 5697 vesci.

2077 5639 2212 5693 rium
2253 5639 2513 5695 Gra’cum.
