4104 6200
552 258 692 320 1095

1812 246 2100 308 IRENES
2143 239 2518 305 AUGUST/E

3651 227 3794 291 1096

547 379 862 427 mlsmatum
898 382 1217 438 asperorum
1255 381 1367 420 sex.
1405 365 1634 436 Fiatquc
1673 364 1917 435 amplum
1957 361 2122 417 lumi—

2233 359 2367 412 vlou'
2429 355 2526 409 καὶ
2580 349 2808 404 διδόσθω
2855 349 2911 402 ὲν
2968 345 3043 415 τῷ
3093 344 3300 400 πυλῶνι
3360 341 3800 438 ψωμία-μοδίων

549 478 704 528 nare,
738 473 793 517 et
829 461 1090 516 discretio
1125 459 1481 513 moniali‘bus.

620 729 804 783 Mense
866 723 1162 780 Novembri
1217 725 1277 777 ‘2!
1310 763 1326 786 ,
1390 723 1522 776 ﬁant
1576 719 2124 775 eommemorationes

549 819 897 875 sanctiﬁcata:
947 817 1274 870 autlientrize
1325 825 1382 868 ct
1411 814 1602 868 matris
1646 813 1945 881 maiestatis
1989 827 2126 866 mea:

551 913 764 964 domum
792 909 994 972 Mariae,
1036 909 1129 977 qui
1173 922 1267 976 per
1293 916 1546 960 sanctum
1581 913 1636 958 ct
1673 904 1978 971 angelicum
2005 917 2125 955 ma-

550 1018 715 1072 gnum
745 1001 994 1054 habitum
1018 1000 1397 1070 cognominata
1427 1006 1510 1052 est
1533 998 1731 1052 domna
1756 996 1931 1062 Xene,
1957 995 2124 1050 simili

551 1093 735 1145 modo.

623 1183 806 1236 Mense
846 1182 991 1236 Julio
1044 1182 1127 1244 12,
1181 1179 1312 1234 ﬁant
1361 1178 1915 1234 commemorationes
1956 1179 2129 1233 beata:

552 1273 831 1327 memoria:
854 1272 1039 1326 domni
1071 1273 1321 1335 Joannis,
1357 1280 1412 1325 et
1451 1272 1636 1326 dilecti
1681 1273 1852 1327 soceri
1890 1272 2130 1340 impera-

557 1365 709 1418 toriae
738 1380 870 1418 mem
907 1363 1232 1434 majestatis,
1268 1363 1433 1416 simili
1466 1364 1651 1418 modo.

622 1457 804 1510 Mense
842 1454 1138 1510 Novembri
1172 1455 1222 1519 l,
1255 1453 1387 1507 ﬁant
1425 1455 1976 1510 commemorationes
2007 1469 2134 1509 san-

555 1548 807 1602 ctiﬁcata
840 1545 1076 1598 domina:
1112 1559 1265 1608 meae,
1299 1550 1355 1597 et
1405 1559 1596 1598 socrus
1627 1545 1933 1614 majestatis
1975 1559 2130 1609 meae,

558 1641 675 1709 pari
712 1638 898 1691 modo.

2223 451 2410 515 πέντε,
2444 446 2540 500 καὶ
2571 444 2810 514 νουμμία
2842 438 3192 509 νομισμάτων
3224 433 3477 505 τραχέων
3525 430 3607 496 ἓξ.
3641 432 3798 484 Γινέ-

2225 542 2338 596 σθω
2387 541 2483 594 καὶ
2516 537 2774 608 φωταψία
2829 532 3082 603 δαψιλὴς,
3137 531 3232 584 καὶ⁴
3261 527 3540 596 διάκρισις
3582 524 3665 588 είς
3699 523 3799 586 τὰς

2228 633 2491 706 μοναχὸις.

2294 724 2446 794 Μηνὶ
2491 720 2786 791 Νοεμὸρίῳ
2818 716 2925 780 κα’,
2964 713 3324 770 τελείσθωσαν
3371 711 3441 764 τὰ
3483 708 3801 780 μνημόσυνα

2225 815 2322 884 τῆς
2371 813 2713 884 ἡγιασμένης
2769 808 3098 878 αύθεντρίας
3129 805 3226 858 καὶ
3278 802 3485 875 μητρὸς
3512 802 3611 868 τῆς
3651 799 3802 868 βασι-

2226 906 2374 969 λείας
2410 921 2511 974 μου
2542 907 2717 974 κυρᾶς
2743 902 2984 970 Μαρίας,
3015 899 3116 966 τῆς
3150 896 3239 950 διὰ
3268 895 3362 948 τοῦ
3396 894 3555 961 ἁγίου
3586 894 3681 944 καὶ
3706 892 3804 958 ἀγ-

2227 997 2447 1064 γελικού
2503 995 2740 1066 μεγάλου
2793 994 3070 1064 σχήματος
3103 984 3600 1060 μετονομασθείσης
3630 984 3802 1054 κυρᾶς

2226 1089 2421 1158 Ξένης,
2443 1086 2670 1156 ὁμοίως.

2299 1180 2446 1247 Μηνὶ
2486 1177 2687 1246 Ἰουλίῳ
2733 1171 2822 1243 ιβ’,
2848 1171 3210 1225 τελείσθωσαν
3251 1167 3320 1221 τὰ
3358 1161 3678 1237 μνημόσυνα
3707 1160 3800 1215 τοῦ

2235 1271 2535 1342 μακαρίτου
2568 1267 2738 1338 κυροῦ
2785 1266 3038 1319 Ἰωάννου
3067 1264 3162 1316 καὶ
3213 1257 3585 1330 περιποθήτου
3614 1253 3802 1308 πενθε-

2235 1362 2329 1433 ροῦ
2355 1362 2452 1431 τῆς
2485 1359 2763 1430 βασιλείας
2793 1373 2917 1428 μου,
2948 1355 3174 1426 ὁμοίως.

2301 1454 2451 1524 Μηνὶ
2479 1451 2778 1522 Νοεμϐρίῳ
2835 1446 2906 1513 α’,
2948 1446 3314 1500 τελείσθωσαν
3363 1442 3436 1494 τὰ
3486 1439 3804 1511 μνημόσυνα

2232 1546 2332 1616 τῆς
2388 1545 2731 1615 ὴγιασμένης
2791 1558 2894 1612 μου
2927 1538 3236 1607 δεσποίνης,
3265 1533 3657 1605 καὶιπενθερᾶς
3693 1530 3803 1602 (9i)

2235 1637 2334 1705 τῆς
2363 1636 2636 1706 βασιλείας
2670 1653 2796 1705 μου,
2822 1633 3044 1704 ὁμοίως.

629 1730 812 1782 Mense
834 1727 1098 1782 Januario
1126 1726 1326 1791 9,ﬁant
1355 1726 1912 1781 commemorationes
1941 1727 2129 1782 dilecti

2308 1730 2456 1799 Μηνὶ
2493 1726 2813 1797 Ἰανουαρίῳ
2863 1726 2933 1790 θ’,
2979 1721 3349 1776 τελείσθωσαν
3381 1718 3452 1770 τὰ
3485 1714 3805 1786 μνημόσυνα

558 1824 741 1877 fratris
764 1821 1068 1892 majestatis
1101 1836 1256 1882 meae,
1288 1831 1345 1874 et
1377 1822 1792 1888 protostratoris
1817 1820 2002 1874 domui
2032 1819 2133 1873 Mi-

559 1913 764 1968 chaelis
796 1913 1004 1972 Ducas:
1033 1912 1230 1981 ﬁatque
1258 1912 1497 1981 amplum
1524 1912 1815 1978 luminare,
1845 1921 1902 1966 et
1925 1911 2133 1965 discre—

563 2006 637 2058 tio
680 2004 1032 2058 monialibus.

631 2177 815 2232 Mense
863 2178 1159 2232 Februario
1181 2177 1273 2243 ‘20,
1308 2176 1440 2231 ﬁant
1473 2176 2022 2232 commemorationes
2049 2177 2131 2231 di-

559 2261 712 2317 lecta:
746 2265 952 2318 sororis
979 2266 1280 2335 maiestatis
1309 2281 1466 2329 meae,
1487 2265 1785 2320 admodum
1807 2267 2132 2322 veneranda:

559 2362 616 2405 et
639 2352 972 2407 honorandae
1003 2353 1219 2408 domnae
1249 2355 1571 2419 Theodorae,
1600 2373 1722 2427 quae
1750 2375 1847 2428 per
1878 2369 2128 2414 sanctum

559 2451 615 2497 ct
643 2446 947 2514 angelicum
1005 2463 1260 2517 magnum
1320 2448 1568 2502 habitum
1618 2451 2000 2519 cognominata
2046 2461 2132 2507 est

560 2535 759 2589 domna
787 2536 970 2602 lrene;
1000 2547 1057 2591 et
1093 2538 1186 2590 ﬁat
1223 2539 1497 2593 similiter.

633 2624 797 2681 Fiant
845 2633 1400 2685 commemorationes
1448 2631 1632 2685 dilecti
1672 2631 1862 2687 fratris
1914 2632 2131 2703 imperii

561 2717 687 2780 mei,
723 2719 1029 2785 pansebasti
1075 2721 1276 2776 sebasti
1323 2723 1509 2776 domni
1535 2723 1764 2778 Joannis
1798 2726 1998 2788 Ducas,
2032 2726 2132 2794 qui

561 2823 662 2874 per
701 2818 949 2861 sanctum
987 2817 1042 2862 et
1089 2811 1393 2879 angelicum
1441 2828 1696 2880 magnum
1731 2814 1981 2868 habitum
2039 2831 2133 2868 co-

564 2897 914 2963 gnominatus
939 2906 1026 2951 est
1055 2898 1292 2954 domnus
1322 2901 1613 2968 Antonius,
1649 2919 1756 2971 qua
1782 2903 1872 2957 die
1894 2903 2130 2969 obierit;

563 2994 619 3038 et
661 2984 751 3038 ﬁat
790 2986 1068 3042 similiter.

637 3158 795 3213 Fiant
825 3161 1382 3218 commemorationes
1415 3161 1628 3219 dilectze
1653 3163 1860 3220 sororis
1889 3165 2136 3237 majesta-

565 3247 635 3300 tis
661 3262 814 3312 meae,
829 3251 1168 3318 pansebastte
1187 3253 1419 3308 sebasta:
1441 3255 1654 3308 domnze
1669 3256 1836 3310 Amm
1866 3257 2134 3322 Ducseme,

562 3354 667 3408 qua
698 3339 786 3393 die
813 3340 880 3394 ad
905 3341 1194 3397 Dominum
1225 3345 1581 3414 emigraverit
1604 3361 1619 3410 ;
1644 3354 1700 3398 et
1732 3345 1826 3400 ﬁat
1851 3347 2135 3402 similiter.

635 3429 771 3485 Cum
803 3433 896 3486 ﬁlii
937 3435 1112 3489 nostri
1139 3435 1208 3488 ad
1238 3436 1528 3490 Dominum
1561 3438 1893 3507 migrabunt,
1937 3439 2136 3494 inscri-

563 3517 763 3572 bentur
798 3521 852 3573 in
899 3522 1174 3593 diptycbis
1211 3541 1402 3579 eorum
1439 3527 1531 3595 qui
1563 3529 1715 3596 prius
1743 3529 2047 3593 decessere,
2083 3540 2140 3585 et

563 3609 808 3659 omnium
851 3615 1409 3667 commemorationes
1440 3616 1842 3682 persolventur,
1886 3627 1945 3670 ut
1974 3633 2140 3686 supc-

566 3697 681 3749 rins
730 3698 935 3751 dictum
983 3710 1085 3753 est.
1116 3702 1275 3766 Quod
1323 3705 1369 3757 si
1402 3704 1630 3758 fortasse
1681 3706 1902 3774 quidam
1943 3721 2134 3761 eorum

565 3786 681 3838 sive
716 3787 932 3840 mobilia
961 3791 1208 3857 quaedam
1252 3793 1430 3862 magni
1463 3796 1646 3862 pretii,
1675 3797 1789 3850 sive
1833 3798 2136 3853 immobilia

569 3877 904 3932 monasterio
934 3883 1396 3947 consecraverint,
1428 3886 1978 3943 commemorationes
2011 3887 2137 3943 illo-

567 3981 687 4019 rum
722 3968 840 4022 ﬁeri
866 3969 1092 4037 debent,
1127 3980 1186 4025 ut
1218 3973 1319 4041 ipsi
1351 3974 1666 4029 statuerint.

1093 4221 1337 4288 [CAPUT
1376 4221 1590 4279 LXXII.

569 4309 646 4363 De.
676 4309 935 4380 lavipedio
973 4314 1110 4382 quod
1149 4315 1203 4367 in
1221 4323 1418 4386 sancta
1461 4322 1510 4368 el
1540 4331 1736 4386 magna
1787 4315 1924 4386 feria
1953 4318 2136 4386 quinta

1193 4384 1312 4450 ﬁeri
1334 4386 1496 4440 debet.

635 4489 694 4543 in
747 4501 935 4546 sancta
991 4503 1047 4547 et
1094 4509 1288 4564 magna
1328 4496 1462 4550 feria
1516 4497 1705 4566 quinta
1751 4497 1884 4552 lotio
1938 4497 2138 4566 pedum

572 4580 692 4634 ﬁeri
747 4581 912 4637 debet
940 4600 969 4636 a
1007 4586 1463 4641 reverendissima
1507 4589 1781 4657 prazfecta,
1809 4589 1864 4641 in
1893 4587 2139 4643 ecclesia:

566 4675 864 4741 vestibulo,
899 4677 992 4730 ubi
1049 4688 1497 4746 repraesentatum
1531 4689 1615 4733 est
1668 4681 1967 4734 Salvatoris
1999 4681 2136 4734 lavi-

568 4765 813 4834 pedium,
837 4783 960 4822 cum
998 4767 1176 4822 oﬁicio
1201 4770 1347 4837 quod
1375 4770 1431 4824 in
1471 4770 1771 4840 Synaxario
1798 4771 2134 4838 continetur,

564 4865 621 4910 et
649 4858 948 4912 secundum
980 4858 1210 4913 formam
1246 4863 1298 4914 in
1333 4877 1399 4915 eo
1426 4861 1780 4930 descriptam.

637 4949 831 5002 Divina
861 4965 1082 5019 quoque
1117 4951 1445 5006 illuminatio
1494 4951 1546 5005 in
1583 4953 1722 5007 festo
1760 4952 1879 5022 ejus
1930 4953 2136 5023 ubique

567 5047 839 5095 terrarum
892 5042 1192 5107 celebrato,
1239 5043 1294 5096 in
1350 5043 1544 5098 eodem
1591 5059 1812 5098 rursum
1864 5046 2137 5100 vestibulo

567 5130 680 5198 ﬁet,
724 5132 778 5185 in
813 5149 923 5202 quo
957 5137 1132 5204 posita
1182 5144 1266 5189 est
1298 5135 1500 5203 phiala,
1531 5135 1698 5188 amcis
1743 5134 2135 5204 polycandelis,

565 5222 678 5276 sive
712 5224 1112 5293 multiplicibus
1142 5225 1490 5295 lampadibus
1515 5224 1570 5278 in
1594 5239 1657 5279 ea
1683 5225 1985 5294 suspensis,
2014 5241 2134 5295 quae

2235 1820 2327 1874 τοῦ
2356 1818 2727 1890 περιποθήτου
2759 1816 3097 1884 αὑταδέλφου
3132 1817 3230 1883 τῆς
3251 1809 3526 1882 βασιλείας
3559 1824 3684 1877 μου,
3709 1804 3806 1857 καὶ

2234 1912 2723 1982 πρωτοστράτορος
2753 1907 2864 1980 (92)
2895 1906 3065 1976 κυροῢ
3091 1905 3312 1974 Μιχαὴλ
3335 1901 3430 1954 τού
3460 1898 3638 1952 Δούκα
3661 1914 3677 1927 ·
3711 1895 3806 1948 καὶ

2231 2003 2469 2073 γινέσθω
2499 2001 2751 2072 φωταψία
2789 1999 3038 2070 δαψιλὴς,
3069 1998 3165 2052 καὶ
3186 1997 3457 2067 διάκρισις
3477 1994 3556 2056 είς
3573 1990 3673 2053 τὰς
3704 2005 3808 2059 μο-

2233 2096 2424 2164 ναχάς.

2302 2187 2448 2256 Μηνὶ
2473 2181 2822 2255 Φεϐρουαρίῳ
2861 2181 2934 2246 κ’,
2979 2181 3341 2235 τελείσθωσαν
3369 2179 3438 2232 τὰ
3471 2176 3804 2247 μνημόσυνα.

2231 2277 2329 2345 τῆς
2358 2275 2724 2344 περιποθήτου
2753 2273 3094 2342 αὑταδέλφης
3121 2272 3220 2341 τῆς
3254 2270 3530 2340 βασιλείας
3561 2286 3688 2338 μου,
3706 2267 3807 2336 τῆς

2235 2366 2455 2422 πανεντί
2464 2385 2562 2437 μου
2587 2368 2681 2420 καὶ
2702 2366 2864 2418 παντί
2873 2382 2973 2434 μου
2991 2381 3059 2418 κυ
3069 2366 3167 2435 ρᾶς
3185 2362 3472 2432 Θεοδώρας
3486 2361 3584 2430 τῆς
3608 2361 3698 2414 διὰ
3713 2359 3809 2412 τοῦ

2232 2463 2389 2532 ἁγίου
2426 2463 2521 2516 καὶ
2555 2461 2856 2529 ἀγγελικοῦ
2907 2460 3146 2530 μεγάλου
3199 2460 3476 2529 σχήματος
3507 2473 3810 2527 μετονομαο

2235 2554 2454 2623 σθείσης
2477 2555 2648 2624 κυρᾶς
2683 2553 2922 2623 Είρήνης
2947 2568 2962 2583 ’
2992 2552 3086 2604 καὶ
3127 2550 3360 2618 γινέσθω
3398 2549 3624 2618 ὁμοίως.

2304 2644 2679 2698 Τελείσθωσαν
2700 2643 2768 2696 τὰ
2798 2641 3123 2713 μνημόσυνα
3146 2639 3240 2693 τοῦ
3265 2639 3633 2710 περιποθήτου
3675 2639 3810 2692 αύτ-

2235 2737 2464 2804 αδέλφου
2486 2736 2584 2802 τῆς
2607 2735 2881 2804 βασιλείας
2907 2750 3010 2804 μου
3027 2731 3121 2786 τοῦ
3143 2732 3516 2786 πανσεϐἀστου
3543 2731 3808 2782 σεϐαστοῦ

2236 2829 2408 2898 κυροῦ
2451 2829 2695 2882 Ἰωάννου
2746 2827 2842 2880 τοῦ
2868 2826 3071 2891 Δούκα,
3123 2825 3216 2878 τοῦ
3252 2825 3342 2878 διὰ
3389 2823 3481 2876 τοῦ
3522 2822 3681 2890 ἁγίου
3715 2824 3811 2875 καὶ

2237 2919 2530 2987 ἀγγελικοῦ
2551 2919 2788 2988 μεγάλου
2814 2921 3094 2988 σχήματος
3120 2915 3614 2986 μετονομασθέντος
3637 2913 3806 2984 κυροῦ

2165 3029 2208 3084 ς
2253 3010 2566 3074 Ἀντωνίου,
2595 3010 2718 3065 καθ’
2745 3011 2812 3079 ἠν
2840 3011 2906 3064 ἂν
2935 3011 3150 3079 ἡμέραν
3173 3008 3463 3078 ἐκδημήσῃ
3485 3021 3500 3036 ·
3526 3007 3622 3057 καὶ
3659 3005 3813 3074 γινέ-

2241 3103 2352 3157 σθω
2383 3102 2607 3173 ὁμοίως.

2309 3194 2684 3248 Ὶέλείσθωσαν
2705 3193 2774 3248 τὰ
2807 3191 3130 3265 μνημόσυνα
3152 3190 3252 3262 τῆς
3283 3189 3653 3261 περιποθήτου
3684 3189 3814 3242 αύτο

2241 3287 2478 3356 αδέλφης
2501 3287 2600 3356 τῆς
2634 3285 2910 3356 βασιλείας
2939 3301 3064 3356 μου,
3101 3286 3200 3354 τῆς
3236 3282 3610 3336 πανεεσάστου
3643 3281 3775 3334 σεδα
3795 3315 3812 3320 -

2241 3375 2372 3446 στῆς
2401 3377 2574 3447 κυρᾶς
2612 3376 2815 3446 Ἀννης
2845 3375 2941 3444 τῆς
2972 3375 3294 3444 Δουκαίνης,
3331 3372 3453 3426 καθ’
3481 3373 3550 3443 ἢν
3580 3372 3646 3425 ἃν
3674 3372 3815 3441 ὴμέ-

2243 3486 2343 3539 ραν
2363 3469 2646 3540 ὲκδημήσῃ
2679 3466 2815 3536 πρὸς
2847 3466 3083 3539 Κύριον’
3123 3467 3216 3520 καὶ
3257 3466 3490 3534 γινέσθω
3513 3465 3740 3534 ὁμοίως.

2310 3561 2374 3612 υἱ
2406 3559 2591 3622 παῖδες
2628 3558 2808 3628 ήμῶν,
2837 3559 2927 3612 ὅτε
2971 3559 3107 3630 πρὸς
3149 3559 3354 3628 Κύριον
3386 3558 3814 3627 ὲκδημήσουσιν,

2241 3655 2683 3722 ὲγγραφήσονται
2737 3655 2794 3706 ὲν
2820 3656 2934 3716 τοῖς
2965 3652 3074 3705 τῶν
3130 3649 3586 3719 προαπελθέντων
3625 3647 3816 3700 διπτύ-

2241 3759 2377 3813 χοις,
2407 3743 2500 3795 καὶ
2528 3743 2594 3797 τὰ
2621 3746 2944 3815 μνημόσυνα
2985 3744 3202 3797 πάντων
3238 3742 3453 3794 ἔσονται
3485 3740 3815 3819 τελούμενα,

2242 3831 2428 3895 καθὼς
2455 3833 2715 3903 ἀνωτέρω
2740 3835 3086 3905 προείρηται.
3110 3835 3171 3886 El
3196 3833 3242 3886 δ’
3273 3831 3404 3893 ἴσως
3439 3831 3584 3894 τινὲς
3632 3831 3816 3883 αὐτῶν

2241 3923 2336 3976 καὶ
2358 3923 2725 3994 ἀφιερὼσουσι
2749 3927 2815 3995 τῇ
2851 3929 2986 3995 μονῇ
3014 3926 3047 3995 ἢ
3079 3927 3273 3994 κινητὰ
3308 3923 3586 3988 ἀξιόλογα,
3627 3922 3659 3991 ἢ
3693 3921 3818 3973 ἀκί-

2241 4031 2400 4084 νητα,
2429 4013 2703 4082 ὀφείλουσι
2723 4015 2995 4068 τελεῖσθαι
3015 4015 3108 4067 καὶ
3132 4016 3201 4066 τὰ
3225 4014 3428 4068 τούτων
3461 4014 3811 4084 μνημόσυνα,

2244 4107 2389 4161 κατὰ
2417 4108 2517 4179 τὴν
2549 4108 2776 4161 ἐκείνων
2803 4107 3066 4170 διάταξιν.

2841 4220 3091 4274 ΚΕΦΑΔ.
3128 4219 3249 4274 OB'.

2198 4375 2215 4418 ³
2244 4315 2384 4385 Περί
2415 4313 2521 4368 τοῦ
2559 4314 2898 4418 μέλλονῖος
2945 4312 3215 4418 γὲςεσςγῖι
3242 4309 3557 4418 πζιὲττῆγςιος
3575 4306 3650 4376 τῇ
3678 4307 3814 4376 ἁγίᾳ

2717 4382 2818 4436 καί
2847 4382 3082 4452 μεγάλῃ
3117 4382 3378 4450 πέμπτῃ.

2313 4496 2394 4565 Τῇ
2430 4494 2616 4564 μέντοι
2645 4494 2778 4566 ἁγίᾳ
2807 4494 2899 4546 καὶ
2923 4492 3139 4563 μεγάλῃ
3171 4492 3402 4560 πέμπτῃ
3427 4488 3638 4556 ὀφείλει
3665 4487 3813 4554 γίνε-

2243 4587 2367 4641 σθαι
2401 4589 2551 4658 παρὰ
2590 4587 2690 4656 τῆς
2728 4585 3068 4656 τιμιωτάτης
3114 4580 3532 4650 καθηγουμένης
3561 4581 3588 4631 ὁ
3612 4579 3816 4646 νιπτὴρ

2240 4679 2300 4732 ὲν
2326 4677 2402 4747 τῷ
2436 4678 2533 4747 τῆς
2562 4676 2859 4746 ἐκκλησίας
2890 4675 3128 4745 προνάῳ,
3172 4674 3302 4725 ἔνθα
3332 4675 3630 4724 εἰκόνισται
3661 4671 3755 4721 καὶ
3784 4669 3812 4718 ὁ

2242 4769 2337 4822 τοῦ
2368 4769 2618 4836 Σωτῆρος
2664 4768 2865 4836 νιπτὴρ
2917 4765 3058 4819 κατὰ
3110 4765 3208 4835 τὴν
3238 4759 3712 4833 ἐμπεριεχομένην
3740 4758 3817 4827 τῷ

2243 4859 2559 4930 Συναξαρίῳ
2589 4857 2929 4922 ἀκολουθίαν,
2960 4857 3052 4908 καὶ
3077 4856 3170 4908 τὸν
3200 4857 3256 4907 ἐν
3279 4853 3430 4921 αὐτῷ
3455 4851 3648 4905 τύπον.

2318 4953 2429 5005 Καὶ
2452 4951 2512 5002 τδ
2543 4949 2685 5002 θεῖον
2733 4949 2788 5002 δὲ
2841 4947 3096 5018 φώτισμα
3151 4945 3292 4999 κατὰ
3335 4947 3434 5012 τὴν
3473 4941 3814 5008 παγκόσμιον

2244 5043 2437 5097 τούτου
2477 5044 2692 5113 ἑορτὴν,
2723 5044 2781 5094 ὲν
2815 5041 2894 5110 τῷ
2924 5039 3074 5108 αύτῷ
3107 5035 3265 5100 αὖθις
3316 5035 3518 5105 ἄρθηκι
3548 5034 3704 5086 ἔσται
3729 5046 3816 5081 τε·

2243 5135 2527 5206 λούμενον,
2570 5137 2627 5187 ὲν
2680 5128 2724 5202 ᾧ
2750 5134 2862 5202 ,καὶ
2891 5135 2923 5202 ἡ
2971 5133 3138 5202 φιάλη
3187 5131 3426 5192 ἵσταται,
3457 5128 3567 5216 των
3598 5122 3814 5216 χαλκιῖιν

2243 5224 2663 5294 πολυκανδήλων
2686 5225 2745 5276 ἐν
2775 5224 2909 5293 αὐτῇ
2943 5219 3330 5291 κρεμαμένων,
3359 5218 3454 5271 καὶ
3485 5211 3590 5282 τήν
3618 5211 3819 5280 ἄναψιν

1827 5337 2288 5399 Montfauconii
2355 5348 2540 5402 notaa.

642 5432 753 5504 (91)
785 5434 912 5490 “me
941 5445 1061 5491 erat
1095 5438 1251 5493 Anna
1283 5439 1599 5503 Dalassena,
1629 5436 1877 5491 Ducaena:
1921 5433 2146 5492 familia:

570 5499 961 5559 infensissima.
993 5507 1240 5562 Alexiad.
1284 5509 1385 5562 lib.
1418 5523 1498 5561 Ill.

644 5573 1341 5642 (92)Ιιρωτοστράτορος.
1409 5577 1723 5631 Stratorum
1787 5583 1909 5629 erat
1945 5589 2152 5644 equum

571 5637 748 5697 freno'
785 5637 995 5711 tenere,
1045 5637 1101 5700 et
1154 5637 1552 5702 conscendenti
1608 5645 1954 5717 magistratui
1992 5637 2152 5715 opem

2255 5437 2423 5491 ferre.
2463 5437 2668 5492 Horum
2709 5437 2968 5504 princeps
3019 5439 3166 5504 erat
3194 5431 3659 5504 ﬂpmitoqtpﬁtulp,
3722 5423 3814 5504 qui

2250 5510 2417 5560 etiam
2467 5497 2747 5561 exercitus
2787 5497 2992 5575 plurics
3041 5497 3266 5558 duxisse
3315 5497 3535 5572 legitur.
3566 5497 3732 5553 Guar.
3761 5497 3814 5549 in

2253 5577 2410 5633 Notis
2441 5579 2508 5632 ad
2535 5576 2828 5631 Codinum.
