4104 6200
384 299 524 367 1097

1817 313 2177 377 TYPICUM.

3490 328 3625 394 1098

375 413 652 481 ὀλὸφωτον
677 413 982 483 δεχομένων
1001 430 1014 443 °
1054 414 1194 469 καθᾶ
1226 415 1288 487 δὴ
1317 416 1412 471 καὶ
1440 418 1507 470 τὰ
1531 419 1627 488 τῆς
1656 421 1933 491 ἐκκλησίας

2055 440 2247 479 omnes
2292 429 2680 486 accendenlur.
2728 435 2932 490 Eodem
2973 438 3137 494 modo
3173 441 3417 498 ecclesiae
3477 449 3629 518 poly-

377 505 758 576 πολυκάνδηλα
781 507 1049 560 ἅπτεσθαι
1072 509 1375 578 τηνικαῦτα
1397 513 1693 578 ὀφείλουσι,
1717 532 1950 584 μανουα-

374 597 505 651 λίων
557 614 615 650 τε
657 597 958 667 ἱσταμένων
1010 600 1104 653 δύο
1153 600 1304 656 ἐνθεν
1336 603 1592 656 κάκεῖθεν
1620 605 1715 676 τῆς
1750 607 1945 676 φιάλης

377 688 518 761 μετὰ
551 685 867 756 λαμπάδων.

938 804 1189 858 ΚΕΦΑΛ.
1233 803 1353 860 οΓ’.

369 889 510 956 Περὶ
543 891 650 945 τοῦ
666 891 756 960 μὴ
788 895 1060 967 γίνεοςθαι
1080 898 1691 967 μετασχηματισμοὺς
1731 901 1800 952 ἐν
1820 900 1948 965 ταῖς

805 964 1148 1034 οἰκοδομαῖς
1166 968 1278 1032 τῆς
1300 967 1517 1036 μονῆς.

452 1071 609 1125 Ἐπεὶ
636 1072 694 1126 δὲ
727 1074 760 1140 ἡ
794 1074 925 1145 περὶ¹
963 1076 1062 1145 ἐμὲ
1095 1076 1415 1143 ἁνεξίκακος
1443 1079 1537 1132 τοῦ
1566 1080 1702 1132 Θεοῦ
1756 1081 1943 1147 φιλαν-

371 1157 591 1228 θρωπία
625 1163 722 1216 καὶ
753 1162 913 1215 τοῦτο
945 1165 1244 1236 ηύδὸκησε,
1276 1168 1370 1220 καὶ
1399 1167 1664 1239 περιοῦσα
1689 1164 1862 1222 εἰσέτί
1887 1171 1946 1221 ὲν

370 1255 438 1321 τῇ
467 1254 718 1326 παρούσῃ
748 1255 860 1326 ζωῇ
889 1252 989 1320 τὰς
1012 1259 1192 1322 πάσας
1213 1257 1308 1312 τοῦ
1343 1260 1711 1338 μοναστηρίου
1741 1261 1945 1316 οἰκοδοο

372 1347 485 1414 μὰς
546 1349 844 1419 ἀπήρτισα,
905 1352 1372 1421 μετασκευάσασα
1413 1357 1508 1408 καὶ
1554 1355 1718 1410 αὑτὸν
1763 1356 1856 1408 τὸν
1885 1356 1945 1408 ὲν

368 1437 550 1509 τούτῳ
575 1439 718 1494 θεῖον
746 1442 891 1507 ναὸν,
925 1446 1482 1513 προσεπισκευάσασα
1516 1445 1571 1499 δὲ
1602 1448 1696 1499 καὶ
1725 1446 1945 1518 ἄρθηκα

370 1530 696 1600 περικαλλῆ,
729 1533 824 1584 καὶ
851 1533 1179 1605 ὲξωάρθηκα
1215 1536 1562 1606 προσθεμένη
1601 1536 1693 1589 διὰ
1719 1553 1946 1607 καρικο-

370 1620 552 1685 ξὺλου,
596 1623 687 1675 καὶ
717 1624 778 1677 τὸ
814 1626 1184 1700 μοναστήριον
1212 1628 1362 1681 ἅπαν
1417 1628 1498 1692 είς
1525 1628 1587 1681 τὸ
1610 1629 1733 1699 ἐμοὶ
1753 1627 1944 1683 δοκοῦν

368 1711 577 1781 σχῆμα,
608 1714 704 1766 καὶ
726 1715 824 1784 τὴν
870 1717 1208 1770 κατάστασιν
1259 1717 1715 1789 περιεστησάμην
1751 1718 1941 1772 τοῦτο’

364 1806 504 1858 θέλω
535 1807 628 1860 καὶ
663 1805 928 1877 βούλομαι
951 1809 1037 1862 ἴνα
1063 1809 1138 1873 ὡς
1163 1811 1294 1881 παρ’
1331 1810 1464 1882 ἐμοῦ
1501 1811 1944 1881 κατεσκευάσθη-

366 1911 466 1946 σαν
518 1896 585 1947 τὰ
642 1897 700 1948 ὲν
758 1898 910 1968 αὐτῷ
966 1899 1169 1965 πάντα,
1211 1901 1355 1954 οὕτω
1404 1901 1630 1970 μένωσι,
1668 1903 1762 1956 καὶ
1802 1904 1942 1972 άμε-

363 1986 638 2057 ταποίητα
693 1989 1061 2060 διατηρῶνται
1120 1993 1216 2045 καὶ⁵
1253 1993 1608 2049 άναλλοῖωτα.
1667 1995 1787 2048 Κᾶν
1837 1995 1942 2048 ὑπὸ

363 2080 461 2131 τοῦ
492 2079 682 2150 χρόνου
715 2080 771 2133 δὲ
801 2083 879 2143 εἰς
921 2082 1128 2153 φθορὰν
1157 2081 1493 2137 συνελαθῶσί
1535 2101 1676 2150 τινα,
1709 2085 1821 2138 εἴτε
1854 2104 1941 2156 μι-

363 2168 527 2240 κρὰν,
559 2170 668 2223 εἴτε
700 2173 792 2224 καὶ
819 2172 1042 2240 μείζονα
1066 2211 1081 2239 ,
1131 2173 1244 2227 εἴτε
1278 2174 1371 2228 καί
1391 2191 1495 2228 τινι
1549 2175 1658 2229 τῶν
1685 2176 1940 2247 τυχηρῶν

365 2261 789 2333 συμπτωμάτων
840 2263 1067 2333 μείωσιν
1121 2265 1370 2319 πάθωσι’
1419 2264 1581 2324 πάλιν
1612 2265 1691 2328 είς
1719 2267 1780 2319 τὸ
1807 2266 1939 2321 αὐτὸ

364 2353 463 2404 σὺν
484 2353 602 2424 Θεῷ
622 2355 1027 2425 ἐπανορθῶνται
1048 2357 1256 2428 σχῆμα,
1278 2354 1590 2426 μελλήσεως
1606 2356 1734 2411 ἄνευ
1759 2358 1939 2429 πάσης

363 2441 459 2492 καὶ
509 2440 779 2511 ἀναϐολῆς
802 2459 816 2472 ο
854 2446 947 2496 καὶ
985 2444 1254 2514 μηδέποτε
1291 2449 1434 2499 κατά
1460 2464 1583 2500 τινα
1611 2448 1814 2518 τρόπον
1843 2448 1938 2503 ἀλ-

360 2531 580 2585 λοίωσιν
655 2532 936 2600 δέξωνται,
1015 2536 1124 2588 εἴτε
1189 2537 1500 2607 κρείττονος
1549 2541 1938 2606 καταστάσεως

361 2623 544 2692 χάριν,
563 2622 595 2694 ἢ
615 2623 780 2694 ἄλλης
806 2625 1100 2678 ὁποιασοῦν
1123 2626 1324 2691 αἰτίας.
1356 2628 1428 2680 Οῦ
1455 2629 1564 2702 γὰρ
1594 2647 1936 2700 μετασκευα-

365 2715 501 2783 σμόν
533 2731 656 2769 τινα
701 2717 760 2769 ὲν
793 2717 975 2780 αὐτοῖς
1029 2717 1168 2773 Θέλω
1219 2720 1495 2788 γενέσθαι,
1552 2720 1676 2776 οὔτε
1702 2725 1812 2794 μὴν
1835 2725 1936 2794 τῆς

361 2805 460 2860 νῦν
487 2810 876 2876 καταστάσεως
905 2811 1076 2884 ἄλλην
1104 2812 1354 2883 βελτίονα
1383 2814 1612 2881 τούτων,
1655 2816 1774 2870 ἀλλ’
1814 2819 1936 2870 οὐδὲ

362 2899 588 2953 πυλῶνα
642 2901 834 2974 ἕτερον
875 2904 908 2976 ἢ
969 2906 1345 2978 παραπόρτιον
1371 2923 1384 2937 ·
1441 2907 1474 2977 ἢ
1509 2907 1696 2972 ἁπλῶς
1728 2909 1934 2963 εἰσόδου

359 2991 541 3062 χώραν
563 2993 684 3047 τινὰ
712 2995 848 3064 πρὸς
875 2999 973 3067 τὴν
1010 2996 1178 3068 μονὴν
1207 2997 1302 3068 ἀφ’
1334 2997 1521 3067 ἑτέρου
1556 2998 1722 3052 τόπου
1759 3015 1933 3054 καινις

2054 515 2279 570 candela
2311 526 2426 571 tum
2459 523 2831 590 accendenda,
2861 527 3206 586 candelabris
3236 531 3454 589 duobus
3495 515 3626 591 hinc

2052 617 2106 659 et
2141 606 2267 661 inde
2303 609 2368 662 ad
2395 610 2563 666 latera
2599 613 2795 682 phialae
2826 618 3021 686 positis
3054 633 3181 675 cum
3209 620 3439 679 facibus.

2583 815 2808 872 CAPUT
2849 819 3082 876 LXXIII.

2055 898 2206 964 Quod
2252 905 2303 956 in
2349 907 2587 975 (adiﬁciis
2637 913 2946 983 monasterii
2993 917 3310 970 mutationes
3355 915 3476 983 ﬁeri
3521 933 3624 973 non

2713 982 2959 1036 debeant.

2121 1087 2573 1157 Quandoquidem
2601 1089 2858 1144 clementi
2895 1092 2986 1147 Dei
3017 1108 3145 1165 erga
3176 1109 3264 1151 me
3293 1096 3624 1169 benignitati

2049 1190 2105 1234 et
2145 1181 2248 1235 hoc
2291 1179 2474 1246 libuit,
2508 1189 2570 1235 ut
2617 1181 2672 1235 in
2723 1186 2981 1252 praesenti
3025 1187 3208 1244 adhuc
3257 1192 3369 1245 vita
3419 1191 3627 1262 degens

2052 1273 2374 1328 monasterii
2441 1273 2672 1328 aedilicia
2718 1277 2901 1330 omnia
2953 1279 3316 1346 perfecerim,
3371 1282 3623 1338 divinum

2050 1366 2172 1437 ejus
2198 1365 2462 1435 templum
2501 1362 2556 1420 in
2592 1364 2752 1420 aliam
2784 1366 3016 1424 formam
3047 1372 3406 1440 traduxerim,
3439 1375 3627 1430 arthe-

2048 1471 2168 1512 cem
2203 1472 2300 1512 seu
2351 1455 2683 1512 vestibulum
2740 1458 3178 1528 pulcherrimum
3219 1464 3618 1528 adornavrrim,

2047 1548 2433 1604 exoartbecem
2481 1549 2596 1603 sive
2642 1551 2889 1606 exterius
2938 1554 3271 1609 vestibulum
3317 1572 3383 1612 ex
3429 1559 3624 1614 caricae

2046 1639 2194 1710 ligno
2232 1640 2561 1706 addiderim,
2591 1651 2648 1696 et
2699 1646 3095 1700 monasterium
3145 1654 3324 1702 totum
3369 1650 3426 1703 in
3456 1665 3622 1719 quam

2049 1733 2194 1787 volui
2225 1732 2456 1786 formam
2489 1743 2546 1788 et
2585 1743 2785 1788 statum
2816 1734 3185 1804 disposuerim
3225 1755 3240 1793 :
3271 1739 3397 1794 volo
3426 1750 3482 1795 et
3508 1749 3622 1795 sta-

2048 1834 2164 1890 tuo,
2196 1834 2256 1877 ut
2291 1825 2439 1880 sicut
2466 1842 2496 1880 a
2546 1841 2634 1881 me
2664 1827 2850 1881 omnia
2882 1829 2939 1882 in
2985 1829 3106 1899 ipso
3152 1831 3421 1887 adornata
3469 1844 3620 1897 sunt,

2045 1917 2124 1973 sic
2156 1930 2534 1986 permaneant,
2561 1919 2961 1991 immutataque
2991 1936 3055 1976 ac
3097 1923 3366 1978 invariata
3390 1941 3622 1980 serven—

2047 2017 2156 2063 tur.
2189 2009 2257 2064 Et
2307 2010 2352 2066 si
2398 2026 2428 2065 a
2474 2020 2722 2082 tempore
2768 2013 2823 2068 in
2853 2015 3124 2085 jacturam
3175 2017 3452 2086 aliquam,
3506 2020 3622 2072 sive

2044 2115 2292 2168 parvam,
2333 2102 2451 2157 sive
2502 2105 2790 2176 majorem,
2838 2105 3206 2173 deducantur,
3256 2109 3342 2162 vel
3391 2108 3621 2164 fortuito

2043 2192 2300 2260 quopiam
2324 2208 2454 2248 casu
2471 2194 2915 2252 imminutionem
2944 2200 3244 2268 patiantur,
3271 2217 3484 2268 rursus,
3508 2202 3621 2256 Deo

2037 2285 2287 2354 juvante,
2324 2287 2378 2342 in
2405 2289 2650 2344 eamdem
2678 2292 2908 2346 formam
2933 2293 3143 2362 absque
3184 2294 3292 2348 ulla
3341 2310 3495 2350 mora
3535 2296 3621 2349 vel

2042 2377 2390 2432 cunctatione
2415 2380 2808 2446 restituantur;
2834 2391 2892 2436 et
2919 2399 3202 2454 nunquam
3229 2387 3620 2455 quoquomodo

2042 2466 2426 2535 immutentur,
2481 2472 2596 2526 sive
2649 2473 2897 2529 melioris
2953 2485 3132 2529 status
3179 2491 3331 2547 ergo,
3382 2479 3497 2532 sive
3548 2479 3619 2533 ob

2041 2559 2202 2613 aliam
2255 2563 2562 2630 quamlibet
2610 2579 2855 2620 causam.
2905 2566 3121 2631 Nullam
3157 2568 3306 2622 enim
3355 2571 3620 2624 mutatio-

2041 2667 2166 2707 nem
2201 2653 2257 2708 in
2293 2655 2408 2724 ipsa
2442 2655 2631 2711 induci
2659 2657 2804 2723 volo,
2834 2674 3016 2730 neque
3050 2659 3220 2713 alium
3253 2669 3456 2716 statum
3485 2678 3620 2731 pra:-

2042 2745 2183 2799 scnti
2221 2746 2532 2812 meliorem,
2568 2747 2665 2803 sed
2715 2764 2895 2820 neque
2948 2752 3096 2806 aliud
3128 2753 3332 2807 ostium
3364 2761 3461 2808 aut
3491 2770 3620 2822 por—

2041 2835 2230 2902 tulam,
2269 2847 2364 2892 aut
2398 2842 2714 2894 summatim
2759 2842 2941 2897 locum
2985 2845 3300 2913 quempiam
3337 2845 3617 2915 ingressus

2040 2922 2548 2986 in'monasterium
2591 2946 2659 2986 ex
2717 2934 2822 2988 alia
2878 2944 3034 3004 parte
3077 2934 3146 2989 de
3199 2949 3341 2990 novo
3389 2938 3616 3004 aperiri,

2038 3028 2240 3087 praeter
2273 3036 2402 3077 eum
2435 3024 2526 3092 qui
2558 3024 2720 3079 hodie
2743 3025 2901 3095 jussu
2940 3027 3244 3098 majestatis
3282 3041 3417 3082 mea:
3438 3026 3617 3084 factus

362 3085 560 3156 σθῆναι
587 3089 738 3158 παρὰ
784 3087 884 3159 τὴν
916 3092 1155 3160 σήμερον
1196 3088 1490 3161 προστάξει
1522 3091 1622 3163 τῆς
1652 3092 1930 3162 βασιλείας
1960 3119 2004 3180 c
2037 3085 2235 3167 exstat.

359 3195 470 3247 μου
501 3181 811 3247 γεγονυῖαν.

445 3271 600 3324 Ἐπεὶ
621 3271 678 3324 δὲ
707 3274 802 3326 καὶ
833 3272 1058 3328 ὄπισθεν
1089 3274 1182 3328 τοῦ
1235 3277 1596 3348 κοιμητηρίου
1630 3278 1740 3333 τῶν
1771 3297 1932 3350 μονα-

360 3363 592 3430 ζουσῶν,
619 3366 783 3436 ἦτουν
809 3367 908 3420 τοῦ
936 3367 1112 3421 κοινοῦ
1139 3369 1493 3423 κοιτωνίσκου
1518 3369 1724 3434 αὐτῶν,
1750 3374 1930 3442 τοῖχον

357 3457 660 3527 ἐγχόρηγον
717 3458 830 3529 (95)
887 3460 920 3527 ή
966 3458 1213 3530 βασιλεία
1247 3476 1350 3529 μου
1408 3461 1745 3533 ᾠκοδόμησε,
1767 3465 1931 3518 τόπον

359 3548 722 3614 ἀναπαύσεως
748 3552 844 3605 καὶ
863 3550 1208 3622 παρηγορίας
1238 3553 1432 3616 αὑταῖς
1469 3554 1808 3624 ἀφορίζουσα
1844 3555 1932 3611 διὰ

359 3640 575 3708 τούτου,
631 3643 755 3696 οὐδὲ
817 3644 875 3696 ὲν
906 3643 983 3713 τῷ
1030 3643 1260 3714 τοιούτῳ
1310 3644 1474 3716 τοίχῳ
1503 3645 1768 3717 βούλομαι
1792 3649 1931 3714 ὅλως

354 3735 643 3806 ἀνοιγῆναι
672 3735 877 3807 πόρταν
915 3735 1064 3804 ποτὲ,
1099 3735 1132 3806 ἢ
1180 3737 1578 3809 παραπόρτιον,
1616 3740 1727 3792 εἴτε
1761 3739 1934 3812 θύραν

357 3827 459 3895 τὴν
511 3827 750 3891 οίανοῦν,
813 3829 848 3900 ἢ
902 3827 1116 3901 θυρίδα,
1140 3829 1252 3882 εἴτε
1301 3828 1542 3901 τοξικὴν,
1583 3830 1696 3884 εἴτε
1728 3836 1933 3904 μικράν

357 3921 498 3990 ὀπὴν
527 3921 871 3992 οίανδήτινα·
927 3920 1064 3975 ἀλλὰ
1094 3920 1197 3974 κάν
1221 3938 1352 3975 ποτε
1383 3922 1563 3995 συμϐῇ
1595 3923 1674 3995 τῷ
1705 3925 1934 3997 τοιούτῳ

356 4014 521 4082 τοίχῳ
561 4014 810 4082 μείωσις,
833 4013 944 4068 εἴτε
975 4012 1300 4085 σύμπτωμα
1335 4014 1396 4069 τὸ
1425 4015 1653 4082 οἱονοῦν,
1679 4016 1843 4072 πάλιν
1866 4017 1935 4072 δι’

356 4109 660 4176 ὲγχορήγου
687 4105 1120 4178 ἐπανορθοῦσθαι
1161 4107 1224 4160 τὸ
1261 4108 1712 4173 καταπεπτωκὸς,
1743 4115 1838 4163 καὶ
1872 4110 1934 4164 τὸ

357 4201 568 4271 φθαρὲν
587 4202 667 4264 εἰς
695 4201 757 4256 τὸ
785 4200 974 4273 πρώην
996 4201 1208 4273 ταχέως
1231 4201 1628 4274 ἐπανέρχεσθαι
1652 4203 1858 4274 σχῆμα.

433 4295 527 4345 Δεῖ
553 4291 610 4346 δὲ
635 4295 812 4348 πᾶσαν
833 4294 1162 4365 ἐπιμέλειαν
1183 4293 1283 4366 τὴν
1304 4296 1644 4367 τιμιωτάτην
1665 4296 1936 4368 καθηγου·

359 4388 531 4459 μένην
560 4387 706 4456 ἔχειν
735 4389 816 4452 είς
851 4403 912 4440 τε
943 4388 1044 4460 τὴν
1068 4387 1168 4457 τῆς
1198 4387 1327 4458 ὅλης
1357 4390 1524 4458 μονῆς
1553 4391 1927 4462 περιποίησιν,

354 4483 450 4533 καὶ
471 4482 836 4551 ἀνακαίνισιν,
859 4481 955 4533 καὶ
977 4480 1086 4534 τῶν
1110 4481 1169 4534 ὲν
1198 4480 1336 4550 αὐτῇ
1367 4479 1585 4535 πάντων
1617 4481 1923 4550 βελτίωσιν,

354 4573 452 4626 καὶ
514 4570 858 4640 φιλοκαλιαν,
917 4571 1012 4624 καὶ
1059 4570 1162 4642 τὴν
1214 4571 1676 4641 άνακεράμωσινο
1729 4574 1837 4643 πρὸ
1868 4574 1925 4628 δὲ

356 4668 574 4721 πάντων
606 4667 699 4721 καὶ
718 4667 860 4738 ὑπὲρ
881 4665 1062 4720 πάντα
1104 4668 1185 4732 είς
1223 4667 1321 4738 τὴν
1350 4667 1514 4735 ἁγίαν
1538 4665 1634 4719 τοῦ
1663 4667 1800 4720 Θεοῦ
1831 4671 1927 4721 ἐκ-

355 4759 606 4831 κλησίαν,
662 4762 756 4813 καὶ
787 4759 925 4833 μηδὲ
977 4760 1073 4815 τοῦ
1125 4757 1490 4830 σμικροτάτου
1520 4762 1886 4828 καταφρονεῖν
1910 4777 1925 4792 ο

2104 3294 2244 3348 Cum
2296 3301 2481 3349 autem
2535 3311 2680 3366 pone
2746 3297 3138 3356 dormitorium
3194 3308 3610 3379 monacbarum,

2034 3381 2150 3437 sive
2178 3398 2473 3438 commune
2503 3386 3062 3454 earum'cubiculum,
3089 3405 3310 3447 murum
3340 3396 3617 3453 enchore-

2035 3487 2163 3542 gum
2197 3488 2318 3528 mea
2353 3474 2611 3544 majestas
2632 3476 2990 3544 exstruxerit,
3015 3477 3200 3534 locum
3228 3481 3362 3551 ipsis
3392 3501 3609 3544 recrea-

2034 3565 2204 3620 tionis
2230 3573 2287 3619 et
2304 3563 2701 3620 consolationis
2725 3581 2822 3636 per
2847 3568 3001 3623 illum
3027 3569 3452 3644 disterminans;
3479 3581 3612 3638 nolo

2034 3665 2099 3711 ut
2143 3657 2200 3711 in
2235 3657 2552 3728 bujusmodi
2607 3673 2769 3713 muro
2823 3670 2981 3729 porta
3019 3677 3260 3733 unquam
3308 3672 3610 3739 aperiatur.

2035 3759 2134 3805 aut
2180 3750 2420 3820 portula,
2456 3751 2573 3806 sive
2617 3751 2827 3822 quaevis
2853 3754 3041 3824 janua,
3071 3766 3168 3812 aut
3214 3759 3478 3830 fenestra,
3513 3782 3611 3822 seu

2032 3838 2342 3906 fenestella,
2393 3850 2490 3896 aut
2539 3841 2689 3896 aliud
2735 3844 3026 3912 quodlibet
3075 3846 3376 3906 foramen.-
3404 3854 3512 3910 Sed
3565 3859 3613 3912 si

2033 3931 2254 4002 quando
2301 3933 2358 3988 in
2392 3933 2498 3988 hoc
2528 3948 2686 3988 muro
2715 3934 2930 4004 jactura
2977 3938 3094 3994 sive
3141 3943 3300 3996 ruina
3352 3948 3613 4015 quaslibet

2034 4025 2352 4097 contigerit,
2389 4027 2537 4096 quod
2572 4027 2788 4096 lapsum
2823 4037 2909 4083 est
2955 4045 3150 4086 rursus
3197 4035 3512 4108 enchorego
3557 4043 3610 4096 in

2035 4117 2309 4187 integrum
2349 4119 2698 4183 restituatur,
2731 4128 2788 4173 et
2813 4120 2962 4188 quod
2996 4121 3187 4177 laesum
3212 4134 3319 4194 est,
3357 4129 3426 4183 ad
3460 4131 3611 4198 prio-

2034 4223 2153 4262 rem
2187 4208 2298 4262 cito
2321 4209 2514 4264 redeat
2541 4209 2797 4266 formam.

2105 4300 2498 4370 Summamque
2523 4315 2710 4356 curam
2734 4316 2929 4372 gerere
2951 4303 3117 4363 debet
3143 4311 3603 4371 reverendissima

2032 4392 2289 4464 praelecta
2331 4392 2500 4446 totius
2556 4393 2876 4448 monasterii
2918 4401 3376 4464 conservationis,
3418 4413 3473 4458 et
3515 4422 3606 4461 re-

2033 4483 2365 4548 novationis,
2392 4485 2624 4555 ejusque
2677 4483 2734 4538 in
2785 4487 3070 4544 meliorem
3122 4500 3179 4545 et
3225 4495 3602 4563 pulchriorem

2029 4583 2237 4634 statum
2275 4591 2616 4646 progressus,
2654 4591 2871 4633 necnon
2927 4590 3196 4638 tectorum
3246 4590 3605 4642 restauratio-

2030 4668 2121 4722 nis
2150 4688 2163 4722 :
2198 4675 2323 4722 ante
2373 4664 2557 4719 omnia
2591 4680 2724 4721 vero
2752 4675 2808 4720 et
2836 4682 3001 4736 super
3031 4671 3236 4736 omnia,
3267 4683 3468 4728 sancta:
3505 4677 3599 4730 Dei

2032 4759 2296 4820 ecclesiae,
2334 4758 2490 4828 cujus
2523 4771 2592 4812 ne
2623 4758 2908 4813 minimam
2935 4760 3160 4830 quidem
3186 4779 3302 4818 rem
3338 4767 3596 4836 negligat;

1601 4898 2071 4962 Montl'auconii
2126 4907 2310 4961 noue.

422 5021 548 5097 (93)_
575 5019 1178 5097 Toixorargdgnror:
1207 5016 1333 5072 Haec
1347 5032 1454 5097 vox
1481 5017 1786 5089 ἐγχόρηγος
1829 5021 1921 5097 bic

349 5089 861 5163 adjective,»paulo
911 5089 1050 5163 infra
1084 5089 1431 5163 substantive
1487 5099 1806 5163 usurpatur.
1843 5092 1919 5146 De

353 5156 444 5218 illa
471 5161 589 5216 fuse
617 5156 975 5230 dis—putarunt»
999 5159 1189 5230 plures
1227 5156 1427 5230 eruditi
1447 5158 1582 5230 viri,
1619 5156 1792 5214 fusius
1817 5163 1920 5215 do.

329 5233 634 5298 ,ctissimus
693 5222 931 5301 Cangins
981 5222 1036 5283 in
1097 5222 1370 5301 Glossario
1432 5227 1640 5282 Graeco.
1681 5230 1920 5301 Omissis

349 5315 537 5358 autem
576 5302 743 5357 variis
775 5299 836 5356 ea
862 5301 930 5355 de
976 5315 1037 5355 re
1090 5300 1402 5364 sententiis,
1451 5313 1630 5354 meam
1681 5299 1921 5356 breviter

348 5387 670 5442 expromam
705 5389 718 5426 :
755 5371 1007 5426 existimo
1037 5385 1232 5425 vocem
1261 5373 1584 5442 ὲγχόρηγον,
1620 5384 1747 5423 cum
1787 5373 1920 5426 sub-

348 5440 609 5506 suintive,
641 5455 754 5496 tum
787 5442 1070 5510 adjective,
1108 5440 1605 5510 semperindicare
1633 5443 1918 5496 materiam

348 5517 590 5583 aliquam
636 5511 1022 5583 construendis
1069 5512 1242 5583 muris
1304 5509 1599 5583 idoneam;
1632 5520 1687 5564 et
1740 5512 1918 5576 primo

348 5581 572 5654 quihem
603 5585 658 5657 in
689 5585 792 5636 hoc
821 5582 995 5650 capite
1033 5581 1083 5634 id
1115 5582 1337 5657 planum
1367 5581 1626 5657 videtur;
1663 5597 1788 5657 nam
1823 5584 1916 5635 ubi

346 5650 764 5731 I'rcneulixisset
800 5667 857 5705 se
886 5651 1452 5731 ιιιιιιςιιιιιηεγχόρηγον
1490 5650 1793 5731 .(adjectiu‘c)
1825 5667 1919 5730 ex-

346 5727 642 5788 struxissc,
671 5723 849 5793 jubet,
875 5731 932 5774 ut
961 5723 1005 5776 si
1032 5722 1085 5773 in
1109 5722 1203 5773 illo
1246 5735 1403 5772 muro
1431 5722 1578 5772 mina
1603 5722 1915 5789 contigerit,

673 5823 942 5882 Ριιτιιοι..
988 5823 1101 5881 Gn.
1149 5817 1449 5879 CXXVII.

2023 5029 2369 5078 restanretur
2388 5020 2454 5073 δι’
2481 5021 2788 5090 ὲγχορήγου
2812 5022 3175 5093 (substantive)
3209 5024 3260 5078 id
3285 5028 3596 5092 est,cadem

2025 5093 2254 5147 materia
2315 5108 2422 5170 qua
2473 5093 2625 5158 prius
2679 5103 2995 5170 exstructus
3042 5094 3255 5170 fueratt
3286 5113 3406 5170 qua:
3444 5101 3602 5170 ἐγχά-

2025 5180 2192 5234 ρηγον
2221 5163 2555 5234 vocabatur:
2593 5163 2980 5234 praepositione
3033 5164 3180 5219 enim
3233 5163 3320 5219 διᾶ
3349 5163 3596 5224 denotari

2023 5233 2162 5309 solet
2197 5233 2425 5309 materia
2457 5247 2522 5285 ex
2582 5248 2715 5309 qua.
2751 5233 2851 5309 Sic
2898 5234 3170 5309 Alexiudis
3203 5237 3238 5288 Ι.
3277 5253 3332 5309 ιιι
3369 5255 3383 5290 :
3419 5242 3601 5309 Λιμὴν

2023 5305 2089 5378 ον
2126 5306 2460 5378 ὲχχορήγου,
2511 5305 2604 5356 καὶ
2664 5304 2982 5378 μαρμάρων
3013 5307 3190 5378 πάλαι
3235 5307 3355 5378 τῶι
3389 5304 3602 5378 χρόνων

2022 5371 2382 5442 ᾠκοδομῆτω.
2405 5371 2569 5426 Certe
2597 5371 2926 5428 omai‘a’loca
2972 5375 3025 5429 in
3066 5377 3291 5431 laudato
3319 5371 3602 5435 Glo'sal‘to

2025 5445 2209 5514 allata,
2241 5443 2308 5496 de
2329 5446 2558 5514 macria
2585 5460 2830 5514 congrue
2852 5445 3080 5514 intelligi
3113 5457 3360 5514 possunt,
3389 5460 3448 5502 ut
3472 5469 3573 5502 con

2025 5513 2292 5567 sideranti
2330 5513 2560 5580 patebit.
2587 5513 2882 5578 Ca‘ti-rum,
2908 5525 2968 5569 ut
2998 5513 3214 5570 certum
3239 5522 3465 5572 omnino
3495 5539 3600 5573 Ihm

2024 5593 2377 5655 estquasualn
2413 5585 2639 5637 materia
2665 5584 2736 5655 sit
2757 5585 3084 5654 ἐγχόρηγον,
3116 5590 3270 5655 plura
3323 5598 3502 5642 tamen
3536 5595 3601 5641 de

2027 5653 2116 5726 illa
2132 5653 2376 5726 disputat
2396 5652 2902 5726 IaudatusCangius
2921 5652 2973 5708 in
2996 5652 3150 5710 Notis
3173 5657 3238 5710 ad
3265 5659 3597 5720 Alei-indum,

2025 5733 2078 5777 et
2108 5724 2159 5776 in
2195 5725 2461 5779 Glossario
2494 5727 2693 5780 (ἐιίτεο.

3172 5822 3245 5881 35
