4104 6200
516 348 662 414 1099

1779 346 2068 411 IRENES
2105 340 2485 411 AUGUST/E

3617 355 3762 420 1100

514 468 610 522 sed
646 465 859 523 etiamsi
898 465 1078 535 exigui
1114 465 1275 519 unius
1295 462 1419 518 vitri
1443 465 1656 536 iactura
1686 464 1799 532 ﬁat,
1820 466 2078 522 deﬁcien-n

2185 465 2319 519 ἀλλά
2345 465 2448 519 κᾶν
2476 465 2604 535 ἄχρι
2640 467 2756 530 ἐνὸς
2781 466 2968 521 ὑαλξου
2992 471 3023 539 ή
3071 470 3297 539 μείωσις
3328 471 3575 541 γένηται,
3628 491 3762 544 παρν

513 557 584 611 tis
635 556 791 611 locus
845 572 944 626 per
1002 555 1151 610 aliud
1201 556 1387 610 statim
1429 556 1726 626 repleatur.
1784 558 2077 615 ltestaura-

514 648 717 703 tionem
765 662 896 702 vero
947 656 1214 702 tectorum
1276 647 1521 703 universi
1578 650 1895 704 monasterii
1953 664 2077 704 cum

511 738 659 793 omni
688 737 1060 793 sollicitudine
1096 736 1214 792 fieri
1245 746 1447 803 statuo.

1038 851 1262 909 CAPUT
1318 852 1547 909 LXXIV.

509 940 659 1009 Quod
723 944 1104 997 monasterium
1161 951 1499 997 esternorum
1559 941 1720 996 oculis
1774 941 2078 996 nullatenus

1070 1021 1250 1082 patere
1304 1012 1508 1066 debeat.

578 1103 632 1159 .d
659 1118 771 1159 non
799 1102 1032 1158 minoris
1060 1102 1321 1158 momenti
1349 1117 1514 1171 quam
1564 1101 1838 1171 quidlibet
1878 1118 1944 1157 ex
1981 1116 2077 1156 su-

507 1210 604 1266 pra
639 1194 962 1250 memoratis
990 1193 1263 1264 maiestati
1285 1208 1418 1248 meae
1449 1193 1629 1247 visum
1662 1200 1766 1260 est,
1801 1192 1912 1248 imo
1937 1193 2080 1248 inter

505 1286 741 1340 maxime
773 1284 1107 1348 necessaria,
1138 1292 1195 1339 et
1223 1299 1329 1338 non
1366 1284 1580 1338 modica
1611 1283 1999 1338 observatione
2025 1291 2080 1339 et

506 1391 640 1430 cura
680 1375 930 1446 dignum.
972 1374 1428 1444 Quandoquidem
1456 1377 1605 1429 enim
1637 1373 1863 1427 omnino
1896 1386 1952 1430 et
1979 1388 2081 1427 un-

504 1467 670 1538 dique
700 1467 1034 1535 inaSpectam
1059 1480 1275 1520 omnem
1300 1464 1621 1520 monialium
1654 1463 2076 1529 habitationem,

507 1558 578 1613 ab
608 1559 840 1627 imperio
879 1573 1002 1612 meo
1050 1573 1151 1627 pro
1196 1557 1481 1613 exercitiis
1515 1571 1701 1611 earum
1728 1558 2077 1627 assignatam,

506 1648 657 1703 omni
681 1658 951 1714 tempore,
980 1649 1095 1704 Deo
1126 1648 1367 1715 favente,
1395 1649 1708 1704 conservari
1765 1650 1890 1703 volo
1932 1648 2078 1720 (nam

508 1740 636 1794 licet
670 1748 820 1794 recte
870 1738 1177 1811 intelligere
1226 1740 1431 1795 volenti
1477 1756 1541 1805 ex
1585 1740 1697 1812 iam
1744 1742 2078 1811 scriptorum

488 1837 764 1885 'contextu
796 1838 852 1884 et
878 1831 932 1884 vi
962 1829 1397 1885 demonstratum
1424 1830 1517 1896 sit,
1542 1845 1572 1884 a
1596 1831 1876 1901 proposito
1916 1830 2087 1900 maie-

505 1920 663 1976 statis
693 1936 828 1977 mea:
847 1920 1005 1977 valde
1026 1922 1330 1978 abhorrere
1351 1930 1407 1978 et
1427 1923 1666 1977 alienum
1695 1937 1838 1989 esse,
1871 1930 1932 1977 ut
1957 1921 2085 1992 qui-

505 2013 630 2068 dam
674 2013 731 2068 in
787 2014 943 2069 illum
985 2014 1406 2084 introspicientli
1432 2015 1588 2070 locus
1618 2013 1687 2069 de
1718 2028 1863 2068 novo
1882 2012 2080 2075 detur;

504 2105 694 2173 putavi
731 2112 912 2160 tamen
964 2105 1110 2160 hanc
1162 2105 1218 2160 in
1263 2106 1357 2161 illo
1391 2104 1802 2161 innovationem
1828 2119 2085 2176 expresse

504 2204 561 2251 et
593 2196 878 2266 speciatim
915 2196 1318 2267 prohibendam
1353 2198 1497 2266 esse)
1526 2214 1543 2264 ;
1580 2196 1704 2252 ideo
1734 2207 1883 2252 vetat
1912 2197 2084 2266 impe-

503 2287 709 2343 ratoria
742 2302 862 2343 mea
894 2288 1176 2358 maiestas,
1212 2297 1268 2343 et
1299 2289 1527 2344 omnino
1553 2289 1831 2359 prohibet,
1851 2304 1950 2359 per
1979 2289 2085 2343 hoc

506 2392 692 2433 meum
722 2378 788 2433 de
811 2378 903 2433 illa
933 2393 992 2433 re
1032 2378 1339 2447 decretum,
1392 2394 1462 2435 ne
1506 2380 1909 2449 qualiscunque
1953 2393 2085 2449 pro-

506 2481 733 2541 spectus
780 2473 835 2527 in
892 2472 1098 2542 aliquid
1158 2471 1301 2527 intra
1356 2471 1624 2526 ambitum
1675 2468 2083 2526 conversationi

504 2563 902 2619 monacharum
945 2563 1283 2633 assignatum
1319 2576 1562 2631 unquam
1601 2558 1719 2626 tlat,
1762 2560 1849 2614 vel
1894 2559 1950 2613 in
1983 2573 2082 2613 au-

503 2655 612 2710 lam
662 2671 849 2710 earum
900 2655 1016 2711 sive
1058 2655 1406 2719 interiorem,
1454 2654 1570 2708 sive
1598 2653 1955 2717 exteriorem,
1987 2660 2084 2707 aut

504 2755 562 2808 in
590 2753 805 2814 septum
839 2763 854 2801 :
888 2745 1280 2815 undecunque,
1315 2745 1430 2800 sive
1462 2760 1529 2799 ex
1566 2743 1867 2814 despoticis
1903 2742 2077 2798 domi-

503 2835 629 2898 bus,
666 2837 783 2892 sive
819 2852 888 2891 ex
922 2837 1078 2904 aliis;
1110 2837 1227 2891 sive
1276 2852 1344 2891 ex
1380 2837 1645 2891 exteriori
1692 2851 1883 2889 earum
1932 2836 2078 2900 aula,

504 2929 620 2981 sive
664 2942 730 2981 ex
779 2927 1069 2993 interiori;
1107 2942 1205 2982 seu
1252 2943 1318 2980 ex
1357 2927 1633 2982 sententia
1669 2926 1975 2996 cuiuspiam
2013 2942 2079 2983 ex

504 3018 826 3074 monasterii
889 3019 1161 3089 patronis,
1218 3032 1313 3073 seu
1368 3019 1483 3073 alio
1536 3019 1736 3087 quovis
1784 3018 1970 3073 modo.
2010 3019 2082 3073 Et

503 3123 785 3178 nunquam
821 3108 874 3163 in
925 3122 1139 3163 summa
1192 3107 1450 3177 cuiquam
1494 3106 1706 3173 licebit,
1748 3122 2076 3178 quacunque

503 3198 571 3253 de
599 3213 788 3263 causa,
819 3198 952 3253 licet
982 3212 1047 3252 ea
1095 3197 1340 3268 legitima
1371 3197 1516 3253 forte
1561 3196 1678 3253 visa
1735 3197 1924 3262 fuerit,
1951 3213 2077 3267 pro-

380 3290 397 3299 ’
502 3300 752 3361 spectum
796 3289 1116 3361 quempiam
1150 3289 1206 3343 in
1250 3289 1649 3345 monasterium
1684 3289 1754 3344 de
1785 3303 1928 3343 novo
1956 3287 2076 3344 etii-

502 3398 652 3446 cere,
677 3383 794 3437 sive
815 3397 915 3452 per
933 3379 1209 3452 quoddam
1239 3380 1526 3445 solarium,
1546 3390 1644 3436 aut
1671 3381 2073 3448 summitatem;

503 3475 621 3528 sive
648 3489 747 3544 per
787 3474 1014 3544 ianuam
1059 3472 1148 3528 vel
1183 3471 1441 3528 ostiolum
1494 3471 1578 3527 vel
1625 3470 1947 3538 fenestram,
1981 3482 2078 3529 aut

503 3567 778 3621 modicum
809 3564 1045 3634 quodvis
1076 3564 1346 3620 foramen.

577 3741 684 3797 Sed
707 3749 765 3795 et
790 3740 836 3793 si
860 3738 992 3809 quid
1030 3738 1344 3808 huiusmodi
1376 3738 1649 3808 quispiam
1681 3753 1847 3793 ausus
1886 3738 2074 3804 fuerit,

504 3830 560 3884 id
589 3829 719 3884 licet
747 3842 815 3882 ex
857 3826 1157 3897 improviso
1200 3827 1403 3883 factum
1443 3827 1536 3889 sit,
1592 3842 1716 3896 quas
1769 3837 1900 3884 tune
1942 3839 2080 3882 tem-

504 3922 658 3993 poris
693 3930 927 3993 patrona
958 3919 1068 3975 erit
1112 3919 1457 3986 monasterii,
1482 3933 1605 3974 cum
1633 3919 1872 3990 primum
1898 3935 2075 3976 nocu-

506 4021 754 4068 mentum
778 4025 851 4067 ex
890 4011 998 4066 hoc
1047 4024 1334 4081 emergens
1378 4008 1545 4077 norit,
1574 4010 1706 4074 licet
1742 4011 1878 4067 illud
1910 4012 2074 4069 mini-

510 4120 658 4160 mum
710 4103 899 4168 fuerit,
928 4100 1213 4157 tenebitur
1252 4101 1394 4157 citra
1424 4102 1591 4157 ullam
1621 4101 2075 4160 deliberationem

504 4207 559 4250 et
591 4194 965 4251 conditionem
1014 4193 1148 4248 illud
1192 4194 1404 4250 tollere.
1439 4194 1598 4261 Nam,
1640 4201 1700 4251 ut
1734 4194 2073 4251 declaratum

504 4294 612 4352 est,
639 4286 895 4355 maiestas
919 4299 1040 4339 mea
1062 4298 1253 4340 curam
1281 4301 1499 4356 gerens,
1517 4293 1579 4340 ut
1599 4287 1921 4342 monialium
1945 4285 2078 4342 Gra-

505 4378 793 4447 tia-plenae
851 4377 947 4432 Dei
994 4377 1149 4433 “atri
1208 4388 1651 4435 consecratarum
1705 4381 2073 4447 conversatio,

2104 3151 2151 3214 C

2183 555 2346 620 ευθὺς
2371 556 2463 609 τὸν
2490 554 2583 610 τοῦ
2607 555 2890 626 λείψαντος
2904 560 3066 614 τόπον
3082 561 3431 632 ἀναπληροῦν
3452 562 3519 619 δι’
3550 565 3762 635 ἐτέρου,

2182 645 2281 716 τὴν
2302 646 2361 700 δέ
2391 663 2455 713 γε
2476 647 2902 719 ἀνακεράμωσιν
2929 651 3023 703 τοῦ
3049 651 3172 703 ὅλου
3211 652 3598 724 μοναστηρίου,
3620 658 3763 727 μετὰ

2184 735 2365 807 πάσης
2397 736 2718 807 ἐπιμελείας
2748 738 2993 806 γίνεσθαι
3031 741 3364 812 διορίζομαι.

2778 850 3026 906 ΚΕΦΔΛ.
3061 849 3178 906 OA'.

2250 939 2393 1007 Περὶ
2425 940 2532 995 τοῦ
2553 941 3002 1078 ἁκατόπτευτοξ
3024 942 3328 1014 διαμένειν
3356 945 3552 1014 πάντη
3581 945 3690 1013 τὴν

2842 1030 2964 1078 μον
3006 1031 3063 1069 ν.

2842 1030 3063 1080 μον-ην.

2255 1100 2367 1154 Καὶ
2420 1099 2580 1155 τοῦτο
2634 1102 2816 1172 μέντοι
2861 1102 2971 1156 τῶν
3016 1100 3564 1174 προδιηγορευμένων
3612 1105 3761 1169 τινδς

2180 1190 2281 1244 οὐκ
2315 1190 2537 1245 ἔλαττον
2575 1195 2641 1264 τῇ
2691 1192 2939 1263 βασιλείᾳ
2989 1211 3090 1262 μου
3132 1192 3350 1259 ἔδοξεν,
3388 1195 3525 1247 ἀλλά
3562 1195 3668 1247 τῶν
3701 1197 3761 1257 ἐς

2181 1281 2249 1335 τὰ
2282 1281 2518 1353 μάλιστα
2545 1283 2879 1352 ἀναγκαίων,
2910 1282 3007 1338 καὶ
3035 1285 3094 1337 οὐ
3126 1285 3226 1354 τῆς
3247 1285 3516 1356 τυχούσης
3542 1286 3764 1337 ἐπισκέ-

2180 1373 2326 1443 ψεως
2355 1375 2449 1428 κα¹ι
2478 1374 2755 1445 φροντίδος
2787 1372 2957 1440 ἀξιον.
2982 1374 3202 1446 Ἐπειδὴ
3231 1375 3341 1445 γὰρ
3373 1376 3548 1446 πάντη
3578 1392 3638 1428 τε
3668 1379 3762 1431 καὶ

2183 1465 2525 1536 πανταχόθεν
2567 1466 2974 1521 ἀκατόπτευτον
3012 1466 3074 1520 τὸ
3124 1467 3233 1521 τῶν
3285 1467 3631 1538 μοναζουσῶν
3667 1468 3761 1519 ἐν-

2179 1554 2437 1627 διαίτημα
2463 1554 2612 1610 ἅπαν
2641 1558 2702 1610 τὸ
2733 1561 2797 1629 τῇ
2829 1558 3060 1631 ἀσκήσει
3092 1557 3274 1611 αὐτῶν
3302 1558 3453 1629 παρά
3484 1560 3581 1630 τῆς
3608 1559 3763 1627 βασι-

2181 1644 2335 1708 λείας
2373 1664 2475 1717 μου
2520 1648 2925 1719 ἀφωρισμένον,
2971 1648 3343 1721 διατηρεῖσθαι
3380 1650 3640 1720 βούλομαι
3666 1652 3764 1703 σὺν

2182 1737 2303 1808 Θεῷ
2328 1739 2409 1801 είς
2434 1738 2526 1790 τὸν
2553 1738 2769 1792 ἅπαντα
2796 1739 2988 1810 χρόνον
3010 1756 3024 1771 ·
3053 1743 3102 1794 εί
3128 1741 3235 1813 γὰρ
3259 1743 3355 1794 καὶ
3385 1742 3765 1796 ἀποδέδεικται

2121 1826 2161 1881 Β
2190 1827 2270 1897 τῷ
2294 1826 2604 1899 βουλομένῳ
2643 1832 2782 1883 νοεῖν
2811 1829 3007 1898 ὀρθῶς,
3041 1831 3149 1884 dum
3179 1833 3277 1900 τῆς
3300 1831 3410 1885 τῶν
3440 1832 3763 1902 γραφέντων

2188 1917 2289 1989 ἤδη
2325 1918 2671 1989 περιλήψεως
2719 1921 2815 1974 καὶ
2856 1922 3173 1991 δυνάμεως·
3218 1920 3293 1985 ὡς
3331 1924 3391 1975 τὸ
3420 1925 3763 1993 καινισθῆναι

2188 2013 2516 2065 κατοπτείαν
2585 2015 2641 2064 ἐν
2690 2015 2862 2084 τούτῳ
2911 2016 3035 2066 τινὰ
3107 2014 3217 2066 τῶν
3258 2014 3572 2084 ἀϐουλήτων
3620 2018 3763 2069 πάνυ

2188 2102 2282 2156 καὶ
2309 2102 2815 2174 ἀποτετραμμένων
2855 2106 2971 2159 ἐστὶ
3009 2105 3087 2175 τῷ
3119 2105 3307 2175 σκοπῷ
3349 2106 3451 2175 τῆς
3490 2105 3768 2175 βασιλείας

2193 2211 2293 2264 μου
2320 2210 2334 2225 ⁸
2369 2194 2505 2248 ἀλλᾶ
2532 2196 2626 2249 καὶ
2662 2196 2841 2267 ῥητῶς
2874 2213 2932 2250 τε
2965 2198 3057 2250 καὶ
3090 2196 3401 2260 ἰδιαζόντως
3423 2197 3530 2250 δεῖν
3553 2196 3766 2268 ᾠήθην,

2187 2282 2285 2350 τῆς
2333 2282 2591 2353 τοιαύτης
2648 2284 2734 2338 ἐπ’
2786 2283 2936 2354 αὐτῷ
2988 2285 3343 2353 καινοτομίας
3396 2288 3769 2357 ἀπαγόρευσιν

2186 2370 2414 2426 θέσθαι·
2451 2374 2752 2445 ἀποτρέπει
2796 2377 3085 2448 τοιγαροῦν
3131 2379 3163 2449 ή
3218 2376 3463 2447 βασιλεία
3519 2396 3621 2448 μου
3671 2382 3769 2431 καὶ

2185 2465 2448 2519 ἀποσοϐεῖ
2480 2467 2561 2530 είς
2608 2467 2668 2520 τὸ
2702 2468 2961 2532 παντελὲς
2992 2468 3082 2522 διὰ
3116 2469 3321 2539 ταύτης
3361 2488 3464 2539 μου
3499 2471 3596 2540 τῆς
3635 2473 3765 2540 περὶ

2184 2555 2348 2610 αὑτοῦ
2381 2557 2753 2628 ἐπισκήψεως,
2783 2558 2842 2611 τὸ
2871 2559 3257 2630 ὁποιανδήτινα
3314 2560 3514 2631 ἄποψιν
3543 2563 3679 2631 πρός
3711 2578 3769 2615 τι

2189 2646 2299 2699 τῶν
2328 2646 2479 2711 ἐντὸς
2508 2648 2608 2719 τῆς
2639 2648 3125 2721 ἀπονενεμημένης
3164 2653 3231 2722 τῇ
3274 2652 3383 2704 τῶν
3415 2652 3770 2721 μοναζουσῶν

2186 2736 2431 2808 διαγωγῇ
2460 2739 2722 2810 περιοχῆς
2747 2740 2999 2808 γενέσθαι
3032 2742 3209 2811 χρόνῳ
3247 2741 3398 2805 ποτέ,
3435 2743 3468 2812 ἦ
3499 2744 3637 2811 πρδς
3664 2744 3769 2813 τὴν

2191 2826 2367 2898 αὐλήν
2412 2828 2613 2891 αὐτῶν,
2648 2829 2758 2882 εἴτε
2806 2830 2906 2899 τήν
2955 2831 3126 2894 ἐντὸς,
3180 2832 3292 2885 εἴτε
3341 2833 3441 2902 τὴν
3480 2833 3698 2899 ἔξωθεν,
3728 2835 3764 2907 ἧ

2191 2916 2329 2986 πρὸς
2355 2918 2468 2985 ,τὸν
2528 2918 2850 2988 περίϐολον,
2906 2920 3262 2991 ὁθενδήποτε,
3329 2922 3440 2974 εἴτε
3502 2924 3610 2977 τῶν
3663 2928 3759 2977 As-

2183 3006 2455 3060 σποτικῶν
2496 3008 2848 3078 οἰκημάτων,
2899 3011 3012 3063 εἴτε
3053 3012 3163 3065 τῶν
3219 3012 3440 3079 ἄλλων,
3487 3016 3601 3068 είτε
3658 3017 3766 3085 τῆς

2180 3094 2337 3157 ἐκτὸς
2360 3095 2531 3165 αὐλῆς
2558 3100 2786 3166 τούτων,
2819 3100 2927 3154 εῑτε
2959 3101 3057 3172 τῆς
3086 3103 3395 3174 ἐνδοτέηρας,
3431 3104 3542 3158 εἴτε
3569 3106 3767 3178 γνώμῃ

2179 3186 2288 3239 τῶν
2309 3186 2406 3256 τῆς
2436 3188 2604 3259 μονῆς
2629 3190 3187 3262 ἀντιλαμϐανομένων
3210 3196 3376 3260 τινὸς,
3406 3197 3519 3252 εἴτε
3549 3198 3639 3251 καὶ
3664 3200 3765 3251 ἀλ»

2178 3275 2287 3341 λως
2317 3294 2433 3342 πως
2460 3293 2475 3310 '
2509 3281 2601 3333 καὶ
2626 3281 2881 3336 οὐδέποτε
2903 3284 3039 3348 ὅλως
3076 3284 3291 3350 ἐξέσται
3317 3288 3428 3340 τινὶ⁵
3455 3289 3581 3342 καθ’
3611 3291 3771 3359 ήντι-

2179 3368 2342 3423 ναοῦν
2380 3372 2581 3437 αἰτίαν,
2612 3372 2716 3427 κᾶν
2744 3375 3114 3448 εὐλογοτρανής
3143 3396 3260 3440 πως
3285 3378 3424 3450 αὕτη
3450 3381 3602 3452 δοκῇ,
3627 3383 3770 3436 ἀπο-

2178 3460 2271 3530 ψίν
2302 3478 2424 3515 τινα
2466 3464 2603 3535 πρὸς
2637 3466 2705 3521 τά
2740 3465 2834 3519 τοῦ
2873 3469 3241 3539 μοναστηρίου
3284 3471 3568 3540 καινίζειν,
3610 3473 3643 3542 ἢ
3673 3474 3768 3527 διὰ

2179 3553 2405 3620 ἡλιακοῦ
2452 3569 2599 3619 τινος
2641 3557 2738 3610 καὶ
2789 3556 3120 3629 ὑψώματος,
3173 3562 3207 3632 ἢ
3259 3562 3349 3617 διὰ
3394 3563 3600 3635 θύρας,
3649 3566 3765 3618 εἴτε

2111 3645 2117 3651 ’
2179 3642 2540 3713 παραθυρίου,
2573 3643 2685 3703 εἴτε
2716 3645 2954 3717 θυρίδος,
2995 3649 3105 3701 εῐτε
3150 3652 3385 3722 μετρίας
3414 3653 3559 3716 τινὸς
3589 3653 3759 3721 ὀπῆς.

2262 3731 2421 3785 ’Δλλά
2449 3733 2551 3789 κάν
2593 3751 2647 3787 τι
2676 3736 2922 3808 τολμηθῇ
2969 3740 3214 3793 τοιοῦτον
3260 3744 3411 3811 πειρά
3449 3761 3617 3808 τινος,
3652 3748 3765 3799 εἴτε

2177 3822 2275 3874 καὶ
2316 3822 2376 3888 ἐξ
2409 3824 2719 3892 ἀπροόιττου
2761 3828 3007 3899 γένηται,
3035 3830 3312 3901 παρενθὺς
3349 3832 3485 3903 πρὸς
3508 3836 3764 3905 ἀνάγκης

2176 3914 2243 3983 τῇ
2290 3915 2591 3985 τηνικαῦτα
2637 3919 2740 3988 τῆς
2799 3920 2968 3989 μονῆς
3018 3922 3530 3997 ἀντιλαμϐανομένῃ
3572 3927 3759 3991 ἔσται,

2178 4005 2294 4075 ἅμα
2327 4005 2390 4060 τὸ
2431 4007 2544 4078 τὴν,
2570 4007 2630 4074 ἐξ
2677 4010 2843 4064 αὐτοῦ
2875 4011 3079 4083 βλάϐην
3115 4014 3537 4085 διαγνωσθῆναι,
3568 4021 3616 4071 εἰ
3661 4019 3760 4072 καὶ

2177 4100 2433 4171 ἐλαχίστη
2473 4100 2610 4173 αὕτη
2669 4102 2817 4168 ἐστὶ,
2862 4103 3031 4173 χωρίς
3080 4120 3224 4167 τινος
3272 4104 3611 4173 διασκέψεως
3662 4108 3761 4160 καὶ

2179 4191 2491 4256 ὑποθέσεως
2557 4193 2716 4246 τοῦτο
2772 4197 3099 4266 περιαιρεῖν.
3160 4196 3590 4261 Ἀκατόπτευτον
3646 4201 3759 4269 γὰρ

2177 4283 2543 4345 παντάπασιν,
2575 4283 2651 4345 ὡς
2679 4284 2997 4355 δεδήλωται,
3042 4286 3317 4356 προσώπῳ
3357 4287 3519 4341 παντὶ
3544 4286 3647 4357 τήν
3674 4291 3763 4342 ὲνο

2177 4373 2270 4437 τὰς
2303 4373 2398 4427 τοῦ
2428 4375 2631 4431 οίκείου
2673 4377 2926 4447 σεμνείου
2967 4377 3244 4449 διαγωγήν
3274 4379 3381 4435 τῶν
3417 4381 3486 4449 τῇ
3516 4380 3762 4449 Κεχαρι-

504 4467 651 4522 intra
706 4467 992 4538 preprium
1038 4468 1463 4533 monasterium,
1514 4471 1734 4540 penitus
1789 4472 2068 4544 inaspecta

2179 4464 2403 4536 τωμένῃ
2447 4482 2550 4535 μου
2583 4466 2894 4538 Θεομήτορι
2937 4468 3377 4535 ἀνα-,τεθειμένων
3407 4469 3760 4538 μαναζονσῶν

504 4559 766 4614 omnibus
789 4560 1045 4628 personis
1070 4568 1312 4625 maneat,
1345 4560 1426 4615 sic
1462 4561 1596 4617 illud
1624 4563 1742 4633 lege
1769 4566 1966 4621 sancit.

583 4746 692 4800 Sed
739 4757 917 4812 neque
951 4743 1106 4812 iuxta
1152 4740 1508 4797 dirimentem
1553 4756 1775 4799 murum
1807 4745 2078 4803 enchore'

506 4853 637 4910 gum
671 4835 964 4892 exterioris
1010 4834 1149 4888 aula:
1208 4842 1264 4889 et
1309 4834 1629 4890 monasterii
1678 4835 1940 4903 ambitus,
1985 4847 2081 4894 aut

506 4945 674 4999 supra
708 4927 965 4984 eumdem
998 4926 1194 4981 domos
1238 4924 1517 4981 aediﬁcare
1542 4926 1754 4994 licebit,
1778 4938 1903 4999 post
1944 4945 2080 4986 mea:

505 5008 812 5089 maiestatis
840 5016 909 5072 ab
938 5016 1043 5071 hac
1071 5015 1179 5070 vita
1208 5015 1743 5086 transmigrationem
1765 5058 1780 5083 ,
1810 5034 1908 5074 nec
1927 5020 2075 5075 aliud

505 5110 787 5180 quidpiam
811 5107 879 5163 de
906 5123 1051 5163 novo
1093 5115 1418 5163 construere
1453 5124 1468 5161 :
1509 5108 1760 5177 quinimo
1805 5109 1858 5164 id
1906 5126 2077 5180 pror—

505 5216 601 5255 sus
634 5200 863 5254 vetitum
893 5207 998 5265 est,
1029 5207 1221 5269 utpote
1274 5199 1493 5254 volente
1528 5214 1649 5255 mea
1682 5201 1989 5269 maiestate,
2015 5211 2077 5258 ut

507 5291 649 5345 idem
697 5305 892 5343 murus
938 5290 1041 5343 sub
1086 5290 1280 5345 eadem
1330 5289 1507 5344 forma
1541 5301 1884 5359 perseveret,
1923 5302 1980 5347 et
2019 5295 2072 5349 in

507 5393 617 5447 quo
648 5388 794 5434 statu
833 5387 1088 5447 repertus
1131 5378 1317 5444 fuerit,
1346 5393 1455 5449 qua
1512 5378 1603 5435 die
1659 5379 1726 5432 ad
1768 5380 1937 5435 Deum
1985 5382 2075 5436 illa

504 5468 992 5538 migrarit;'utque
1032 5469 1235 5523 nullam
1277 5484 1514 5539 unquam
1554 5469 1932 5535 mutationem,
1959 5474 2075 5528 sive

505 5572 604 5626 per
651 5558 1121 5628 additamentum,
1173 5561 1289 5615 sive
1334 5576 1431 5629 per
1478 5561 1920 5617 imminutionem
1975 5565 2075 5618 ad-

504 5649 703 5704 mittat.

2179 4556 2456 4626 διαμένειν
2496 4558 2531 4627 ή
2556 4557 2812 4627 βασιλεία
2856 4576 2958 4628 μου
2992 4560 3476 4631 προμηθεμομένη,
3516 4562 3664 4615 οὕτω
3690 4563 3761 4617 τὰ

2182 4647 2312 4716 περὶ
2341 4647 2531 4703 τούτου
2565 4649 3051 4719 κατασφαλίζεται.

2263 4737 2403 4791 Ἀλλ’
2429 4739 2539 4793 οὐδ’
2566 4740 2660 4798 ἐπὶ
2689 4741 2767 4810 τῷ
2796 4741 3044 4812 διαιρέτῃ
3072 4741 3355 4811 ἐγχορήγῳ
3385 4740 3550 4811 τοίχῳ
3576 4740 3674 4809 τῆς
3699 4758 3761 4793 τε

2180 4827 2287 4893 ἔξω
2320 4830 2512 4901 αὐλῆς,
2545 4832 2639 4883 καὶ
2666 4831 2760 4884 τοῦ
2790 4831 2888 4901 τῆς
2929 4833 3097 4902 μονῆς
3139 4832 3444 4903 περιϐολίου
3477 4834 3761 4902 οἰκήματά

2179 4937 2322 4985 τινα,
2361 4921 2395 4991 ἢ
2432 4922 2930 4993 προσκολληθῆναι,
2977 4923 3009 4994 ἢ
3055 4923 3571 4994 ἐποικοδομηθῆναι,
3615 4928 3759 4993 μετὰ

2176 5012 2278 5081 τὴν
2313 5012 2412 5083 τῆς
2463 5013 2737 5083 βασιλείας
2781 5031 2883 5084 μου
2926 5016 2989 5067 ἐκ
3016 5014 3111 5071 τοῦ
3145 5015 3407 5085 παρόντος
3436 5014 3554 5084 βίου
3589 5017 3760 5083 μετά-

2180 5120 2395 5171 στασιν,
2420 5105 2452 5176 ἢ
2476 5105 2601 5159 ἀλλο
2629 5122 2680 5158 τι
2706 5105 3103 5179 νεουργηθῆναι
3131 5106 3193 5159 τὸ
3216 5105 3420 5159 οἱονοῦν
3440 5107 3762 5175 ἐκκεχωρη-

2181 5197 2341 5265 μὲνον
2373 5195 2584 5269 [ἐγκλ]
2612 5196 2764 5253 ἔσται
2787 5211 2799 5226 ·
2838 5198 3153 5252 παντάπασι
3184 5196 3240 5251 δὲ
3275 5196 3476 5265 μᾶλλον
3507 5193 3758 5249 κεκωλυ-

2179 5286 2361 5356 μένον,
2392 5287 2466 5348 ὡς
2491 5289 2587 5341 καὶ
2617 5288 2708 5342 τὸν
2741 5288 2981 5342 τοιοῦτον
3012 5290 3192 5359 τοῖχον
3216 5288 3312 5343 ἐπὶ
3342 5286 3435 5342 τοῦ
3467 5288 3758 5357 σχήματος

2175 5376 2269 5429 τοῦ
2309 5376 2474 5429 αὐτοῦ
2508 5376 2785 5445 διαμένειν
2827 5378 2927 5447 τῆς
2958 5377 3233 5448 βασιλείας
3265 5393 3365 5446 μου
3398 5376 3756 5447 βουλομένης.

2178 5471 2270 5521 καὶ
2300 5469 2391 5520 ἐπὶ
2421 5467 2517 5536 τῆς
2557 5469 2729 5538 αὐτῆς
2775 5470 3182 5533 καταστάσεως,
3212 5469 3281 5541 ἢν
3307 5469 3372 5524 ἂν
3402 5468 3654 5538 εὑρεθείη
3687 5471 3753 5536 τῇ

2176 5564 2359 5630 ἡμέρᾳ.
2398 5562 2497 5630 τῆς
2535 5560 2671 5627 πρὸς
2713 5561 2845 5613 Θεὸν
2894 5562 3064 5632 αὐτῆς
3115 5562 3402 5631 ἐκδημίας,
3445 5560 3606 5628 ἔχων,
3657 5560 3752 5610 καὶ

2179 5656 2304 5726 μηδ’
2363 5653 2649 5707 ὁποιανοῦν
2711 5652 2998 5707 ἀλλοίωσιν
3046 5655 3338 5720 ὀτεδήποτε
3386 5651 3670 5717 δέξασθαι,
3718 5651 3750 5719 ἦ

2176 5750 2318 5803 κατὰ
2356 5744 2759 5820 προσθήκην,ἢ
2799 5743 2937 5797 κατὰ
2973 5743 3181 5812 ὕφεσιν.
