4104 6200
381 303 522 367 1105

1835 296 2197 360 TYPICUM.

3499 291 3642 356 1106

382 419 663 491 ὑπεραγίᾳ
718 434 817 487 μου
856 415 1103 485 Θεοτόκῳ
1156 417 1224 484 τῇ
1264 414 1703 486 κεχαριτωμένη,
1751 416 1845 466 καὶ
1891 414 1957 482 τῇ

2082 427 2208 467 πιιοε
2237 412 2410 483 gratia
2450 410 2621 482 plenae
2642 416 2888 479 accepta,
2912 423 3033 479 qua:
3060 416 3254 463 vestra.-
3279 423 3500 478 quoque
3534 411 3642 464 uti-

379 512 621 583 ώφελείᾳ
649 509 802 579 ὑμῶν
832 508 931 560 οὐκ
980 507 1136 576 ὀλίγα
1163 507 1567 561 λυσιτελοῦντι.
1628 507 1787 575 Ὑμῖν
1817 505 1875 557 δὲ
1900 505 1959 558 τὸ

381 606 511 672 ἑξῆς
547 602 773 674 μελήσει
803 598 1039 667 φυλάξαι
1084 598 1525 669 ἀπαράθραυστά
1552 614 1610 650 τε
1635 599 1730 651 καὶ
1761 598 1961 666 ἀπερι-

381 698 580 765 ποίητα
634 692 794 762 μέχρι
833 692 1067 754 παντός·
1120 690 1264 758 λέγω
1317 691 1382 757 δὴ
1421 690 1481 742 τὸ
1536 689 1963 760 ἀπαραλείπτως

381 790 480 859 τὴν
507 786 911 855 παραδοθεῖσαν
942 784 1071 854 ὑμῖν
1116 781 1437 836 ἀκολουθίαν
1483 783 1725 835 ἐκτελεῖν
1765 784 1823 836 ὲν
1854 783 1962 836 πά-

382 892 503 938 σαις
535 876 657 937 ταῖς
688 873 938 940 συνάξεσι
964 889 978 902 °
1015 872 1076 925 τὸ
1114 873 1407 942 φυλάττειν
1456 873 1641 924 πίστιν
1677 874 1771 926 καὶ
1798 872 1964 943 τιμὴν

380 971 479 1038 τὴν
511 968 862 1037 ἁρμόζουσαν
883 969 1001 1028 ταῖς
1027 962 1404 1034 προεστώσαις
1429 964 1584 1031 ὑμῶν
1605 981 1619 995 ·
1643 966 1704 1017 τὸ
1727 965 1964 1035 ἀλλήλας

381 1061 631 1131 ἀγαπᾷν,
660 1060 752 1111 καὶ
782 1057 1106 1120 σπουδάζειν
1149 1058 1389 1129 ἑκάστην
1435 1059 1672 1129 ἑκάστης
1704 1038 1977 1129 προέχειν.

385 1156 444 1206 ὲν
491 1148 925 1222 μετριοφροσύνῃ
948 1164 961 1179 ο
1000 1151 1298 1219 συμπονεῖν
1324 1150 1379 1203 δὲ
1404 1151 1586 1213 πάσας
1617 1149 1872 1222 ἀλλήλαις
1906 1153 1964 1203 ἐν

385 1245 557 1297 πᾶσιν
586 1243 660 1306 ὡς
694 1241 812 1304 ἑνὸς
840 1240 975 1310 μέλη
1007 1241 1282 1314 σώματος,
1318 1243 1415 1295 καὶ
1444 1241 1515 1294 τὰ
1542 1241 1785 1311 ἀλλήλων
1830 1244 1964 1295 ἀνα-

389 1332 634 1403 πληροῦν
677 1332 1063 1400 ὑστερήματα·
1111 1330 1186 1403 μη
1238 1331 1373 1402 πρὸς
1412 1331 1561 1402 ἕρεις
1606 1333 1821 1403 ὀρμᾷν,
1887 1334 1964 1402 μὴ

390 1426 529 1495 πρὸς
560 1424 738 1493 φιλίας
791 1423 1080 1492 ἀπρεπεῖς,
1117 1424 1208 1475 καὶ
1258 1423 1682 1491 παρῖσυνὰξεις,
1726 1426 1818 1477 καὶ
1851 1423 1965 1493 σχί-

389 1532 611 1587 σματα·
670 1514 971 1585 ἀπέχεσθαι
1026 1514 1527 1586 πρωτοκαθεδρίας,
1586 1517 1829 1569 καὶτῶν
1875 1534 1966 1569 κο-

390 1607 607 1677 σμικῶν
663 1608 1050 1677 προτιμήσεων
1102 1619 1116 1634 ·
1151 1604 1287 1675 πρὸς
1339 1604 1398 1657 ἓν
1440 1605 1497 1658 δὲ
1533 1607 1697 1675 μόνον
1741 1607 1874 1677 όρᾷν
1908 1606 1968 1660 τὸ

358 1770 361 1773 _
387 1697 665 1766 ἑναρέτως
696 1692 797 1766 ζῇν
828 1695 1070 1765 δηλονότι
1108 1695 1200 1749 καὶ
1229 1694 1633 1759 πολιτεύεσθαι,
1672 1700 1765 1751 καὶ
1798 1699 1987 1768 μηδὲν.

385 1790 537 1854 ἄλλο,
569 1789 618 1841 εί
663 1787 911 1850 δυνατὸν,
945 1787 1226 1850 ἀναπνεῖν,
1275 1787 1307 1858 ἢ
1341 1787 1499 1855 λόγον
1536 1791 1822 1860 σωτήριον,
1874 1793 1967 1844 καλ⁵

389 1881 499 1933 πᾶν
532 1878 594 1932 τδ
628 1879 709 1942 είς
732 1878 1024 1949 οἰκοδομὴν
1051 1878 1316 1947 τυγχάνον
1340 1879 1518 1947 ψυχῆς
1550 1880 1643 1933 καὶ
1677 1880 1967 1949 ὠφέλειανο

388 1972 528 2042 πρὸς
557 1970 768 2034 τούτοις
798 1970 1062 2040 ἐξορίζειν
1091 1971 1183 2038 ἀφ’
1224 1970 1381 2039 ὑμῶν
1414 1971 1636 2024 πάντων
1658 1973 1763 2025 τῶν
1785 1974 1972 2027 κακῶν

392 2068 495 2134 τὴν
524 2064 727 2135 πηγὴν,
756 2064 855 2134 τὴν
894 2064 1331 2134 φιλοχρηματίαν
1378 2064 1543 2132 λέγω,
1580 2066 1673 2119 καὶ
1701 2067 1761 2120 τὸ
1795 2085 1972 2137 παρα-

394 2156 702 2226 κερδαίνειν
725 2156 833 2209 ἀπὸ
865 2155 963 2224 τῆς
988 2155 1182 2224 μονῆς,
1213 2156 1247 2226 ἢ
1290 2157 1479 2226 ἑτέρου
1516 2156 1610 2209 τοῦ
1645 2158 1975 2229 οίουδήτινος

394 2246 623 2316 τρόπου,
659 2247 751 2296 καὶ
771 2242 1087 2297 ἀποτιθέναι
1115 2244 1206 2296 καὶ
1230 2243 1587 2316 θησαυρίζειν
1614 2247 1741 2318 ἄχρι
1764 2249 1860 2301 καὶ
1879 2248 1973 2301 τοῦ

394 2342 670 2409 τυχόντος,
706 2339 765 2390 ὲν
791 2330 835 2404 ᾧ
875 2335 950 2406 μὴ
988 2336 1285 2406 ηὐῖόκησεν
1319 2337 1352 2407 η
1389 2339 1743 2407 προεστῶσα,
1766 2340 1903 2409 μήτε
1946 2342 1976 2394 ό

396 2430 569 2491 δοθεὶς
615 2429 745 2499 ὑμῖν
789 2428 983 2481 Κανών
1013 2428 1415 2499 συνεχώρησεν.
1466 2430 1541 2482 Οὐ
1575 2430 1681 2501 μὴν
1712 2430 1828 2484 ἀλλ’
1866 2431 1976 2485 οὐδ’

398 2519 459 2584 ἐξ
485 2520 767 2590 ἀμελείας,
800 2520 834 2590 ἦ
888 2535 1034 2581 τινος
1065 2520 1257 2590 ἑτέρας
1302 2524 1762 2592 καταφρονήσεως
1795 2524 1891 2594 seu
1921 2540 1977 2575 τι

398 2613 507 2664 τῶν
542 2611 641 2681 τῆς
679 2611 845 2682 μονῆς
873 2610 1348 2684 παραπόλλυσθαι.
1386 2609 1532 2665 Ἷσον
1554 2613 1662 2683 γὰρ
1689 2615 1782 2666 καὶ
1818 2613 1978 2667 τοῦτο

399 2703 479 2774 τῷ
504 2705 776 2774 προτέρῳ,
830 2705 933 2757 κάν
991 2722 1043 2757 τι
1073 2704 1355 2775 διαφέρειν
1390 2706 1544 2777 δοκῇ,
1592 2707 1687 2759 καὶ
1726 2708 1819 2777 τῆς
1854 2707 1977 2778 ῐσης

405 2798 598 2867 ὲνοχῆς
629 2797 780 2863 παρὰ
805 2796 884 2865 τῷ
911 2796 1030 2866 Θεῷ
1057 2797 1315 2866 πρόξενον
1342 2813 1356 2827 ·
1382 2798 1481 2869 τὴν
1513 2800 1824 2871 παρρησίαν
1881 2803 1978 2873 ὅση

398 2889 631 2960 δύναμις
661 2888 978 2952 ἐκκοπτέον,
1003 2890 1092 2941 καὶ
1129 2889 1214 2942 ἵνα
1246 2889 1482 2942 συνελὼν
1514 2892 1670 2957 εἴπω,
1707 2895 1816 2947 πᾶν
1849 2894 1876 2948 ὃ
1903 2896 1980 2967 μὴ

403 2983 490 3053 εῖη
516 2983 651 3052 πρὸς
693 2982 970 3051 σωτηρίαν
997 2981 1227 3052 όδηγοῦν
1260 2981 1603 3038 ἐκδιωκτέον.

477 3166 569 3238 Μὴ
594 3161 707 3232 οὖν,
744 3159 787 3219 ὦ
816 3164 1142 3235 τιμιώταταί
1182 3182 1285 3234 μου
1320 3167 1573 3238 μητέρες,
1613 3170 1880 3242 μηδαμῶς
1910 3177 1979 3231 τὰ

406 3259 711 3331 βλάπτοντα
741 3258 1192 3327 προτιμήσωμεν,
1216 3256 1284 3311 τὰ
1318 3259 1373 3311 δὲ
1406 3259 1653 3322 σώζοντα
1695 3244 2005 3335 παραδρά-’

408 3366 620 3420 μωμεν.
649 3347 782 3400 Οὐδὲ
818 3345 928 3417 γάρ
950 3363 1003 3397 τι
1035 3344 1143 3398 τῶν
1174 3345 1590 3415 παραδοθέντων
1621 3348 1750 3416 ὑμῖν
1779 3351 1980 3404 ἀδύναι-

405 3460 518 3501 τον,
564 3437 1095 3511 ἢδυσκατόρθωτον.
1148 3436 1211 3489 Ei
1265 3436 1320 3489 δὲ
1357 3436 1447 3489 καί
1494 3454 1548 3490 τι
1598 3439 1804 3495 τούτων
1851 3443 1982 3509 ῖσως

404 3531 647 3586 τοιοῦτον
678 3529 976 3601 νομίζοιτο,
1001 3528 1118 3582 ἀλλ’
1141 3528 1565 3598 ἀγωνισώμεθα,
1596 3531 1713 3585 ἀλλ’
1754 3534 1983 3603 ὑπομεί·

406 3637 607 3690 νωμεν,
638 3620 775 3674 ἀλλὰ
796 3619 1250 3691 καρτερήσωμεν,
1275 3618 1528 3689 φέρωμεν
1556 3624 1839 3690 γενναίως,
1864 3625 1983 3696 βια-

409 3713 632 3784 σώμεθα
675 3714 870 3784 μικρὸν
901 3714 1121 3776 ἑαυτάς.
1152 3711 1227 3765 Οὐ
1263 3714 1372 3783 γὰρ
1406 3713 1647 3779 ἀνέσεως
1689 3717 1855 3772 ἕνεκα
1889 3719 1985 3774 καὶ⁸

407 3807 619 3877 τρυφῆς
669 3806 761 3859 τὸν
791 3805 994 3874 κόσμον
1038 3804 1360 3859 κατελίπετε
1383 3845 1399 3870 ,
1449 3806 1586 3861 ἀλλὰ
1620 3810 1857 3879 σπουδῆς
1889 3813 1985 3866 καὶ

407 3898 640 3965 ἀγῶνος,
676 3896 736 3948 τδ
781 3895 924 3949 κατὰ
955 3895 1207 3966 δύναμιν,
1244 3896 1381 3967 πρὸς
1437 3898 1499 3952 τὸ
1549 3902 1730 3971 τυχεῖν
1773 3902 1880 3954 τῶν
1926 3905 1985 3959 ὲν

410 3989 768 4058 ἐπαγγελίαις
794 3987 1035 4057 ἀγαθῶν.
1055 3988 1377 4059 Βιασώμεθα
1419 3990 1511 4044 οὖν
1540 3993 1759 4055 ἑαυτὰς,
1787 3993 1988 4063 βιασώ-

415 4082 573 4151 μεθα.
619 4099 637 4131 ι
672 4078 875 4149 Βιαστὴ
908 4096 927 4129 ι
958 4079 1067 4149 γάρ
1108 4099 1126 4129 ι
1151 4081 1299 4134 ἐστιν
1331 4082 1363 4150 η
1394 4081 1642 4151 βασιλεία
1676 4082 1783 4136 τῶν
1818 4085 1987 4154 οὐρα-

366 4179 377 4189 ’
414 4173 543 4235 νῶν,
579 4172 676 4225 καὶ
703 4171 918 4241 βιασταὶ
961 4170 1302 4241 ἁρπάζουσιν
1334 4174 1527 4244 αὑτήν.
1566 4193 1586 4227 ι
1630 4175 1818 4239 Οὐδεὶς
1844 4178 1985 4248 ἀμε-

412 4262 524 4317 λῶν
545 4263 738 4327 ἔστησε
765 4265 1024 4333 τρόπαιον
1046 4279 1060 4293 ·
1090 4263 1268 4327 οὐδεὶς
1288 4264 1584 4321 ὑπνώττων
1607 4268 1703 4321 καὶ
1731 4269 1990 4339 ὀνειρώτ-

415 4373 526 4409 των
577 4355 668 4408 τὸν
720 4354 912 4408 ἑαυτοῦ
963 4354 1223 4425 πολέμιον
1283 4356 1656 4426 έτροπώσατο.
1732 4359 1989 4414 Ἐκείνων

2064 504 2202 559 litati
2231 519 2338 558 non
2375 518 2567 574 parum
2607 505 2916 557 conferant.
2950 501 3203 555 Vestrum
3234 500 3341 554 erit
3378 500 3641 571 deinceps

2063 610 2126 650 ea
2173 611 2393 665 semper
2438 596 2693 658 infracta,
2735 602 2790 648 et
2821 593 2973 647 nullo
3023 592 3400 646 additamento
3444 592 3642 647 affecta

2063 690 2345 745 custodire
2372 708 2387 748 :
2413 690 2538 744 dico
2567 698 2752 743 autem
2780 687 3040 741 traditum
3071 687 3224 741 vobis
3248 684 3489 741 cilicium
3521 686 3642 740 sine

2066 784 2364 837 emissione
2396 783 2450 836 in
2483 781 2740 835 onmibus
2780 779 3148 835 conventibus
3180 778 3494 848 persolvere
3527 795 3540 830 :
3576 778 3640 830 ﬁ-

2066 875 2190 929 dem
2243 883 2299 928 et
2346 874 2612 928 honorem
2658 849 2939 942 praefectis
2991 871 3193 926 vestris
3244 878 3642 940 congruentem

2067 980 2325 1030 servare;
2350 980 2449 1020 vos
2480 964 2715 1019 invicem
2753 979 2961 1026 amare,
2987 973 3043 1018 et
3072 963 3295 1018 studere
3324 969 3385 1016 ut
3414 961 3643 1031 singula:

2066 1054 2300 1124 singulis
2330 1054 2601 1109 modestia
2634 1054 2911 1109 anteeatis
2944 1070 2958 1105 :
2992 1052 3148 1123 quasi
3193 1052 3358 1105 unius
3396 1050 3644 1119 corporis

2067 1145 2315 1200 membra
2346 1144 2401 1199 in
2446 1145 2705 1199 omnibus
2755 1159 2957 1203 omnes
3003 1144 3269 1199 auxilium
3307 1155 3499 1199 mutuo
3541 1143 3645 1196 im-

2067 1237 2331 1309 pendere,
2382 1244 2440 1292 et
2482 1237 2602 1291 alia:
2649 1235 2882 1290 aliarum
2933 1235 3186 1291 delectus
3230 1236 3531 1305 supplere:
3574 1233 3643 1287 ad

2065 1329 2269 1401 iurgia.
2317 1328 2385 1384 ad
2436 1328 2760 1383 indecentes
2815 1328 3105 1392 amicitias,
3158 1328 3223 1382 ad
3274 1327 3645 1383 clandestinos

2068 1432 2397 1485 conventus,
2428 1428 2486 1475 et
2530 1420 2596 1475 ad
2639 1419 2866 1475 dissidia
2920 1434 3266 1489 nequaquam
3302 1417 3644 1489 procedere:

2069 1514 2346 1569 abstinere
2375 1529 2405 1568 a
2438 1512 2623 1569 studio
2657 1511 2861 1582 prioris
2888 1524 3203 1574 consessus,
3229 1519 3284 1563 et
3307 1525 3338 1562 a
3369 1506 3646 1564 saeculari-

2070 1609 2175 1663 bus
2215 1606 2621 1679 prmogativis;
2663 1615 2720 1660 et
2767 1604 2833 1659 ad
2885 1618 3053 1658 unum
3105 1603 3400 1672 respicere,
3449 1614 3647 1670 nempe

2073 1709 2134 1754 ιιι
2183 1701 2241 1754 in
2277 1700 2482 1754 virtute
2522 1698 2692 1752 vitam
2746 1696 3081 1767 transigatis,
3123 1703 3180 1749 et
3213 1694 3353 1749 nihil
3385 1692 3555 1756 aliud,
3599 1691 3645 1747 si

2076 1794 2192 1849 fieri
2232 1801 2455 1863 potest,
2492 1788 2777 1859 respiretis
2823 1803 2988 1857 quam
3039 1786 3266 1840 verbum
3299 1786 3563 1850 salutare,
3592 1794 3649 1839 et

2073 1886 2446 1956 quodcunque
2488 1882 2557 1939 ad
2584 1880 2779 1937 anima:
2815 1877 3233 1934 aedificationem
3267 1885 3322 1931 et
3352 1875 3649 1931 utilitatem

2075 1976 2356 2033 conducit.
2378 1974 2461 2030 Ad
2487 1974 2606 2028 haec
2634 1970 3004 2027 exterminare
3026 1983 3056 2022 a
3080 1967 3238 2022 vobis
3262 1966 3509 2021 omnium
3541 1979 3653 2019 ma-

2075 2073 2256 2126 lorum
2292 2069 2525 2132 fontem,
2561 2064 2812 2136 pecuniae
2858 2060 3216 2131 cupiditatem
3248 2057 3394 2123 dico,
3429 2066 3487 2113 et
3524 2072 3653 2113 sor-

2079 2161 2270 2217 didum
2301 2159 2546 2222 lucrum,
2591 2172 2622 2212 e
2661 2151 2982 2210 monasterii
3017 2151 3207 2219 rebus,
3243 2158 3340 2205 aut
3367 2149 3477 2204 alio
3512 2164 3653 2219 quo-

2078 2253 2162 2307 vis
2195 2250 2361 2306 modo
2396 2250 2641 2313 factum;
2694 2262 2797 2302 nec
2828 2244 3129 2316 quidquam
3166 2241 3522 2313 quantumvis
3554 2240 3655 2295 mi-

2078 2346 2291 2399 nimum
2331 2341 2637 2397 recondere
2681 2347 2739 2394 et
2773 2336 3170 2400 thesaurizare,
3201 2333 3347 2404 quod
3382 2330 3655 2404 praelecta:

2078 2452 2192 2492 non
2219 2434 2465 2498 libuerit,
2486 2441 2543 2488 et
2573 2431 2778 2503 Regula
2801 2429 2961 2484 vobis
2993 2426 3192 2483 tradita
3220 2440 3331 2480 non
3359 2438 3653 2480 concesse-

2079 2528 2185 2595 rit;
2236 2527 2333 2583 sed
2380 2540 2482 2581 nec
2530 2524 2743 2579 incuria
2772 2531 2868 2578 aut
2893 2522 3002 2576 alio
3032 2510 3291 2592 quopiam
3327 2526 3651 2588 contemptu

2080 2619 2266 2675 sinere
2313 2616 2522 2687 aliquid
2559 2614 2881 2671 monasterii
2928 2613 3216 2684 deperire;
3257 2612 3467 2682 aequale
3505 2610 3656 2665 enim

2083 2711 2190 2765 hoc
2217 2718 2303 2765 est
2325 2708 2420 2763 illo
2445 2707 2648 2778 priori;
2676 2722 2739 2761 ac
2767 2705 2897 2760 licet
2924 2704 2979 2758 in
3007 2704 3194 2774 aliquo
3221 2702 3444 2758 diﬂ‘erre
3474 2700 3657 2755 videa-

2085 2812 2193 2867 tur,
2231 2801 2350 2873 pari
2386 2809 2567 2856 tamen
2608 2814 2748 2853 noxa
2777 2797 2921 2867 apud
2957 2798 3128 2851 Deum
3160 2794 3495 2865 obstringit:
3524 2807 3661 2847 con-

2085 2895 2312 2952 ﬁdentia
2346 2903 2614 2965 quantum
2664 2891 2785 2945 ﬁeri
2833 2897 3017 2961 potest
3051 2888 3291 2943 arcenda
3336 2896 3441 2950 est,
3477 2895 3552 2949 et,
3607 2893 3661 2940 at

2084 2986 2398 3042 summatim
2435 2984 2634 3048 dicam,
2667 2980 2940 3053 quidquid
2970 2980 3038 3035 ad
3070 2979 3301 3034 salutem
3337 2993 3447 3033 non
3485 2976 3663 3037 ducit,

2083 3077 2508 3136 eﬂnﬁnandunn

2157 3170 2485 3228 Nullatenus
2536 3168 2725 3238 igitur,
2760 3162 3201 3219 honoratissimae
3246 3170 3452 3216 matres
3502 3175 3658 3224 mem,

2086 3276 2209 3330 qua:
2251 3264 2456 3314 nocent
2502 3255 2679 3327 pluris
2724 3253 3013 3317 faciamus,
3047 3260 3103 3307 et
3141 3266 3263 3322 qua:
3306 3251 3375 3305 ad
3425 3252 3660 3306 salutem

2086 3351 2381 3407 conferunt
2406 3345 2915 3417 praetermittamus.
2942 3343 3094 3398 Nihil
3136 3343 3285 3398 enim
3314 3357 3506 3397 eorum
3539 3357 3664 3411 qua:

2088 3443 2248 3499 vobis
2286 3440 2488 3498 tradita
2528 3446 2660 3493 sunt
2691 3435 3034 3507 impossibile
3072 3442 3158 3489 est
3184 3441 3281 3489 aut
3312 3432 3382 3488 ad
3426 3447 3663 3487 exsecu-

2090 3537 2295 3591 tionem
2327 3532 2593 3597 arduum;
2629 3530 2675 3585 si
2709 3528 2845 3600 quid
2890 3542 3024 3583 vero
3073 3526 3297 3582 illorum
3347 3523 3663 3597 bujusmodi

2088 3626 2232 3683 forte
2262 3633 2574 3696 reputetur,
2608 3634 2666 3677 at
2689 3621 3059 3686 decertemus,
3092 3626 3148 3674 at
3179 3618 3572 3679 sustineamus,
3606 3626 3665 3670 at

2091 3732 2533 3789 perseveremus,
2573 3714 2818 3771 feramus
2849 3727 3138 3784 generose,
3181 3711 3468 3783 paululum
3506 3709 3666 3764 nobis

2093 3813 2227 3883 ipsis
2260 3812 2374 3867 vim
2428 3809 2753 3865 inferamus.
2807 3806 2930 3863 Non
2963 3808 3112 3861 enim
3164 3805 3524 3860 relaxationis
3571 3811 3668 3857 aut

2091 3904 2389 3975 voluptatis
2412 3917 2576 3958 causa
2607 3899 2874 3956 mundum
2901 3897 3226 3968 reliquistis,
3244 3897 3339 3951 sed
3369 3896 3666 3966 diligentiae

2093 4004 2150 4051 et
2185 3996 2504 4050 certaminis
2543 4009 2645 4064 pro
2677 3991 2913 4054 viribus,
2946 3998 3008 4045 ιιι
3037 3987 3308 4060 promissa
3338 3986 3482 4040 bona
3511 4000 3666 4041 asse-

2095 4087 2367 4158 quamini.
2385 4087 2506 4143 Vim
2533 4086 2702 4156 igitur
2730 4083 2892 4138 nobis
2915 4081 3240 4146 inferamus,
3256 4079 3393 4143 vim,
3419 4079 3663 4149 inquam,

2095 4180 2418 4235 inferamus.
2465 4195 2484 4229 ι
2530 4177 2778 4245 Regnum
2822 4174 2969 4229 enim
2996 4173 3265 4229 caelorum
3296 4172 3409 4227 vim
3436 4171 3664 4242 patitur,

2096 4281 2152 4327 et
2180 4270 2406 4325 violenti
2441 4267 2665 4338 rapiunt
2696 4266 2832 4321 illud
2857 4267 2925 4319 ".
2963 4283 2981 4317 ι
3010 4264 3203 4319 Nullus
3239 4264 3520 4336 negligens
3554 4272 3668 4317 tro-

2096 4361 2312 4432 pbzeum
2333 4359 2546 4415 erexit:
2571 4372 2733 4413 nemo
2759 4355 3039 4411 dormiens
3060 4364 3116 4411 et
3144 4356 3425 4412 somnians
3452 4356 3665 4411 hostem

417 4449 554 4500 εἰσιν
582 4450 651 4514 οῖ,
679 4447 932 4515 στέφανοι
967 4447 1059 4500 καὶ
1093 4446 1159 4500 τὰ
1190 4449 1452 4518 τρόπαια,
1488 4450 1597 4503 τῶν
1645 4451 1979 4518 κοπιώντων,

2097 4467 2257 4509 ειιιιιιι
2288 4450 2620 4522 profligavit.
2674 4449 2904 4505 Coronae
2940 4455 3005 4503 .et
3054 4457 3255 4517 tropzea
3297 4447 3668 4502 laborantium

414 4539 525 4592 τῶν
579 4535 1015 4606 ἀγωνιζομένων,
1063 4537 1174 4590 τῶν
1228 4538 1611 4607 ὑπομενόντων
1660 4542 1729 4595 τὰ
1771 4544 1837 4596 ὲκ
1884 4544 1995 4597 τῶν

417 4630 646 4699 ἀγώνων
697 4632 1007 4701 πονήματα.
1044 4649 1062 4682 ι
1103 4631 1202 4684 Διά
1245 4631 1458 4685 πολλῶν
1492 4631 1744 4702 θλίψεων,
1775 4653 1793 4685 ι
1830 4636 1996 4705 φησὶν

419 4722 447 4772 ό
480 4721 705 4790 Κύριος,
766 4739 784 4771 ι
835 4721 915 4772 δεῖ
944 4722 1089 4790 ἡμᾶς
1139 4718 1405 4773 εἰσελθεῖν
1452 4721 1533 4785 είς
1576 4722 1676 4791 τὴν
1719 4722 1996 4791 βασιλείαν

419 4812 527 4864 τῶν
577 4811 843 4882 οὐρανῶν.
883 4831 902 4864 ι
968 4813 1161 4866 Τοίνυν
1219 4813 1525 4878 παρακαλῶ
1586 4814 1767 4877 πάσας
1826 4814 1991 4885 ὑμᾶς,

422 4903 587 4967 ἀξίως
619 4903 922 4973 πορεύθητε
957 4903 1057 4972 τῆς
1106 4904 1353 4976 κλήσεως
1395 4905 1569 4976 ὑμῶν.
1595 4907 1996 4977 Παραστήσατε

420 4997 488 5048 τὰ
515 4995 742 5065 σώματα
766 4997 918 5067 ὑμῶν
943 4996 1073 5065 ἆγια
1110 4997 1190 5065 τῷ
1213 4998 1403 5068 Κυρίῳ
1419 5014 1435 5031 ο
1460 4998 1712 5065 ἀγαπᾶτε
1740 4996 1994 5066 ἀλλήλας.

426 5106 445 5135 ι
462 5088 653 5149 Καλῶς
682 5089 903 5159 τρέχετε
930 5090 1021 5142 τὸν
1038 5091 1400 5161 προκείμενον
1427 5090 1553 5159 ὑμῖν
1587 5089 1796 5158 ἀγῶνα.
1820 5108 1839 5141 ι
1861 5091 2002 5143 Ὅσα

423 5181 585 5242 καλὰ,
616 5181 718 5234 ὅσα
774 5180 1017 5252 θεοφιλῆ,
1049 5182 1223 5236 ταῦτα
1274 5182 1591 5249 λογίζεσθε·
1640 5182 1677 5236 ἃ
1728 5184 2003 5259 ἠκούσατε

423 5271 521 5325 καὶ
549 5270 806 5339 ἐμάθετε,
838 5272 1010 5325 ταῦτα
1059 5274 1235 5326 ποιεῖν
1272 5273 1346 5343 μὴ
1374 5272 1710 5342 ἀπόσχησθε,
1765 5274 2002 5343 μητέρες

422 5363 601 5427 ἅγιαι,
656 5362 685 5413 ό
736 5361 927 5431 καιρὸς
973 5362 1404 5433 συνεσταλμένος
1449 5365 1584 5429 ἐστι,
1631 5363 2001 5434 μνημονεύετε

423 5453 533 5505 τῶν
566 5451 755 5522 ψυχῶν
783 5452 957 5523 ὑμῶν.

510 5541 671 5595 Ἀλλὰ
700 5542 809 5613 γὰρ
862 5544 1217 5607 ἐπιλαθέσθαι
1269 5545 1423 5601 ἔοικα
1468 5546 1714 5617 ἐμαυτῆς
1768 5547 1996 5601 τοιαῦτα

2095 4554 2247 4611 sunt,
2279 4543 2634 4607 certantium,
2666 4552 2722 4597 et
2743 4540 3139 4598 sustinentium
3165 4540 3385 4594 labores
3409 4538 3668 4593 certami-

2097 4654 2256 4693 num.
2308 4654 2326 4688 ι
2380 4634 2486 4691 Per
2530 4635 2733 4690 multas
2788 4634 3207 4696 tribulationcs,
3246 4630 3323 4686 ait
3380 4632 3666 4689 Dominus,

2097 4738 2318 4801 oportet
2347 4744 2450 4784 nos
2477 4728 2684 4783 intrare
2714 4727 2768 4781 in
2794 4741 3020 4797 regnum
3045 4727 3310 4781 cwlorum
3335 4724 3400 4777 ³ο.
3431 4740 3450 4773 ι
3481 4721 3670 4789 itaque

2102 4837 2202 4877 vos
2246 4836 2439 4877 omnes
2473 4820 2758 4882 adhortor,
2800 4836 2817 4869 ι
2856 4830 2916 4873 ιιι
2962 4818 3126 4889 digne
3161 4814 3457 4872 ambuletis
3507 4828 3671 4867 voea-

2103 4914 2253 4969 tione
2283 4921 2467 4968 vestra
2492 4913 2560 4965 ³¹.
2597 4930 2617 4963 ι
2661 4908 2931 4965 Exhibete
2965 4924 3199 4979 corpora
3248 4915 3429 4962 vestra
3482 4914 3669 4959 sancta

2103 5004 2377 5060 Domino:
2417 5021 2435 5054 ι
2474 5003 2621 5057 Bene
2664 5000 2874 5056 currite
2924 5000 3266 5071 prepositum
3305 4997 3463 5052 vobis
3496 5004 3674 5050 certa-

2100 5112 2227 5151 men
2258 5096 2324 5151 ”.
2368 5114 2387 5146 ι
2414 5095 2768 5165 Quaecunque
2800 5094 2967 5157 bona,
3001 5107 3341 5161 qumcunque
3372 5091 3484 5144 Deo
3514 5103 3673 5143 acce-

2098 5196 2213 5259 pta,
2240 5187 2356 5244 haec
2387 5188 2626 5257 cogitate
2650 5206 2664 5241 :
2694 5202 2814 5257 qua:
2834 5185 3124 5239 audivistis
3149 5195 3206 5239 et
3234 5182 3528 5244 didicistis,
3558 5180 3675 5233 ha-e

2098 5280 2325 5350 exsequi
2349 5296 2419 5334 ne
2447 5279 2919 5341 cessetis,sanct:e
2951 5287 3173 5341 matres,
3211 5294 3229 5326 ι
3269 5282 3485 5343 tempus
3507 5272 3675 5327 breve

2101 5379 2187 5425 est
2208 5370 2280 5439 ³³,
2317 5389 2334 5422 ι
2366 5378 2697 5424 mementote
2720 5369 3030 5423 animarum
3062 5375 3393 5421 vestrarum.

2176 5547 2284 5602 Sed
2326 5546 2496 5601 oblita
2568 5546 2673 5601 mei
2712 5544 2887 5616 ipsius
2912 5544 3125 5607 videor,
3187 5558 3308 5613 quas
3336 5556 3433 5597 vos
3489 5538 3679 5595 isthaec

497 5726 544 5757 “
581 5722 774 5780 Matth.
801 5742 879 5792 xt,
913 5726 998 5781 12.
1081 5728 1125 5761 “
1157 5726 1282 5783 Act.
1320 5728 1548 5797 xtv,2l.
1624 5729 1669 5763 "
1701 5730 1902 5799 Ephes.
1940 5744 2014 5795 tv,
2051 5730 2102 5783 ι.
2177 5729 2221 5762 ³³
2254 5728 2422 5783 Hebr.
2460 5745 2554 5796 xu,
2590 5729 2639 5785 l.
2720 5727 2763 5761 ³³
2796 5727 2818 5783 ι
2856 5727 2985 5783 Cor.
3015 5740 3121 5790 vn,
3148 5724 3238 5778 29.
