4104 6200
380 244 547 331 nos

1857 239 2214 302 TYPICUM.

3526 236 3667 303 ιιιο

406 356 637 409 ἐλπίδων
668 373 790 425 μου,
829 352 961 423 πρὸς
982 352 1080 416 τὰς
1113 343 1605 422 αἱωνίους’μετέ6η
1640 352 1865 423 σκηνὰς,
1890 351 1985 405 καὶ

2089 332 2375 417 sperabam
2404 358 2580 419 rapta,
2610 351 2905 413 adaterna
2934 348 3287 404 tabernacula
3314 350 3670 418 transmigra-

403 446 472 522 ἦν
502 451 799 516 ἀναγκαῖον
846 447 904 498 τὸ
927 440 1265 516 διορίσασθαι
1296 444 1396 512 τὴν
1443 445 1719 512 βασιλείαν
1749 462 1851 513 μου
1885 444 1979 497 καὶ

405 543 503 597 ἐπὶ
532 544 742 602 τούτοις
767 538 826 592 τὸ
851 537 1042 591 δοκοῦν
1070 539 1207 608 αὐτῇ
1228 554 1240 567 °
1273 536 1434 590 τοῦτο
1464 536 1527 607 δὴ
1561 538 1655 589 καὶ
1690 536 1848 598 ποιῶ,
1887 534 1982 588 καὶ

404 634 734 704 διορίζομαι,
770 631 857 684 ἵνα
890 631 1028 701 μετὰ
1075 631 1172 700 τὴν
1197 630 1335 700 ἐμὴν
1371 628 1464 682 τοῦ
1496 630 1620 698 τῇδε
1648 627 1763 696 βίου
1819 630 1985 698 μετά-

410 745 620 789 στασιν,
648 725 856 795 κατέχῃ
889 724 984 777 καὶ
1012 724 1244 793 νέμηται
1272 724 1303 792 ἡ
1327 720 1679 787 ποθεινοτάτη
1719 738 1819 790 μου
1853 737 1984 789 πορ-

410 815 812 886 φυρογέννητος
837 814 929 866 καὶ
965 813 1314 881 Καισάρισσα
1361 809 1503 881 κυρὰ
1534 811 1699 863 Ἀννα
1726 812 1884 880 ἄχρις
1917 810 1982 864 ἂν

405 910 473 978 ζῇ
505 907 647 961 κατὰ
667 908 729 960 τὸ
756 905 1052 968 ἀκώλυτον,
1080 904 1141 956 οὐ
1175 902 1336 973 μόνον
1366 903 1428 955 τά
1460 903 1633 957 πάντα
1666 903 1851 956 κελλία
1884 904 1984 955 αὐ-

405 1002 528 1070 τῆς,
566 1001 623 1052 ἐν
648 996 728 1062 οἷς
755 1000 849 1051 καὶ
879 997 1061 1066 ζώσης
1088 994 1223 1066 ἐμοῦ
1250 996 1347 1068 τὴν
1379 995 1693 1068 καταμονὴν
1723 997 1979 1058 ἐποιεῖτο,

407 1088 544 1142 ἀλλὰ
567 1088 631 1158 δὴ
666 1089 759 1141 καὶ
781 1087 959 1147 πάντα
983 1088 1050 1139 τὰ
1081 1087 1138 1137 ἐν
1167 1089 1234 1157 τῇ
1274 1086 1705 1160 Κεχαριτωμένῃ
1752 1087 1986 1157 οίκήμα-

409 1197 501 1242 τα,
530 1180 630 1232 ὅσα
662 1176 903 1246 δηλονότι
949 1175 1028 1238 είς
1060 1176 1253 1245 χρῆσιν
1286 1176 1533 1246 ὑπῆρχον
1575 1177 1674 1245 τῆς
1705 1175 1983 1246 βασιλείας

414 1288 540 1341 μου,
574 1271 666 1323 καὶ
706 1269 807 1323 τῶν
835 1269 1043 1323 παίδων
1069 1268 1164 1321 καὶ
1189 1268 1297 1322 τῶν
1329 1270 1654 1340 ὑποχειρίων
1694 1270 1853 1339 ἡμῶν
1895 1271 1987 1324 ἀν-

409 1363 553 1431 δρῶν
596 1379 654 1416 τε
703 1362 794 1415 καὶ
840 1361 1136 1428 γυναικῶν,
1172 1362 1271 1415 σὺν
1306 1364 1373 1433 τῇ
1426 1362 1531 1427 ἔξω
1559 1362 1716 1432 αὐλῇ,
1767 1365 1832 1433 τῇ
1863 1364 1982 1415 κατ’

411 1454 626 1506 εὐθεῖαν
658 1453 883 1523 κειμένῃ
924 1452 1021 1522 τῆς
1071 1453 1218 1515 ἐντὸς
1249 1453 1419 1522 αὐλῆς
1460 1453 1567 1506 τῶν
1604 1453 1986 1508 πολυτελεστέ-

412 1562 521 1613 ρων
555 1544 885 1614 οἰκημάτων.
915 1545 1049 1614 napi
1080 1545 1190 1614 γὰρ
1219 1545 1317 1613 τῆς
1343 1545 1512 1615 ἄλλης
1548 1545 1717 1614 αὐλῆς
1744 1546 1777 1617 ἢ
1809 1546 1987 1612 ἀμπε-

408 1634 517 1690 λών
540 1653 667 1689 ποτε
696 1637 1111 1707 χρηματίζουσα
1140 1640 1220 1701 είς
1240 1638 1410 1709 αὐλὴν
1444 1638 1817 1708 μετημείφθη,
1851 1655 1986 1708 κρα-

406 1724 563 1792 τήσει
593 1724 624 1791 ἡ
657 1724 785 1794 περὶ
811 1724 978 1791 αὐτῆς
1006 1727 1137 1793 παρ’
1162 1726 1296 1795 ἐμοῦ
1321 1729 1662 1797 γενησομένη
1692 1729 1982 1798 ὁτεδήττοτε

405 1812 684 1883 ἔγγραφος
712 1816 1026 1885 πρόσταξις.
1061 1818 1181 1870 Ἔτι
1208 1836 1272 1886 γε
1293 1819 1402 1889 μὴν
1436 1822 1530 1873 καὶ
1550 1824 1649 1891 τὴν
1682 1821 1983 1890 ἐκκλησίαν

406 1902 502 1955 τοῦ
529 1904 688 1971 ἀγίου
722 1907 1058 1975 Δημητρίου,
1103 1907 1199 1959 σὺν
1248 1909 1358 1970 τοῖς
1411 1908 1533 1961 δυσὶ
1568 1907 1836 1980 λουτροῖς,
1888 1911 1984 1964 καὶ

405 1998 473 2066 τῇ
501 1996 661 2066 τρίτῃ
692 1996 875 2068 μερίδι
913 1997 1005 2050 τοῦ
1050 1999 1408 2069 εἰσαγομένου
1449 2002 1507 2053 ὲν
1533 2003 1644 2065 τοῖς
1674 2001 1773 2073 τῆς
1812 2003 1983 2073 μονῆς

411 2086 609 2157 βρυτοῦ
633 2086 845 2153 ὕδατος,
870 2089 1051 2153 καθὼς
1073 2091 1315 2161 δηλονότι
1337 2092 1464 2161 παρ’
1483 2093 1617 2162 ἐμοῦ
1641 2094 1984 2163 κατέχονται,

411 2176 705 2245 ὀφείλουσα
735 2179 916 2232 πᾶσαν
953 2177 1097 2249 ἔχειν
1124 2180 1310 2235 ἄδειαν
1350 2180 1447 2234 καὶ
1490 2182 1554 2235 ὲκ
1600 2184 1793 2254 καινῆς
1823 2184 1985 2255 ἔτερα

408 2266 684 2337 οἰκήματα
719 2267 1056 2339 ἀνεγείρειν,
1102 2266 1188 2322 οἷα
1217 2271 1489 2341 βούλεται,
1534 2274 1626 2327 καὶ
1662 2274 1729 2328 τὰ
1754 2275 1884 2328 ὄντα
1915 2277 1984 2330 τά

407 2373 470 2410 τε
514 2358 816 2412 δεσποτικὰ
845 2362 940 2413 καὶ
967 2361 1034 2414 τὰ
1071 2360 1206 2415 ἄλλα
1234 2362 1480 2416 ἀλλοιοῦν
1515 2362 1591 2427 ὡς
1640 2362 1706 2418 ἂν
1740 2366 1983 2435 αίρῆται,

411 2447 509 2500 καὶ
537 2451 851 2517 μεταποιεῖν
875 2451 956 2514 είς
984 2450 1012 2504 ὃ
1042 2450 1186 2504 θέλει
1217 2452 1437 2523 σχῆμα·
1469 2455 1628 2507 τοῦτο
1676 2457 1835 2526 μόνον
1882 2475 1986 2510 πα-

412 2535 853 2607 ραφυλάττουσα,
886 2539 946 2592 τὸ
978 2541 1115 2609 μήτε
1162 2541 1328 2612 βάρος
1359 2543 1478 2597 νέον
1506 2543 1822 2616 οίονδήποτε
1864 2547 1986 2601 ἐπι-

408 2627 585 2683 θεῖναι
608 2628 687 2700 τῷ
717 2629 963 2703 διαιρέτῃ
990 2631 1153 2703 τοίχῳ
1174 2633 1503 2705 ἀμφοτέρων
1524 2635 1633 2688 τῶν
1669 2635 1867 2705 μονῶν.
1891 2637 1986 2691 τοῦ

412 2735 471 2771 τε
502 2719 885 2791 Φιλανθρὼπου
936 2722 1161 2793 δηλαδὴ,
1208 2724 1303 2776 καὶ
1356 2723 1457 2795 τῆς
1502 2725 1987 2799 Κεχαριτωμένης,

415 2811 554 2882 μήτε
586 2811 692 2883 μὴν
718 2815 1044 2868 κατοπτείαν
1068 2814 1213 2886 ἔχειν
1240 2816 1358 2869 κατ’
1389 2816 1588 2872 αὐτῶν.

483 2902 636 2955 Μετὰ
668 2903 724 2956 δὲ
776 2904 1105 2975 παρέλευσιν
1147 2906 1336 2977 αὐτῆς,
1374 2906 1462 2961 ἵνα
1503 2908 1601 2980 ἔχῃ
1649 2908 1749 2979 τὴν
1794 2910 1988 2981 χρῆσιν

418 2992 514 3045 καὶ
568 2995 804 3065 κατοχὴν
832 2996 926 3050 καὶ
954 2997 1124 3067 νομὴν
1170 2997 1277 3050 τῶν
1317 2999 1825 3069 ἀναγεγραμμένων
1857 3001 1990 3054 πάν-

412 3102 523 3138 των
574 3086 843 3155 ἀκινήτων
882 3089 977 3141 καὶ
1015 3088 1225 3143 λοιπῶν
1270 3089 1518 3154 δικαίων,
1559 3093 1591 3161 ἡ
1630 3094 1987 3164 ποθεινοτάτη

421 3195 525 3248 μον
581 3178 779 3249 ὲγγόνη
818 3180 961 3249 κυρά
1012 3181 1282 3252 Εἰρήνηή
1338 3182 1630 3247 Δυύκαινα,
1670 3184 1702 3251 ἡ
1741 3185 1989 3254 Θυγάτηρ

416 3269 518 3337 τῆς
554 3271 724 3338 κυρᾱς
775 3271 996 3339 ’Λννης,
1040 3272 1178 3325 κατά
1207 3273 1266 3325 τὸ
1318 3273 1663 3328 ἀδιάστικτον
1696 3276 1787 3327 καὶ
1820 3277 1990 3328 ἀνυπ-

418 3363 701 3433 εξαίρετον
721 3382 736 3396 ο
772 3365 935 3435 μόνον
980 3366 1348 3435 καταλυθῆναι
1378 3367 1701 3436 ὀφειλόντων
1735 3368 1871 3437 μετά
1893 3368 2021 3437 τὴν.

415 3456 512 3507 τοῦ
541 3458 665 3528 τῇδε
700 3456 817 3527 βίου
852 3459 1189 3527 μετάστασιν
1219 3459 1315 3528 τῆς
1349 3459 1863 3529 πορφυρογεννήτου
1899 3476 1994 3510 κυ-

420 3548 519 3619 ρεῖς
552 3550 773 3620 Ἀννης,
808 3552 914 3602 τῶν
968 3548 1393 3623 ἀπῃωρημένων
1422 3552 1742 3619 οἰκημάτων
1794 3548 1994 3613 ἔξωθεν

415 3639 510 3692 τοῦ
541 3640 815 3711 διαιρέτου
868 3641 1072 3709 τοίχου,
1114 3641 1209 3694 καὶ
1258 3638 1678 3695 ἀποϐλεπόντων
1714 3640 1851 3710 πρὸς
1900 3642 1993 3695 τὸν

416 3732 596 3799 κῆπον
624 3731 721 3800 τῆς
750 3730 842 3783 τοῦ
885 3730 1275 3800 Φιλανθρώπου
1311 3732 1496 3801 μονῆς,
1529 3733 1585 3784 ὲν
1620 3724 1699 3795 οἷς
1750 3731 1992 3803 δηλονότι

420 3826 665 3891 σήμερον
706 3822 1001 3891 καταμένει
1056 3822 1089 3890 ἡ
1129 3821 1429 3892 δηλωθεῖσα
1451 3822 1987 3893 πορφυρογέννητος,

410 3913 721 3979 ὀφείλοντος
769 3914 865 3965 τοῦ
920 3912 1163 3966 τοιούτου
1215 3913 1395 3983 τοίχου
1450 3913 1733 3982 ὑψωθῆναι
1782 3914 1878 3968 καὶ
1911 3913 1990 3967 ἔτι

417 4003 757 4073 πήχειςιδύο.
801 4003 956 4057 Μετά
981 4004 1037 4056 δὲ
1092 4004 1351 4071 τελευτὴν
1378 4004 1480 4074 τῆς
1511 4007 1682 4075 κυρᾶς
1730 4005 1989 4076 Είρὴνης,

415 4097 466 4147 εί
499 4095 597 4163 μὲν
638 4096 731 4147 ἐπὶ
757 4095 992 4167 διαθήκῃ
1018 4095 1245 4167 τελευτᾷ
1294 4097 1327 4166 ἡ
1362 4097 1543 4168 μήτηρ
1582 4097 1749 4167 αὐτῆς
1784 4098 1818 4168 ἡ
1860 4114 1993 4167 nop—

420 4185 841 4257 φυρογέννητος,
864 4186 950 4239 ἴνα
972 4205 1043 4240 πα
1053 4187 1321 4259 ραπέμπῃ
1336 4188 1581 4241 ταῦτάτε
1602 4189 1671 4241 τά
1692 4190 1990 4244 δεσποτικά

417 4276 716 4345 οἰκήματα,
772 4278 864 4329 καὶ
895 4276 1079 4339 λοιπὰ,
1124 4278 1206 4340 εἰς
1234 4271 1351 4330 οἷον
1374 4277 1440 4330 ἂν
1469 4279 1678 4349 αίροττο
1713 4278 1825 4332 τῶν
1863 4280 1990 4333 παί-

2086 439 2177 503 rit,
2211 448 2269 493 et
2299 455 2526 495 necesse
2559 440 2745 506 fuerit,
2777 451 2836 496 ut
2864 440 3157 510 imperium
3206 454 3387 494 meum
3442 439 3511 493 de
3557 440 3666 494 illis

2083 546 2303 602 quoque
2337 541 2621 595 statueret,
2647 535 2792 604 quod
2824 532 2929 588 sibi
2955 533 3134 586 visum
3161 542 3307 587 esset
3339 549 3352 584 :
3392 530 3661 589 ideﬂicio.

2084 632 2138 675 et
2160 632 2341 676 statuo
2363 631 2420 676 ut
2447 632 2569 694 post
2610 639 2788 677 meum
2828 639 2897 678 ex
2923 623 3027 678 hac
3057 624 3167 677 vita
3217 623 3544 686 discessum,
3575 621 3663 676 di-

2084 713 2378 768 lectissima
2414 730 2529 769 mea
2561 715 3023 786 pOrphyrogenita
3048 726 3105 769 et
3133 712 3430 770 Caesarissa
3457 714 3660 769 domna

2085 804 2443 870 Anna,nuiio
2506 806 2761 861 obstante
2824 807 2913 861 illa
2961 807 3211 861 olztincat
3273 815 3329 861 et
3392 805 3667 877 possideat

2085 897 2261 952 donec
2292 898 2514 968 vixerit,
2573 915 2683 954 non
2724 901 2900 955 solum
2951 898 3145 955 dmnes
3202 900 3368 955 cellas
3410 915 3560 962 suas,
3613 899 3669 951 in

2084 991 2309 1061 quibus,
2343 1007 2429 1046 me
2461 1007 2680 1061 quoque
2715 993 2955 1058 vivente,
3015 992 3338 1057 habitabat,
3376 992 3470 1046 sed
3502 990 3666 1046 etiam

2085 1079 2267 1134 omnia
2302 1095 2423 1149 qua:
2448 1079 2501 1133 in
2535 1079 2999 1136 Kecharitomcne
3032 1096 3127 1136 seu
3162 1079 3541 1151 Gratia-plena
3574 1095 3669 1134 ex-

2086 1180 2232 1225 stant
2261 1171 2562 1235 domicilia,
2619 1189 2963 1243 quaecunque
3019 1173 3280 1228 videlicet
3336 1173 3455 1226 usui
3512 1171 3668 1226 fuere

2087 1262 2355 1333 majestati
2387 1277 2542 1328 meat,
2577 1262 2836 1333 ﬁliisque,
2863 1274 2920 1320 et
2974 1265 3150 1321 servis
3177 1264 3401 1330 nostris,
3428 1263 3563 1318 viris
3614 1273 3671 1318 ct

2087 1352 2438 1420 mulieribus,
2479 1370 2605 1409 cum
2642 1355 2922 1409 exteriore
2952 1355 3098 1416 aula,
3158 1370 3281 1425 quae
3333 1355 3439 1409 sita
3508 1363 3593 1409 est
3639 1371 3669 1407 e

2087 1446 2310 1515 regione
2338 1445 2622 1501 interioris
2640 1446 2776 1500 aulae
2796 1462 2857 1500 su
2868 1447 3266 1515 mptuosiorum
3285 1446 3506 1501 aedium.
3533 1445 3669 1500 Nam

2087 1536 2233 1605 quod
2271 1535 2339 1593 ad
2369 1537 2529 1591 aliam
2574 1536 2778 1603 aulam,
2812 1552 2934 1606 quae
2966 1554 3088 1591 cum
3115 1538 3246 1591 olim
3274 1538 3431 1591 vinea
3454 1536 3669 1599 fuisset,

2091 1630 2145 1683 in
2175 1630 2355 1685 aulam
2386 1637 2596 1684 mutata
2626 1638 2731 1692 est,
2784 1628 3062 1683 obtinebit
3099 1626 3244 1698 quod
3280 1628 3478 1697 quovis
3532 1638 3671 1682 tem-

2020 1717 2054 1771 Β
2087 1737 2219 1792 pore
2246 1721 2511 1790 scriptum
2544 1723 2690 1774 circa
2718 1719 2865 1773 illam
2891 1720 3173 1774 decretum
3203 1718 3361 1774 edam
3386 1736 3400 1772 :
3432 1732 3533 1773 nec
3555 1732 3666 1771 non

2084 1814 2379 1871 ecclesiam
2424 1812 2609 1868 Sancti
2653 1812 2936 1876 Demetrii,
2992 1828 3115 1866 eum
3163 1811 3378 1866 duobus
3435 1810 3670 1872 balneis,

2083 1918 2140 1963 et
2171 1905 2334 1961 tertia
2388 1914 2544 1976 parte
2575 1904 2933 1959 seaturientis
2989 1919 3167 1973 aqure,
3230 1918 3351 1972 quae
3380 1904 3446 1956 ad
3477 1918 3671 1957 mona-

2084 1994 2312 2048 sterium
2375 1994 2676 2062 derivatur,
2746 1994 3207 2065 quemadmodum
3260 1995 3529 2050 Sciliceta
3583 2009 3670 2050 me

2085 2093 2476 2154 occupantur;
2510 2094 2565 2142 et
2604 2103 2775 2157 penes
2821 2102 2941 2141 eam
2993 2087 3219 2141 omnino
3247 2088 3358 2141 erit
3412 2086 3547 2141 alias
3599 2085 3669 2141 de

2084 2187 2227 2227 novo
2266 2174 2460 2231 domos
2522 2178 2784 2240 excitare,
2818 2178 3095 2247 quaslibet
3147 2177 3405 2243 voluerit,
3464 2189 3521 2232 et
3572 2192 3668 2232 eas

2086 2278 2208 2333 quae
2235 2265 2347 2337 jam
2375 2275 2597 2322 exs'ant
2620 2284 2742 2324 cum
2765 2269 3098 2339 despoticas,
3134 2280 3246 2325 tum
3278 2271 3436 2338 alias,
3465 2272 3668 2327 immu-

2088 2363 2203 2411 tare
2242 2365 2302 2411 ut
2331 2357 2578 2435 libuerit,
2621 2360 2755 2414 etin
2799 2376 2957 2430 quam
2997 2362 3236 2417 voluerit
3278 2361 3507 2417 formam
3551 2371 3665 2418 tra-

2086 2448 2289 2505 ducere
2329 2470 2341 2504 :
2378 2451 2431 2505 id
2456 2451 2635 2506 solum
2670 2455 2991 2516 observans,
3035 2465 3090 2508 ut
3136 2470 3333 2508 novam
3362 2469 3668 2525 quamcun-

2085 2554 2193 2608 que
2224 2541 2420 2595 molem
2452 2556 2560 2596 non
2592 2541 2838 2610 imponat
2875 2542 3154 2598 dirimenti
3189 2558 3347 2597 muro
3372 2544 3663 2599 amborum

2088 2632 2567 2697 monasteriorum,
2594 2648 2792 2703 nempe
2819 2634 3196 2705 Philanthropi
3225 2651 3320 2690 seu
3347 2635 3664 2699 Salvatoris,

2087 2730 2144 2777 et
2180 2722 2665 2779 lieeharitomenes
2690 2738 2787 2780 seu
2818 2724 3003 2782 Gratia
3039 2726 3235 2796 piena‘,
3272 2743 3450 2785 neque
3476 2728 3660 2784 locum

2089 2813 2287 2869 habeat
2328 2824 2437 2886 quo‘
2469 2816 2557 2871 illa
2593 2818 2789 2887 inspici
2817 2830 3043 2888 queant.

2160 2907 2292 2962 Post
2318 2902 2531 2963 obitum
2564 2918 2698 2963 vero
2733 2912 2874 2981 ejus,
2918 2926 3102 2975 usum,
3153 2913 3556 2981 possessionem
3612 2925 3669 2969 et

2093 2997 2561 3067 dispensationem
2587 3000 2990 3071 descripturum
3010 3001 3257 3056 omnium
3279 3003 3667 3064 imntohiliuut.

2092 3090 2543 3160 reliquorumque
2603 3091 2787 3162 jurum
2822 3092 3066 3147 obtineat
3126 3092 3486 3150 dilectissima
3549 3111 3670 3151 mea

2094 3183 2296 3251 neptis,
2328 3183 2528 3237 domna
2558 3184 2715 3237 [rene
2755 3185 3011 3249 Duczena,
3067 3184 3177 3239 ﬁlia
3234 3185 3448 3242 domnae
3479 3188 3666 3247 Annae.

2094 3273 2231 3326 citra
2268 3274 2430 3327 ullam
2462 3272 2876 3327 distinctionem
2931 3284 2987 3329 et
3012 3277 3429 3344 exceptionem;
3461 3295 3525 3333 ea
3550 3280 3669 3349 iege

2094 3372 2299 3424 tamen,
2332 3372 2393 3416 ut
2440 3370 2563 3431 post
2622 3363 3041 3418 translationem
3065 3379 3132 3418 ex
3158 3365 3260 3420 hac
3286 3367 3396 3420 vita
3421 3368 3665 3438 porphy-

2095 3453 2353 3523 rogenita:
2384 3453 2600 3508 domn-.1:
2656 3457 2845 3517 Annae,
2903 3455 3199 3511 diruantur
3231 3458 3498 3514 sublimes
3528 3459 3672 3515 aedes
3766 3502 3771 3505 -

2092 3553 2245 3598 extra
2266 3559 2483 3597 murmn
2507 3544 2859 3598 dirimentem
2897 3546 3037 3611 sitat,
3104 3555 3161 3602 et
3192 3548 3258 3601 ad
3289 3548 3510 3603 hortum
3544 3564 3665 3603 mo-

2095 3634 2318 3689 nasterii
2348 3633 2726 3705 Philanthmpi
2769 3636 3148 3706 respicientes,
3181 3638 3237 3692 in
3265 3638 3469 3709 quibus
3507 3640 3674 3695 nimi-

2095 3741 2215 3779 rum
2277 3724 2443 3781 hodie
2504 3726 2717 3780 habitat
2776 3726 3001 3796 praefata
3053 3729 3527 3801 porphyrogenita,
3576 3731 3670 3803 qui

2095 3832 2281 3872 murus
2306 3818 2518 3872 duobus
2536 3818 2716 3873 adhuc
2743 3818 2947 3875 cubitis
2975 3821 3277 3876 attolletur.
3304 3822 3434 3877 Post
3458 3822 3670 3879 obitum

2095 3918 2276 3964 autent
2332 3909 2547 3964 domnae
2600 3910 2820 3973 lrenes,
2855 3910 2899 3965 si
2959 3912 3181 3981 quidem
3247 3921 3446 3969 testato
3497 3925 3673 3971 mater

2094 4002 2214 4073 ejus
2240 4002 2710 4073 porphyrogenita
2775 4012 3007 4057 mortem
3048 4002 3273 4069 obierit,
3334 4007 3672 4063 transmittat

2098 4096 2241 4163 ipsas
2281 4097 2590 4167 despoticas
2626 4098 2819 4153 domos
2853 4108 2908 4152 et
2944 4108 3139 4154 cretera
3185 4098 3254 4154 ad
3283 4116 3670 4172 quemcunque

2095 4186 2329 4240 voluerit
2358 4203 2389 4242 e
2446 4187 2594 4249 filiis,
2630 4189 2941 4257 nepotibus,
2980 4200 3075 4245 aut
3105 4192 3502 4263 pronepotibus
3529 4195 3667 4251 suis.

2095 4277 2211 4332 sive
2240 4278 2525 4331 masculini
2586 4268 2701 4333 sive
2750 4279 3002 4335 feminini
3043 4296 3226 4339 sexus.
3277 4284 3333 4341 Si
3367 4301 3496 4341 vero
3544 4298 3671 4342 ante

414 4369 527 4419 δων
556 4366 747 4436 αὐτῆς,
775 4367 808 4437 ἢ
840 4369 1099 4436 ἐγγόνων,
1129 4369 1163 4440 ἢ
1194 4369 1539 4440 προεγγόνων
1560 4385 1574 4401 °
1604 4371 1713 4423 εἴτε
1737 4371 1988 4441 ἄρρενος,

2096 4369 2353 4424 donmam
2387 4369 2599 4424 lrenem
2623 4381 2796 4425 mater
2821 4373 2939 4442 ejus
2968 4376 3224 4443 praesenti
3251 4376 3361 4433 vita
3388 4377 3669 4452 fungatur.

416 4458 530 4510 εἴτε
552 4456 741 4527 θήλεος
771 4457 958 4525 γένους
994 4459 1159 4512 ἐστίν.
1184 4459 1247 4513 Ei
1284 4460 1340 4512 δὲ
1371 4460 1477 4530 πρὸ
1512 4460 1612 4529 τῆς
1636 4462 1805 4529 κυρᾶς
1824 4462 1991 4531 Είρή-

418 4568 519 4621 νης
562 4551 596 4621 ἡ
629 4552 812 4622 μήτηρ
857 4553 1027 4623 αὐτῆς
1062 4553 1155 4606 τὸν
1183 4552 1309 4623 τῇδε
1342 4553 1635 4607 καταλύσει
1660 4553 1794 4623 βίον,
1836 4555 1869 4624 ἢ
1900 4555 1993 4607 καὶ

416 4642 651 4714 ὕστερον
703 4628 805 4712 μὲν
828 4644 1066 4712 ἐκείνης,
1119 4645 1194 4715 μὴ
1240 4644 1491 4714 διάθηται
1528 4644 1585 4696 δὲ
1634 4645 1765 4715 περὶ
1798 4645 1991 4699 τούτου

298 4720 320 4740 ⁸
378 4733 737 4804 -ιάδιάφορον
763 4734 933 4806 γάρ)’
978 4737 1099 4787 τότε
1146 4736 1207 4787 τὸ
1235 4736 1442 4789 δίκαιον
1491 4736 1591 4801 τῆς
1633 4738 1871 4806 κατοχῆς
1898 4739 1993 4789 καὶ

417 4824 596 4895 νομῆς
627 4824 735 4877 τῶν
764 4826 1277 4897 ἀναγεγραμμένων
1313 4827 1630 4896 οίκημάτων
1665 4826 1762 4879 καὶ
1790 4828 1994 4882 λοιπῶν

424 4916 835 4987 περιελεύσεται
866 4919 947 4982 είς
987 4917 1077 4971 τδν
1106 4918 1187 4987 τῷ
1229 4918 1406 4989 χρόνῳ
1459 4922 1791 4989 προήκοντα,
1830 4918 1865 4987 ἢ
1894 4920 1993 4991 τὴν

423 5010 772 5078 προήκουσαν
792 5009 903 5063 τῶν
952 5009 1180 5074 παίδων,
1214 5010 1247 5081 ἢ
1280 5012 1541 5080 ἐγγόνων,
1573 5012 1607 5082 ἢ
1642 5014 1992 5081 προεγγόνων

418 5098 519 5165 τῆς
541 5098 1053 5169 πορφυρογεννήτου
1077 5099 1251 5169 κυρᾶς
1281 5094 1480 5168 ’Ἅννης
1513 5100 1652 5169 μετὰ
1681 5100 1995 5164 διαστίξεως

425 5188 609 5258 μέντοι
644 5189 901 5261 τοιαύτης
925 5204 940 5219 ο
1004 5188 1144 5242 ὥστε
1184 5193 1235 5242 εἰ
1292 5190 1391 5259 μὲν
1434 5190 1494 5242 τὸ
1526 5190 1837 5258 πρόσωπον,
1863 5184 1909 5258 ᾧ
1934 5192 1995 5244 τὸ

417 5278 664 5332 τοιοῦτον
697 5280 931 5349 ἁρμόσει
978 5278 1186 5332 δίκαιον
1210 5280 1303 5332 ἐπὶ
1333 5278 1568 5350 διαθήκῃ
1598 5279 1693 5332 τοῦ
1727 5278 1841 5350 βίου
1866 5279 1995 5334 τού-

418 5386 517 5423 του
544 5370 883 5440 μεθίσταται,
909 5370 1055 5441 ἔχειν
1084 5371 1272 5424 ἄδειαν
1298 5370 1696 5442 παραπέμπειν
1720 5369 1894 5424 ταῦτα
1915 5375 1995 5436 είς

421 5457 534 5514 οἷον
567 5464 632 5515 ἂν
659 5461 904 5533 βοὺλοιτο
933 5462 1041 5515 τῶν
1070 5463 1128 5527 ἐξ
1155 5463 1317 5515 αὐτοῦ
1347 5462 1735 5534 καταγομένων
1766 5464 1991 5528 παίδων,

420 5551 685 5621 ἐγγόνων,
715 5552 810 5606 καὶ
833 5551 1055 5620 ἐφεξῆς.
1081 5551 1143 5604 Εί
1182 5552 1239 5605 δὲ
1266 5553 1299 5622 ἢ
1344 5553 1467 5616 τοὺς
1494 5554 1902 5624 καταγομένους
1934 5552 1993 5618 ἐξ

418 5643 591 5697 αὐτοῦ
639 5643 737 5697 οὐκ
798 5643 932 5714 ἔχοι,
964 5643 997 5713 ἢ
1033 5643 1107 5715 μὴ
1166 5645 1291 5715 περὶ
1324 5643 1513 5697 τούτου
1540 5642 1815 5715 δ;ἀοηται,
1847 5662 1996 5715 τηνι-

2098 4462 2183 4516 vei
2214 4470 2336 4531 post
2368 4460 2511 4517 illam
2541 4462 2785 4532 quidem,
2815 4465 2955 4519 nihil
3006 4474 3184 4521 tamen
3218 4469 3287 4523 de
3327 4470 3420 4523 illo
3479 4477 3671 4525 testata

2096 4549 2445 4621 (indiderens
2464 4551 2610 4606 enim
2635 4552 2763 4622 est),
2789 4563 2921 4609 tunc
2941 4555 3033 4625 jus
3060 4556 3426 4625 possessionis
3452 4566 3510 4612 et
3540 4572 3672 4611 usus

2096 4641 2501 4710 deseriptarum
2526 4642 2751 4707 aedium,
2791 4653 2848 4700 et
2907 4645 3272 4715 reliquorum,
3309 4647 3566 4702 deveniet
3598 4648 3668 4701 art

2096 4738 2255 4784 aetate
2283 4731 2629 4801 grandiorem
2660 4731 2902 4803 cujusvis
2930 4746 3145 4787 sexuse
3173 4734 3322 4799 (iliis,
3348 4735 3667 4805 nepotibus.

2097 4830 2192 4876 aut
2218 4820 2614 4890 pronepotibus
2667 4821 3155 4893 porphyrogenitre
3211 4823 3427 4879 domum
3452 4824 3664 4890 Annae;

2096 4928 2221 4968 cum
2260 4913 2571 4984 huiusmodi
2629 4923 2810 4969 tamen
2843 4914 3220 4977 distinctione,
3252 4922 3312 4970 ut
3342 4918 3385 4971 si
3444 4917 3668 4986 quidem

2097 5017 2333 5073 persona
2360 5004 2447 5058 cui
2474 5003 2579 5058 tale
2608 5004 2705 5074 jus
2748 5016 3025 5075 competet
3057 5014 3255 5060 testato
3288 5006 3389 5062 hac
3416 5009 3529 5062 vita
3562 5010 3666 5062 mi.

2096 5094 2294 5164 grarit,
2331 5106 2500 5164 penes
2529 5109 2649 5148 eam
2690 5094 2761 5150 sit
2789 5095 2878 5147 illa
2932 5096 3304 5150 transmittere
3355 5098 3420 5152 ad
3466 5114 3663 5168 quem-

2096 5198 2313 5256 cunque
2339 5185 2573 5241 voluerit
2618 5198 2689 5241 ex-
2717 5185 3019 5241 oritm'disa
3052 5201 3111 5241 se
3163 5186 3312 5252 ﬂiiis,
3370 5190 3664 5260 nepotibus

2099 5280 2552 5349 etsequentibus.
2612 5279 2668 5335 Si
2697 5288 2881 5334 autem
2904 5282 2989 5335 vel
3034 5281 3283 5338 oriundis
3343 5293 3545 5351 careat,
3578 5288 3664 5342 vel

2100 5372 2169 5426 de
2202 5371 2297 5426 illo
2325 5378 2518 5425 testata
2584 5385 2697 5424 non
2751 5371 2941 5435 fuerit,
3004 5381 3134 5427 tunc
3180 5387 3544 5433 memoratum
3572 5383 3663 5449 jus

2101 5472 2352 5518 recurret
2398 5462 2465 5516 ad
2521 5471 2680 5517 astate
2713 5463 3061 5533 grandiorem
3121 5465 3363 5536 cujusvis
3404 5484 3568 5524 sexus
3597 5486 3663 5524 ex

2100 5551 2409 5608 oriundisa
2464 5553 2927 5624 porphyrogen’ta
2991 5554 3190 5611 domna
3243 5560 3419 5616 Anna.
3458 5559 3524 5614 Et
3574 5560 3663 5614 illa

2099 5643 2378 5700 distinctio
2431 5659 2651 5715 semper
2702 5647 2894 5712 valeat,
2946 5651 3182 5717 quandiu
3238 5660 3594 5708 ortumtorum
3635 5670 3667 5709 ε
