4092 6202
514 176 645 242 ιιιι
1822 191 2103 251 IRENES
2143 193 2522 256 AUGUST/E
3670 196 3804 260 illi!

506 293 654 347 linea
710 292 948 363 praefata
1002 293 1477 368 porphyrogcnita:
1513 299 1781 372 quispiam
1810 309 2087 368 superstes
2118 352 2122 361 ,

2193 307 2370 358 καῦτα
2401 307 2565 360 πάλιν
2596 307 2823 378 δραμεῖν
2856 310 2914 362 τὸ
2944 311 3314 380 μνημονευθὲν
3358 312 3608 364 δίκαιον
3665 316 3802 383 προς

508 389 702 444 fuerit.
2194 399 2283 450 τὸν
2311 398 2385 468 τῷ
2417 396 2596 469 χρόνῳ
2633 402 2964 470 προήκοντα,
2997 401 3150 473 ἣτὴν
3179 405 3558 473 προήκουσαν
3590 405 3659 456 ὲκ
3698 407 3805 457 τῶν

508 487 619 540 ἀπδ
654 488 754 557 τῆς
804 497 1321 562 πορφυρογεννητου
1374 497 1548 564 κυρᾶς
1601 499 1828 568 ’Ἄννης⁸
1883 500 1978 552 καῖ
2025 498 2122 568 τὴν
2161 495 2420 566 τοιαύτην
2474 495 2740 560 διάστιξιν
2793 497 2936 550 οὕτω
2981 498 3142 567 μέχρι
3176 499 3371 561 παντὸς
3459 499 3826 578 προϐαίνειν⁴

506 584 667 656 ἄχρις
694 585 760 639 ἂν
790 586 822 654 ἡ
849 585 957 638 τῶν
991 587 1101 640 ἀπὸ
1127 591 1226 659 τῆς
1253 593 1442 661 σειρᾶς
1472 594 1569 664 τῆς
1585 595 1923 666 δηλωθείσης
1951 593 2464 661 πορφυρογεννήτου
2508 592 2758 661 διάρκεια
2794 609 2856 644 πε
2870 591 3187 662 ρισὼξηται.
3810 581 3825 604 ’

579 678 692 734 Nec
717 678 783 732 ad
805 678 954 734 solos
974 679 1137 744 ﬁlios,
1166 692 1261 737 aut
1319 696 1568 752 nepotes,
1609 699 1706 744 aut
1755 696 2099 758 pronepotes-

2256 685 2369 736 Οὐκ
2415 685 2493 744 είς
2542 685 2738 753 μόνους
2779 685 2834 737 δὲ
2885 687 3012 748 τοὺς
3064 685 3281 748 παῖδας,
3341 687 3371 756 ἢ
3428 687 3728 753 ἐγγόνους
3772 689 3798 756 ἦ

504 786 636 826 suos
669 772 885 844 talejus
917 788 1017 842 per
1054 781 1445 831 testamentum
1480 781 1814 836 transmittet
1843 782 2081 852 porphy-

2183 777 2546 845 προεγγόνους
2602 776 2772 846 αὐτῆς
2816 776 3180 848 παραπέμψει
3240 779 3346 832 ἀπὸ
3394 777 3706 848 διαθήκης
3745 782 3799 831 τδ

502 862 774 932 rogenita,
809 874 869 919 ut
902 881 1066 936 supra
1090 865 1299 922 dictum
1345 879 1454 935 est,
1505 872 1602 926 sed
1638 881 1693 927 et
1721 873 1787 927 ad
1851 890 2014 928 uuam
2050 891 2081 927 e

2184 869 2421 919 τοιοῦτον
2437 867 2697 938 δίκαιονὴ
2723 868 3260 938 πορφυρογέννητος,
3282 869 3354 931 ὡς
3381 868 3623 921 ἄνωθεν
3654 870 3800 938 εἴρη-

501 953 737 1010 nuribus
767 956 903 1023 suis,
944 957 1162 1012 illorum
1182 960 1478 1030 cujuslibet
1510 978 1754 1029 uxorem,
1779 979 2081 1033 quamcun-

2181 975 2292 1018 ται,
2321 957 2457 1011 ἀλλὰ
2490 960 2585 1011 καὶ
2615 961 2697 1022 είς
2721 959 2848 1029 μίαν
2873 960 2983 1011 τῶν
3018 959 3112 1012 ὲπί
3142 977 3250 1012 τινι
3285 960 3510 1014 τούτων
3553 963 3797 1030 νυμᾷῶν

501 1059 611 1112 que
640 1045 918 1112 voluerit;
953 1063 1074 1117 quae
1102 1049 1192 1104 illa
1236 1050 1404 1106 simili
1463 1054 1627 1108 modo
1662 1054 1984 1123 possidebit.
2036 1055 2081 1110 si

2181 1051 2367 1119 αὐτῆς,
2397 1050 2463 1120 ἢν
2497 1050 2562 1104 ἂν
2595 1050 2838 1120 βούλοιτο
2859 1067 2872 1079 °
2903 1052 2998 1104 καὶ
3039 1050 3259 1118 καθέξει
3288 1051 3380 1104 καὶ
3412 1052 3578 1117 αὕτη
3624 1052 3797 1104 ταῦτα

502 1131 728 1200 quidem
764 1136 830 1189 ad
889 1138 1163 1193 secundas
1211 1143 1437 1210 nuptias
1497 1160 1607 1198 non
1656 1146 2000 1215 respexerit:
2035 1147 2078 1201 si

2181 1143 2464 1206 ὡσαύτως,
2499 1144 2657 1213 εῐπερ
2707 1141 2804 1214 μὴ’
2834 1146 2970 1213 πρὸς
3012 1143 3203 1214 ἕτερον
3235 1145 3413 1214 γάμον
3440 1145 3658 1197 ἀπίδοι
3681 1161 3694 1171 ·
3748 1147 3795 1197 εἱ

500 1225 650 1280 enim
705 1227 772 1282 ad
810 1228 927 1284 illas
989 1231 1300 1299 declinarit,
1345 1234 1662 1305 hujusmodi
1709 1239 1831 1308 jure
1892 1239 2076 1294 statim

2181 1235 2291 1305 γὰρ
2328 1235 2460 1304 πρὸς
2499 1233 2688 1288 τοῦτον
2729 1233 3034 1300 ἀποκλίνοι,
3096 1234 3259 1297 εὐθὺς
3300 1237 3654 1289 ἐκπεσεῖται
3703 1234 3795 1285 τοῦ

497 1317 738 1384 excidet,
767 1329 822 1374 et
855 1321 987 1376 illud
1022 1339 1248 1392 prorsus
1293 1327 1620 1383 devolvctur
1667 1331 1734 1385 ad
1769 1332 2079 1402 porphyre-

2178 1326 2424 1378 τοιούτου
2447 1325 2678 1388 δικαίου,
2711 1325 3204 1394 περιελευσομένου
3251 1325 3473 1387 πάντως
3508 1325 3666 1394 πρὸς
3698 1325 3793 1395 τὴν

499 1411 702 1478 genitae
722 1412 924 1467 lineam
957 1433 971 1469 :
998 1416 1142 1485 quod
1161 1417 1369 1487 absque
1394 1419 1503 1474 ullo
1523 1419 1843 1477 discrimine
1864 1423 2076 1478 servari

2180 1419 2243 1472 ὲκ
2259 1419 2358 1488 τῆς
2385 1419 2897 1490 πορφυρογεννήτου
2929 1434 2984 1471 σε
2997 1418 3117 1489 ιράν
3137 1433 3152 1447 ο
3181 1417 3614 1488 ὦσπερόφεΟει
3645 1411 3796 1484 γίνεο

500 1519 722 1573 quoque
761 1505 927 1564 debet
955 1523 1084 1577 erga
1115 1510 1251 1564 alias
1282 1527 1474 1568 omnes
1496 1529 1691 1581 nurus,
1741 1516 1945 1586 quibus
1969 1518 2076 1572 tale

2181 1509 2304 1563 σθαι
2332 1510 2768 1580 ἀπαραλλάκτως
2819 1510 2914 1563 καὶ
2949 1509 3172 1562 ἐπὶτῶν
3205 1508 3382 1561 ἄλλων
3411 1507 3630 1562 πασῶν
3657 1525 3792 1576 νυμ-

493 1595 590 1664 jus
628 1607 905 1667 competet
949 1615 1015 1656 ex
1044 1603 1463 1660 transmissione
1516 1607 1820 1678 cujuspiam
1880 1624 2072 1664 eorum
2106 1604 2109 1655 ἶ

2142 1601 2295 1673 ιφῶν
2334 1596 2420 1665 αἷς
2451 1601 2512 1654 τὸ
2565 1600 2810 1654 τοιοῦτον
2858 1601 3092 1671 ἁρμόσοι
3142 1600 3376 1663 δίκαιον,
3431 1599 3556 1651 ἀπὸ
3599 1614 3758 1666 παρα

501 1687 595 1756 qui
621 1687 708 1742 illa
737 1691 1104 1758 possederint,
1137 1703 1374 1766 utsupra
1408 1699 1614 1754 dictum
1644 1711 1748 1756 est.
1784 1702 1902 1756 Non
1925 1701 2074 1756 enim

2180 1695 2404 1764 πομπῆς
2444 1710 2590 1756 τινος
2638 1694 2746 1746 τῶν
2797 1692 2955 1745 τοῦτο
2994 1692 3379 1762 κτησαμένων,
3428 1689 3513 1752 ὡς
3569 1689 3785 1742 ἄνωθεν

498 1779 602 1832 soli
643 1782 1142 1854 porphyrogenitaa,
1201 1788 1296 1842 sed
1365 1791 1531 1844 etiam
1564 1792 1812 1848 oriundis
1834 1793 1903 1848 ab
1959 1794 2074 1864 ipsa

2178 1789 2416 1858 εἴρηται.
2453 1787 2529 1840 Οὐ
2561 1787 2669 1857 γὰρ
2695 1783 2834 1855 μόνῃ
2863 1787 2930 1854 τῇ
2960 1783 3484 1854 πορφυρογεννήτῳ,
3515 1779 3668 1832 ἀλλὰ
3693 1778 3787 1828 καὶ

494 1869 688 1925 licebit
708 1872 841 1927 illud
864 1890 964 1944 per
987 1883 1376 1934 testamentum
1402 1883 1798 1949 transmittere,
1822 1884 1868 1939 si
1893 1885 2078 1940 volue-

2178 1883 2288 1943 τοῖς
2324 1879 2382 1944 ἐξ
2421 1879 2592 1949 αὐτῆς
2644 1877 3042 1946 καταγομένοις
3091 1873 3307 1939 ἐξέσται
3361 1872 3783 1942 παραπέμπειν

498 1965 632 2032 rint,
657 1966 724 2019 ad
757 1967 994 2037 aliquam
1033 1985 1064 2024 e
1089 1971 1324 2028 nuribus
1348 1972 1483 2041 suis,
1513 1990 1746 2031 uxorem
1778 1977 2078 2049 cujuslibet

2176 1971 2336 2026 τοῦτο
2361 1970 2467 2025 ἀπὸ
2508 1970 2795 2041 διαθήκης,
2829 1968 2878 2020 εί
2914 1965 3213 2038 βούλοιντο,
3255 1967 3336 2028 εἰς
3370 1964 3507 2034 μίαν
3540 1962 3663 2015 τῶν
3691 1960 3781 2012 ἐπὶ

498 2055 568 2110 ab
601 2055 690 2109 illa
714 2057 958 2112 oriundi.
990 2059 1158 2130 quue
1194 2062 1250 2116 in
1282 2064 1533 2120 confesso
1561 2081 1683 2122 esse
1709 2066 1894 2134 debet,
1929 2069 2075 2140 quod

2177 2065 2291 2126 τοῖς
2319 2061 2380 2126 ἐξ
2422 2061 2592 2129 αὐτῆς
2627 2059 2856 2129 νυμφῶν
2890 2058 3105 2111 αὐτῶνθ
3160 2056 3371 2109 ἐκείνου
3410 2055 3528 2107 τῶν
3586 2051 3780 2123 ὁμολο-

499 2148 717 2202 tametsi
753 2149 819 2204 de
850 2151 967 2206 solo
990 2153 1293 2210 masculino
1309 2170 1509 2224 genere
1527 2158 1811 2227 speciatim
1843 2161 2079 2216 mentio-

2178 2155 2462 2224 γουμένων
2497 2148 2639 2206 εἶναι
2687 2151 3032 2221 ὀφείλοντος,
3081 2149 3156 2211 ὡς
3207 2149 3257 2200 εί
3308 2147 3402 2200 καὶ
3441 2145 3778 2213 ἰδικώτερον

495 2255 620 2294 nem
663 2239 915 2309 facimus,
955 2260 1063 2299 una
1093 2253 1274 2301 tamen
1308 2247 1634 2308 femininum
1659 2249 2074 2323 intelligendum

2176 2249 2271 2301 τοῦ
2303 2249 2532 2319 άῤῥενος
2563 2245 2754 2314 γένους
2786 2241 3200 2314 μνημονεύομεν
3253 2240 3440 2310 μόνου.
3481 2237 3660 2292 Ἀλλὰ
3685 2237 3775 2289 καὶ

496 2342 602 2394 est,
629 2344 686 2388 et
723 2336 880 2405 quasi
915 2352 1234 2408 expressum
1261 2343 1656 2412 reputantium,
1710 2355 1979 2416 quantum
2006 2347 2075 2402 ad

2175 2339 2237 2392 τδ
2261 2337 2395 2408 θῆλυ
2431 2335 2769 2390 συννοείσθαι
2802 2334 2978 2404 τούτῳ
3003 2333 3232 2401 ὀφείλει,
3257 2330 3352 2384 καὶ
3397 2328 3473 2391 ὡς
3513 2329 3618 2381 καὶ
3643 2325 3773 2380 αὐτὸ

495 2434 661 2494 caput
686 2426 755 2481 de
779 2427 889 2484 illis
916 2429 1148 2486 aedibus.
2177 2429 2591 2500 ἐπιφωνούμενον
2626 2425 2960 2495 λογίζεσθαι,
2992 2427 3116 2479 ὅσον
3145 2425 3239 2477 ἐπὶ
3269 2422 3345 2493 τῷ
3375 2422 3510 2492 περὶ
3545 2419 3666 2473 τῶν
3700 2419 3774 2471 oi-

2178 2542 2247 2595 κη
2257 2524 2444 2592 μάτων
2483 2521 2686 2576 τούτων
2723 2517 3024 2588 κεφαλαίῳ.

567 2604 624 2659 Si
653 2622 782 2662 vero
809 2609 977 2680 (quod
1005 2610 1170 2686 absit)
1199 2617 1455 2687 cognatio
1478 2618 1550 2674 ita
1573 2619 1813 2684 deﬁciat,
1845 2629 1906 2675 ut
1927 2622 2074 2676 nulla

2249 2618 2312 2670 Εἰ
2356 2617 2401 2669 δ’
2437 2617 2595 2684 (ὅπερ
2639 2612 2970 2683 ἀπεύχομαι)
3020 2614 3054 2681 ἡ
3124 2611 3413 2679 συγγένεια
3465 2605 3773 2673 ἐπιλείψει.

493 2713 561 2752 ex
598 2698 742 2754 linea
777 2703 1257 2776 porphyrogenitae
1279 2707 1496 2766 domnae
1571 2714 1742 2768 Anna:
1793 2724 2076 2783 superstes

2177 2713 2252 2774 ὼς
2284 2709 2552 2781 μηδεμίαν
2581 2711 2644 2761 ὲκ
2683 2707 2781 2776 τῆς
2809 2705 2904 2759 τοῦ
2939 2703 3131 2774 γένους
3163 2704 3265 2773 τῆς
3305 2696 3767 2774 πορφυρογεννήο

497 2789 568 2843 sit
600 2807 614 2854 ;
664 2793 851 2847 sancio
883 2803 943 2847 ut
974 2804 1089 2850 tum
1137 2797 1222 2852 has
1246 2799 1445 2856 domus
1473 2803 1528 2856 in
1559 2814 1882 2871 potestatem
1919 2805 2076 2860 femi-

2176 2819 2269 2855 του
2298 2802 2470 2871 κυρᾶς
2519 2801 2716 2868 Ἀννης
2759 2799 2948 2866 σειρᾶς
2986 2793 3406 2864 περισώζεσθαι,
3451 2789 3761 2861 τηνικαῦτα

497 2880 587 2934 nei
618 2880 848 2951 hujusce
899 2888 1222 2942 monasterii
1255 2891 1608 2962 redigantur,
1672 2897 2074 2966 exteriorisque
2101 2936 2113 2988 ε

500 2973 631 2993 ...μΔ
672 2973 857 2993 .-μω
891 2977 906 2990 .
1095 2977 1109 2993 .

2144 2892 2487 2964 ιδιορίζομαι
2521 2890 2590 2943 τὰ
2641 2888 2868 2943 τοιαῦτα
2912 2889 3188 2958 οἰκήματα
3221 2888 3300 2949 εἰς
3356 2885 3452 2956 τὴν
3506 2885 3760 2950 ὲξουσέαν

2144 2969 2147 2991 Ι
2218 2989 2242 2993 _
2555 2987 2566 2993 -
2753 2983 2765 2993 η
3027 2973 3052 2993 .‘.
3134 2985 3144 2993 ι
3310 2980 3360 2993 Α.
3507 2979 3534 2993 Α
3729 2977 3752 2993 ίι

497 2973 634 3028 aulae
665 2973 861 3031 domus
890 2977 946 3032 in
969 2977 1334 3038 conductitias
1360 2992 1663 3051 mutentur,
1687 3003 1922 3057 quarum
1945 3005 2076 3061 pro-
2103 2973 2113 2988 ⁷

2143 2973 2147 2992 ’
2179 2989 2281 3058 τῆς
2317 2987 2635 3052 γυναικείας
2667 2983 2872 3054 ταύτης
2921 2973 3088 3054 μονῆς
3121 2979 3604 3037 ἀποκαθίστασθαι
3630 2994 3644 3009 ο
3673 2977 3759 3028 καὶ

495 3078 664 3122 ventu
699 3067 918 3124 fruetur
967 3075 1388 3143 monasterium;
1433 3077 1711 3135 interioris
1758 3097 1890 3136 vero
1940 3083 2078 3138 aula:

2180 3082 2250 3135 τὰ
2293 3080 2392 3151 μὲν
2419 3083 2515 3148 τῆς
2543 3080 2646 3144 ἔξω
2670 3079 2837 3148 αὐλῆς
2869 3079 3148 3148 οἰκήματα
3180 3070 3757 3144 μετασχηματίζεσθαι

498 3158 696 3215 domus
723 3160 790 3216 de
824 3163 1008 3219 medio
1041 3165 1324 3233 tollantur,
1357 3186 1592 3240 quarum
1634 3173 1863 3228 materia
1891 3183 2077 3230 utetur

2179 3175 2259 3237 εἰς
2299 3172 2565 3237 ὲνοικικὰ,
2603 3170 2696 3224 καὶ
2738 3169 2838 3240 τὴν
2869 3170 3131 3238 πρόσοδον
3175 3167 3380 3220 τούτων
3409 3161 3755 3234 καρποῦσθαι

496 3266 596 3320 pro
627 3251 803 3309 lubito
842 3271 856 3308 :
887 3255 1066 3311 solum
1099 3267 1283 3314 autem
1319 3238 1558 3333 inisepta
1617 3273 1672 3320 et
1731 3279 2076 3336 quaestuosos

2177 3265 2276 3336 τὴν
2309 3266 2510 3334 μονήν’
2547 3266 2617 3316 τὰ
2663 3263 2720 3317 δὲ
2758 3238 2860 3332 τῆς
2904 3263 3013 3315 έσω
3051 3262 3219 3330 αὐλῆς
3250 3257 3520 3326 περιελεῖν
3567 3257 3660 3310 καὶ
3693 3254 3752 3320 τῇ

498 3343 689 3399 hortos
733 3356 1039 3414 convertet,
1093 3366 1352 3420 quorum,
1409 3370 1511 3409 nec
1565 3371 1674 3410 non
1725 3357 2072 3422 balneorum,

2182 3357 2282 3428 μὲν
2327 3356 2431 3429 ὕλη
2475 3354 2807 3427 χρήσασθαι,
2848 3353 3030 3416 καθὼς
3063 3355 3199 3424 αὐτῇ
3247 3350 3508 3423 βούλητόν
3535 3366 3552 3380 ·
3598 3347 3672 3415 τῷ
3699 3345 3751 3396 δὲ

500 3436 770 3494 reditibus
805 3443 1064 3499 omnibus
1093 3447 1485 3501 monasterium
1512 3447 1748 3505 fruetur.

2177 3448 2387 3518 ἐδάφει,
2420 3450 2501 3510 είς
2538 3446 2824 3517 περιϐόλιά
2860 3462 2917 3498 τε
2971 3446 3066 3498 καὶ
3120 3443 3483 3514 παραδείσους
3533 3444 3753 3506 ἐπικερ-

2178 3541 2311 3604 δεῖς,
2345 3534 2422 3594 ὧν
2461 3538 2559 3598 τὰς
2594 3537 2890 3607 προσόδους
2917 3537 3137 3600 ἁπάσας
3167 3537 3198 3606 ἠ
3231 3536 3366 3606 μονὴ
3396 3533 3752 3605 καρπώσεται

2181 3635 2321 3703 μετὰ
2345 3631 2439 3685 καὶ
2466 3631 2577 3684 τῶν
2605 3630 2867 3702 λουτρῶν.

569 3715 672 3782 Qui
699 3715 866 3787 igitur
887 3716 1139 3788 quolibet
1171 3727 1416 3789 tempore
1449 3722 1846 3780 habitationem
1887 3739 1940 3782 et
1973 3728 2074 3781 do-

2251 3729 2314 3780 Οἱ
2350 3727 2531 3796 μέντοι
2560 3728 2657 3798 τὴν
2686 3727 2857 3796 νομήν
2889 3743 2947 3778 τε
2987 3726 3078 3779 καὶ
3107 3727 3318 3794 οἴκησιν
3357 3723 3497 3776 κατὰ
3528 3719 3750 3790 καιροὺς

499 3808 763 3864 micilium
793 3809 848 3864 in
871 3810 1112 3882 praefatis
1159 3811 1418 3868 domibus
1462 3814 1766 3882 habebunt,
1821 3819 2075 3890 religiose

2180 3821 2326 3890 ἔχειν
2355 3821 2660 3889 ὀφείλοντες
2687 3822 2745 3873 ἐν
2793 3821 2908 3882 τοῖς
2941 3819 3262 3888 δηλωθείσιν
3305 3817 3628 3886 οἰκήμασιν,
3664 3812 3746 3864 εύ-

499 3902 554 3956 in
583 3901 715 3972 ipsis
741 3901 961 3974 degent,
991 3903 1309 3974 nullamque
1334 3907 1844 3980 omninojaeturam
1881 3927 2074 3966 mona-

2179 3913 2360 3976 λαϐὦς
2413 3914 2472 3965 ὲν
2509 3913 2694 3974 αὐτοῖς
2734 3912 2996 3976 διάξουσι,
3037 3912 3132 3964 καὶ
3161 3910 3470 3979 περικοπὴν
3517 3924 3642 3960 τινα
3687 3904 3743 3970 τῇ

497 3996 669 4051 sterio
705 3994 1097 4070 Gratia-plenae
1160 3997 1418 4078 inferent.
1472 3998 1539 4054 At
1595 4017 1762 4072 penes
1790 4003 1913 4058 illos
1969 4005 2078 4060 erit

2184 4011 2319 4080 μονῇ
2367 4008 2466 4076 τῆς
2499 4006 2962 4076 Κεχαριτωμένης
2997 4005 3057 4058 τὸ
3106 4004 3323 4056 σύνολον
3373 4003 3474 4055 οὐκ
3523 4000 3747 4064 ἐπάξω.

496 4084 770 4142 aedificare
818 4086 912 4142 ubi
942 4088 1240 4153 voluerint,
1273 4090 1414 4144 intra
1478 4092 1746 4146 ambitum
1782 4109 2076 4151 concessa-

2183 4118 2288 4154 σιν.
2321 4099 2543 4166 Ἒξουσι
2585 4098 2642 4152 δὲ
2687 4099 2775 4151 ἐπ’
2814 4096 2995 4159 ἀδείας
3045 4095 3249 4159 κτίζειν
3296 4094 3424 4146 ἔνθα
3470 4093 3743 4158 βούλονται

498 4192 620 4230 rum
647 4177 752 4232 sibi
793 4177 1108 4248 domorum,
1135 4189 1192 4236 et
1223 4181 1303 4256 sic
1332 4183 1609 4250 attollere,
1648 4194 1707 4241 ut
1728 4185 1865 4242 nihil
1893 4195 2075 4242 tamen

2183 4193 2334 4256 ὲντδς
2359 4193 2458 4263 τῆς
2494 4191 2756 4262 περιοχῆς
2785 4192 2894 4244 τῶν
2926 4189 3352 4260 ὲκχωρηθέντων
3379 4187 3562 4247 αὐτοῖς
3593 4189 3740 4250 οἰκη-

493 4270 684 4325 videre
717 4282 923 4336 queant
950 4272 1093 4328 intra
1120 4276 1516 4332 monasterium
1543 4279 1812 4348 virorum,
1840 4284 1926 4338 vel
1955 4299 2074 4337 mu-
2106 4267 2109 4318 ἶ

2125 4266 2152 4322 ἶ)
2184 4285 2371 4354 μάτων
2393 4301 2405 4315 ·
2441 4283 2539 4346 καὶ
2569 4281 2821 4335 τοσοῦτον
2867 4281 3058 4350 ὑψοῦν,
3099 4280 3237 4333 ὥστε
3283 4279 3357 4348 μὴ
3392 4276 3741 4332 κατοπτεύειν

493 4359 714 4416 lierum.
744 4361 852 4418 Sed
873 4379 1054 4435 neque
1081 4381 1178 4436 per
1204 4367 1496 4422 circuitum
1516 4386 1683 4440 supra
1726 4388 1914 4428 muros
1941 4374 2075 4428 diri-

2175 4392 2228 4427 τι
2259 4373 2367 4426 τῶν
2403 4376 2460 4425 ἐν
2483 4375 2547 4444 τῇ
2580 4371 2797 4447 ἀνδρῴα
2830 4376 2988 4445 μονῇ,
3017 4373 3124 4426 εἴτε
3161 4375 3226 4443 τῇ
3259 4371 3564 4440 γυναικείᾳ.
3611 4363 3741 4424 Ἀλλ’

496 4465 734 4521 mentes,
799 4465 898 4511 aut
952 4457 1230 4514 domicilia
1303 4462 1626 4516 monasterii
1687 4479 2076 4536 quamcunque

2175 4465 2298 4518 οὐδὲ
2326 4465 2559 4533 γύροθεν
2606 4466 2714 4519 τῶν
2760 4465 2947 4538 ἀργῶν
2980 4466 3176 4536 τοίχων
3218 4465 3296 4533 (‘2)
3348 4464 3447 4531 τῆς
3493 4457 3736 4532 μονῆςνῆ

494 4549 720 4604 domum
753 4549 1144 4613 reclinabunt;
1176 4552 1275 4607 sed
1309 4553 1481 4609 libera
1508 4556 1735 4612 omnino
1793 4569 1977 4625 erunt,
2015 4568 2077 4614 ut

2175 4558 2285 4612 τῶν
2331 4560 2651 4629 οἰκημάτων
2696 4559 3168 4629 ἐπακουμϐίσουσί
3221 4575 3274 4610 τι
3331 4558 3570 4625 οἴκημα·
3635 4548 3738 4606 ἀλλ’

491 4660 520 4696 a
554 4642 716 4698 nobis
750 4655 1028 4699 exstructa
1080 4653 1230 4700 sunt.
1272 4644 1318 4700 A
1343 4647 1493 4701 nulla
1531 4663 1662 4703 vero
1715 4666 2072 4719 personarum

2175 4650 2438 4720 ιλεύθερα
2491 4651 2666 4722 πάντη
2721 4651 2958 4712 ἔσονται,
2991 4650 3173 4713 καθὼς
3225 4651 3357 4721 παρ’
3386 4649 3543 4720 ἡμῶν
3591 4644 3739 4717 γεγό-

489 4735 692 4802 quibus
714 4735 1064 4805 przet‘atarum
1109 4735 1398 4792 domorum
1430 4742 1707 4808 possessio
1727 4749 1782 4795 et
1812 4741 2078 4796 habitatio

2175 4760 2316 4797 νασι.
2355 4743 2538 4806 Ξένοις
2581 4743 2637 4795 δὲ
2688 4741 3002 4811 προσώποις
3043 4743 3075 4811 ἦ
3118 4745 3187 4795 δι’
3224 4735 3735 4812 ἀπεμπο).ήσεως,ῆ

491 4827 767 4899 assignata
813 4836 918 4892 est,
955 4843 1093 4885 usus
1125 4845 1315 4885 earum
1349 4833 1630 4887 extraneis
1659 4833 1913 4901 personis
1965 4851 2071 4890 un-

2181 4835 2519 4908 μισθώσεως,
2555 4836 2587 4906 ἦ
2634 4834 2997 4902 ἁνταλλαγῆς,
3034 4834 3064 4904 ἢ
3101 4833 3328 4904 δωρεᾶς,
3362 4835 3395 4905 ἢ
3445 4832 3735 4901 ὑποθήκηε,

492 4935 660 4988 quam
696 4919 1056 4985 concedetur,
1087 4921 1205 4977 sive
1245 4923 1587 4990 venditione,
1625 4924 1742 4980 sive
1793 4925 2068 4993 mercede,

2177 4931 2210 5000 ἢ
2257 4929 2600 5000 ὲνεχύρου,ἦ
2651 4928 2836 4998 ἑτέρου
2871 4927 3184 4998 οἱουδήποτε
3220 4926 3446 4995 τρόπου,
3488 4924 3619 4993 παρ’
3654 4921 3737 4973 οὐ·

491 5021 588 5064 aut
639 5011 1097 5076 commutatione,
1154 5014 1446 5082 autdono,
1499 5017 1587 5071 vel
1619 5017 1946 5088 hypotheca,
1977 5026 2073 5074 aut

2175 5019 2326 5084 δενδς
2353 5019 2464 5073 τῶν
2495 5018 2803 5089 προσώπων
2831 5017 2937 5070 τῶν
2965 5016 3291 5086 ὁρισθέντων
3343 5013 3487 5084 ἔχειν
3515 5012 3614 5082 τὴν
3639 5008 3737 5062 τῶν

492 5103 968 5174 oppigneratione,
1010 5123 1108 5163 seu
1169 5108 1278 5163 alio
1306 5109 1504 5178 quovis
1553 5110 1736 5164 modo.
1760 5109 1865 5166 Sed
1893 5127 2071 5181 neque

2179 5112 2666 5182 μνημονευθέντων
2688 5111 3004 5180 οἰκημάτων
3043 5107 3301 5178 κατοχὴν,
3337 5105 3432 5161 καὶ
3453 5105 3647 5174 νομὴν,
3705 5100 3734 5167 ἡ

492 5197 717 5253 omnino
761 5201 1133 5270 pcrmittetur,
1163 5211 1223 5257 ut
1247 5203 1340 5273 qui
1371 5203 1476 5258 tale
1493 5203 1584 5273 jus
1607 5203 1868 5272 possidet,
1901 5205 2070 5259 alium

2172 5206 2382 5259 τούτων
2414 5204 2611 5274 χρῆσις
2637 5203 2992 5271 ὁπωσδήποτε
3026 5201 3472 5272 ἐκχωρηθήσεται
3496 5195 3640 5270 [ὲγχ.

495 5289 548 5343 in
592 5290 727 5362 ipsis
783 5293 1163 5349 habitaturum
1222 5295 1557 5361 introduc-at,
1607 5311 1732 5350 cum
1782 5296 1898 5366 ipse
1930 5296 2071 5351 forte

2121 5297 2289 5353 πάλλ’
2341 5297 2462 5350 οὐδὲ
2511 5295 2695 5358 ἁπλῶς
2744 5295 3011 5348 ὲνοικίσαι
3060 5294 3184 5346 τινα
3231 5293 3420 5364 ἕτερον
3459 5294 3516 5344 ὲν
3562 5287 3737 5345 αὐτοῖς

1723 5413 2182 5478 Montfaueonii
2251 5422 2432 5476 uotae.

568 5530 645 5604 (‘2)
691 5533 942 5605 113116ng
987 5531 1224 5605 τοίχων.
1297 5534 1479 5589 Muros
1531 5533 1826 5589 dirimendi
1887 5532 2062 5590 solum
2103 5550 2184 5591 cat

2116 5550 2266 5593 :ausa
2323 5545 2634 5592 exstructos
2690 5542 2850 5591 vocat
2895 5534 3121 5605 ἀργοὺς,
3177 5549 3274 5591 seu
3315 5534 3542 5601 otiosos,
3593 5527 3732 5604 quod

494 5602 702 5665 nullam
733 5602 947 5659 mdilicii
976 5604 1180 5658 molem
1207 5604 1402 5659 ferant.
2935 5602 2945 5605 ’
2982 5602 2991 5604 “
3331 5654 3334 5658 ,
