4104 6200
352 255 491 321 1113

1790 279 1959 341 TYPI
1968 283 2122 345 CUM
2131 333 2144 345 .

3452 302 3592 367 ιιιι

347 374 838 445 σνγχωρηθὴσςται
867 376 896 430 ό
939 376 999 429 τὺ
1029 378 1271 433 τοιοῦτον
1308 385 1648 455 κτησάμενος
1689 388 1917 453 δίκαιον,

2023 395 2154 452 alibi
2183 401 2458 470 propriam
2485 408 2879 465 rccrcationem
2912 411 3110 468 habeat
3134 432 3149 481 ;
3186 414 3300 471 haec
3324 414 3468 470 enim
3498 434 3593 488 pe-

344 467 486 537 ἔχων
537 471 668 529 ἴσως
696 468 929 538 ἀλλαχοῦ
970 470 1070 539 τὴν
1116 475 1325 529 οἰκείαν
1366 478 1708 532 ἀνάπαυσινο
1747 481 1919 534 ταῦτα

344 562 455 630 γὰρ
492 561 768 626 παντελῶς
793 563 1141 633 ἀπείργομεν,

416 653 482 705 Εἰ
523 652 748 739 δέδποτε
792 652 841 717 (ὃ
872 654 946 724 μὴ
983 655 1215 725 γένοιτο)
1250 657 1308 710 τὸ
1356 660 1653 728 πρόσωπον
1684 663 1745 717 τὸ
1794 665 1918 719 καθ’

344 743 649 812 οἰονδήτινα
682 743 885 813 καιρὸν
923 744 1020 816 τὴν
1070 750 1266 818 χρῆσιν
1295 749 1414 820 ἔχον
1454 753 1563 805 τῶν
1600 755 1918 825 οἰκημάτων

341 833 443 902 τῆς
489 834 658 902 μονῆς
707 835 1141 905 (ἐπαναληπτέον
1186 841 1295 910 γὰρ
1339 844 1431 895 καὶ
1467 841 1626 908 αὖθις
1666 846 1757 899 τὸν
1789 849 1918 918 περί⁸

341 924 524 979 αὐτῶν
548 924 751 993 λόγον),
781 928 936 998 ἔνοχῇ
973 946 1077 982 τινι
1103 931 1486 1003 καθυποεληθῇ
1519 934 1849 1007 δημοσιακῇ.
1882 938 1914 1007 ἦ

344 1017 615 1088 ἰδιωτικῇ.
639 1017 700 1081 ἐξ
721 1017 1051 1089 οἰουδήτινος
1074 1020 1300 1091 τρόπου,
1324 1028 1640 1097 χρηματικῇ
1663 1027 1695 1097 ἢ
1721 1029 1916 1098 ἐγκλη-

347 1110 639 1181 ματικῇ,ἢ
674 1111 769 1164 καὶ
800 1112 1127 1165 καθοσιώσει
1165 1115 1541 1183 ύποπεσεῖται,
1576 1120 1634 1171 ού
1670 1120 1916 1188 βούλεται

341 1204 375 1272 ἡ
406 1202 651 1273 βασιλεία
681 1221 783 1271 μου
808 1205 1237 1276 ὲνοχοποιεῖσθαι
1266 1209 1337 1261 τὰ
1364 1210 1584 1264 τοιαῦτα
1616 1213 1915 1283 οἰκήματα,

343 1291 504 1362 ἢτὴν
542 1291 724 1345 αὐτῶν
751 1291 969 1363 χρῆσιν,
1017 1292 1156 1347 ἀλλὰ
1204 1294 1389 1365 μένειν
1431 1297 1689 1361 ἐλεύθερα
1737 1301 1918 1371 πάσης

341 1385 556 1454 ἐνοχῆς.
583 1384 691 1438 Καὶ
717 1384 767 1438 εἰ
796 1385 894 1455 μὲν
918 1387 1234 1458 χρηματική
1255 1387 1337 1451 τίς
1355 1390 1551 1459 totth
1576 1390 1751 1461 ἐνοχὴ,
1782 1409 1916 1445 κατ-

341 1475 489 1546 έχειν
549 1476 718 1529 ταῦτα
771 1478 865 1529 καὶ
922 1476 1185 1546 νέμεσθαι
1251 1474 1407 1542 αὖθις
1454 1481 1586 1534 αὐτὸ
1636 1483 1811 1535 ἐκεῖνο
1853 1483 1916 1536 τὸ

342 1567 658 1636 πρόσωπον,
694 1566 754 1620 τὸ
782 1567 879 1639 τὴν
913 1568 1107 1638 χρῆσιν
1147 1568 1270 1639 ἔχον
1306 1569 1546 1625 τούτων’
1576 1572 1679 1626 κᾶν
1707 1575 1740 1643 ἠ
1782 1572 1913 1645 ἄλλη

341 1662 493 1714 πᾶσα
543 1661 831 1730 περιουσία
875 1661 1066 1715 τούτου
1108 1665 1220 1725 τοῖς
1250 1663 1555 1734 χρεώσταις
1598 1666 1728 1727 ίσως
1775 1667 1916 1720 κατά

341 1753 542 1821 νόμους
598 1752 908 1804 ὑπόκειται.
942 1750 1089 1822 Αὕτη
1120 1753 1229 1823 γὰρ
1259 1757 1294 1825 ἡ
1341 1757 1537 1825 χρῆσις
1577 1757 1669 1810 καὶ
1710 1760 1912 1828 κατοχὴ
1944 1747 1988 1805 Β

338 1843 449 1895 τῶν
479 1844 736 1895 τοιούτων
763 1842 1099 1912 οἰκημάτων.
1128 1846 1223 1900 καὶ
1257 1847 1366 1899 τῶν
1398 1848 1490 1900 ὑπ’
1529 1848 1668 1903 αὐτὰ
1696 1850 1913 1903 πάντων

340 1933 661 2003 ὑπερτερεῖν
690 1930 966 2002 ὀφείλουσι
1013 1934 1193 2003 πάσης
1231 1939 1579 2006 χρηματικῆς
1608 1938 1816 2008 ὲνοχῆς,
1842 1940 1917 1999 ὡς

340 2016 766 2087 τοιουτοτρόποις
794 2026 1270 2095 παραπεμπούσης
1306 2027 1477 2081 ταῦτα
1516 2028 1615 2097 τῆς
1641 2029 1916 2099 βασιλείας

345 2132 449 2185 μου
484 2114 617 2183 πρὸς
662 2115 791 2178 τοὺς
855 2115 1150 2184 μέλλοντας
1197 2116 1372 2173 ταῦτα
1428 2119 1701 2190 κατέχειν.
1747 2122 1808 2174 Εἰ
1858 2121 1915 2173 δὲ

341 2207 719 2278 ἐγκληματική
759 2209 980 2280 ἐστινὴ
1040 2209 1265 2279 εύθύνη,
1320 2210 1352 2281 ἢ
1416 2211 1768 2275 καοοσέωσις,
1821 2213 1917 2264 καὶ

343 2295 632 2348 ἐκπίπτειν
669 2295 851 2365 μέλλοι
880 2297 978 2365 τῆς
1019 2298 1278 2369 τοιαύτης
1326 2303 1596 2369 χρήσεως,
1627 2301 1715 2354 ἵνα
1743 2302 1914 2353 ἐπαν-

340 2387 569 2457 έρχηται
607 2387 746 2453 αὕτη
779 2388 860 2450 εἰς
906 2387 968 2440 τὸ
1002 2388 1340 2457 καλούμενον
1374 2389 1494 2459 μετ’
1523 2391 1655 2445 αὐτὸ
1705 2393 1917 2460 πρόσω-

343 2495 463 2536 πον.
485 2479 625 2532 κατὰ
646 2481 745 2549 τὴν
768 2480 1024 2551 ἀνωτέρω
1046 2480 1308 2548 διὰστιξιν
1326 2485 1417 2536 καὶ
1441 2485 1721 2554 διαίρεσιν.
1766 2486 1913 2538 Ἐπι-

340 2571 609 2624 λιπόντωυ
660 2571 716 2624 δὲ
766 2571 874 2624 τῶν
930 2576 1238 2643 προσώπων
1269 2575 1421 2639 ίσως,
1467 2575 1917 2631 ὲπανελεύσονται

316 2666 479 2734 ,πρὸς
510 2665 608 2735 τὴν
640 2664 930 2719 δεσπότιδα
962 2669 1153 2736 μονήν.
1620 2678 1625 2681 ’

413 2758 528 2810 Κάν
577 2775 708 2810 ποτε
763 2758 1093 2828 ῐσως(ὃπερ
1140 2758 1400 2829 ἀπέστω)
1452 2759 1800 2828 πυρίκαυστα
1847 2760 1917 2814 τὰ

339 2849 565 2903 τοιαῦτα
599 2852 877 2921 οἰκήματα
900 2850 1190 2918 γένωνται,
1219 2852 1282 2903 ὲκ
1309 2851 1529 2921 μέρους,
1553 2852 1585 2922 ἢ
1612 2851 1670 2916 ἐξ
1696 2851 1918 2923 ὁλοκλή-

343 2959 463 3015 ρου,
496 2943 557 2995 οὐ
590 2942 840 3012 βούλεται
873 2943 905 3011 ἡ
934 2940 1185 3008 βασιλεία
1219 2957 1320 3010 μου
1344 2941 1623 3012 σχολάζειν
1653 2940 1752 3011 τὴν
1784 2942 1918 3011 χρῆ-

2019 494 2171 548 nitus
2202 497 2578 564 prohibemus.

2088 677 2143 732 Si
2179 694 2310 733 vero
2361 679 2527 750 (quod
2574 681 2738 751 absit)
2780 662 3010 753 p‘ersona
3056 702 3177 755 qua:
3227 688 3422 757 quovis
3453 699 3589 743 tem-

2017 783 2152 837 pore
2213 771 2502 825 domorum
2562 776 2879 830 monasterii
2941 794 3041 831 usu
3102 780 3341 847 potietur
3388 780 3592 841 (sermo

2017 862 2164 914 enim
2194 861 2262 915 de
2316 863 2424 916 illis
2455 863 2638 916 denuo
2674 868 3037 921 resumendus
3084 870 3214 935 est),
3264 869 3589 940 obligationi

2017 951 2255 1021 cuipiam
2288 954 2637 1023 subjiciatur,
2672 957 2906 1025 publica:
2936 967 3030 1012 aut
3053 962 3301 1028 privatas,
3328 975 3395 1012 ex
3414 958 3590 1027 quali-

2017 1045 2110 1093 bet
2136 1042 2366 1101 ratione,
2405 1043 2753 1110 pecuniariaa,
2784 1054 2879 1098 aut
2911 1046 3205 1110 criminali,
3233 1048 3316 1101 vel
3345 1047 3386 1100 si
3421 1048 3589 1101 etiam

2016 1132 2418 1187 condemnatus
2474 1133 2687 1189 fuerit:
2723 1152 2830 1191 non
2891 1139 3008 1191 vult
3040 1137 3330 1206 imperium
3380 1153 3586 1200 meum,

2018 1232 2079 1276 ut
2104 1223 2415 1292 hujusmodi
2452 1224 2651 1281 domus
2681 1238 2776 1280 aut
2800 1243 2989 1282 earum
3016 1245 3145 1285 usus
3194 1230 3586 1299 obligationem

2017 1313 2381 1377 contrahant;
2410 1314 2505 1368 sed
2538 1327 2799 1371 maneant
2820 1318 2969 1371 οιιιηί
2999 1318 3335 1388 obligatione
3374 1318 3585 1372 libera}.

2016 1404 2085 1458 Et
2108 1404 2152 1457 si
2183 1404 2402 1467 quidem
2436 1407 2754 1474 pecuniaria
2794 1407 2965 1463 fuerit
3024 1410 3311 1480 obligatio,
3355 1425 3588 1480 persona

2017 1511 2139 1564 qua:
2165 1494 2384 1549 illarum
2410 1512 2508 1550 usu
2560 1498 2790 1567 potitur,
2827 1500 2972 1569 ipsas
3002 1517 3203 1555 rursus
3235 1501 3483 1555 obtineat
3532 1508 3591 1554 et

2016 1587 2297 1655 possideat
2322 1604 2336 1641 :
2370 1588 2499 1643 licet
2533 1590 2751 1645 residua
2776 1592 2897 1661 ejus
2930 1593 3109 1646 omnis
3135 1592 3442 1647 substantia
3465 1606 3587 1646 cre-

2019 1678 2296 1733 ditoribus
2356 1681 2660 1735 secundum
2717 1682 2867 1753 leges
2902 1684 3044 1739 forte
3095 1685 3397 1755 subjaeeat.
3451 1684 3593 1739 Usus

2017 1769 2165 1823 enim
2205 1780 2260 1824 et
2292 1773 2565 1839 possessio
2586 1772 2858 1842 ejusmodi
2912 1757 3227 1839 domorum,
3257 1789 3313 1829 et
3344 1773 3589 1827 omnium

2016 1877 2138 1930 qua:
2172 1861 2237 1915 ad
2268 1861 2384 1931 ipsa
2436 1872 2682 1933 spectant
2714 1864 3010 1933 praevalere
3057 1864 3222 1919 debet
3250 1863 3397 1917 omni
3428 1878 3595 1931 pecu-

2017 1954 2206 2008 niariae
2236 1954 2554 2024 obligationi
2582 1973 2597 2020 ;
2628 1956 2916 2025 imperium
2941 1957 3142 2026 quippe
3176 1972 3355 2010 meum
3388 1971 3450 2008 ea
3474 1954 3592 2022 lege

2019 2032 2141 2098 illas
2178 2044 2502 2098 transmittit
2531 2045 2599 2100 iis
2639 2046 2738 2116 qui
2788 2047 3009 2101 easdem
3079 2044 3388 2117 posscssuri
3439 2055 3589 2098 sunt.

2018 2136 2072 2188 Si
2100 2146 2282 2191 autem
2307 2138 2610 2192 criminalis
2637 2139 2710 2194 sit
2738 2141 3037 2204 accusatio,
3074 2140 3158 2193 vel
3181 2136 3590 2197 condemnatio,

2017 2237 2071 2281 et
2139 2228 2455 2299 bujusmodi
2497 2246 2600 2283 usu
2686 2231 2943 2286 excidere
3005 2231 3224 2297 debeat,
3284 2238 3592 2283 revertatur

2018 2318 2133 2387 ipse
2158 2334 2290 2373 usus
2314 2318 2380 2372 ad
2418 2334 2728 2389 personam.
2753 2319 2839 2374 cui
2872 2330 2993 2390 post
3020 2321 3173 2376 illum
3211 2319 3260 2373 is
3307 2316 3588 2386 competit,

2012 2412 2165 2481 juxta
2227 2413 2566 2479 superiorem
2629 2412 3037 2466 distinctionem
3117 2419 3174 2466 et
3239 2409 3588 2464 divisionem.

2018 2499 2073 2556 Si
2096 2501 2236 2556 forte
2261 2500 2517 2555 deﬁciant
2548 2517 2815 2571 personae,
2857 2501 2923 2556 ad
2957 2500 3262 2567 dominum,
3299 2513 3494 2566 nempe
3522 2494 3596 2562 ail

2018 2588 2436 2655 monasterium,
2470 2602 2842 2647 revertentur.

2088 2778 2145 2834 Si
2172 2794 2302 2833 vero
2325 2778 2522 2833 domus
2544 2778 2648 2833 illa?
2670 2777 2835 2848 (quod
2861 2775 3026 2843 absit)
3051 2775 3306 2841 incendio
3350 2787 3592 2842 unquam

2017 2869 2319 2939 depereant
2347 2885 2412 2924 ex
2450 2876 2601 2938 parte
2633 2869 2716 2922 vel
2749 2884 2816 2922 ex
2848 2877 2985 2931 toto,
3013 2884 3122 2922 non
3144 2866 3261 2919 vult
3291 2864 3593 2933 imperato-

2021 2962 2098 3016 ria
2131 2977 2249 3015 mea
2285 2960 2563 3028 majestas,
2600 2970 2658 3013 ut
2688 2967 2868 3014 cesset
2893 2959 2983 3013 ille
3016 2973 3169 3022 usus,
3201 2964 3388 3025 utpote
3414 2953 3594 3007 domi-

344 3051 450 3098 σιν,
485 3034 559 3097 ὡς
584 3034 693 3087 τῶν
738 3034 1076 3104 οἰκημάτων,
1125 3035 1181 3086 ἐν
1224 3028 1306 3097 οἷς
1349 3034 1699 3106 θεωρεῖταιή
1736 3033 1916 3087 κατοί-

2022 3053 2125 3108 bus
2157 3053 2209 3107 in
2242 3052 2444 3122 quibus
2482 3051 2753 3106 habitatio
2806 3066 2929 3105 esse
2970 3066 3130 3120 posse
3179 3048 3450 3109 cernitur,
3486 3060 3594 3099 non

341 3140 528 3191 κησις,
589 3126 667 3185 εἰς
732 3125 791 3177 τ’)
845 3124 921 3194 μὴ
983 3121 1121 3177 εἶναι
1176 3126 1581 3197 χωρησάντωνο
1643 3125 1779 3179 ἀλλὰ
1828 3125 1918 3176 τὸν

340 3217 643 3285 τηνικαῦτα
684 3215 742 3267 τὺ
764 3214 970 3268 δίκαιον
998 3216 1094 3285 τῆς
1124 3216 1382 3287 τοιαύτης
1414 3218 1664 3286 χρήσεως
1703 3216 1917 3287 ἔχοντα,

342 3311 486 3363 κατά
517 3311 616 3379 τὴν
641 3309 848 3363 ἄνωθεν
870 3310 1227 3375 διατύπωσιν,
1252 3309 1395 3379 ἔχειν
1424 3311 1518 3362 καὶ
1547 3309 1707 3362 πάλιν
1727 3308 1916 3379 αὐτὴν,

342 3403 437 3455 καὶ
468 3402 720 3469 κατέχειν
761 3402 829 3454 τὰ
858 3402 1079 3455 τοιαῦτα
1109 3402 1312 3464 δίκαια,
1342 3401 1417 3463 ὡς
1445 3402 1650 3455 ἄνωθεν
1680 3402 1917 3471 εἴρηται,

342 3496 440 3548 καὶ
467 3494 700 3565 χρῆσθαι
733 3494 962 3556 τούτοις,
995 3472 1187 3563 ἔχοντα
1227 3492 1415 3545 ἄδειαν
1448 3490 1814 3559 ἀνοικοδομεῖν
1843 3492 1920 3543 οἰο

344 3587 571 3657 κήματα
610 3589 669 3639 ὲν
697 3588 810 3647 τοῖς
841 3586 1028 3648 τόποις
1056 3585 1166 3637 τῶν
1203 3584 1538 3649 καυθέντων,
1570 3583 1728 3635 ὁποῖα
1758 3582 1919 3635 δύνα-

343 3695 466 3732 ται·
498 3678 607 3732 τῶν
639 3677 957 3742 διαστίξεων
1006 3678 1116 3730 τῶν
1145 3678 1274 3746 περὶ⁸
1310 3673 1405 3728 τοῦ
1450 3674 1919 3745 παραπέμπεσθαι

344 3770 538 3831 ταῦτα,
563 3772 656 3824 καὶ
684 3771 1093 3840 περιέρχεσθαι,
1127 3767 1307 3831 καθὼς
1336 3768 1545 3822 ἄνωθεν
1587 3772 1920 3836 σαφέστερον

345 3862 583 3932 εἴρηται,
638 3861 909 3925 σώζεσθαι
961 3862 1055 3914 καὶ
1102 3860 1275 3925 οὕτως
1314 3860 1665 3928 ὀφειλουσῶν,
1721 3861 1813 3913 καὶ
1862 3861 1922 3912 τὸ

350 3952 567 4022 ἰσχυρὸν
589 3952 734 4021 ἔχειν
766 3954 861 4005 καὶ
900 3954 1147 4023 ἐνεργόν.

421 4044 566 4116 Πλὴν
589 4046 688 4098 οὐκ
721 4044 934 4109 ἐξέσται
966 4046 1071 4098 τινὶ
1108 4047 1311 4099 τούτων
1345 4045 1612 4099 ἐκδιδόναι
1642 4044 1734 4097 τὸν
1754 4043 1918 4096 τόπον

347 4137 490 4203 πρός
524 4153 643 4190 τινα
678 4137 1001 4207 κηπεύσεως
1040 4138 1221 4208 χάριν,
1253 4139 1285 4210 ἢ
1332 4138 1559 4200 κτίσεως
1606 4130 1918 4188 ἐνοικικῶν·

349 4228 489 4282 ἀλλά
512 4229 671 4282 πάλιν
683 4231 766 4284 ἓτε
776 4248 843 4300 ρα
856 4232 972 4284 ἀντ’
990 4231 1183 4295 αὐταῖς
1201 4230 1357 4303 [-1th
1372 4229 1419 4301 ?]
1443 4229 1818 4298 οἰκοδομῆσαι,
1834 4221 1919 4280 οἷα

352 4320 600 4385 δύναται,
634 4322 727 4375 ἐπὶ
776 4324 855 4393 τῷ
890 4323 1223 4393 καταμένειν
1254 4325 1312 4375 ὲν
1360 4322 1565 4385 αὐτοῖς.
1619 4321 1723 4374 Τὸν
1748 4322 1804 4374 δὲ
1847 4319 1922 4388 τῷ

2020 3145 2257 3214 amplius
2284 3145 2668 3199 exstantibus:
2705 3144 2798 3199 sed
2830 3143 2923 3211 qui
2950 3152 3080 3196 tune
3107 3142 3373 3209 temporis
3405 3139 3598 3207 hujus-

2021 3235 2166 3289 modi
2195 3250 2328 3288 usus
2359 3235 2483 3304 jure
2517 3235 2725 3303 potitur
2769 3232 2925 3301 juxta
2958 3231 3300 3299 superiorem
3352 3227 3596 3281 sanctio—

2022 3342 2167 3383 nem.
2199 3326 2381 3379 denuo
2406 3324 2554 3378 illum
2587 3322 2852 3388 obtineat,
2894 3332 2949 3376 et
2976 3319 3293 3390 ltujasmodi
3317 3319 3408 3388 jus
3458 3332 3595 3370 con-

2021 3426 2223 3480 servet,
2253 3424 2313 3471 ut
2350 3431 2516 3484 supra
2574 3415 2782 3469 dictum
2818 3420 2923 3476 est,
2981 3412 3182 3479 illoque
3244 3410 3485 3471 fruatur;
3533 3422 3597 3462 ac

2021 3522 2192 3578 penes
2216 3507 2368 3561 illum
2394 3505 2501 3561 erit
2525 3505 2579 3559 in
2606 3504 2744 3559 locis
2773 3504 3186 3559 evmbustarum
3215 3515 3383 3553 novas
3405 3498 3598 3553 domos

2021 3598 2319 3660 mdiﬁcare.
2370 3583 2562 3667 quales
2618 3596 2844 3667 poterit.
2873 3596 2953 3650 Eo
2986 3607 3144 3663 pacto
3212 3591 3599 3646 distinctiones

2023 3692 2094 3747 de
2146 3706 2336 3746 earum
2374 3690 2791 3745 transmissioue
2846 3697 2904 3742 et
2940 3686 3315 3748 devalutione,
3348 3692 3405 3736 ut
3434 3697 3597 3750 supra

2021 3784 2288 3859 liquidius
2331 3784 2538 3839 dictum
2567 3791 2672 3849 est,
2722 3782 2930 3838 servari
2984 3780 3212 3846 debent,
3264 3777 3485 3846 vimque
3544 3784 3599 3829 et

2023 3877 2321 3955 efﬁcaciam
2357 3877 2587 3934 habere.

2095 4059 2388 4124 Caeterum,
2436 4072 2548 4111 non
2611 4055 2797 4110 licebit
2830 4053 3086 4120 cuiquam
3131 4065 3195 4105 ex
3252 4045 3360 4101 illis
3416 4044 3599 4121 locum

2026 4150 2337 4205 conducere
2366 4149 2527 4201 alicui
2554 4146 2840 4199 hortorum
2872 4141 3241 4212 parandorum
3278 4152 3464 4199 causa,
3514 4136 3598 4190 vel

2025 4242 2093 4295 ad
2149 4238 2511 4294 exstruendas
2566 4235 2936 4290 conductitias
2968 4232 3210 4286 domos:
3259 4230 3354 4284 sed
3408 4242 3599 4281 rursus

2027 4333 2162 4386 alias
2187 4335 2493 4393 construat,
2536 4326 2726 4396 quales
2757 4324 2982 4395 poterit,
3010 4330 3069 4376 ut
3108 4323 3163 4376 in
3187 4320 3322 4392 ipsis
3368 4319 3598 4373 habitet.

348 4413 503 4484 τόπῳ
535 4415 881 4484 χρησάμενον
909 4416 1112 4485 ἑτέρως
1155 4414 1305 4485 παρά
1350 4414 1441 4468 τὸν
1483 4413 1727 4484 παρόντα
1763 4412 1919 4481 ἡμῶν

2027 4423 2130 4491 Qui
2178 4432 2360 4477 autem
2412 4422 2535 4476 loco
2576 4429 2779 4484 utetur,
2828 4415 2989 4471 modo
3025 4431 3055 4469 a
3127 4414 3376 4484 praesenti
3418 4425 3599 4465 nostra

348 4506 600 4576 ὁρισμὸν,
634 4507 921 4559 ἐκπίπτειν
954 4507 1158 4560 τούτων
1183 4506 1548 4576 διοριζόμεθα,
1580 4507 1678 4559 καὶ
1702 4506 1926 4576 περιέρ-

348 4597 540 4665 χεσθαι
579 4597 752 4650 ταῦτα
798 4598 935 4668 πρὸς
967 4599 1045 4650 τὸ.
1077 4600 1216 4668 μετά
1247 4599 1349 4666 ξτὸν
1393 4597 1719 4661 ἐκπεσόντα,
1763 4598 1797 4667 ἦ
1829 4599 1927 4667 τὴν

350 4689 716 4756 ἐκπεσοῦσαν,
751 4691 1087 4762 καλούμενον
1113 4691 1429 4761 πρόσωπον,
1455 4689 1641 4756 καθὼς
1670 4689 1928 4759 ἀνωτέρω

350 4782 677 4853 διείληπται.
1196 4834 1203 4841 .

424 4874 611 4934 Πάσας
647 4875 832 4942 μέντοι
883 4875 984 4938 τὰς
1042 4874 1442 4943 διαλειφθείσας
1491 4872 1581 4946 [Ῑ.
1613 4871 1927 4943 διαληφοεί-

356 4963 483 5037 σας]
512 4966 719 5030 ταύτας
769 4967 1034 5037 διαταγὰς
1086 4985 1143 5020 τε
1179 4967 1274 5020 καὶ
1321 4966 1619 5031 διαστίξεις
1665 4964 1928 5034 βούλομαι

353 5059 582 5128 βεϐαίας
609 5060 824 5131 μένεινο
871 5062 946 5131 μὴ
974 5062 1190 5131 ἔχοντος
1223 5060 1407 5114 ἄδειαν
1455 5058 1552 5111 τοῦ
1601 5058 1797 5128 μέρους
1830 5058 1928 5126 τῆς

354 5153 523 5222 μονῆς
576 5153 701 5205 καθ’
753 5153 1053 5224 οἰονδὴτινα
1101 5155 1300 5225 τρόπον
1351 5152 1681 5213 ἀπεναντίας
1729 5152 1928 5220 χωρεῖν

351 5241 464 5296 τῶν
494 5242 645 5313 παρὰ
671 5242 1084 5312 τῆςβασιλείας
1118 5261 1219 5315 μου
1247 5242 1626 5314 διορισθέντων
1654 5242 1923 5295 ἐνταυθοῖ.

354 5336 472 5406 Τὴν
500 5338 610 5409 γὰρ
658 5336 1046 5409 προσκύρωσιν
1097 5339 1205 5390 τῶν
1235 5337 1490 5391 τοιούτων
1541 5336 1812 5406 ἀκινήτων
1855 5334 1931 5388 δι-

355 5428 532 5482 καίων
596 5430 733 5498 πρὸς
767 5431 829 5483 τὸ
880 5432 980 5500 τῆς
1017 5429 1184 5499 μονῆς
1237 5429 1423 5498 μέρος,
1457 5427 1599 5482 οὕτω
1648 5429 1741 5481 καὶ
1792 5425 1932 5496 μετά

356 5520 619 5575 τοιούτων
655 5522 974 5590 διαστίξεων
999 5522 1293 5591 ἐποιήσατο
1323 5521 1416 5573 καὶ
1448 5523 1683 5572 ποιεῖται
1720 5520 1753 5589 ἡ
1781 5518 1930 5588 βασι-

352 5612 474 5665 λεία
504 5630 603 5683 μου
628 5628 640 5641 ·
672 5614 763 5667 καὶ
794 5615 934 5667 κατὰ
956 5615 1081 5674 τοὺς
1112 5613 1433 5683 εἰρημένους
1460 5614 1693 5681 τρόπους
1715 5611 1931 5665 διατάτ-

355 5720 506 5759 τεται
539 5704 635 5776 τὴν
662 5706 977 5762 δεσποτείαν
1010 5704 1187 5758 αὐτῶν
1226 5705 1760 5774 προσκεκυρωίιενην
1791 5699 1925 5757 εἶναι

2031 4514 2316 4569 sanctione
2336 4511 2538 4574 alieno,
2564 4508 2863 4565 statuimus
2910 4515 2971 4560 ut
3024 4503 3072 4558 is
3114 4503 3226 4557 illis
3280 4501 3515 4564 excidat,
3547 4508 3600 4553 et

2029 4605 2395 4660 devolvuntur
2422 4604 2485 4656 ad
2505 4597 2802 4672 personam
2843 4599 2929 4653 eui
2982 4605 3106 4666 post
3152 4594 3302 4647 illum
3338 4592 3422 4644 vel
3453 4591 3601 4643 illam

2028 4712 2152 4766 quce
2187 4695 2254 4749 iis
2279 4693 2503 4759 excidit,
2541 4691 2595 4746 id
2621 4689 2904 4760 competit.
2946 4696 3007 4742 ut
3029 4682 3284 4755 superius
3303 4682 3598 4737 dissertum

2028 4797 2131 4842 est.

2099 4878 2304 4935 Omnes
2328 4878 2496 4948 igitur
2530 4876 2831 4946 explicatas
2862 4875 3176 4930 sanctiones
3203 4880 3258 4926 et
3285 4864 3602 4924 distinctio-

2032 4989 2130 5028 nes
2167 4982 2312 5026 ratas
2339 4985 2560 5025 manere
2594 4968 2742 5031 volo,
2768 4977 2828 5020 ut
2854 4984 2963 5021 non
2994 4968 3169 5035 possit
3213 4959 3605 5017 monasterium

2032 5065 2282 5135 quolibet
2316 5062 2477 5115 modo
2503 5059 2782 5114 adversari
2837 5059 2904 5112 iis
2944 5076 3063 5128 qtnr
3098 5057 3186 5110 hic
3221 5074 3249 5109 a
3278 5069 3399 5107 mea
3437 5051 3608 5119 maje-

2031 5166 2172 5211 state
2206 5164 2406 5210 statuta
2438 5160 2583 5206 sunt.
2621 5150 3005 5204 Addictionem
3052 5147 3203 5200 enim
3243 5142 3603 5197 immobilium

2033 5249 2254 5304 illorum
2286 5248 2474 5319 jurtttu
2507 5247 2864 5307 monasterio,
2893 5258 2959 5296 eo
2984 5251 3165 5312 pacto,
3185 5250 3239 5294 et
3262 5256 3386 5292 eum
3418 5238 3599 5306 hujus-

2034 5339 2181 5395 modi
2209 5339 2656 5394 distinctionibus
2687 5336 2873 5391 ellecit
2897 5344 2951 5388 et
2979 5331 3146 5387 eﬂicit
3172 5333 3430 5401 majestas
3448 5345 3564 5383 mea
3591 5344 3607 5394 ;

2028 5430 2296 5501 jubetque
2350 5437 2409 5482 ut
2468 5428 2771 5483 secundum
2834 5423 3085 5496 prmfatas
3134 5421 3378 5476 rationes
3429 5420 3609 5473 donti-

2033 5523 2186 5575 nium
2219 5536 2408 5576 earum
2464 5520 2743 5575 addictum
2797 5519 2868 5573 sit
2918 5516 3272 5571 monasterio.
3300 5513 3413 5567 Etsi
3467 5512 3609 5566 ἴοι-ιο

2036 5614 2425 5669 monasterium
2453 5615 2578 5684 jura
2632 5611 2880 5683 quaedam
2937 5626 3004 5665 ex
3050 5608 3330 5677 aliquibus
3381 5607 3606 5676 scriptis

2035 5705 2402 5774 documentis,
2450 5716 2547 5763 aut
2599 5705 2821 5761 aliunde
2865 5702 3112 5758 obtineat
3143 5699 3195 5755 in
3232 5700 3353 5756 ilias
3386 5698 3602 5753 domus.
