4104 6200
504 174 645 239 1115

1782 170 2070 231 IRENES
2106 170 2491 231 AUGUST/E

3602 170 3743 234 1116

501 305 717 347 necnon
752 305 808 343 m
848 296 1071 354 caetera,
1097 295 1155 345 et
1187 288 1240 343 in
1289 302 1509 343 omnem
1543 303 1734 343 earum
1761 287 2065 351 ambitum;

2175 288 2242 356 τῇ
2279 289 2437 357 μονῇ.
2499 286 2615 342 Κᾶν
2651 290 2782 352 ίσως
2827 289 2888 343 τὸ
2935 293 3098 362 μέρος
3159 289 3327 361 αὐτῆς
3382 289 3567 344 δίκαιὶ
3621 310 3743 343 τινα

502 397 614 435 non
645 378 760 433 vult
790 378 1081 447 imperium
1112 391 1296 431 meum
1326 374 1606 445 quidpiam
1646 373 1764 430 ﬁeri
1789 385 1988 444 praeter
2010 390 2076 428 ea

501 486 624 542 qua:
655 469 745 524 hic
774 467 984 524 sancita
1015 475 1166 521 sunt.
1192 468 1391 522 Totum
1418 483 1655 537 namque
1678 466 2072 521 monasterium
2102 484 2115 495 '

499 577 626 618 eum
674 560 742 615 iis
773 574 895 628 qua:
933 558 1033 627 ipsi
1088 557 1376 628 subiacent
1409 566 1466 612 et
1512 557 1660 613 circa
1713 556 1889 626 ipsum
1925 565 2074 622 sunt,

500 653 711 722 magnis
738 652 853 707 suis
883 650 1201 719 sumptibus
1225 661 1283 705 et
1317 649 1575 720 expensis
1600 648 1866 704 excitavit
1900 649 2076 717 impe-

402 731 443 777 J’
498 743 705 797 ratoria
763 756 883 796 mea
939 743 1237 812 majestas;
1267 750 1429 810 atque
1479 741 1619 795 adeo
1666 740 1797 793 licet
1848 740 2075 793 omnino

387 882 397 891 .,
499 835 600 905 ipsi
640 834 707 888 de
740 834 1116 889 immobilibus
1153 833 1261 888 illis
1294 844 1536 888 statuere
1566 841 1625 887 ut
1651 831 1895 895 libuerit,
1922 831 2067 885 vult-

386 926 393 932 ’
493 941 604 995 que
643 926 982 981 sanctionem
1013 941 1168 980 suam
1204 924 1547 980 immutatam
1574 939 1819 979 manere.
1838 923 1994 989 Quod
2022 924 2068 977 si

494 1018 637 1072 forte
693 1018 961 1073 moniales
1001 1018 1148 1071 aliud
1194 1017 1475 1087 quidpiam
1524 1016 1727 1071 molita:
1764 1015 2068 1077 fuerint,in

498 1106 649 1161 nullo
678 1106 936 1160 tribunali
969 1106 1335 1160 admittentur
1367 1123 1380 1159 :
1407 1114 1461 1160 et
1501 1120 1626 1174 qua;
1663 1105 1784 1159 talis
1834 1101 2073 1158 molimi-

499 1195 582 1249 nis
609 1205 861 1251 auctores
884 1195 1008 1250 aliis
1059 1195 1286 1257 fuerint,
1319 1211 1349 1249 e
1384 1197 1716 1252 monasterio
1755 1196 2068 1264 ejicientur.

2170 376 2436 446 κέκτηται
2459 377 2567 431 ἀπό
2591 396 2752 432 τινων
2777 383 3093 451 ἐγγράφων.
3121 381 3152 452 ἢ
3182 379 3481 450 ἀλλαχόθεν
3508 381 3601 432 ἐπὶ
3629 385 3744 445 τοῖς

2169 465 2433 529 τοιούτοις
2462 468 2747 538 οἰκήμασι,
2775 472 2867 523 καὶ
2908 472 3138 534 λοιποῖς.
3170 473 3262 523 καλ⁸
3294 470 3443 543 πάσῃ
3474 470 3657 524 αὐτῶν
3678 476 3741 543 τῇ

2170 559 2425 627 περιοχῇ,
2463 558 2525 609 ού
2573 557 2823 627 βούλεται
2854 563 2887 630 ἡ
2925 560 3173 630 βασιλεία
3207 579 3309 629 μου
3351 561 3479 615 ἄλλο
3510 579 3563 613 τι
3589 565 3745 630 γενέο

2171 647 2296 700 σθαι
2336 649 2425 702 ἐπ’
2467 651 2652 715 αὐτοῖς
2702 654 2855 721 παρὰ
2901 654 2971 706 τὰ
3017 652 3271 705 ἐνταυθοῖ
3321 653 3742 722 διατεταγμένα.

2169 736 2279 807 Τὴν
2312 740 2421 808 γὰρ
2453 739 2581 810 ὅλην
2611 741 2779 810 μονὴν
2823 743 2918 796 καὶ
2946 746 3017 797 τὰ
3045 744 3138 796 ὑπ’
3165 744 3333 813 αὐτὴν
3362 744 3457 797 καὶ
3483 746 3612 812 περὶ
3641 746 3745 797 αύ-

2167 830 2266 899 τὴν
2295 834 2689 906 συστησαμένη
2720 839 2753 904 ἡ
2785 835 3030 905 βασιλεία
3060 854 3161 906 μου
3199 836 3258 901 ἐξ
3280 837 3499 890 οίκείων
3532 837 3747 889 πολλῶν

2168 922 2538 992 ἀναίωμάτων
2586 928 2677 979 καὶ
2719 927 2999 992 δαπανῶν,
3028 929 3215 982 ἄδειαν
3260 928 3375 999 ἔχει
3410 929 3627 992 πάντως
3671 929 3747 980 δι-

2167 1013 2455 1081 ορίσασθαι
2506 1017 2602 1071 ἐπὶ
2652 1020 2764 1080 τοῖς
2791 1019 3055 1082 τοιούτοις
3102 1021 3403 1089 ἀκινήτοις,
3440 1020 3500 1072 τὸ
3550 1020 3744 1072 δοκοῦν

2169 1105 2342 1174 αὐτῇ·
2407 1110 2502 1162 καὶ
2553 1109 2802 1180 βούλεται
2852 1113 2942 1164 τὸν
2996 1113 3167 1180 αὐτῆς
3227 1112 3509 1180 διορισμὸν
3558 1114 3745 1181 μένειν

2168 1196 2551 1254 ἀναλλοίωτον.
2606 1202 2722 1255 Κᾶν
2774 1203 3086 1273 πειραθεῖεν
3135 1205 3266 1265 ίσως
3310 1204 3366 1256 αἱ
3412 1205 3744 1272 μονάζουσαι

492 1289 624 1342 ἄλλο
655 1307 708 1342 τι
756 1289 1130 1359 ἐπιχειρῆσαι,
1203 1290 1565 1358 ἀπρόσδεκτοι
1613 1290 1827 1343 ἔσονται
1868 1289 2033 1342 παντὶ
2065 1289 2418 1362 δικαστηρίῳ,
2458 1295 2557 1348 καὶ
2600 1296 2698 1363 τῆς
2746 1296 2913 1365 μονῆς
2960 1296 3414 1366 ἐκδιωχθήσονται
3445 1297 3502 1350 αἱ
3569 1312 3748 1367 πρωτο

496 1380 659 1434 αιτιοι
682 1384 801 1445 ταῖς
834 1381 1025 1444 ἄλλαις
1054 1380 1154 1448 τῆς
1184 1381 1442 1448 τοιαύτης
1476 1381 1894 1451 ἐπιχειρήσεως.

1023 1470 1248 1527 CAPUT
1284 1470 1499 1525 ωαχ.
2101 1455 2143 1510 Β

495 1560 573 1615 De
593 1563 657 1617 iis
706 1579 823 1633 qua
873 1566 1245 1642 impectionem
1295 1565 1601 1619 monasterii
1643 1563 1833 1618 habere
1862 1562 2064 1617 debent.

566 1722 638 1779 Ut
671 1723 897 1777 omnino
926 1739 1149 1779 necesse
1177 1723 1281 1778 fuit
1309 1722 1600 1794 quamdam
1636 1740 1666 1778 a
1690 1740 1775 1778 me
1806 1724 2067 1779 constitui

490 1832 617 1883 quae
655 1814 990 1870 monasterio
1014 1816 1477 1885 patrocinaretur,
1497 1824 1555 1871 et
1583 1824 1805 1870 curaret
1835 1813 2067 1869 infracta

496 1906 550 1960 in
586 1907 843 1961 omnibus
870 1907 1075 1961 servari
1107 1923 1226 1976 quae
1272 1908 1326 1961 in
1355 1908 1537 1978 typico
1564 1906 1944 1972 declarantur;
1976 1907 2071 1960 de-

496 1997 712 2053 ﬁnierat
746 1984 1037 2068 imperium
1075 2015 1258 2055 meum
1292 1997 1345 2052 in
1372 1999 1550 2070 capite
1587 1999 1654 2053 de
1688 1998 1756 2052 iis
1785 2014 1907 2068 quae
1953 2014 2070 2052 mo-

494 2093 736 2146 nasterio
785 2093 1116 2162 patrocinari
1153 2092 1379 2154 debent,
1420 2100 1479 2145 ut
1517 2092 1716 2147 dilecta
1767 2090 1875 2145 tilia
1924 2106 2065 2154 mea,

493 2194 552 2240 et
589 2184 1052 2256 porpltyrogenita
1083 2184 1281 2238 domna
1327 2182 1567 2237 Eudocia
1604 2182 1780 2252 ipsum
1828 2182 2068 2235 admini-

493 2284 717 2337 straret,
742 2283 799 2329 et
822 2274 1126 2329 vindicaret
1154 2274 1222 2328 ab
1253 2273 1362 2329 illis
1399 2274 1495 2343 qui
1525 2271 1664 2327 forte
1717 2274 1899 2327 conati
1951 2274 2068 2325 l'ue-

495 2367 607 2420 rint
646 2366 750 2437 ipsi
800 2365 1060 2421 damnum
1108 2367 1315 2422 inferre
1352 2384 1366 2422 :
1398 2367 1757 2434 studeretque
1808 2364 2066 2418 inviolata

493 2457 700 2511 servari
727 2473 849 2527 qua:
879 2457 931 2511 in
972 2458 1152 2530 typico
1188 2474 1219 2512 a
1252 2473 1339 2513 me
1381 2457 1533 2512 edito
1575 2455 1948 2512 declarantur.
1975 2455 2069 2511 llla

493 2563 624 2603 vero
650 2561 877 2620 propter
906 2559 1133 2621 peccata
1160 2566 1301 2615 mea,
1332 2560 1392 2605 ut
1438 2549 1645 2604 dictum
1692 2558 1799 2613 est,
1842 2565 1912 2604 ex
1968 2548 2069 2603 hac

494 2638 603 2691 vita
637 2639 908 2710 migravit.
938 2641 1132 2696 Statuo
1159 2649 1217 2695 ut
1240 2649 1362 2710 post
1389 2655 1570 2695 meum
1599 2656 1667 2695 ex
1693 2640 1795 2694 hac
1823 2641 1935 2694 vita
1964 2638 2071 2693 dis-

489 2743 731 2791 cessum,
759 2732 1080 2785 monasterii
1115 2732 1513 2801 inspectionem
1539 2730 1744 2785 habeat
1769 2729 2067 2785 dilectissi-

492 2833 581 2871 ma
609 2833 729 2873 mea
760 2819 1224 2889 porpltyrogenita
1246 2828 1302 2874 et
1321 2818 1615 2875 Cazsarissa
1641 2820 1842 2875 domna
1868 2821 2021 2875 Anna
2047 2836 2062 2885 ;

488 2914 617 2977 post
643 2909 763 2979 ejus
785 2924 917 2963 vero
938 2909 1149 2963 obitum
1178 2909 1581 2980 inspectionem
1605 2911 1849 2980 ejusdem
1887 2926 2067 2965 umna-

484 2999 645 3055 sterii
687 2999 904 3065 habeat,
951 3000 1148 3055 dilecta
1204 3016 1323 3056 mea
1376 3002 1839 3071 porphyrogenita
1872 3009 1926 3056 et
1957 3001 2064 3055 tilia

490 3091 692 3147 domna
725 3091 895 3146 Maria
927 3107 1035 3145 una
1072 3106 1199 3147 eum
1259 3092 1456 3146 dilecta
1499 3108 1618 3146 mea
1666 3100 1831 3160 nepte
1864 3091 2064 3146 domna

490 3179 646 3236 lrene
680 3180 933 3245 Ducena,
962 3179 1072 3233 ﬁlia
1111 3179 1591 3250 porphyrogenila‘.
1628 3180 1841 3233 domnae
1872 3177 2061 3231 Annae.

487 3272 603 3327 illis
631 3287 762 3327 vero
794 3288 863 3327 ex
913 3271 1017 3327 hac
1055 3273 1167 3327 vita
1212 3271 1515 3335 translatis,
1558 3270 1830 3343 ejusmodi
1882 3271 2065 3338 inspe-

478 3364 599 3417 ctio
648 3364 972 3419 devolvatur
1004 3363 1069 3416 ad
1100 3363 1327 3416 alteram
1371 3361 1535 3416 tiliam
1583 3362 2062 3433 porphyrogenita:

489 3455 701 3508 domum
739 3453 928 3516 Annae,
979 3464 1073 3506 aut
1118 3460 1336 3521 neptem
1381 3466 1479 3506 seu
1528 3461 1876 3521 proneptem,
1901 3461 1957 3506 et
1986 3452 2065 3507 sic

489 3533 911 3613 consequenter.
960 3543 1088 3597 Vult
1141 3544 1289 3597 enim
1348 3541 1640 3611 imperium
1695 3556 1878 3596 meum
1929 3541 2069 3596 filias

487 3635 628 3701 ejus,
650 3641 860 3701 neptes,
908 3639 1224 3701 proneptes,
1254 3640 1310 3687 et
1361 3646 1483 3700 quae
1525 3643 1845 3700 sequentur,
1892 3632 2069 3686 donec

490 3723 631 3776 linea
665 3723 785 3791 ejus
825 3721 1078 3776 feminini
1117 3732 1281 3776 sexus
1334 3721 1739 3791 perduraverit,
1785 3732 2067 3777 monaste-

489 3812 631 3865 rium
663 3813 835 3883 gratia
884 3812 1060 3883 plena:
1095 3828 1231 3867 meat
1271 3804 1521 3881 Deiparze
1571 3812 1910 3880 observare;
1943 3829 2065 3870 eam

487 3919 683 3974 nempe
717 3920 840 3975 qua:
868 3914 1027 3960 aetate
1062 3904 1199 3959 alias
1229 3905 1597 3975 praecesserit.

2092 2778 2136 2841 C

2768 1473 3020 1526 ΚΕΦΑΛ.
3068 1473 3148 1526 η’.

2169 1558 2307 1627 Περὶ
2358 1559 2477 1613 τῶν
2509 1560 2889 1631 όφειλουσῶν
2930 1564 3094 1643 ἔχειν
3153 1564 3269 1632 τὴν
3316 1564 3596 1635 ἐφορειαθ
3636 1563 3749 1631 τῆς

2310 1652 2311 1655 η
2850 1650 3062 1700 μονιις.

2253 1720 2406 1775 Ἐπεὶ
2437 1722 2491 1775 δέ
2522 1723 2897 1795 ἀπαραίτητον
2923 1720 3012 1795 ἦν,
3048 1724 3141 1776 καί
3170 1742 3291 1778 τινα
3322 1724 3455 1794 παρ’
3483 1723 3617 1793 ἐμοῦ
3648 1740 3751 1776 κα-

2172 1813 2460 1881 ταστῆναι,
2517 1813 2658 1868 ὥστε
2714 1816 3213 1886 ἀντιλαμϐάνεσθαι
3247 1817 3346 1887 τῆς
3413 1817 3601 1886 μονῆς,
3650 1820 3748 1868 καὶ

2171 1902 2493 1967 σπουδάζειν
2527 1904 2585 1955 ἐν
2614 1903 2819 1957 ἅπασιν
2848 1907 3249 1976 ἀπαράθαυστα
3279 1908 3563 1977 τηρεῖσθαι
3597 1906 3661 1958 τὰ
3693 1909 3751 1958 ἐν

2169 1996 2247 2064 τῷ
2282 1995 2496 2066 τυπικῷ
2529 1995 2963 2065 διηγορευμένα·
3001 1997 3097 2048 καὶ
3122 1998 3306 2066 μέντοι
3334 1998 3426 2049 καὶ
3458 1996 3753 2065 διωρίτατο

2169 2087 2202 2155 ἡ
2237 2085 2486 2154 βασιλεία
2537 2103 2639 2157 μου
2691 2088 2749 2139 ἐν
2783 2087 2860 2157 τῷ
2908 2088 3035 2158 περὶ
3070 2087 3177 2139 τῶν
3227 2087 3548 2155 ὀφειλόντων
3603 2090 3754 2140 ἀντι-

2169 2177 2544 2248 λαμϐάνεσθαι
2583 2180 2681 2247 τῆς
2742 2178 2934 2249 μονῆς,
2973 2178 3256 2250 κεφαλαίῳ
3296 2179 3393 2249 τὴν
3445 2179 3749 2249 περιπόθη-

2170 2268 2261 2320 τόν
2290 2286 2390 2338 μου
2432 2268 2707 2338 θυγατέρα
2743 2271 2840 2323 καὶ
2886 2271 3394 2342 πορφυρογέννητον
3427 2273 3599 2338 κυρὰν
3648 2271 3752 2323 Εὑ-

2168 2360 2355 2414 δοκίαν
2414 2360 2700 2429 περιέπειν
2753 2360 2944 2432 αὐτὴν,
2988 2363 3082 2415 καὶ
3135 2362 3426 2416 διεκδικεῖν
3476 2362 3585 2414 ἀπὸ
3639 2362 3750 2415 τῶν

2171 2452 2527 2522 πειρωμένων
2571 2454 2704 2516 ἴσως
2757 2454 2897 2525 αὐτῇ
2953 2455 3303 2525 ἐπηρεάζειν,
3348 2455 3440 2508 καί
3494 2455 3749 2508 σπεύδειν

2169 2542 2454 2613 τηρεῖσθαι
2509 2546 2577 2597 τὰ
2623 2546 2683 2597 ὲν
2725 2545 2803 2615 τῷ
2828 2546 3106 2601 ἐκτεθέντι
3159 2548 3288 2617 παρ’
3340 2548 3477 2614 ἐμοῦ
3525 2548 3746 2618 τυπικῷ

2170 2636 2568 2706 διηγορευμὲνα
2615 2636 3075 2708 ἀπαράθραυστα.
3115 2638 3177 2691 Ἥ
3218 2640 3274 2692 δέ
3301 2639 3388 2693 διὰ
3430 2640 3528 2702 τὰς
3570 2641 3749 2709 ἁμαρ-

2168 2726 2290 2780 τίας
2348 2743 2473 2795 μου,
2510 2727 2585 2789 ὡς
2636 2727 2877 2798 εἴρηται,
2932 2728 3025 2783 τοῦ
3078 2731 3204 2799 τῇδε
3256 2732 3371 2798 βίου
3421 2731 3745 2801 ἐξεδήμῃσε.

2170 2818 2506 2887 Διορίζομαι,
2562 2820 2648 2872 ἵνα
2690 2822 2825 2889 μετὰ
2870 2822 2968 2892 τὴν
3007 2824 3149 2892 ἐμὴν
3178 2823 3272 2876 τοῦ
3322 2825 3449 2893 τῇδε
3493 2823 3608 2893 βίου
3646 2840 3745 2894 με·

2166 2911 2446 2973 τάττασιν,
2484 2910 2582 2982 ἔχῃ
2617 2911 2718 2980 τὴν
2770 2914 3026 2984 ἐφορείαν
3068 2918 3169 2984 τῆς
3219 2916 3384 2984 μονῆς
3420 2917 3452 2983 ἡ
3504 2916 3748 2969 ποθεινο-

2165 3001 2303 3070 τάτη
2352 3018 2455 3069 μου
2508 3001 3021 3073 προφυρογὲννητος
3053 3005 3146 3056 καὶ
3199 3005 3544 3076 Καισάρισσα
3601 3005 3748 3073 κυρὶ

2171 3093 2338 3145 "Aw:
2362 3108 2376 3122 ·
2411 3092 2548 3159 μετὰ
2576 3092 2633 3145 δὲ
2663 3095 2992 3164 παρέλευσιν
3020 3096 3210 3162 αὐτῆς,
3241 3095 3337 3166 ἔχῃ
3364 3097 3462 3165 τὴν
3489 3097 3745 3166 ἐφορείαν

2165 3184 2266 3251 τῆς
2314 3184 2570 3254 τοιαύτης
2618 3184 2811 3253 μονῆς,
2851 3187 2884 3255 ἡ
2912 3187 3275 3258 περιπόθητός
3313 3205 3412 3257 μου
3466 3203 3746 3257 πορφυρο-

2164 3276 2423 3344 γέννητος
2466 3277 2561 3328 καὶ
2605 3276 2853 3347 θυγάτηρ
2898 3279 3038 3344 κυρᾶ
3086 3277 3295 3347 Μαρία,
3332 3279 3447 3346 ἅμα
3478 3281 3542 3348 τῇ
3586 3295 3743 3348 περι-

2165 3367 2387 3437 ποθήτφ
2426 3383 2528 3437 μου
2571 3368 2769 3437 ἐγγόνῃ
2816 3370 2960 3439 κυρᾷ
3009 3370 3214 3439 Εἰρήνῃ
3248 3372 3314 3438 τῇ
3361 3370 3644 3442 domitis,
3674 3373 3746 3442 τῇ

2165 3456 2398 3528 θυγατρὶ
2441 3461 2541 3527 τῆς
2589 3462 3103 3529 πορφυρογεννήτου
3150 3462 3323 3529 κυρᾶς
3351 3461 3570 3531 Ἀννης.
3607 3462 3747 3513 Τόύο

2162 3567 2271 3603 των
2313 3550 2371 3602 δέ
2417 3550 2831 3621 μεθισταμένων
2877 3553 2971 3605 τοῦ
3006 3553 3131 3624 τῇδε
3166 3553 3305 3623 βίου,
3357 3555 3744 3625 περιέρχεσθαι

2161 3643 2263 3708 τὴν
2293 3640 2552 3701 τοιαύτην
2574 3642 2827 3713 ἐφορείαν
2853 3645 2933 3706 είς
2967 3643 3062 3713 τὴν
3094 3645 3288 3713 ἑτέραν
3329 3644 3604 3713 θυγατέρα
3645 3645 3749 3712 τῆς

2164 3733 2675 3802 πορφυρογεννήτου
2699 3736 2872 3804 κυρᾶς
2898 3735 3120 3802 Ἀννης,
3147 3736 3178 3805 ἢ
3202 3737 3461 3804 ὲγγόνην.
3485 3737 3517 3804 ἢ
3546 3753 3745 3804 προεγ.

2164 3825 2351 3892 γόνην,
2385 3825 2480 3877 καὶ
2528 3825 2749 3896 ἐφεξῆς.
2797 3827 2909 3889 Τὰς
2943 3827 3050 3897 γὰρ
3086 3827 3145 3892 ἐξ
3194 3830 3363 3897 αὐτῆς
3411 3829 3744 3900 θυγατέρας,

2166 3916 2262 3968 καὶ
2292 3916 2523 3983 ἐγγόνοις
2571 3919 2668 3970 καὶ
2712 3919 3076 3986 προεγγόνας,
3110 3920 3205 3972 καὶ
3248 3920 3449 3987 ἐφεξῆς
3495 3921 3655 3989 ἄχρι(
3679 3919 3748 3972 ἂν

485 3998 518 4065 ἡ
547 3994 639 4049 τοῦ
671 3997 861 4066 θήλεος
889 3997 1080 4065 γένους
1142 3998 1311 4069 αὐτῆς
1381 3998 1538 4067 σειρὰ
1580 3996 1974 4068 περισώζηται,
2023 4003 2226 4077 ἐφορᾷν
2267 4009 2367 4080 τὴν
2403 4009 2569 4080 μονὴν
2599 4011 2697 4080 τῆς
2742 4013 3189 4083 κεχαριτωμένης
3261 4031 3362 4082 μου
3400 4013 3668 4067 Θεοτόκου
3708 4015 3743 4081 ἡ

487 4090 735 4162 βασιλεία
784 4112 888 4162 μου
930 4092 1202 4162 βούλεται,
1237 4094 1334 4166 τὴν
1370 4095 1449 4165 τῷ
1477 4094 1655 4166 χρόνῳ
1692 4096 1878 4163 μέντοι
1912 4097 2130 4164 πάντως

2156 4105 2266 4157 τῶν
2292 4106 2466 4160 ἄλλων
2498 4106 2857 4177 προέχουσαν.

554 4181 725 4237 Linea
780 4199 914 4239 vero
971 4185 1222 4240 feminini
1282 4202 1447 4241 sexus
1498 4201 1529 4240 a
1580 4181 1791 4257 pluries
1839 4188 2057 4244 laudata

2234 4195 2349 4264 Τῆς
2391 4198 2581 4266 σειρᾶς
2627 4197 2683 4248 δὲ
2738 4196 2832 4249 τοῦ
2866 4195 3060 4266 θήλεος
3087 4197 3301 4265 γένους,
3350 4199 3446 4251 τοῦ
3494 4198 3601 4250 ἀπὸ
3642 4198 3743 4268 τῆς

484 4272 943 4346 porphyrogenita
965 4276 1165 4333 domna
1190 4277 1341 4332 Anna
1369 4276 1776 4342 descendentis,
1800 4278 2061 4336 deiicien-

484 4375 569 4431 te,
605 4375 737 4421 tunc
766 4369 1083 4423 monasterii
1116 4368 1345 4439 hujusce
1387 4370 1777 4438 patrocinium,
1801 4385 1866 4425 ex
1917 4388 2057 4441 pra:-

478 4458 622 4513 senti
678 4462 979 4531 majestatis
1012 4478 1147 4518 mea:
1181 4462 1383 4532 scripta
1431 4463 1773 4528 deﬁnitione,
1798 4464 2056 4521 devolve-

484 4557 572 4601 tur
606 4550 672 4603 ad
724 4566 886 4605 unum
918 4567 983 4606 ex
1046 4551 1312 4607 uxoribus
1354 4552 1589 4623 alicuius
1620 4569 1650 4609 a
1686 4556 2057 4627 porphyroge-

480 4640 595 4694 nita
633 4640 901 4711 originem
929 4642 1203 4708 ducentis,
1226 4642 1294 4697 ad
1332 4643 1621 4714 conjugem
1649 4644 1863 4700 scilicet
1891 4653 2054 4700 aetate

479 4733 795 4799 prareuntis.
825 4733 895 4787 Et
926 4734 980 4788 id
1032 4748 1223 4788 rursus
1260 4734 1668 4796 observabitur,
1693 4734 1870 4792 donec
1919 4752 2058 4792 uxo-

481 4834 569 4873 res
627 4820 952 4877 eorumdem
1003 4824 1371 4879 masculorum
1405 4823 1714 4879 defecerint
1747 4842 1760 4879 :
1791 4840 1858 4882 ea
1913 4827 2052 4898 lege,

479 4918 540 4962 ut
590 4927 712 4980 qua:
744 4912 1062 4968 monasterii
1116 4913 1515 4985 inspectionem
1571 4916 1823 4973 obtinere
1868 4918 2053 4983 debet,

480 5011 603 5071 post
633 5015 863 5060 mortem
897 5007 1147 5079 conjugis
1171 5007 1256 5079 sui
1292 5007 1363 5063 ad
1395 5008 1665 5065 secundas
1688 5010 1911 5078 nuptias
1940 5025 2049 5065 non

476 5096 748 5152 convolet.
782 5096 939 5165 Quod
973 5100 1019 5155 si
1073 5100 1333 5172 obtigerit
1368 5115 1492 5156 eam
1524 5099 1580 5156 in
1612 5102 2051 5158 observationem

476 5187 761 5253 constitui,
780 5199 836 5244 et
863 5189 1065 5247 dehinc
1092 5191 1159 5247 ad
1190 5193 1462 5249 secundas
1488 5192 1708 5263 nuptias
1735 5193 2049 5259 declinare;

479 5275 823 5345 insltcctionc
849 5280 1033 5335 statim
1067 5282 1302 5348 excidet,
1344 5299 1470 5355 qua;
1502 5283 1761 5338 transibit
1792 5284 1861 5339 ad
1898 5285 2044 5340 illam

471 5366 564 5419 eui
589 5376 712 5435 post
727 5367 867 5421 hanc
885 5368 1196 5427 observatio
1218 5372 1307 5429 illa
1330 5374 1615 5443 competit,
1638 5380 1695 5428 et
1721 5372 1837 5429 hac
1853 5373 2019 5430 distin
2034 5405 2051 5416 -

469 5455 590 5508 ctio
626 5472 756 5526 erga
795 5468 1022 5516 cunctas
1051 5463 1392 5519 servabitur.
1416 5465 1715 5536 Postquam
1748 5481 1877 5521 vero
1917 5467 2047 5536 ipsa:

468 5562 669 5605 «ames
694 5548 1014 5622 defecerint,
1044 5554 1109 5613 ad
1133 5571 1254 5613 eam
1273 5572 1392 5627 qum
1417 5572 1483 5613 ex
1515 5558 1841 5615 clarioribus
1867 5561 2039 5617 nostri

2163 4284 2424 4348 πολλάκις
2461 4284 2731 4355 ῥηθείσης
2771 4290 3286 4359 πορφυρογεννήτου
3335 4293 3510 4360 κυρᾶς
3537 4291 3740 4358 Ἀννης

2162 4373 2563 4443 καταγομένου,
2593 4375 2973 4446 ἐπιλιπούσης,
3005 4378 3123 4431 τότε
3152 4381 3186 4451 η
3207 4381 3305 4451 τῆς
3335 4382 3505 4449 μονῆς
3533 4380 3740 4450 ταύτης

2159 4464 2444 4535 ἀντίληψις
2489 4466 2906 4535 περιελεύσεται
2944 4469 3051 4521 ἀπὸ
3084 4468 3177 4521 τοῦ
3216 4470 3487 4540 παρόντος
3529 4472 3739 4542 ἐγγρὰ-

2160 4572 2263 4622 φου
2299 4556 2401 4626 τῆς
2430 4555 2710 4628 βασιλείας
2752 4577 2855 4630 μου
2900 4561 3179 4631 διορισμοῦ
3211 4562 3305 4615 καὶ
3349 4563 3429 4625 είς
3472 4563 3600 4633 μίαν
3630 4561 3742 4615 τῶν

2160 4644 2257 4699 ἐπί
2285 4665 2391 4701 τινι
2422 4648 2530 4703 τῶν
2557 4650 2621 4703 ἐκ
2653 4648 2754 4719 τῆς
2798 4653 3314 4722 πορφυρογεννήτου
3345 4654 3741 4723 καταγομένων

2157 4739 2411 4810 νυμφῶν,
2443 4740 2612 4811 ἤγουν
2645 4741 2744 4811 τὴν
2775 4742 2867 4796 τοῦ
2901 4743 3079 4813 χρόνῳ
3112 4745 3448 4815 προήκοντος
3472 4761 3487 4774 ·
3518 4745 3611 4797 καὶ
3641 4741 3743 4797 αῦ-

2158 4831 2241 4896 θις
2278 4831 2432 4887 ἔσται
2472 4834 2632 4888 τοῦτο
2684 4836 3145 4905 συντηρούμενον,
3198 4837 3395 4908 μέχρις
3439 4838 3507 4891 ἂν
3550 4837 3647 4892 καὶ
3681 4839 3743 4890 al
3796 4862 3804 4875 -

2156 4923 2251 4977 ἐπὶ
2279 4924 2475 4996 ἄρρεσι
2509 4924 2719 4995 νύμφαι
2744 4925 3009 4978 ἐκλίπωσι
3033 4942 3046 4958 ⁸
3075 4926 3267 4980 τούτου
3303 4926 3737 4997 φυλαττομένου,

2153 5011 2250 5065 τοῦ
2293 5014 2369 5084 μὴ
2398 5013 2497 5083 τὴν
2529 5013 2831 5085 μέλλουσαν
2861 5015 2961 5088 τῆς
2999 5016 3168 5087 μονῆς
3201 5019 3427 5089 ἐφορᾷν,
3460 5020 3599 5089 μετὰ
3636 5017 3739 5072 0d-

2156 5122 2318 5160 νατον
2356 5105 2453 5159 τοῦ
2479 5106 2684 5161 οἰκείου
2731 5107 2987 5178 συζύγου,
3023 5110 3330 5181 περιελθεῖν
3370 5114 3451 5174 εἰς
3480 5111 3739 5183 δεύτερον

2156 5198 2352 5266 γάμον.
2387 5198 2507 5253 Κᾶν
2552 5199 2736 5272 φθάσῃ
2785 5200 2915 5264 ἴσως
2954 5204 3292 5276 καταστῆναι
3336 5206 3417 5267 είς
3458 5205 3738 5275 ἐφορείαν,

2156 5281 2273 5338 εἶτα
2308 5286 2446 5357 πρὸς
2472 5287 2726 5359 δεύτερον
2756 5290 3026 5365 ἀποκλίνῃ
3055 5292 3257 5362 γάμον,
3293 5295 3453 5358 εὐθὺς
3484 5296 3739 5347 ἐκπεσεῖ-

2154 5392 2265 5440 ται,
2303 5376 2399 5429 xui.
2445 5378 2546 5448 τῆς
2594 5379 2876 5449 ἐφορείας,
2915 5383 3011 5434 καὶ
3057 5386 3422 5455 μεταθήσεται
3461 5385 3603 5455 αῦτη
3649 5388 3736 5450 εἷς

2155 5466 2254 5537 τὴν
2292 5466 2415 5536 μετ’
2456 5469 2676 5540 ἐκείνην
2724 5472 3088 5544 καλουμένην,
3118 5476 3219 5546 τῆς
3259 5476 3573 5542 διαστίξεως
3602 5477 3737 5530 ταύ-

2150 5576 2250 5630 της
2281 5558 2373 5614 ἐπὶ
2402 5560 2601 5626 πᾶσαις
2627 5563 2988 5633 φυλάττεσθαι
3030 5566 3246 5637 ὀφειλού
3260 5586 3372 5641 3ης.
3408 5569 3561 5623 Μετὰ
3588 5570 3724 5639 μέν·
