4104 6200
417 267 558 329 1129

1223 441 1678 456 m

964 496 2107 751 ΑΝΘΟΑΟΓΙΟΝ
2220 605 3124 759 ΓΝΩΜΙΚΟΝ

1763 285 2340 353 ANTHOLOGIUM.

1703 431 3535 478 Μ

1352 833 2012 928 ψΙΑοΣΟΦΩΝ
2095 783 2756 941 ΞΠΟΥΔΑΙΩΝ

742 1004 1202 1061 ΣΠΟΥΔᾹΣΘΕΝ
1264 1011 1382 1065 ΚΑΙ
1445 1014 1780 1070 ΠΟΝΗΘΕΝ
1834 1020 2001 1075 ﬂA-IA
2059 1026 2406 1100 ΕΛᾹΧΙΣΤῼ
2448 1030 2898 1110 ΠΡΕΣΒΥΤΕΡῼ
2931 1042 3050 1095 ΚΜ
3084 1045 3340 1121 ΕΚΔΙΚῼ

853 1120 1045 1192 Πηγὴν
1078 1122 1315 1176 νάουσαν
1348 1125 1559 1196 ἠθικῶν
1588 1129 1781 1201 δρόσον
1805 1133 1984 1205 λόγων
2017 1140 2076 1193 ἐν
2105 1141 2258 1193 ταῦθ’
2294 1143 2545 1217 ἐφεύροις
2577 1150 2625 1201 εἰ
2666 1154 2934 1226 μετέλθῃς
2966 1161 3223 1229 γνησίως.

761 1282 2173 1569 ANTHOLOGIU—lll
2306 1417 2567 1574 GN
2579 1423 3362 1608 OMICUM

1347 1689 1743 1768 PIOBUM
1844 1694 2737 1786 PHILOSOPHOBUM

402 1846 679 1908 SEDULO
713 1851 1191 1914 ELABORATUM
1226 1858 1316 1914 ET
1349 1861 1769 1923 ORDINATUM
1810 1867 2044 1929 OPERA
2086 1873 2269 1929 ELl/E
2330 1877 2565 1936 EXIGUI
2613 1882 3048 1945 PRESBYTERI
3089 1891 3179 1950 ET
3218 1895 3671 1962 DEFENSORlS.

584 1972 853 2036 Fontem
884 1979 1332 2045 scaturientem
1372 1985 1704 2050 muralium
1736 2006 1880 2053 rore
1909 1993 2250 2061 verborum
2280 1997 2386 2063 hic
2420 1999 2732 2080 invenies,
2766 2006 2821 2068 si
2856 2008 3108 2074 sincere
3138 2016 3489 2093 quaesieris.

979 2143 1172 2206 (Latine
1204 2159 1284 2208 ap.
1310 2146 1418 2197 Jac.
1449 2147 1754 2212 Pontanum;
1787 2152 1963 2205 Graece
1987 2168 2119 2225 nunc
2148 2171 2210 2207 ex
2238 2158 2515 2221 Philocalia
2549 2173 2604 2216 et
2636 2167 2840 2220 dimidio
2862 2174 3097 2235 auctius.)

477 2398 543 2450 α’.
581 2397 796 2462 Ἔξεστι
822 2402 981 2454 παντὶ
1008 2403 1319 2475 Χριστιανῷ
1350 2404 1428 2475 τῷ
1456 2405 1630 2476 ὀρθῶς
1663 2408 1970 2463 πιστεύοντι

2162 2400 2214 2453 Ι.
2240 2399 2427 2456 Potest
2458 2404 2837 2473 unusquisque
2867 2403 3221 2462 Christianus
3267 2423 3487 2479 semper
3517 2412 3662 2466 solli-

411 2489 459 2540 εί
471 2505 490 2552 3
504 2489 598 2542 τὸν
616 2490 766 2554 Θεὸν,
798 2494 872 2561 μὴ
888 2497 1229 2565 ἀμεριμνεῖν,
1251 2496 1388 2550 ἀλλὰ
1404 2496 1633 2550 πάντοτε
1652 2498 1972 2569 προσδοκᾷν,

408 2578 506 2632 καὶ
533 2576 844 2649 ἐκδέχεσθαι
870 2585 1194 2657 πειρασμὸν,
1223 2585 1312 2651 ἵν’,
1340 2587 1466 2640 ὅταν
1493 2586 1642 2658 ἔλθῃ·
1670 2586 1745 2656 μὴ
1768 2586 1972 2656 ξενίζηο

409 2696 499 2732 ται
534 2680 665 2751 μηδὲ
695 2680 1034 2749 ταράσσηται
1056 2679 1214 2743 ,ἀλλ’
1246 2681 1579 2752 εὐχαρίστως
1613 2682 1856 2753 ὑπομένῃ
1882 2682 1972 2735 τὸν

408 2769 575 2821 κόπον
628 2771 725 2837 τῆς
776 2767 1039 2836 Θλίψεως,
1081 2768 1178 2821 xal.
1207 2767 1360 2838 ἐννοῇ
1403 2768 1456 2822 τί
1492 2768 1709 2838 ψάλλων
1753 2769 1851 2821 σὺν
1894 2769 1972 2839 τῷ

409 2860 672 2932 Προφήτῃ
699 2858 867 2926 λέγειν
914 2877 933 2909 ι
967 2859 1270 2929 Δοκίμασόν
1303 2877 1390 2929 με,
1421 2859 1625 2929 Κύριε,
1653 2861 1746 2914 καὶ
1774 2861 1971 2930 πείρα-

409 2951 500 3003 σόν
530 2967 618 3020 με’
657 2968 676 3002 ι
707 2950 800 3002 καὶ
860 2951 959 3003 ούκ
993 2950 1210 3021 εἴρηκεν
1244 2951 1325 3004 ὅτι
1365 2950 1429 3003 Ἦ
1463 2949 1681 3003 παιδεία
1718 2966 1810 3003 σου
1843 2966 1974 3004 κατ-

408 3042 684 3111 έστρεψεν,
716 3041 850 3104 ἀλλ’,
876 3061 893 3091 ι
944 3041 1256 3111 Ἀνώρθωσέ
1295 3059 1359 3110 με
1390 3042 1469 3102 είς
1501 3042 1673 3104 τέλος.
1702 3060 1722 3093 ι

480 3131 545 3201 β’.
588 3132 755 3204 Ἀρχὴ
796 3133 893 3201 μὲν
926 3134 1031 3187 τῶν
1067 3133 1276 3195 καλῶν,
1307 3134 1469 3204 φόϐος
1495 3133 1650 3189 Θεοῦ.
1687 3133 1850 3195 Τέλος
1893 3132 1971 3197 δὲ,

405 3227 435 3277 6
460 3224 622 3286 πόθος
647 3225 832 3277 αὑτοῦ.

473 3320 541 3382 γ’.
579 3313 745 3384 Ἀρχὴ
787 3314 987 3377 παντὸς
1020 3314 1225 3383 ἀγαθοῦ
1247 3355 1261 3379 ,
1310 3314 1467 3381 λόγος
1501 3316 1848 3384 ἐμπρακτος,
1881 3314 1974 3366 καὶ
2045 3328 2051 3333 “

405 3405 602 3474 πρᾶξις
637 3405 941 3474 ἐλλόγιμος.
991 3406 1083 3457 Διὸ
1121 3405 1245 3457 οὔτε
1283 3404 1518 3476 πρᾶξις,
1568 3403 1729 3470 λόγου
1779 3402 1971 3473 χωρὶς.

402 3496 608 3568 ἀγαθή·
635 3495 760 3550 οὔτε
790 3497 948 3564 λόγος
969 3542 982 3563 ,
1015 3496 1267 3568 πράξεως
1293 3497 1442 3560 ἄνευ,
1473 3498 1501 3550 ό
1546 3494 1966 3568 προερχόμενος.

472 3789 533 3844 δ’.
573 3789 776 3860 Πρᾶξις
808 3792 945 3857 ἐστι,
978 3793 1227 3864 σώματος
1261 3796 1387 3866 μὲν,
1425 3797 1645 3866 νηστεία
1674 3796 1767 3850 καλ⁸
1800 3797 1975 3868 ἀγρυ-

405 3877 564 3933 πνίαο
613 3878 882 3948 στόματος
919 3882 975 3934 δὲ
1001 3922 1014 3946 ,
1062 3884 1349 3955 ψαλμῳδία
1403 3886 1495 3938 καὶ
1547 3886 1839 3957 προσευχὴ.
1877 3887 1973 3941 καὶ

405 3968 583 4037 σιωπὴ
610 3969 768 4038 λόγου
800 3973 1132 4044 τιμιωτέραν
1168 3978 1263 4029 καὶ
1299 3979 1497 4048 χειρῶν
1536 3978 1751 4047 πρᾶξις,
1784 3979 1846 4032 τὺ
1880 3980 1971 4033 ὑπ’

402 4057 624 4112 ἐκείνων
645 4060 998 4128 ἀγογγύστως
1023 4064 1307 4134 γινόμενον
1330 4084 1346 4100 ο
1383 4068 1558 4124 ποδῶν
1580 4069 1657 4137 δὲ,
1684 4069 1746 4121 τὸ
1776 4070 1843 4123 δι’
1871 4071 1973 4125 αύ-

402 4148 516 4201 τῶν
544 4151 607 4203 ἐκ
640 4151 862 4221 πρώτης
890 4157 1206 4227 προτροπῆς
1241 4158 1556 4230 άνυόμενον.

478 4238 540 4293 ε’.
588 4241 918 4312 Προηγετται
948 4246 1138 4300 πασῶν
1180 4249 1384 4303 τούτων
1430 4250 1579 4315 ἔλεος
1606 4253 1700 4307 καὶ
1725 4253 1972 4323 ἀλήθεια.

403 4323 507 4380 Ὧν
535 4329 722 4399 κύημα
745 4333 778 4402 ἡ
806 4334 1152 4399 ταπείνωσις,
1179 4339 1273 4391 καὶ
1301 4341 1333 4408 ἡ
1364 4341 1427 4392 ὲκ
1452 4340 1654 4412 ταύτης
1681 4342 1821 4396 κατὰ
1849 4345 1974 4407 τοὺς

403 4415 649 4488 Πατέρας
677 4423 1077 4492 προσγινομένη
1101 4425 1391 4496 διάκρισις’
1421 4424 1489 4501 ἧς
1511 4431 1661 4493 ἄνευ,
1684 4432 1790 4485 οὐδ’
1813 4432 1975 4502 ἑτέρα

401 4505 463 4557 τὸ
490 4508 691 4577 ἑαυτῆς
723 4511 849 4564 ἰδεῖν
874 4514 1048 4582 πέρας
1080 4515 1387 4585 δυνήσεται.
1427 4519 1491 4573 Ἦ
1521 4522 1620 4590 μὲν
1642 4523 1749 4594 γὰρ
1780 4523 1979 4595 πρᾶξις

400 4595 494 4649 τὸν
524 4597 617 4649 τού
648 4599 807 4684 λόγου
846 4601 1008 4671 ζυγόν
1046 4605 1385 4675 άτιμάζουσα
1413 4648 1428 4672 ,
1451 4603 1551 4662 ὦδε
1591 4611 1813 4666 κάκεῖσε
1848 4614 1977 4684 περὶ

399 4686 470 4737 τὰ
491 4688 737 4758 ἀνωφελῆ
762 4683 853 4744 οἷά
875 4708 961 4756 τις
982 4693 1212 4762 δάμαλις
1239 4697 1693 4771 περιπλανωμὲνη
1724 4683 1974 4771 εὑρίσκε-

400 4794 509 4829 ται·
542 4780 570 4831 6
593 4779 648 4832 δὲ
672 4781 827 4850 λόγος
860 4783 967 4855 τῆς
992 4789 1300 4856 πρακτικῆς
1329 4790 1454 4853 τοὺς
1472 4790 1723 4861 ἐντίμους
1745 4793 1977 4862 χιτῶνας

399 4869 831 4941 ἀποποιούμενος
854 4916 868 4936 ,
920 4876 1020 4928 οὐκ
1071 4878 1364 4947 εὐσχήμων
1411 4880 1518 4934 κᾶν
1545 4880 1786 4945 τοιοῦτος
1833 4876 1975 4936 εἷναί

401 4978 519 5023 πως
546 4963 606 5014 τὸ
637 4964 815 5017 δοκεῖν
848 4969 1265 5038 σχηματίζεται.

476 5179 547 5246 ς’.
595 5184 659 5238 Ἦ
682 5187 901 5259 ἀνδρεία
918 5189 1087 5261 ψυχὴ,
1113 5190 1188 5255 ὡς
1213 5192 1347 5263 γυνὴ
1379 5194 1512 5265 παρ’
1537 5193 1656 5247 ὅλον
1686 5193 1857 5264 αὐτῆς
1881 5192 1974 5249 τὸν

400 5273 536 5341 βίον,
572 5277 646 5339 ὡς
682 5277 792 5331 δύω
821 5279 1047 5350 λύχνους
1067 5280 1129 5335 τδ
1158 5285 1458 5353 πρακτικόν
1492 5302 1551 5338 τε
1574 5286 1669 5340 καὶ
1708 5286 1972 5358 Θεωρητι-

402 5365 493 5417 κδν
517 5370 802 5441 καιομένη,
828 5373 1152 5442 κατέχουσα,
1181 5377 1409 5445 πράττει
1437 5380 1504 5432 τὰ
1525 5379 1867 5449 ὀφειλόμενα.
1890 5378 1972 5435 Τὰ

402 5455 621 5511 ἐναντία
656 5459 713 5513 δέ
743 5462 927 5530 πάλιν,
962 5467 995 5537 ἡ
1027 5467 1333 5538 παρειμένη
1359 5472 1476 5535 ταῖς
1500 5471 1733 5543 ἡδοναῖς.

464 5628 479 5656 ί
515 5627 652 5682 l‘sal.
688 5649 809 5688 xxv.
844 5635 896 5689 2.
976 5639 996 5667 ²
1029 5639 1173 5695 I’sal.
1208 5659 1342 5708 xvu,
1371 5645 1462 5701 56.

666 5730 939 5793 Panum.
979 5737 1093 5795 GR.
1139 5739 1438 5801 CXXVII.

2094 2491 2239 2546 citus
2270 2506 2351 2573 ac
2405 2508 2707 2563 suspensus
2764 2497 3123 2552 tentationem
3187 2511 3528 2569 exspectare,
3610 2516 3669 2559 ut

2093 2598 2220 2637 cum
2282 2587 2516 2650 venerit,
2566 2602 2705 2641 neve
2743 2589 2975 2643 miretur
3017 2606 3156 2645 neve
3217 2601 3537 2660 terreatur;
3577 2598 3670 2651 sed

2092 2686 2249 2745 grato
2278 2678 2464 2733 animo
2530 2680 2905 2737 tribulationis
2960 2682 3207 2739 laborem
3253 2687 3670 2759 molestiamque

2090 2772 2384 2837 sustineat,
2418 2784 2473 2828 et
2508 2783 2689 2829 mente
2725 2776 2966 2846 psallens
2998 2792 3121 2832 cum
3171 2779 3443 2849 Propheta
3475 2782 3621 2837 dicat
3650 2800 3665 2836 :

2098 2882 2117 2914 ι
2155 2865 2334 2919 Proba
2375 2881 2484 2930 me,
2544 2868 2792 2931 Domine,
2840 2878 2896 2923 et
2932 2877 3081 2924 tenta
3130 2886 3217 2926 me
3259 2875 3297 2926 ί.
3344 2891 3362 2923 ι
3403 2871 3516 2928 Nec
3541 2889 3669 2930 vero

2090 2954 2226 3011 alibi
2259 2958 2419 3022 dixit,
2463 2980 2481 3012 ι
2529 2960 2827 3029 Disciplina
2882 2970 2974 3017 tua
3024 2978 3111 3018 me
3144 2965 3499 3029 subvertith
3546 2967 3669 3031 sed,

2097 3071 2114 3103 ι
2146 3052 2394 3107 Correxit
2433 3067 2518 3109 me
2551 3054 2602 3108 in
2628 3056 2788 3110 finem
2814 3058 2855 3110 '.
2890 3076 2908 3108 ›

2161 3142 2215 3196 2.
2254 3144 2595 3213 Principium
2641 3148 2821 3201 omnis
2853 3147 3003 3214 boui,
3043 3150 3206 3204 timor
3246 3152 3459 3206 Domini
3498 3154 3667 3210 :linis

2095 3245 2301 3296 autem.
2339 3252 2493 3291 amor
2523 3248 2579 3293 et
2608 3239 2943 3294 desiderium
2973 3242 3113 3307 ejus.

2159 3327 2213 3381 5.
2248 3327 2585 3396 Principium
2607 3330 2786 3382 omnis
2823 3330 2950 3382 boni
2979 3333 3119 3384 ratio
3149 3347 3245 3386 seu
3274 3334 3665 3404 contemplatio

2089 3425 2333 3482 actuosa,
2357 3426 2414 3471 et
2442 3418 2684 3473 vicissim
2704 3419 2846 3473 actio
2875 3419 3324 3489 contemplativa.
3361 3419 3475 3476 Nec
3515 3421 3665 3477 enim

2086 3509 2234 3564 actio
2280 3510 2421 3564 citra
2452 3510 2968 3580 contemplationem
3012 3520 3099 3566 est
3148 3510 3443 3566 laudabilis
3502 3528 3519 3565 :
3565 3527 3665 3567 nec

2088 3601 2486 3672 contemplatio
2544 3602 2613 3657 ab
2665 3604 2884 3659 actione
2936 3603 3179 3669 deserta,
3211 3602 3443 3673 probata
3481 3613 3568 3659 cst
3612 3614 3667 3658 et

2086 3702 2338 3765 accepta.

2016 3756 2059 3810 Β
2156 3750 2406 3844 4.-Actio
2433 3794 2537 3849 cst,
2573 3750 2755 3858 quoad
2787 3802 3009 3859 corpus,
3037 3787 3311 3861 jejunium
3342 3796 3399 3844 et
3427 3787 3664 3859 vigiliae;

2086 3880 2270 3954 quoad
2305 3896 2389 3948 os,
2432 3882 2759 3953 psalmodia,
2815 3882 3065 3952 precatio
3113 3891 3171 3937 et
3202 3874 3508 3947 silentium,
3558 3896 3666 3936 ser-

2084 3994 2249 4034 mone
2276 3979 2506 4043 melius;
2543 3992 2806 4033 manuum
2847 3978 3011 4040 actio,
3047 3977 3196 4045 quod
3259 3991 3328 4030 ex
3378 3975 3514 4045 ipsis
3545 3976 3666 4031 sine

2085 4069 2524 4124 murmuratione
2571 4066 2910 4138 acquiritur;
2945 4066 3170 4137 pedum,
3194 4066 3339 4136 quod
3380 4080 3448 4121 ex
3487 4064 3666 4135 primo

2085 4160 2327 4231 impulsu
2360 4159 2439 4215 ﬁt.

2155 4254 2208 4308 5.
2245 4251 2448 4309 Omnes
2472 4252 2702 4308 virtutes
2732 4251 3057 4322 praecedunt
3079 4251 3459 4307 misericordia
3485 4260 3540 4307 et
3571 4268 3665 4307 ve-

2084 4343 2243 4409 ritas,
2270 4358 2501 4414 quarum
2534 4343 2721 4413 proles
2762 4352 2848 4399 est
2880 4343 3186 4409 humilitas,
3214 4355 3270 4399 et
3308 4360 3431 4415 qua:
3464 4358 3531 4399 ex
3565 4343 3664 4399 Pa-

2086 4448 2231 4492 trum
2267 4437 2540 4493 sententia
2578 4436 2706 4493 inde
2737 4439 3034 4501 enascitur,
3061 4436 3326 4492 discretio
3366 4453 3381 4492 :
3415 4435 3536 4491 sine
3556 4450 3662 4505 qua

2085 4540 2299 4591 neutra.
2352 4544 2457 4584 nec
2516 4530 2921 4595 misericordia,
2974 4529 3220 4599 inquam,
3282 4542 3390 4600 nec
3436 4529 3662 4590 veritas,

2084 4623 2248 4679 linem
2274 4640 2338 4680 ac
2368 4625 2665 4680 terminum
2693 4640 2850 4679 suum
2876 4621 3065 4676 videre
3096 4628 3298 4693 potest.
3328 4619 3486 4673 Actio
3514 4616 3661 4672 enim

2079 4720 2269 4790 jugum
2295 4717 2779 4788 contemplationis
2816 4730 3137 4785 aspernans,
3183 4713 3292 4768 huc
3339 4710 3472 4767 illuc
3519 4713 3660 4765 circa

2083 4813 2325 4876 inutilia,
2376 4812 2550 4866 instar
2581 4810 2767 4865 vitulre
2799 4808 3034 4876 alicujus
3075 4814 3303 4876 vagatur
3325 4813 3382 4860 et
3411 4804 3660 4859 oberrat.

2080 4904 2285 4961 Contra
2317 4903 2708 4974 contemplatio
2759 4902 3081 4956 honoratam
3120 4898 3379 4969 practice
3417 4895 3659 4952 tunicam

2083 4998 2405 5069 repudians,
2432 5013 2543 5052 non
2572 5005 2655 5051 est
2687 4997 2931 5066 speciosa
2966 5010 3031 5050 ac
3070 4996 3292 5060 decora,
3327 4989 3546 5048 etiamsi
3578 4999 3659 5046 ta~

2002 5102 2047 5161 ο
2080 5090 2149 5145 lis
2175 5089 2350 5144 videri
2371 5103 2471 5160 per
2496 5087 2900 5144 simulationem
2930 5087 3250 5143 contendat.

2155 5183 2208 5239 6.
2248 5181 2441 5237 Anima
2471 5195 2737 5253 generosa
2758 5192 2813 5234 rt
2837 5180 3036 5246 virilis,
3068 5190 3129 5235 ut
3154 5180 3353 5256 mulier
3379 5189 3589 5236 attenta
3606 5186 3657 5234 et

2084 5276 2295 5342 sedula,
2352 5281 2464 5332 tota
2501 5274 2607 5330 vita
2659 5288 2757 5329 sua
2818 5272 3098 5344 lampades
3149 5272 3309 5339 duas,
3363 5270 3658 5344 practicam

2083 5370 2297 5425 scilicet
2345 5376 2402 5424 et
2433 5367 2946 5437 contemplativam,
2978 5367 3241 5423 ardentes
3270 5365 3503 5430 habens,
3533 5363 3658 5418 facit

2083 5478 2206 5533 qua:
2233 5461 2429 5528 debet;
2460 5476 2491 5517 e
2519 5459 2801 5516 contrario
2833 5460 3018 5515 anima
3059 5458 3439 5530 voluptatibus
3483 5455 3657 5512 soluta

2084 5572 2149 5612 ac
2180 5556 2428 5633 remissa,
2464 5557 2597 5614 facit
2622 5576 2744 5630 quae
2771 5575 2879 5615 non
2916 5559 3101 5618 debet.

3217 5748 3297 5805 36
