3958 6204
374 286 402 340 Ὶ
422 281 518 342 131
1749 248 1952 311 ΕΙ.ῐῶ
1994 241 2248 306 ECDICI
3532 218 3693 279 “3‘2

447 392 501 445 7.
536 388 616 444 Ad
658 390 1085 442 consummatam
1120 374 1542 431 vindicationem
1577 386 1607 424 a
1648 368 1799 423 vitiis
1830 384 1938 421 non
1976 372 2011 422 Δ

377 482 578 538 suﬁicit
606 480 797 534 anima:
818 471 1122 527 voluntaria
1148 466 1444 527 amictatio,
1498 464 1600 517 nisi
1636 462 1801 515 etiam
1834 476 1940 512 non

376 571 698 627 voluntariis
743 565 1097 624 inﬂammata,
1156 559 1385 614 minimc
1418 565 1678 610 enervata
1710 553 1943 606 diﬁluat.

2129 370 2193 433 ζ’.
2229 369 2340 421 Οὐκ
2366 369 2524 438 ἀρκεῖ
2552 372 2617 437 τῇ
2649 369 2793 436 ψυχῇ
2828 368 2958 436 πρὸς
2986 367 3196 419 τελείαν
3233 366 3450 428 κακίας
3485 369 3681 420 ﬁnal-

2059 460 2265 528 λαγὴν,
2305 459 2339 527 ἡ
2384 458 2628 520 ἑκούσιος
2675 457 3034 517 κακοπάθεια.
3084 458 3217 526 εἰμὴ
3262 459 3364 509 καὶ
3404 456 3509 508 διὰ
3567 458 3685 524 τῆς

2061 551 2314 604 ἀκουσίου
2335 590 2350 614 ,
2386 550 2767 619 ἑκπυρουμένη
2800 548 2875 618 μὴ
2904 547 3211 617 διαλύηται.
3244 542 3351 601 Οἷα
3402 548 3527 615 γάρ
3585 565 3685 610 τις

375 664 569 719 Anima
599 659 744 715 enim
768 654 946 726 gladio
978 650 1176 706 similis
1209 655 1295 703 est
1342 665 1355 699 :
1410 645 1515 699 nisi
1554 658 1652 712 per
1681 642 1864 711 ignem
1894 656 1949 693 et

373 767 573 822 aquam
611 746 909 809 transierit,
943 744 1047 799 hoc
1078 750 1163 796 est
1212 755 1309 809 per
1354 738 1573 791 labores
1606 732 1950 786 voluntarios

353 854 434 901 ρει
479 840 897 900 involuntarios.
933 836 1064 891 dum
1118 830 1468 903 quotidianas
1498 825 1830 880 tentationes
1862 836 1950 876 re-

358 936 638 1007 .percutit,
668 934 822 986 ﬁrma
852 938 909 983 et
942 927 1176 983 infracta
1208 938 1318 977 non
1352 916 1720 989 permanebit.
1839 979 1852 995 ν

450 1024 504 1077 8.
558 1020 1035 1090 Quemadmodum
1097 1013 1529 1071 voluntariarum
1583 1006 1951 1064 tentationum

358 1131 493 1174 tres
524 1128 653 1171 sunt
682 1129 861 1169 causai
900 1107 1344 1181 generalissimae,
1388 1103 1614 1163 sanitas,
1657 1098 1864 1153 divitia:
1897 1106 1953 1151 et

372 1209 574 1280 gloria,
604 1222 712 1261 non
757 1205 838 1261 sic
864 1198 1300 1256 voluntariarum
1334 1193 1560 1247 totidem
1601 1198 1751 1251 sunt,
1778 1186 1954 1240 detri-

362 1279 629 1356 ‘mentum
675 1314 773 1353 seu
807 1298 1090 1358 damnum,
1119 1286 1490 1349 contumelia,
1527 1279 1950 1338 invaletudines.

379 1395 562 1460 Atque
590 1387 1050 1459 hmoqnibusdam
1076 1384 1140 1438 ad
1166 1371 1954 1443 azdiﬁeationem,qnibusdam

377 1484 448 1539 ad
474 1482 907 1537 destructionem
933 1476 1280 1544 contingunt.

453 1575 507 1629 9.
549 1573 663 1628 Una
688 1588 811 1628 cum
847 1569 1026 1623 anima
1060 1566 1369 1621 subsistunt
1392 1570 1447 1616 et
1475 1561 1756 1616 cohaerent
1793 1558 1955 1628 cupi-

384 1665 531 1720 ditas
562 1672 618 1717 ct
650 1660 910 1723 tristitia;
946 1673 1070 1711 cum
1118 1667 1349 1723 corpore
1384 1651 1632 1719 voluptas
1679 1656 1733 1703 et
1776 1647 1955 1701 dolor.

380 1755 559 1813 Causa
591 1754 796 1808 doloris
825 1760 911 1804 cst
932 1749 1203 1817 voluptas.
1238 1744 1372 1799 Nam
1407 1743 1536 1797 dum
1571 1739 1834 1796 acerbum
1860 1739 1956 1793 do-
1994 1704 2031 1757 Β

381 1849 517 1905 loris
543 1862 766 1903 sensum
797 1844 1038 1913 eﬁugere
1061 1843 1335 1904 volumus,
1367 1838 1432 1893 ad
1456 1839 1787 1906 voluptatem
1823 1850 1959 1889 con-

380 1939 642 2008 fugimus.
677 1935 967 2006 Cupiditas
992 1943 1175 1986 autem
1224 1929 1465 1984 tristitiae
1494 1937 1668 1981 mater
1702 1937 1807 1982 est.

455 2030 541 2085 10.
584 2030 686 2095 Qui
732 2029 942 2082 virtute
986 2035 1070 2080 est
1106 2022 1391 2093 praeditus,
1428 2020 1761 2074 intrinsecus
1794 2026 1850 2071 et
1902 2015 1958 2070 in

368 2122 569 2179 animo
601 2136 702 2175 suo
734 2118 1004 2174 inclusum
1033 2114 1276 2185 possidet
1312 2112 1516 2166 bonum
1550 2124 1744 2164 :vana:
1773 2108 1960 2177 glorise

383 2213 641 2284 cupidus,
670 2213 785 2267 sola
813 2210 1147 2281 cogitatione
1180 2213 1508 2273 conceptum
1551 2212 1608 2257 et
1649 2200 1962 2271 imaginati-

373 2306 549 2361 -tium.
576 2306 647 2359 At
686 2318 818 2359 vero
849 2302 1052 2355 malum
1086 2298 1293 2369 probus
1324 2294 1617 2365 superﬁcie
1647 2303 1829 2358 tenus,
1860 2305 1962 2345 vo-

385 2396 584 2465 luptati
617 2394 838 2449 deditus
864 2391 1195 2461 profundum
1231 2388 1418 2442 habet.

463 2488 544 2540 ll.
573 2488 767 2542 Praxis
795 2485 992 2539 animae
1034 2493 1123 2539 est
1161 2480 1527 2551 temperantia
1580 2477 1962 2548 simplicitate,

384 2585 438 2633 et
467 2576 794 2646 simplicitas
822 2573 1185 2644 temperantia
1224 2570 1536 2626 obﬁrmata.

458 2671 551 2725 12.
580 2671 779 2727 Praxis
803 2669 1039 2739 spiritus
1060 2676 1143 2722 est
1171 2667 1226 2719 in
1262 2662 1729 2732 contemplatione
1759 2660 1960 2723 oratio,

385 2769 446 2815 et
474 2759 530 2812 in
556 2758 807 2813 oratione
836 2756 1252 2824 contemplatio.

462 2850 553 2903 15.
583 2847 706 2903 Non
753 2862 898 2916 sirpe
939 2844 1240 2905 invenitur,
1280 2841 1373 2912 qui
1413 2841 1607 2895 vitium
1648 2839 1883 2894 sollicite
1908 2848 1965 2894 et

390 2956 517 2998 cum
552 2954 685 2996 cura
721 2954 832 2993 non
875 2937 1078 3000 oderit,
1135 2935 1337 3003 saepius
1372 2944 1559 2990 autem
1594 2934 1688 3003 qui
1719 2932 1964 2987 etl'ectri-

391 3034 556 3090 cibus
580 3034 701 3106 ejus
730 3031 913 3087 causis
941 3030 1110 3086 etiam
1148 3029 1416 3083 attentius
1438 3028 1728 3082 inhaereat.

469 3222 554 3277 li.
579 3220 794 3289 Quibus
822 3233 934 3274 non
969 3227 1055 3274 est
1099 3232 1316 3288 semper
1356 3215 1498 3286 apud
1558 3213 1799 3267 animum
1840 3227 1968 3283 pro-

394 3313 571 3384 posita
603 3312 955 3384 pmnitentia‘,
986 3310 1151 3366 iidem
1175 3309 1338 3364 etiam
1373 3309 1427 3363 in
1460 3317 1684 3379 peccata
1711 3307 1972 3376 frequen-

397 3405 507 3459 tius
536 3405 821 3460 labuntur.
853 3402 924 3457 At
948 3402 1042 3471 qui
1070 3416 1179 3456 non
1201 3416 1266 3455 ex
1301 3398 1583 3468 proposito
1603 3399 1821 3467 culpam
1841 3411 1975 3450 con-

397 3498 644 3560 trahunt,
677 3496 745 3550 iis
763 3504 916 3551 certo
937 3509 1259 3565 persuasum
1280 3502 1363 3547 est
1383 3491 1674 3560 poenitere,
1700 3501 1756 3545 ct
1781 3505 1974 3559 quam-

397 3591 592 3646 obrem
625 3588 946 3656 pmniteant,
978 3587 1127 3640 baud
1156 3587 1229 3639 ita
1259 3588 1457 3639 crebro
1499 3600 1722 3639 causam
1748 3583 1970 3636 habent.

471 3682 558 3736 15.
597 3680 806 3735 Sensus
835 3690 890 3733 et
911 3678 1251 3733 conscientia
1286 3679 1340 3731 in
1368 3677 1552 3731 verbis
1576 3692 1697 3744 qua:
1730 3691 1825 3728 ore
1853 3690 1980 3742 pro-

386 3771 656 3827 J'eruutur
685 3769 1039 3830 conveniant,
1070 3780 1130 3822 ut
1170 3768 1417 3821 divinum
1452 3767 1716 3829 Verizum,
1747 3763 1893 3833 quod
1919 3778 1979 3817 se

403 3861 462 3917 in
523 3861 709 3918 medio
759 3861 818 3915 in
871 3859 1094 3914 nomine
1143 3875 1244 3914 suo
1272 3866 1726 3928 congregatorum
1758 3855 1980 3911 adfutu-

405 3970 526 4009 rum
572 3951 835 4025 promisit
872 3952 915 4020 ³,
940 3969 1036 4024 per
1084 3951 1417 4023 prolerviam
1444 3958 1539 4005 aut
1564 3947 1980 4003 immoderatio-

402 4064 529 4105 nem
552 4064 745 4104 eorum
779 4063 901 4117 quae
936 4047 1198 4101 dicuntur
1238 4054 1334 4098 aut
1369 4042 1525 4107 ﬁunt,
1565 4058 1671 4095 non
1715 4040 1976 4110 pudeﬁat.

476 4142 563 4195 16.
597 4140 728 4195 .Non
767 4138 861 4210 qui
895 4139 1160 4209 operibus
1202 4138 1399 4192 anima:
1446 4152 1558 4192 sua:
1585 4136 1841 4205 injuriam
1869 4151 1979 4189 non

402 4232 592 4296 infert,
628 4232 720 4286 hic
749 4232 916 4286 etiam
944 4247 974 4286 a
1014 4231 1181 4286 dictis
1210 4230 1697 4285 incontaminatam
1732 4238 1917 4284 tuetnr
1966 4245 1979 4281 :

405 4343 512 4383 nec
545 4327 642 4399 qui
671 4327 874 4397 linguae
904 4325 1243 4388 moderatur,
1276 4324 1384 4395 iam
1422 4325 1574 4378 nulla
1601 4339 1722 4378 eam
1750 4322 1985 4393 impuri-

413 4427 528 4476 tate
555 4418 889 4489 inquinavit.
920 4417 1025 4484 Qui
1085 4417 1237 4471 enim
1288 4414 1628 4487 cogitatione
1688 4415 1982 4484 delinquit,
2021 4403 2061 4454 ὓ

405 4512 553 4585 quod
590 4512 816 4569 tertium
844 4504 952 4577 est,
985 4511 1134 4567 facit.

483 4607 570 4662 17.
594 4605 715 4661 Νοη
740 4605 950 4676 poteris
976 4603 1169 4659 faciem
1196 4603 1418 4659 virtutis
1450 4604 1698 4674 aspicere
1728 4605 1774 4660 si
1810 4603 1991 4658 adhuc

408 4696 535 4752 vitii
564 4696 782 4751 vultum
810 4696 1057 4766 jucunde
1094 4695 1439 4751 consideras.
1476 4694 1633 4751 Tunc
1682 4703 1864 4750 autem
1903 4695 1991 4749 hic

408 4789 508 4845 tibi
533 4789 662 4845 odio
698 4788 1119 4859 prosequendos
1158 4787 1459 4849 videbitur.
1509 4788 1553 4843 si
1593 4788 1740 4843 illius
1767 4797 1986 4858 gustum

412 4880 925 4952 experientiamqne
957 4882 1369 4950 concupiveris,
1393 4891 1448 4935 et
1474 4896 1503 4935 a
1553 4879 1851 4950 spectanda
1886 4879 1992 4933 im-

409 4972 704 5042 probitatis
729 4972 905 5028 forma
926 4973 1117 5027 oculos
1137 4988 1300 5043 quam
1332 4972 1647 5044 longissime
1669 4972 1987 5027 abduxeris.

486 5063 575 5118 18.
617 5065 723 5120 Per
770 5066 1139 5136 cogitationes
1194 5067 1491 5137 praecipue,
1550 5082 1661 5119 non
1695 5080 1793 5135 per
1823 5080 1989 5135 Opera

410 5156 692 5212 daemones
720 5158 918 5212 animae
951 5158 1157 5213 bellum
1204 5168 1445 5212 movent.
1493 5158 1612 5228 Ipsa
1651 5157 1798 5211 enim
1828 5171 1992 5225 opera

412 5264 512 5318 per
544 5265 603 5306 se
629 5253 944 5307 necessaria
980 5262 1131 5308 sunt.
1162 5251 1227 5307 Et
1259 5253 1479 5307 illorum
1533 5252 1753 5322 quidem
1783 5251 1994 5305 auditio

413 5350 740 5410 aspectusve
772 5357 939 5399 causa
960 5350 1066 5408 est,
1098 5344 1496 5414 cogitationum
1539 5354 1724 5399 autem
1757 5358 1992 5397 consue-

414 5432 548 5487 tudo
572 5444 630 5488 et
664 5435 892 5490 diaboli.

485 5523 574 5580 19.
603 5526 664 5581 ln
694 5528 895 5597 triplici
943 5529 1140 5585 animae
1163 5540 1288 5586 actu
1336 5539 1623 5602 peccatum
1658 5529 1991 5590 invenimus,

410 5634 610 5690 nempe
641 5620 695 5677 in
720 5622 1006 5693 operibus,
1023 5625 1210 5681 verbis
1238 5633 1295 5680 et
1328 5624 1775 5696 cogitationibus.
1801 5621 1995 5677 Sextu-

409 5715 534 5787 plex
571 5727 754 5774 autem
815 5714 1149 5776 innocentia:
1199 5718 1322 5774 laus
1360 5735 1374 5772 :
1426 5715 1636 5771 innoxii
1682 5715 1830 5770 enim
1878 5730 1993 5770 ser-

485 5842 507 5874 ⁸
535 5837 731 5901 Matth.
762 5853 921 5905 xvut,
944 5834 1038 5895 ‘20.

2067 642 2362 711 μάχαιραή
2388 640 2553 711 ψυχὴ,
2587 642 2634 692 εί
2667 640 2740 708 μὴ
2763 639 2850 691 διὰ
2885 639 3056 708 πυρὸς
3080 638 3265 708 διέλθῃ
3295 640 3397 689 καὶ
3431 637 3680 699 ὓδατος.

2061 732 2334 785 τουτέστιν
2371 731 2629 784 ἑκουσίων
2665 731 2842 783 πόνων
2870 730 2963 782 καὶ
2992 729 3264 781 ἀκουσίων
3283 769 3298 793 ,
3330 727 3684 797 ἄθραυστος

2062 824 2183 884 ταῖς
2230 822 2570 882 ἀντιτυπίαις
2616 820 2724 874 τῶν
2769 819 3281 887 ἐπισυμϐαινόντων
3333 820 3400 870 οὐ
3449 835 3682 887 συντη-

2067 913 2261 980 ρεῖται.

2134 1007 2202 1069 η’.
2242 1001 2449 1068 Ὠσπερ
2481 998 2589 1050 τῶν
2626 999 2886 1051 ἑκουσίων
2920 997 3244 1067 πειρασμῶν
3280 999 3411 1068 τρία
3444 999 3566 1050 εἶσὶ
3600 1000 3679 1049 τὰ

2066 1088 2465 1158 καθολικώτερα
2504 1088 2685 1153 αἴτια,
2717 1089 2908 1156 ὑγεία,
2945 1087 3211 1151 πλοῦτος,
3254 1087 3350 1141 καὶ
3399 1087 3679 1144 εὔκλεια.

2066 1180 2206 1233 οὕτω
2249 1181 2343 1232 καὶ
2366 1179 2475 1230 τῶν
2500 1179 2771 1231 ἀκουσίων
2801 1180 2928 1249 τρία
2951 1179 3077 1238 eici,
3105 1178 3324 1246 ζημίαι,
3355 1179 3676 1247 λοιδορίαι.

2068 1270 2359 1323 ἀσθένειαι.
2393 1270 2635 1322 Γίνονται
2662 1270 2718 1322 δὲ
2747 1269 2919 1323 ταῦτα
2947 1271 3055 1322 τισὶ
3083 1270 3182 1339 μὲν
3209 1271 3289 1331 είς
3321 1270 3680 1336 οἰκοδομὴν,

2064 1361 2181 1413 τισὶ
2202 1359 2258 1411 δὲ
2291 1360 2370 1422 εἰς
2396 1359 2734 1431 καθαίρεσιν.

2144 1557 2208 1611 Θ’.
2244 1558 2640 1628 Παρυφέστηκε
2674 1558 2821 1628 ψυχῇ
2866 1558 2997 1628 μὲν,
3029 1556 3295 1626 ἐπιθυμία
3327 1557 3427 1610 καὶ
3464 1557 3635 1629 λύπη
3664 1573 3681 1584 °

2077 1647 2288 1716 σώματι
2315 1648 2391 1702 δέ,
2413 1648 2571 1716 ἡδονὴ
2589 1649 2683 1700 καὶ
2698 1648 2878 1717 ὀδύνη.
2908 1647 3087 1701 Δῐτιον
3107 1647 3163 1699 δὲ
3187 1646 3286 1714 τῆς
3314 1645 3415 1714 μὲν
3431 1647 3677 1717 ὀδύνης,

2077 1740 2109 1807 ἡ
2133 1739 2315 1807 ἡδονή.
2348 1725 2602 1799 Θέλοντες
2634 1738 2741 1808 γὰρ
2767 1716 3023 1806 ἐκφυγεῖν
3052 1736 3150 1806 τὴν
3167 1736 3306 1787 κατὰ
3328 1735 3431 1803 τὴν
3456 1716 3681 1807 ὀδύνην

2079 1828 2330 1880 ἐπίπονον
2366 1827 2647 1897 αἴσθησιν,
2681 1826 2819 1895 πρὸς
2848 1826 2948 1894 τὴν
2979 1825 3170 1895 ἡδονὴν
3200 1824 3675 1893 καταφεύγομεν.

2081 1917 2191 1987 Τῆς
2224 1920 2279 1970 δὲ
2313 1918 2508 1986 λύπης,
2548 1917 2833 1985 ἐπιθυμία.

2156 2013 2207 2059 ι’.
2251 2006 2581 2059 Ἐνδιὰοετον
2611 2005 2708 2073 μὲν
2738 2006 2767 2056 6
2798 2004 3049 2073 ἐνάρετος
3076 2003 3336 2070 κέκτηται
3365 2001 3424 2054 τὸ
3468 2001 3677 2065 καλὸν,

2082 2095 2532 2167 περινενοημένον
2580 2095 2635 2147 δὲ
2678 2096 2708 2148 6
2747 2093 3022 2157 κενόδοξος
3045 2110 3059 2123 ·
3084 2094 3145 2144 τὸ
3172 2091 3460 2157 δὲ’κακὺν,
3497 2094 3531 2144 6
3563 2094 3680 2161 μὲν

2085 2187 2408 2249 σπουδαῖος,
2440 2186 2497 2251 ἐξ
2525 2184 2787 2253 ἐπιπολῆς
2826 2184 2958 2253 ἔχει,
2991 2184 3130 2236 κατὰ
3178 2184 3339 2253 βάθος
3381 2183 3442 2236 δὲ
3466 2186 3496 2236 6
3532 2185 3672 2251 φιλο

2083 2279 2292 2349 ήδονος.

2153 2468 2236 2520 ια’.
2282 2466 2483 2537 Πρᾶξις
2512 2466 2690 2535 ψυχῆς
2732 2467 2909 2527 ἐστιν,
2939 2464 3238 2533 ἐγκράτεια
3263 2464 3329 2531 τῇ
3363 2461 3664 2531 ἁπλότητι,

2082 2558 2175 2610 καὶ
2203 2557 2440 2625 ἁπλότης
2480 2559 2545 2626 τῇ
2585 2556 2880 2625 ἐγκρατείᾳ
2914 2553 3300 2625 ἐνεργουμένη.

2157 2648 2241 2715 ιβ’.
2276 2646 2387 2700 Νοῦ
2424 2647 2617 2713 πρᾶξίς
2646 2647 2815 2710 ἐστιν,
2842 2648 2878 2716 ἡ
2909 2647 2966 2698 ἐν
2992 2644 3195 2714 θεωρία
3227 2641 3381 2713 εὐχὴ,
3408 2642 3503 2695 καὶ
3526 2643 3564 2711 ἡ
3600 2645 3667 2695 ἐν

2085 2738 2216 2805 εὐχῇ
2246 2734 2467 2802 θεωρία.

2160 2824 2248 2892 ιγ’.
2299 2823 2571 2891 Ὀλιγὰκις
2610 2822 2731 2892 μὲν,
2754 2822 2850 2874 καὶ
2872 2820 2972 2873 οὐκ
2998 2818 3267 2889 ἐπιμελῶς
3300 2819 3433 2889 πρὸς
3464 2818 3523 2871 τὸ
3558 2835 3663 2870 κα-

2091 2920 2183 2970 κὺν
2222 2917 2533 2987 εὑρίσκεται
2583 2915 2611 2966 6
2659 2912 2817 2965 τοῦτο
2868 2909 3078 2980 μισῶν·
3130 2909 3416 2971 πλεονάκις
3465 2908 3524 2960 δέ
3563 2910 3659 2959 καὶ

2093 3004 2595 3078 προσεκτικώτερον
2618 3049 2632 3070 ,
2657 3005 2685 3056 6
2722 3002 2819 3055 ἐπὶ
2848 3003 2968 3065 ταῖς
3002 3001 3205 3063 αίτίαις
3246 3001 3455 3052 ἐκείνου
3486 3014 3659 3064 προσ-

2030 3092 2042 3105 ’
2095 3106 2368 3167 κείμενος.

2165 3214 2243 3267 ιδ’.
2285 3208 2379 3276 Οἷς
2415 3214 2488 3282 μὴ
2525 3219 2666 3266 κατα
2707 3210 2960 3281 πρᾶθεσιν
3003 3210 3067 3258 τὸ
3099 3207 3411 3274 μετανοεῖν,
3441 3202 3654 3262 τούτοις

2094 3306 2330 3375 συνεχῶς
2366 3307 2458 3357 καὶ
2490 3305 2551 3356 τὸ
2598 3301 2956 3372 πλημμελεῖν.
2990 3295 3086 3361 Οἷς
3118 3297 3172 3350 δὲ
3208 3295 3359 3363 παρὰ
3400 3295 3657 3365 πρόθεσιν

2090 3399 2153 3452 τὸ
2182 3394 2535 3465 ἁμαρτάνειν,
2580 3387 3064 3457 ἐμπληροφόρητος
3096 3384 3132 3453 ἡ
3165 3382 3445 3452 μετάνοια,
3477 3385 3571 3436 καὶ
3602 3385 3664 3437 τὸ

2096 3490 2268 3543 αἴτεον
2297 3485 2494 3551 ταύτης
2525 3482 2646 3552 οὐχὶ
2672 3480 2884 3548 συχνόν.

2176 3675 2259 3725 ιε’.
2296 3667 2578 3737 Αἴσθησις,
2611 3669 2703 3721 καὶ
2732 3667 3051 3734 συνείδησις,
3078 3668 3220 3737 λόγῳ
3253 3668 3329 3739 τῷ
3356 3671 3496 3724 κατὰ
3537 3687 3665 3738 προ-

2100 3775 2295 3828 φοραν,
2327 3759 2796 3829 συνερχέσθωσαν.
2832 3761 3019 3822 Ὅπως
3048 3760 3075 3811 6
3104 3760 3377 3829 εἰρηνικὸς
3406 3760 3501 3813 καὶ
3531 3761 3667 3823 Θεῖος

2097 3850 2275 3919 λόγος,
2313 3853 2369 3902 ὲν
2402 3851 2548 3921 μέσῳ
2576 3851 2780 3903 τούτων
2811 3852 3177 3920 εὑρίσκεσθαι.
3208 3853 3282 3921 μὴ
3314 3852 3666 3922 καταισχύνη-

2098 3961 2186 3995 ται
2210 3943 2297 3997 διὰ
2342 3942 2441 4013 τῆς
2473 3944 2822 4012 προπετείας,
2853 3943 2888 4011 ἢ
2932 3941 3030 4011 τῆς
3072 3943 3336 4012 ἀμετρίας
3362 3944 3470 3997 τῶν
3518 3945 3666 4011 λεγο-

2103 4035 2300 4104 μένων.

2179 4142 2237 4187 ις
2260 4165 2271 4177 .
2301 4125 2411 4194 Οὐχ
2432 4126 2459 4176 6
2486 4127 2595 4187 τοῖς
2626 4123 2805 4190 ἔργοις
2841 4124 2913 4191 μὴ
2936 4123 3136 4175 ἀδικῶν
3166 4124 3264 4194 τὴν
3286 4124 3465 4195 ψυχὴν
3485 4127 3669 4192 αὑτοῦ,

2098 4207 2251 4273 οὗτος
2290 4215 2383 4265 καὶ
2429 4215 2540 4275 τοῖς
2576 4212 2752 4278 λόγοις
2797 4213 3056 4282 ἀμίαντον
3086 4214 3254 4282 αὐτὴν
3288 4218 3668 4285 συνετήρησεν.

2101 4304 2236 4356 Οὐδὲ
2274 4301 2302 4353 6
2344 4304 2555 4364 τούτοις
2604 4303 2922 4370 φυλάττων,
2966 4303 3066 4372 ἤδη
3118 4306 3211 4356 καὶ
3250 4306 3547 4374 μολυσμοῖς
3576 4308 3669 4360 οὐκ

2100 4393 2348 4462 ἐμόλυνε.
2381 4393 2605 4465 Τριττδν
2636 4392 2746 4465 γὰρ
2776 4393 2837 4447 τὸ
2875 4393 3210 4465 ἁμαρτάνειν
3241 4396 3600 4468 καθέστηκεν.

2181 4604 2266 4668 ιζ’.
2300 4605 2376 4659 Ού
2405 4605 2608 4675 δυνήσῃ
2640 4604 2698 4657 τὸ
2732 4605 3023 4672 πρόσωπον
3054 4606 3149 4673 τῆς
3183 4606 3385 4675 ἀρετῆς
3420 4608 3669 4673 κατιδεῖνι

2101 4696 2270 4766 ἡδέως
2309 4695 2390 4747 ἔτι
2420 4697 2478 4748 τὺ
2517 4696 2614 4763 τῆς
2654 4695 2850 4756 κακίας
2886 4695 3183 4750 κατανοῶν.
3225 4697 3467 4767 Μισητδν
3499 4698 3556 4750 δέ
3593 4716 3671 4750 σοι

2099 4790 2222 4841 τότε
2258 4791 2509 4855 φανεῖται
2541 4787 2601 4839 τὸ
2637 4786 2925 4854 δεύτερον,
2962 4787 3051 4839 ὅτε
3092 4788 3306 4857 τρυφῆς
3339 4788 3672 4858 ἐπιθυμητὴς

2099 4880 2199 4948 τὴν
2228 4878 2433 4947 γεῦσιν,
2471 4878 2567 4931 καὶ
2598 4877 2851 4946 τοιαύτης
2882 4878 2978 4949 τὴν
3013 4878 3134 4946 ὄψιν
3168 4878 3518 4950 ἀποξενώσῃς
3550 4897 3675 4949 μορο

2104 4971 2231 5039 φῆς.

2176 5068 2267 5131 ιη’.
2319 5062 2414 5113 Δια
2468 5061 2575 5113 τῶν
2616 5061 2911 5130 λογισμῶν,
2958 5062 3018 5113 οὐ
3064 5061 3151 5115 διὰ
3196 5061 3304 5114 τῶν
3346 5062 3674 5130 πραγμάτων

2105 5152 2541 5221 προηγουμένως
2588 5151 2915 5220 πολεμοῦσιν
2968 5155 3015 5205 oi
3059 5153 3311 5222 δαίμονες
3354 5153 3450 5221 τὴν
3484 5151 3673 5221 ψυχήν·

2103 5241 2242 5294 αὐτὰ
2281 5241 2390 5311 γὰρ
2437 5244 2560 5294 καθ’
2603 5244 2771 5295 ἑαυτὰ
2804 5242 3100 5312 πολεμοῦσι
3129 5244 3198 5295 τὰ
3226 5245 3525 5313 πράγματα
3549 5260 3560 5271 ·
3594 5242 3674 5295 καὶ

2104 5332 2219 5385 τῶν
2253 5332 2353 5402 μὲν
2386 5334 2749 5402 πραγμάτων,
2793 5336 2825 5404 ἡ
2868 5336 3003 5401 ἀκοὴ
3037 5336 3236 5399 αίτιος,
3273 5336 3369 5389 καὶ
3413 5336 3675 5406 ἡδρασις·

2103 5425 2212 5478 τῶν
2234 5425 2292 5478 δέ
2320 5424 2600 5493 λογισμῶν
2627 5428 2658 5494 ἡ
2688 5427 2966 5497 συνήθεια,
3003 5428 3095 5480 καὶ
3127 5430 3174 5480 οἱ
3199 5428 3470 5494 δαίμονες.

2177 5513 2265 5570 t9'.
2292 5516 2520 5584 Τριττὸν
2555 5517 2652 5584 μὲν
2678 5519 2738 5568 τὺ
2775 5517 3152 5588 ἁμαρτητικὸν
3194 5519 3359 5588 μέρος⁹
3383 5521 3480 5589 τῆς
3509 5518 3674 5585 ψυχῆς

2105 5607 2456 5678 εὐρίσκομεψ
2489 5608 2548 5659 ἐν
2577 5608 2781 5678 ἔργοις,
2807 5610 2863 5660 ἐν
2890 5608 3088 5675 λόγοις,
3118 5610 3212 5662 καὶ⁵
3242 5610 3489 5671 ἐννοίαις,
3529 5608 3673 5671 Ἐξαο

2105 5698 2253 5753 δικὶν
2284 5699 2339 5752 δὲ
2382 5699 2441 5752 τὸ
2484 5701 2584 5770 τῆς
2628 5693 3045 5771 ἀναμαρ’τησίας
3084 5700 3268 5753 καλόν.
3327 5700 3674 5762 Ἀπταίστους
