4104 6200
507 345 652 408 H35

1888 330 2089 391 ELl/E
2131 324 2383 388 ECDlCl

3631 317 3775 383 113C

501 461 665 516 solet.
690 456 746 513 Si
781 469 965 511 autem
997 450 1223 508 omnino
1255 456 1477 520 oportet
1516 448 1675 503 istam
1707 444 2085 501 infirmitatem

2204 446 2484 517 ἀρρωστία
2527 446 2716 516 αὑτῆς.
2742 448 2806 502 El
2847 448 2901 501 δὲ
2931 449 3012 502 δεῖ
3051 451 3264 513 πάντως
3304 452 3505 516 ἔξωθεν
3537 454 3635 521 μὲν
3675 459 3774 528 τὴν

503 548 753 612 cauterio
808 543 1176 601 confessionis
1227 540 1475 597 exterius
1507 538 1756 609 prodire,
1788 537 2083 592 sanitatem

502 658 635 698 vero
685 641 832 696 illam
864 639 1011 692 intro
1046 636 1230 691 induci
1272 634 1631 689 renovatione
1681 629 1884 685 mentis
1912 645 1926 683 :
1954 645 2086 699 ergo

502 735 733 789 demens
784 739 869 786 est
894 729 984 784 ille
1014 728 1110 798 qui
1138 724 1541 782 confessionem
1584 721 1795 794 abjicit,
1825 729 1882 777 et
1911 719 1964 774 in
1996 721 2083 790 pi-

500 826 676 898 gritiae
720 822 1120 878 valetudinario
1151 833 1371 889 semper
1393 817 1576 889 jacere
1627 830 1739 869 non
1779 813 2083 869 erubescit.

568 991 662 1046 3|.
686 990 765 1046 Ne
793 987 1139 1058 exaspercris
1164 984 1427 1039 adversus
1456 999 1581 1038 eum
1613 982 1708 1053 qui
1746 983 1843 1037 tibi
1873 982 2082 1037 nolenti

500 1099 697 1139 manus
725 1081 966 1137 medicas
993 1078 1240 1134 admovit
1283 1097 1296 1133 :
1329 1077 1426 1132 sed
1460 1072 1535 1130 ad
1569 1076 1873 1130 detractam
1914 1070 2082 1130 mole.

497 1179 664 1231 stiam
714 1174 1039 1245 respiciens,
1072 1180 1123 1225 te
1158 1169 1423 1224 miserum
1452 1165 1639 1237 judica
1672 1181 1687 1229 ;
1737 1164 1892 1218 illum
1921 1162 2082 1217 lauda

498 1271 617 1342 qui,
652 1271 764 1325 Deo
793 1268 865 1322 ita
894 1266 1240 1337 providente,
1274 1249 1437 1332 hujus
1468 1258 1758 1314 levationis
1775 1272 1840 1312 ac
1874 1257 2082 1311 sanita-

503 1364 573 1419 tis
608 1377 771 1417 causa
802 1361 924 1416 fuit.

572 1455 663 1509 '52.
692 1453 769 1510 Ne
798 1461 1028 1523 prepter
1056 1447 1234 1503 morbi
1269 1444 1625 1501 acrimoniam
1671 1441 1973 1497 turbidiore
2006 1441 2085 1495 sis

501 1549 686 1603 animo
712 1564 724 1600 :
748 1546 843 1601 sed
874 1561 971 1615 per
1006 1541 1332 1597 industriam
1374 1537 1791 1592 medicamentis
1841 1534 2079 1590 efficaci-

502 1638 607 1693 bus
653 1634 938 1699 adhibitis,
984 1648 1112 1689 cum
1171 1629 1406 1701 depelle,
1431 1627 1522 1698 qui
1577 1627 1831 1684 sanitatis
1887 1626 2082 1681 animm

501 1746 689 1786 curam
725 1728 889 1801 geris.

2194 539 2513 609 ἀρρωστίαν
2571 539 2786 610 ἐκείνην
2839 540 2914 607 τῷ
2969 540 3322 612 ἀναθερισμῷ
3375 543 3485 594 τῶν
3535 545 3778 615 ἐλέγχων

2203 628 2476 695 γενέσθαι,
2506 629 2715 682 ἔνδοθεν
2745 630 2798 683 δέ
2834 630 2930 702 τὴν
2964 631 3150 699 ὑγείαν
3176 632 3416 703 δηλονότι
3455 633 3661 704 ταύτην
3696 638 3778 708 τῷ

2203 715 2582 787 ἀνακαινισμῷ
2611 717 2703 769 τοὺ
2734 717 2870 781 νοός.
2911 718 3132 787 ’Δφρων
3154 721 3182 773 6
3208 721 3333 781 τοὺς
3359 719 3611 789 ἐλέγχους
3642 723 3773 776 ἀπο-

2205 809 2512 877 σειόμενος,
2556 810 2648 864 καὶ
2683 811 2740 862 ἐν
2778 809 2856 878 τῷ
2886 810 2986 876 τῆς
3011 810 3345 879 ἀναλγησίας
3379 815 3611 866 πάντοτε
3638 815 3769 866 ἀνα-

2203 898 2414 951 κεῖσθαι
2442 900 2771 970 νοσοκομείῳ
2809 900 2882 970 μὴ
2921 901 3329 970 αίσχυνόμενος.

2270 986 2375 1039 λα’.
2405 987 2496 1057 Μὴ
2525 989 2831 1057 τραχυνοῇς
2855 987 2994 1040 κατὰ
3022 989 3117 1040 τοῦ
3138 989 3409 1051 ἀκουσίως
3434 1007 3491 1042 σε
3518 1007 3766 1059 χειρουρ-

2204 1078 2503 1147 γήσαντοςο
2567 1078 2703 1130 ἀλλά
2758 1078 2894 1147 πρὸς
2962 1077 3060 1148 τὴν
3126 1080 3520 1133 ἐκκενωθεῖσαν
3577 1081 3770 1150 ἀηδίαν

2190 1169 2677 1247 ἀποϐλεῲάμενος,
2712 1168 2996 1223 ταλάνισον
3030 1170 3125 1238 μὲν
3166 1170 3393 1222 σεαυτὸν
3414 1211 3429 1233 ,
3464 1173 3770 1242 μακάρισον

2201 1259 2255 1313 δὲ
2286 1257 2377 1311 τὸν
2426 1257 2595 1310 αἴτιόν
2651 1274 2732 1310 σοι
2776 1256 2979 1329 ταύτης
3006 1256 3297 1328 γενόμενον
3328 1259 3429 1328 τῆς
3477 1259 3766 1329 ὡφελείας,

2199 1345 2480 1414 οἰκονομίᾳ
2509 1344 2664 1398 Θεοῦ.
2798 1394 2807 1401 .

2270 1436 2370 1508 ).β’.
2406 1437 2496 1508 Μὴ
2538 1438 2674 1506 πρός
2710 1455 2762 1491 τι
2809 1437 3405 1511 δεινὺνάπευδοκὴσῃς
3447 1441 3545 1509 τῆς
3590 1443 3772 1513 699(0-

2202 1532 2352 1594 στίας
2387 1547 2502 1593 σου,
2539 1530 2672 1582 ἀλλὰ
2705 1529 2792 1583 διὰ
2825 1529 2931 1583 τῶν
2981 1529 3084 1598 τῆς
3126 1529 3437 1597 φιλοπονίας
3464 1531 3765 1600 δραστικω·

2199 1623 2371 1692 τέρων
2402 1622 2730 1692 φαρμάκων,
2763 1622 2954 1692 πόρρω
2986 1620 3145 1685 γενοῦ
3172 1620 3408 1689 ταύτης,
3445 1622 3474 1674 6
3495 1621 3597 1691 τῆς
3629 1621 3767 1675 κατὰ

2198 1716 2374 1787 ψυχὴν
2390 1715 2590 1783 ὑγείας
2625 1714 3074 1784 ἐπιμελούμενος.

572 1822 662 1877 55.
691 1798 771 1876 Ne
800 1819 1046 1890 refugias
1066 1812 1222 1872 illum
1255 1818 1350 1887 qui
1379 1826 1431 1871 te
1461 1824 1774 1886 opportune
1800 1811 2079 1877 verberat,

2269 1806 2368 1874 λγ’.
2394 1806 2485 1876 Μὴ
2517 1806 2784 1875 συσταλῇς
2814 1803 2922 1857 ἀπδ
2949 1798 3044 1857 τοῦ
3073 1803 3301 1875 καιρίως
3330 1822 3389 1856 σε
3421 1806 3763 1873 πλήττοντος·

502 1916 597 1971 sed
626 1913 827 1970 accede
851 1912 917 1969 ad
957 1928 1107 1975 eum,
1135 1921 1190 1964 et
1222 1910 1479 1966 ostendet
1504 1909 1601 1964 tibi
1632 1923 1796 1979 quam
1828 1906 1974 1961 bona
2007 1906 2082 1960 sit

502 2010 654 2079 virga
684 2022 908 2063 sensum
939 2020 1245 2076 emungens
1275 2014 1452 2059 tuum.
1481 2004 1549 2058 Et
1576 2000 1833 2058 comedes
1863 2000 2081 2055 dulcem

502 2103 755 2158 sanitatis
784 2116 990 2166 escam,
1015 2110 1306 2171 postquam
1347 2095 1759 2168 consumpseris
1789 2093 2082 2166 rejiculum

502 2194 894 2250 amaritudinis
926 2194 1138 2250 cibum.

571 2291 662 2344 5t.
691 2288 967 2355 Quantum
1014 2284 1258 2341 senseris
1285 2284 1523 2347 labores,
1554 2292 1765 2337 tantum
1814 2279 1913 2334 tibi
1964 2278 2081 2350 pla-

503 2390 646 2447 ceat,
676 2380 767 2451 qui
803 2379 880 2434 tui
901 2377 1167 2449 probandi
1189 2392 1286 2432 eos
1308 2377 1407 2431 tibi
1429 2383 1580 2432 creat
1611 2393 1624 2427 :
1652 2372 1910 2444 perfectae
1934 2374 2081 2425 enim

505 2472 847 2544 purgationis
883 2472 1059 2540 causa}
1083 2470 1181 2525 tibi
1216 2471 1374 2534 liunt,
1402 2452 1522 2523 Sine
1557 2482 1666 2537 qua
1705 2482 1860 2521 mens
1890 2468 2082 2534 puram

504 2564 738 2620 fundere
764 2562 1071 2620 orationem
1115 2578 1226 2617 non
1266 2570 1470 2632 potest.

574 2726 665 2783 35.
694 2724 832 2784 Cum
881 2725 1322 2796 reprehenderis.
1357 2736 1453 2780 aut
1496 2735 1679 2780 taceas
1728 2731 1968 2793 oportet,
1994 2736 2086 2776 aut

507 2819 695 2876 sedate
725 2818 1035 2887 leniterque
1076 2817 1343 2871 adversus
1370 2815 1867 2885 reprehendentem
1900 2823 1954 2868 te
1992 2814 2088 2868 dc-

505 2910 886 2968 feudasrnon
930 2919 991 2963 ut
1028 2904 1120 2963 tua
1160 2908 1539 2970 commendes,
1589 2906 1687 2960 sed
1734 2917 1794 2960 ut
1836 2907 2087 2976 {castiga-

509 3017 682 3061 torem
715 3018 783 3058 ex
823 3002 1134 3073 ignorantia
1194 2998 1427 3055 fortasse
1482 3006 1761 3053 errantem
1821 2998 2084 3068 corrigas,

509 3106 563 3151 et
587 3096 738 3151 velut
768 3095 983 3164 lapsum
1011 3095 1214 3164 erigas.

577 3183 667 3240 56.
688 3183 790 3250 Qui
814 3185 961 3254 juste
989 3183 1333 3244 molestatus,
1365 3189 1658 3248 antequam
1691 3195 1719 3232 a
1756 3179 2088 3247 corripiente
2119 3171 2162 3226 C

508 3277 735 3342 citetur,
770 3274 1068 3345 resipiscit,
1098 3273 1239 3327 nihil
1266 3273 1535 3329 decentia:
1562 3274 1809 3339 amittit;
1845 3275 1938 3343 qui
1970 3283 2091 3344 post

508 3369 825 3427 citatiouem
887 3375 1135 3434 tantum,
1191 3366 1482 3422 dimidium
1541 3369 1820 3437 patientiae
1877 3367 2090 3437 perdit;

511 3467 759 3519 lucralnr
787 3472 968 3517 tamen
998 3460 1268 3531 quidquid
1292 3460 1497 3524 amisit,
1517 3461 1610 3531 qui
1635 3462 1901 3517 molestiae
1929 3478 2093 3517 causa

512 3558 812 3612 Ecclesiam
849 3570 1130 3624 nunquam
1166 3554 1403 3621 deserit;
1427 3570 1493 3610 ac
1529 3555 1749 3610 demum
1784 3557 2091 3611 mercedem

513 3650 738 3717 insuper
779 3656 1045 3710 meretur,
1081 3646 1175 3716 qui
1226 3647 1280 3701 in
1325 3648 1586 3702 omnibus
1642 3650 1860 3719 culpam
1929 3650 1983 3703 in
2034 3664 2094 3703 se

516 3740 710 3811 rcjicit.

583 3826 675 3879 '57.
699 3821 816 3878 Nec
862 3822 1139 3892 superbus
1194 3837 1295 3878 sua
1349 3823 1503 3887 vitia,
1538 3839 1641 3879 nec
1693 3825 1916 3881 humilis
1965 3841 2096 3881 suas

516 3911 753 3968 virtutes
786 3910 1101 3983 cognoscit;
1138 3911 1272 3982 tegit
1305 3912 1469 3986 enim.
1486 3913 1618 3968 vitia
1665 3914 1891 3984 quidem
1945 3916 2097 3973 irlius

515 4007 678 4071 mala,
709 4006 874 4076 hujus
895 4017 1078 4060 autem
1113 4005 1253 4060 bona
1279 4022 1342 4062 ac
1362 4007 1474 4062 Deo
1508 4008 1733 4077 placens
1764 4009 2093 4079 ignorantia.

586 4098 675 4152 38.
708 4099 929 4152 Honore
960 4099 1188 4168 paribus
1237 4100 1510 4170 superbus
1561 4102 1835 4170 exa‘quari
1881 4117 1940 4156 se
1986 4117 2095 4155 non

517 4191 726 4261 patitur
750 4192 803 4245 in
837 4192 1028 4256 bonis;
1054 4194 1109 4249 in
1145 4194 1300 4249 malis
1322 4203 1506 4250 autem
1533 4211 1689 4250 suam
1722 4194 2096 4249 infirmitatem

514 4298 643 4337 cum
678 4283 1100 4354 improbissimis
1149 4302 1496 4357 comparans,
1528 4287 1867 4343 tolerabilem
1920 4296 2095 4358 putat.

589 4486 681 4544 39.
719 4486 1066 4559 Vituperatio
1120 4488 1360 4542 animam
1418 4488 1700 4544 robustam
1735 4506 1799 4547 ac
1844 4490 2098 4557 solidam,

517 4582 763 4638 laudatio
793 4583 858 4638 ad
887 4582 1030 4638 bona
1055 4576 1372 4653 languidam
1396 4590 1453 4636 et
1484 4582 1720 4639 inertem
1753 4584 1958 4640 reddit.

589 4767 678 4824 40.
701 4767 914 4822 Divitiae
939 4766 994 4821 in
1020 4781 1176 4831 auro,
1201 4766 1380 4822 virtus
1407 4766 1463 4821 in
1484 4767 1796 4825 humilitate
1825 4771 2101 4827 consistit.

514 4857 806 4926 Quomodo
839 4857 1009 4929 igitur
1036 4857 1129 4927 qui
1163 4872 1301 4913 auro
1335 4867 1510 4923 caret,
1539 4874 1750 4929 pauper
1776 4870 1882 4924 est,
1918 4877 2103 4927 quan-

518 4966 683 5019 quam
739 4950 876 5005 l‘oris
917 4967 1028 5005 non
1062 4958 1293 5021 apparet
1323 4969 1337 5004 :
1370 4951 1451 5005 sic
1495 4952 1590 5021 qui
1624 4952 1745 5009 sine
1788 4955 2101 5011 humilitate

521 5045 575 5099 in
605 5044 908 5100 certamine
940 5045 1245 5100 monastico
1280 5055 1554 5110 versatur,
1589 5047 1700 5103 Deo
1726 5064 1837 5104 non
1868 5050 2066 5120 placet.

591 5160 681 5213 Η.
712 5158 870 5216 Sicut
893 5159 1101 5232 absque
1126 5176 1262 5215 auro
1292 5178 1401 5217 non
1429 5172 1512 5218 cst
1541 5174 1854 5230 mercator,
1881 5166 2103 5221 etiamsi

521 5246 991 5305 ad'mercaturam
1046 5251 1356 5307 faciendam
1412 5254 1569 5309 valde
1623 5255 1694 5310 sit
1742 5256 1995 5319 idoneus.
2028 5259 2100 5314 ita

523 5355 623 5394 uec
658 5339 866 5410 absque
903 5343 1211 5399 humilitate
1244 5347 1809 5419 rnonachusjucunda
1835 5351 2101 5406 virtutum

523 5431 846 5499 possidebit,
878 5433 1133 5502 quamvis
1166 5436 1477 5507 prudentia:
1508 5455 1623 5496 sua:
1663 5441 1896 5498 multum
1948 5441 2103 5499 fidat.

593 5609 681 5663 6'2.
716 5608 820 5676 Qui
876 5613 943 5667 ad
984 5613 1353 5674 humilitatem
1392 5620 1571 5690 redit,
1606 5623 1902 5683 demissius
1935 5644 2103 5698 quam

523 5710 683 5754 antea
717 5700 784 5756 de
820 5705 1003 5776 seipso
1034 5708 1246 5777 sentit;
1278 5711 1476 5767 elatius
1525 5730 1676 5781 vero,
1710 5720 1802 5788 qui
1850 5734 1970 5774 eam
2003 5719 2104 5773 de-

525 5796 693 5865 serit;
724 5798 817 5868 qui
850 5798 1074 5872 quideni
1104 5819 1213 5860 non
1249 5805 1487 5864 libenter
1516 5811 1720 5875 patitur
1747 5827 1805 5867 sc
1839 5828 1963 5867 cum
1996 5813 2102 5867 mi~

2201 1897 2420 1968 πρόσιθι
2447 1897 2503 1950 δὲ
2527 1896 2701 1965 τούτῳ
2726 1896 2821 1949 καὶ
2849 1895 3121 1961 ὐποδεῐξει
3153 1912 3256 1959 σοι,
3286 1897 3411 1948 ’ὅσον
3437 1897 3495 1949 τὸ
3518 1896 3764 1967 ὑποσμῆ-

2200 2005 2296 2058 χον
2323 1988 2423 2058 τὴν
2452 1986 2702 2057 αἴσθησίν
2743 1996 2839 2039 σου
2872 1985 3056 2039 καλόν.
3099 1985 3211 2039 Καὶ
3252 1986 3399 2058 φάγῃ
3429 1986 3557 2055 δψον
3584 1988 3680 2057 ήδὺ
3706 1988 3768 2040 τὶ

2200 2078 2264 2130 ἐκ
2294 2078 2392 2146 τῆς
2425 2077 2635 2145 ὑγείας,
2679 2075 2819 2145 μετά
2858 2075 2920 2128 τὸ
2958 2070 3302 2147 ἀναλωθῆναι
3334 2076 3393 2129 τὸ
3438 2078 3501 2129 ἐκ
3543 2077 3766 2147 πικρίας

2199 2168 2524 2238 ἀπόϐλητον.

2270 2256 2364 2311 λὸ’.
2400 2260 2563 2312 Ὅσον
2593 2259 2825 2329 αἰσθάνῃ
2857 2257 2965 2310 τῶν
3003 2258 3199 2318 πόνων,
3232 2258 3480 2310 τοσοῦτον
3503 2258 3770 2329 ἀποδέχου

2206 2351 2295 2404 τὸν
2345 2349 2568 2414 τούτους
2618 2350 2707 2403 διὰ
2755 2350 2864 2403 τῶν
2905 2347 3144 2420 ἐλέγχων
3190 2349 3608 2408 ὑποδεικνύοντά
3662 2368 3767 2405 σοι.

2189 2438 2543 2511 -Καθάρσεως
2570 2442 2678 2511 γὰρ
2729 2441 2943 2505 τελείας
2988 2441 3159 2504 αἴτιός
3197 2457 3280 2493 σοι
3312 2439 3634 2494 καθίσταται
3657 2458 3672 2473 ·
3703 2437 3768 2512 ἦς

2204 2535 2353 2597 ἄνευ,
2390 2534 2448 2587 ἐν
2490 2532 2715 2604 καθαρῷ
2748 2533 2933 2605 χωρίῳ
2957 2533 3035 2604 τῷ
3072 2532 3173 2602 τῆς
3205 2531 3368 2601 εὐχῆς
3393 2570 3409 2595 ,
3455 2531 3518 2584 οὐ
3550 2532 3770 2587 δύναται

2202 2623 2452 2685 γενέσθαι
2478 2625 2507 2676 6
2525 2623 2671 2686 νοῦς.
3273 2654 3279 2659 ·

2269 2713 2362 2768 λε’.
2429 2716 2518 2768 Ἐν
2556 2714 2635 2784 τῷ
2678 2714 3014 2783 ἐλέγχεσθαι,
3063 2716 3094 2785 ἢ
3139 2716 3347 2787 σιωπᾷν
3375 2715 3476 2778 δεῖ,
3528 2716 3563 2786 ἢ
3591 2716 3769 2784 ἠπίως

2178 2796 2583 2871 Ιἀπολογεῖσθαι
2609 2804 2687 2874 τῷ
2716 2803 3085 2872 καταλέγοντιυ
3119 2807 3179 2856 οὑ
3206 2806 3296 2858 διὰ
3318 2804 3381 2857 τὸ
3409 2805 3673 2872 συστῆσαι
3701 2805 3769 2858 τὰ

2201 2894 2375 2946 οἰκεῖα
2413 2893 2505 2944 τὸν
2547 2892 2923 2963 ἐλεγχόμενον,
2964 2894 3050 2948 διὰ
3092 2894 3149 2947 δέ
3188 2895 3250 2947 τὸ
3290 2895 3594 2963 ἀναστῆσαι
3641 2896 3768 2956 ίσως

2206 2985 2633 3055 προσκὼψαντα⁸
2666 2984 2758 3038 τὸν
2787 2987 2843 3038 ὲν
2873 2986 3062 3056 ἀγνοίᾳ
3091 2986 3401 3055 ἐλέγχοντα.

2274 3190 2381 3256 λς’.
2418 3191 2507 3261 Τῷ
2535 3192 2834 3255 λυπῆσαντι
2870 3191 3090 3251 δικαίως
3115 3229 3129 3249 .
3158 3192 3187 3243 6
3229 3190 3336 3261 1:96
3360 3188 3456 3242 τοῦ
3496 3193 3770 3258 προσκλη-

2206 3283 2364 3347 θῆναι
2398 3284 2489 3336 ὑπ’
2528 3282 2694 3335 αὑτοῦ
2729 3282 3004 3352 μετανοῶν
3025 3323 3039 3344 ,
3071 3281 3372 3350 ἐζημίωται
3400 3280 3512 3334 τῶν
3537 3279 3768 3348 ἀνηκόν-

2204 3392 2313 3427 των
2347 3375 2520 3429 οὐδὲν·
2546 3377 2575 3428 6
2600 3375 2658 3429 δὲ
2693 3375 2829 3445 μετὰ
2860 3375 2959 3445 τὴν
2988 3374 3346 3443 πρόσκλησιν,
3375 3373 3475 3443 τῆς
3513 3371 3772 3442 εὑφορίας

2205 3464 2266 3518 τὸ
2288 3467 2480 3536 ἥμισυ.
2516 3465 2800 3536 Κερδαίνει
2836 3466 3016 3533 μέντοι
3047 3466 3169 3519 ὅλον
3194 3466 3254 3518 τὸ
3284 3465 3731 3536 προκαταϐληθδν
3752 3506 3770 3528 ,

2186 3559 2237 3610 ⁴ὁ
2269 3557 2534 3627 μηδέποτε
2562 3557 2652 3610 διὰ
2679 3557 2854 3626 λύπην
2901 3556 3327 3625 ἀποσυνάγωγος
3363 3556 3771 3626 εὑρισκόμενος

2209 3650 2530 3718 προστίθησι
2555 3649 2611 3702 δέ
2638 3651 2734 3702 καὶ
2774 3649 2964 3721 μισθὸν
3000 3650 3199 3721 ἐαυτῷ,
3236 3651 3267 3703 6
3298 3649 3374 3719 τῷ
3400 3648 3621 3718 σφάλμα
3647 3646 3773 3716 βάλ-

2208 3735 2311 3789 λων
2338 3736 2521 3790 ἐπάνω
2549 3738 2714 3792 αὑτοῦ
2738 3741 2794 3791 ἐν
2820 3739 2998 3792 παντί.

2283 3825 2378 3892 λζ’.
2403 3827 2541 3881 Οὑτε
2568 3831 2597 3880 6
2629 3830 2954 3900 ὑψηλόφρων
2988 3829 3334 3898 ἐπιγινώσκει
3368 3825 3457 3882 οἷα
3483 3829 3552 3881 τά
3579 3826 3774 3880 ἐαυτοῦ

2210 3916 2584 3986 ἐλαττώματα.
2628 3916 2750 3971 οὕτε
2800 3919 2870 3971 τά
2898 3921 3070 3971 οἰκεῖα
3113 3920 3142 3973 6
3185 3919 3562 3986 ταπεινόφρων
3610 3918 3768 3972 καλά.

2210 4006 2490 4064 Καλύπτει
2501 4009 2611 4079 γάρ
2626 4011 2715 4061 τὸν
2731 4010 2828 4078 μὲν
2842 4009 2993 4062 ἄνοια
3014 4008 3214 4077 φαύλη,
3235 4008 3326 4060 τδν
3340 4008 3396 4059 δέ
3408 4010 3441 4077 ἡ
3459 4007 3769 4077 θεάρεστος.

2274 4103 2374 4169 λη’.
2409 4105 2533 4166 Τοῖς
2564 4104 2825 4174 ἰσοτίμοις
2845 4107 2872 4157 6
2896 4105 3263 4175 ὑπερήφανος,
3287 4107 3345 4159 ἐν
3368 4104 3554 4167 καλοῖς
3588 4122 3766 4174 παρα-

2206 4193 2520 4262 μετρεῖσθαι
2552 4193 2612 4245 οὑ
2645 4192 2932 4261 βούλεται·
2974 4197 3032 4247 ἐν
3068 4194 3125 4248 δὲ
3154 4196 3264 4257 τοῖς
3298 4192 3601 4256 ἐναντίοις,
3638 4194 3772 4262 πρὸς

2201 4282 2327 4344 τοὺς
2357 4281 2724 4350 ὑπερέχοντας
2746 4320 2760 4343 ,
2802 4280 3035 4350 φορητὸν
3058 4321 3074 4345 ,
3106 4281 3166 4334 τὸ
3195 4279 3386 4334 ἑαυτοῦ
3418 4278 3771 4351 παραϐαλλό-

2207 4385 2368 4439 μενος
2397 4370 2612 4439 ήγεῑται
2643 4370 2954 4440 ἐλάττωμα.

2273 4482 2369 4537 λου.
2418 4483 2478 4537 '0
2510 4484 2608 4555 μέν
2640 4484 2828 4554 ψόγος,
2859 4484 3119 4556 στερρὰν·
3152 4484 3374 4537 ἔκλυτον
3406 4482 3465 4537 δὲ
3498 4484 3528 4535 6
3556 4481 3776 4543 ἔπαινος

2202 4573 2303 4646 τὴν
2338 4575 2515 4647 ψυχὴν
2546 4576 2951 4647 ἀπεργάζεται*
3001 4579 3095 4631 καὶ
3138 4574 3479 4647 νωθροτὲραν
3530 4575 3669 4645 πρὸς
3706 4574 3777 4625 τὰ

2206 4665 2371 4720 καλά.

2276 4781 2349 4842 μ’.
2395 4773 2723 4837 ’Υπόστασις
2760 4775 2857 4843 μέν
2887 4774 3139 4839 πλούτου,
3166 4773 3384 4845 χρυσόςν
3404 4772 3605 4844 ἀρετῆς
3634 4772 3711 4835 δὲ,
3742 4774 3772 4840 ἡ

2205 4867 2551 4925 ταπείνωσις.
2606 4864 2694 4927 Ὠς
2737 4864 2828 4917 οὖν
2863 4867 2891 4919 6
2935 4864 3138 4936 χρυσοῦ
3187 4865 3405 4933 ἀπορῶν
3440 4865 3609 4934 πένης
3641 4865 3772 4923 ἐστὶ,

2206 4957 2311 5010 κάν
2357 4959 2431 5026 μὴ
2463 4958 2573 5017 τοῖς
2607 4954 2804 5020 ἔξωθεν
2859 4956 3117 5025 φαίνηται
3142 4971 3157 4985 ⁵
3181 4954 3326 5008 οὕτω
3374 4953 3757 5011 ταπεινώσεως

2206 5043 2355 5109 ἄνευ,
2388 5043 2641 5112 ἐνάρετος
2670 5042 2770 5095 οὑκ
2790 5042 2943 5095 ἔσται
2975 5042 3004 5094 6
3037 5041 3460 5112 ἀγωνιζόμενος.

2280 5156 2389 5226 μα’.
2429 5154 2643 5228 Χρυσοῦ
2688 5156 2831 5226 δίχα,
2870 5154 3059 5224 ὥσπερ
3101 5153 3130 5204 6
3169 5152 3411 5221 ἔμπορος
3443 5151 3503 5204 οὗ
3542 5149 3768 5217 πέφυκεν

2208 5247 2468 5319 ἔμπορος,
2500 5248 2604 5303 κᾶν
2648 5248 2768 5301 λίαν
2815 5250 2950 5317 πρὸς
2979 5244 3249 5317 ἐμπορίαν
3283 5245 3431 5298 ἐστὶν
3460 5243 3764 5313 ἐπιτήδειος.

2206 5337 2379 5402 οὕτως
2421 5340 2542 5393 οὑδὲ
2575 5336 3080 5409 ταπεινοφροσύνης
3121 5335 3328 5407 χωρὶς,
3366 5335 3429 5389 ἐν
3462 5331 3762 5401 κατασχέσει

2206 5430 2315 5484 τῶν
2358 5431 2458 5501 τῆς
2505 5430 2707 5501 ἀρετῆς
2738 5431 2907 5500 ἡδέων
2957 5429 3311 5501 εὑρεθήσεται
3345 5429 3375 5482 6
3415 5426 3763 5498 ἀσκούμενος,

2206 5521 2310 5575 κᾶν
2343 5521 2483 5574 πάνυ
2513 5523 2579 5593 τῇ
2605 5520 2799 5575 ἐαυτοῦ
2830 5520 3111 5592 νουνεχείᾳ
3138 5520 3337 5592 0αρρᾗ

2280 5627 2389 5699 μβ’.
2435 5631 2513 5700 Τῇ
2547 5631 3017 5702 ταπεινοφροσύνῃ
3048 5632 3076 5683 6
3124 5628 3312 5693 ἀνιὼν,
3358 5628 3662 5699 ica-crinem;
3686 5620 3761 5675 τοί

2208 5720 2406 5775 ἑαυτοῦ
2436 5723 2783 5790 φρονήματος
2821 5722 3049 5789 γίνεται·
3088 5722 3360 5791 ἀνώτερος
3389 5719 3447 5772 δὲ
3467 5760 3483 5781 ,
3515 5722 3544 5774 6
3575 5715 3765 5783 ἐκείνης

2206 5814 2393 5877 νωρίς·
2426 5813 2481 5877 ὃς
2514 5816 2633 5868 οὑδὲ
2659 5813 3132 5876 παραμετρεῖσθαι
3165 5816 3271 5877 τοῖς
3297 5813 3601 5876 ἐλαχίστοις
3631 5807 3766 5863 ﬁxo-3-
