4032 6198
367 240 497 303 1137

1718 240 2300 300 ANTHULUGIUM.

3503 250 3636 317 1133

363 361 493 423 σεως
519 358 798 434 ᾁνέχεται.
831 357 942 412 Καὶ
967 357 1056 411 διὰ
1082 356 1238 411 τοῦτο
1266 359 1322 410 ὲν
1351 361 1468 422 ταῖς
1493 359 1923 428 πρωτοκλισίςιιις1

2051 351 2217 426 nimi_s
2239 349 2498 406 conferri.
2527 352 2764 423 Ideoque
2796 353 2847 408 in
2883 357 3072 425 primis
3102 358 3470 418 discubitib‘us
3497 383 3634 421 mu:-

366 453 420 503 τὸ
448 450 692 521 λυπηρὸν
726 447 1118 503 ἐπιδείκνυται.

433 556 544 627 pf.
572 557 751 610 Καλὸν
783 555 861 626 τῷ
892 557 1168 624 ἀγωνιστῇ
1210 558 1426 624 φρονεῖν
1462 556 1578 624 μὲν,
1611 557 1808 625 ἥττονα
1841 559 1938 623 τῆς

359 647 621 717 ἐργασίας
655 645 840 698 αὐτοῦ’
876 646 1136 713 πράττειν
1170 645 1247 709 δὲ,
1283 647 1570 714 κρείττονα
1602 649 1700 716 τῆς
1733 647 1936 710 δειλίας

360 735 550 789 αὑτοῦ.
590 735 747 788 Οὕτω
777 736 886 804 γὰρ
924 736 989 788 ἂν
1030 737 1122 788 καὶ
1156 735 1463 805 ἀνθρώποις
1492 737 1770 806 αἰδέσιμος
1796 779 1811 801 ,
1844 739 1939 791 καὶ

357 827 478 893 Θεῷ
510 827 748 897 ἐργάτης
781 828 1090 897 εὑρίσκεται
1119 827 1570 896 ἀνεπαίσχυντος.

430 931 534 1002 μδ¹.
566 935 635 986 Ἢ
667 933 1060 1002 κατορθοῦσθαι
1091 935 1172 988 δεὶ⁹
1203 933 1339 1004 πρὸς
1366 935 1547 994 πάσας
1588 935 1685 999 τὰς
1717 936 1939 1001 ἐντολάς

357 1023 451 1075 τού
469 1023 624 1074 Θεοῦ.
647 1022 681 1094 ἢ
719 1024 848 1092 μιᾶς
871 1023 1270 1077 ἀντιποιεῖσθαι
1291 1026 1390 1092 τῆς
1405 1028 1936 1096 ταπεινοφροσύνης,

360 1111 450 1162 τὸν
476 1110 794 1180 δεδιότα-μὴ
828 1111 977 1174 ξένον
1010 1112 1119 1163 τῶν
1166 1112 1222 1163 ὲν
1247 1111 1324 1180 τῷ
1358 1114 1602 1182 νυμφῶνι
1635 1117 1933 1186 ἀνακειμέ-

359 1216 468 1252 νων
500 1199 853 1267 ὀφθήσεσθαι.

438 1295 540 1356 με’.
574 1287 744 1353 Μίξον
788 1291 852 1358 τῇ
887 1287 1146 1359 ἁπλότητι
1181 1289 1277 1360 τὴν
1309 1291 1662 1362 ἐγκράτειαν,
1705 1295 1796 1349 καὶ
1840 1297 1936 1348 σύ-

362 1378 552 1442 ζευξον
583 1381 647 1448 τῇ
677 1380 1144 1451 ταπεινοφροσύνῃ
1174 1381 1270 1452 τὴν
1293 1383 1572 1451 ἀλήθειαν,
1601 1387 1693 1437 καὶ
1725 1385 1936 1457 όφθήσῃ

361 1467 706 1538 δικαιοσύνης
732 1469 1026 1530 συνέστιος.
1051 1463 1157 1534 ἾΙς
1185 1471 1276 1524 ἐπὶ
1303 1474 1601 1543 τραπέζης,
1628 1474 1759 1546 άλλη
1787 1478 1938 1530 πᾶσα

362 1555 509 1623 ⁴¹ςιλεῖ
539 1557 866 1624 συνάγεσθαι
899 1561 1092 1629 ἀρετή.

436 1653 555 1716 pg“.
579 1648 765 1718 Τυφλὴ
786 1649 884 1716 τῆς
906 1652 1407 1722 ταπεινοφροσύνης
1427 1655 1664 1724 χωρὶς,ή
1688 1655 1932 1725 ἀλήθεια.

2051 459 2144 497 ror
2179 443 2470 513 reperitur.

2113 535 2201 588 45.
2234 535 2470 605 Expedit
2501 539 2721 594 athleta:
2757 540 3031 609 spiritu-ali
3068 546 3279 602 minora
3308 547 3470 606 lactis
3514 568 3636 608 sats

2039 626 2302 696 cogitare,
2334 639 2391 682 ct
2425 630 2630 700 majora
2683 647 2846 700 quam
2883 650 2982 704 pro
3031 638 3484 706 pusillanimitate
3527 662 3627 701 sua

2038 709 2240 772 facere.
2266 717 2322 773 Si
2349 721 2496 773 enim
2523 722 2842 779 hominibus
2886 732 3226 784 venerationi
3252 734 3378 799 erit,
3396 743 3452 790 et.
3484 741 3628 807 apud

2039 807 2211 863 Deum
2247 821 2308 864 ut
2344 811 2520 867 ﬁdelis
2553 817 2845 884 operarius
2870 834 2984 874 non
3012 823 3326 880 erubescet.

2110 903 2198 956 Η.
2229 901 2333 968 Qui
2373 904 2529 972 timet
2573 923 2640 963 ne
2669 909 2815 964 inter
2856 912 3268 972 discumbentes
3297 918 3350 973 in
3382 919 3624 978 thalamo

2040 998 2274 1066 nuptiali
2313 1001 2637 1072 peregrinus
2686 1014 2966 1074 appareat,
2998 1024 3125 1062 eum
3159 1020 3254 1065 aut
3301 1013 3487 1067 omnia
3531 1015 3625 1068 Dei

2041 1095 2298 1152 mandata
2334 1096 2505 1165 probe
2536 1111 2779 1165 servare,
2810 1106 2905 1152 aut
2931 1099 3000 1153 ad
3037 1116 3201 1156 unam
3253 1103 3623 1162 humilitatem

2040 1187 2174 1244 eniti
2205 1198 2445 1257 oportet.

2114 1279 2202 1334 45.
2235 1279 2520 1348 Uonjunge
2565 1279 2908 1350 simplicitati
2956 1281 3386 1346 continentiam,
3417 1286 3624 1340 verita-

2043 1380 2265 1441 temque
2291 1371 2591 1425 humilitati
2619 1372 2840 1440 copula,
2861 1381 2918 1428 et
2941 1373 3218 1430 videberis
3250 1379 3625 1434 contuberna-

2040 1465 2107 1519 lis
2134 1463 2381 1535 justitize,
2409 1461 2478 1517 ad
2508 1463 2665 1537 cujus
2692 1477 2936 1517 mensam
2962 1479 3155 1521 omnes
3188 1468 3413 1539 reliquae
3442 1470 3621 1524 virtu-

2040 1564 2122 1612 tes
2149 1564 2334 1610 amant
2362 1555 2703 1631 congregari.

2106 1649 2193 1703 46.
2224 1648 2379 1703 Czeca
2421 1658 2508 1726 est
2553 1650 2673 1705 sine
2719 1649 3026 1705 humilitate
3055 1651 3276 1706 veritas.
3307 1651 3436 1707 Ideo
3478 1653 3620 1709 dure

361 1739 460 1789 Διὰ
487 1737 645 1790 τοῦτο
669 1716 762 1792 καί
793 1743 857 1810 τῇ
895 1716 1393 1812 ἀντιλογίαχρῆται
1419 1716 1923 1816 ἱειραγωγῷοέρεῖ·

2044 1742 2211 1798 utitur
2239 1723 2637 1804 controversia,
2663 1759 2784 1813 quae
2807 1744 2947 1812 ipsa,
2965 1744 3198 1799 fulcrum
3221 1744 3440 1815 aliquod
3468 1746 3621 1800 labo-

364 1845 455 1882 σαι
491 1827 588 1897 μὲν
633 1830 771 1899 αὐτῇ
801 1831 891 1882 ὲπί
938 1847 990 1883 τι
1039 1833 1336 1904 μοχθούσῃ,
1377 1835 1451 1906 μὴ
1488 1835 1816 1906 εὕρισκούσῃ
1857 1836 1936 1900 δὲ,

362 1921 412 1971 εἰ
445 1920 518 1988 μὴ
552 1919 614 1971 τὸ
642 1921 738 1989 τῆς
768 1923 1130 1991 μνησικακίας
1163 1923 1446 1994 ὀχύρωμα.

447 2012 552 2080 με’.
591 2009 758 2075 Ἷιθος
782 2012 1035 2081 χρηστὸν,
1072 2013 1382 2084 ὡραιότητα
1417 2019 1686 2087 μαρτυρεῖ
1711 2019 1934 2088 ἀρετῆς·

369 2101 546 2172 μελῶν
576 2103 632 2157 δὲ
663 2103 975 2166 εὐστάθεια,
1016 2105 1297 2173 εἰρηναίαν
1331 2104 1531 2174 ψυχήν.

427 2331 537 2396 μη’.
573 2326 793 2395 Πρῶτον
828 2327 926 2396 μὲν
967 2327 1146 2393 καλὸν,
1177 2329 1238 2380 τὸ
1262 2329 1318 2380 ὲν
1346 2327 1533 2396 μηδενὶ
1571 2329 1726 2399 μέρει
1764 2347 1929 2399 προσ-

353 2418 602 2470 πταίειν·
646 2417 896 2487 δεύτερον
935 2419 1013 2475 δὲ.
1067 2419 1130 2471 τὸ
1177 2418 1251 2489 μὴ
1279 2420 1418 2472 αἰδοῖ
1447 2423 1845 2491 κατακρύπτειν
1869 2424 1928 2473 τὸ

355 2507 578 2576 σφάλμα
608 2506 794 2571 αὐτοῦ,
833 2509 968 2577 μήτε
1000 2508 1106 2578 μὴν
1136 2509 1458 2563 ἀναδύεσθαι
1495 2513 1552 2562 ὲν
1587 2509 1752 2580 αὐτῷ’
1791 2512 1928 2581 μᾶλ-

354 2598 446 2649 λον
489 2598 545 2650 δὲ
584 2598 1008 2662 ταπεινοῦσθαι,
1061 2601 1156 2652 καὶ
1209 2601 1683 2672 κατηγορουμένου
1732 2603 1924 2655 ἑαυτοῦ

359 2692 811 2758 συγκατηγορείν,
840 2691 932 2742 καὶ
966 2690 1217 2759 δέχεσθαι
1251 2692 1502 2760 ἀσμένως
1532 2691 1590 2742 τὸ
1630 2692 1923 2760 ἐπιτίμιον.

358 2776 559 2828 Τούτου
590 2777 643 2830 δὲ
667 2777 742 2847 μὴ
771 2779 1077 2846 γινομένου,
1109 2781 1297 2848 ἀνίσχυ
1309 2797 1398 2847 ρον
1426 2781 1568 2834 ἅπαν
1597 2779 1656 2833 τὸ
1689 2781 1764 2849 τῷ
1801 2780 1922 2851 Θεῷ

359 2869 818 2936 προσφερόμενον.

429 2956 536 3024 μθ’.
571 2958 712 3026 Πρὸς
741 2962 805 3029 τῇ
855 2958 1078 3029 ἑκουσίᾳ.
1132 2957 1503 3026 κακοπαθείᾳ,
1553 2959 1658 3029 χρὴ
1696 2961 1790 3014 καὶ
1823 2960 1922 3029 τὴν

2037 1835 2180 1890 riose
2206 1851 2482 1905 quaerens,
2516 1836 2652 1906 nihil
2683 1836 2834 1890 aliud
2869 1836 3079 1892 invenit
3113 1853 3276 1906 quam
3315 1838 3619 1895 simultatis

2035 1926 2459 1980 adminiculum.

2108 2019 2198 2071 47.
2229 2017 2373 2073 Mitis
2399 2027 2454 2073 et
2497 2019 2741 2075 clemens
2769 2028 2965 2074 natura
3002 2020 3304 2091 speciosam
3353 2023 3614 2088 animam,

2036 2111 2408 2164 membrorum
2459 2120 2642 2165 autem
2681 2111 2952 2168 stabilitas
2975 2122 3030 2168 et
3057 2114 3323 2184 quietudo
3370 2116 3614 2187 quietam

2035 2203 2395 2260 demonstrat.
3073 2189 3076 2194 Ι

2104 2319 2195 2376 48.
2220 2321 2464 2376 Primum
2497 2320 2703 2388 bonum
2730 2332 2840 2385 est,
2877 2336 2986 2377 non
3018 2321 3126 2378 labi
3161 2322 3216 2376 in
3249 2323 3356 2378 ulla
3391 2339 3469 2378 re.
3509 2325 3608 2378 Se-

2033 2413 2298 2475 cundum,
2325 2414 2538 2483 lapsum
2569 2429 2730 2468 suum
2762 2430 2875 2484 pra:
2903 2397 3378 2472 verecundia'non
3406 2417 3609 2482 celare,

2037 2521 2140 2560 nec
2174 2522 2234 2562 se
2273 2507 2647 2577 impudentem
2681 2508 2740 2562 in
2788 2522 2854 2561 eo
2898 2508 3191 2566 ostendere
3222 2525 3234 2572 ;
3265 2507 3396 2578 quin
3427 2510 3614 2578 potius

2034 2600 2340 2662 humiliari.
2383 2611 2440 2656 et
2471 2602 2680 2657 idcirco
2711 2601 3111 2670 reprehensum
3142 2616 3200 2656 se
3244 2617 3462 2671 quoque
3512 2617 3610 2670 pa-

2032 2693 2168 2747 riter
2212 2694 2636 2764 reprehendere.
2669 2693 2824 2760 Quod
2868 2693 2972 2748 nisi
3028 2692 3140 2757 tiat,
3175 2695 3442 2764 quidquid
3501 2695 3612 2749 Deo

2031 2783 2282 2847 oll'ertur,
2311 2800 2502 2856 parum
2558 2788 2721 2840 valet.

2097 2953 2186 3006 49.
2213 2953 2291 3018 Ad
2325 2955 2648 3010 aﬂlictiones
2678 2959 3033 3031 voluntarias,
3064 2957 3232 3011 etiam
3266 2972 3372 3008 non
3413 2955 3613 3008 \‘nlttn-

358 3045 609 3101 ἀκούσιον
639 3050 1052 3117 καταδέχεσθαι,
1087 3049 1185 3121 τὴν
1217 3051 1280 3102 ὲκ
1312 3049 1572 3103 διασόλων
1605 3050 1775 3118 λέγω,
1823 3050 1920 3121 ζη-

2044 3046 2206 3100 Larias
2257 3048 2556 3118 adiungere.
2610 3060 2848 3120 Oportet,
2884 3051 3236 3124 detrimenta,
3272 3048 3517 3118 inquam,
3557 3055 3615 3100 et.

361 3137 501 3207 μιῶν
536 3155 595 3190 τε
619 3177 634 3202 ,
669 3141 758 3190 καὶ
797 3140 1107 3194 ἀσθενειῶν.
1153 3141 1334 3194 Ταῦτα
1381 3141 1490 3211 γὰρ
1519 3143 1546 3194 ό
1579 3141 1652 3210 μὴ
1686 3141 1942 3196 καταδεο.

358 3229 611 3298 χόμενος,
661 3232 794 3284 ἀλλὰ
851 3231 1272 3297 ἀποδυσπετῶν,
1320 3234 1502 3300 ὅμοιός
1549 3234 1664 3285 ἐστι
1711 3233 1788 3300 τῷ
1845 3235 1918 3300 μὴ

363 3319 501 3387 μετὰ
529 3320 674 3385 ἁλὸς,
710 3321 845 3390 μετὰ
870 3321 925 3374 δὲ
955 3322 1166 3390 μέλιτος
1189 3323 1348 3391 μόνου
1371 3323 1695 3392 βουλομένου
1721 3321 1920 3374 ἐσθίειν

357 3413 447 3465 τὸν
488 3413 649 3484 ἄρτον
680 3415 863 3467 αύτού-
895 3414 953 3476 δς
984 3415 1045 3466 ού
1075 3414 1302 3466 πάντοτε
1341 3415 1440 3482 μὲν
1471 3415 1568 3484 τὴν
1596 3413 1786 3482 ἡδονὴν
1809 3414 1920 3482 ἔχει

361 3505 673 3575 σύντροφον,
697 3505 788 3560 τὸν
813 3507 869 3560 δὲ
894 3507 1052 3577 κόρον
1081 3508 1168 3558 ἀεὶ
1188 3506 1404 3570 γείτονα
1429 3509 1708 3576 κέκτηται.

427 3703 492 3758 ν’.
543 3707 817 3774 Δεσπότης
870 3708 945 3758 ὢν
991 3708 1178 3759 δούλου
1237 3707 1423 3777 σχῆμα
1463 3704 1918 3774 περιδαλλόμενος

359 3795 628 3861 φαίνεται,
658 3799 685 3848 ό
715 3797 774 3849 τὸ
801 3798 1092 3868 διερρωγὸς
1128 3797 1338 3849 πλύνων
1367 3797 1458 3849 τοῦ
1489 3795 1712 3865 πλησίον
1739 3795 1917 3860 λόγοις

358 3885 560 3947 ἐνθέοις
595 3888 836 3956 ἱμάτιον,
883 3888 914 3958 ἦ
967 3888 1369 3959 καταρράπτων
1414 3889 1532 3948 ταῖς
1577 3885 1913 3955 μεταδόσεσι.

357 3974 634 4028 Σκοπείτω
672 3977 727 4029 δὲ
754 3977 784 4030 ό
817 3978 975 4031 τοῦτο
1012 3978 1200 4043 ποιῶν,
1250 3979 1456 4048 μήποτε
1497 3976 1584 4029 διά
1619 3974 1678 4028 τὸ
1713 3973 1810 4044 μὴ,
1841 3972 1918 4036 ὡς

356 4064 540 4128 δοῦλος
565 4067 718 4119 τούτο
744 4068 932 4133 τελεῖν,
969 4069 1305 4140 συναπολέσῃ
1356 4069 1449 4122 καὶ
1475 4067 1564 4120 τὸν
1599 4064 1790 4136 μισθὸν
1823 4064 1916 4116 καὶ

351 4158 414 4210 τὸ
439 4159 637 4226 προσὸν
660 4159 808 4228 αὐτῷ
835 4159 930 4230 τῆς
958 4149 1203 4224 ἐξουσίας
1251 4159 1336 4214 διὰ
1365 4160 1664 4226 κενοδοξίαν
1685 4159 1924 4234 ἀξίωμα·

423 4255 526 4302 να’.
555 4249 758 4318 Ὥσπερ
793 4251 824 4319 ἠ
861 4252 1040 4314 πίστις
1078 4250 1444 4320 ἐλπιζομένων
1477 4253 1774 4318 ὑπόστασις
1818 4254 1913 4308 πέρ

353 4356 523 4406 φυκεν
547 4379 561 4399 ,
595 4339 735 4394 οὕτω
781 4340 956 4410 ψυχῆς
995 4343 1096 4410 μὲν
1132 4343 1164 4411 ἠ
1206 4343 1499 4414 φρόνησις,
1540 4344 1738 4415 ἀρετῆς
1773 4345 1831 4398 δδ
1876 4347 1909 4414 ἡ

2038 3139 2461 3201 invaletudines,
2508 3156 2630 3209 qua:
2663 3158 2690 3193 a
2741 3142 2961 3194 diabolo
3013 3142 3173 3194 nobis
3224 3141 3612 3208 importantnr.

2033 3231 2180 3297 Quas
2209 3232 2301 3300 qui
2359 3248 2467 3285 non
2503 3233 2792 3300 permittit,
2820 3234 2912 3288 sed
2962 3234 3269 3286 recalcitrat
3312 3242 3366 3286 et
3404 3245 3611 3285 stoma-

2033 3323 2252 3388 chatur,
2285 3324 2513 3392 perinde
2546 3324 2677 3378 facit
2705 3340 2767 3378 ac
2793 3325 2886 3394 qui
2917 3340 3111 3394 panem
3143 3340 3304 3376 suum
3342 3340 3448 3378 non
3485 3338 3609 3378 cum

2034 3416 2168 3484 sale,
2194 3415 2288 3468 sed
2335 3431 2461 3470 cum
2495 3417 2656 3469 melle
2690 3415 3068 3470 tantummodo
3099 3415 3388 3469 comedere
3437 3417 3566 3468 velit
3594 3433 3608 3477 ;

2036 3508 2130 3578 qui
2178 3507 2338 3576 panis
2389 3525 2502 3562 non
2553 3509 2888 3578 voluptatem
2936 3525 3152 3578 semper
3202 3509 3482 3573 socialem,
3517 3512 3612 3567 sed

2033 3599 2344 3655 satietatem
2375 3615 2595 3670 semper
2625 3600 2862 3654 vicinam
2893 3601 3078 3654 habet.

2104 3694 2193 3748 50.
2232 3693 2498 3746 Dominus
2526 3692 2755 3748 formam
2806 3693 2948 3748 servi
2997 3693 3221 3748 indutus
3252 3693 3472 3748 videtur
3521 3695 3611 3751 ille

2033 3787 2125 3858 qui
2160 3789 2400 3842 lacerum
2438 3787 2671 3858 proximi
2703 3787 3056 3857 panniculum
3092 3788 3292 3843 divinis
3318 3791 3463 3846 lavat
3493 3807 3613 3845 ser-

2037 3881 2294 3934 monibus
2345 3890 2439 3935 aut
2484 3880 2850 3952 eleemosynis
2896 3881 3148 3934 resarcit.
3183 3881 3377 3936 Videat
3428 3893 3609 3937 autem

2036 3973 2138 4027 hoc
2169 3972 2380 4027 faciens
2431 3989 2500 4027 ne
2556 3973 2718 4038 forte,
2749 3972 2876 4042 quia
2911 3972 2962 4025 id
2998 3987 3102 4025 non
3153 3971 3280 4025 facit
3311 3982 3367 4025 ut
3396 3991 3609 4035 srrvus,

2036 4076 2261 4136 propter
2291 4065 2608 4136 superbiam
2635 4065 2850 4119 amittat
2908 4073 2964 4118 et
2999 4063 3307 4118 mercedem
3339 4073 3393 4119 et
3437 4067 3607 4135 ipsam

2033 4157 2308 4213 libertatis
2342 4173 2448 4226 qua
2485 4157 2684 4227 gaudet
2725 4155 3066 4226 dignitatem.

2103 4249 2192 4305 5|.
2213 4250 2369 4304 Sicut
2395 4248 2528 4302 ﬁdes
2552 4256 2633 4302 est
2654 4247 3044 4316 sperandarum
3072 4247 3375 4304 substantia
3401 4265 3608 4310 rerum,

2035 4342 2109 4395 ita
2134 4340 2444 4395 substantia
2472 4339 2667 4394 animze
2700 4347 2784 4391 est
2812 4337 3126 4408 prudentia,
3153 4349 3209 4392 et
3241 4340 3482 4404 virtutis,
3511 4341 3611 4393 hs:-

351 4429 696 4493 ταπείνωσις.
735 4431 843 4484 Καὶ
876 4431 1055 4498 θαῦμα
1087 4433 1202 4494 πῶς
1234 4432 1302 4484 τὰ
1346 4434 1604 4505 αὐτοτελῆ
1633 4435 1738 4488 τῶν
1772 4453 1909 4506 συμ-

2052 4432 2254 4486 uilitas.
2300 4430 2371 4484 Et
2418 4433 2620 4484 mirum
2669 4430 2944 4499 quomodo
2994 4430 3234 4499 perfecta
3292 4431 3411 4484 sine
3459 4433 3609 4486 accic

351 4522 658 4592 σεῦηκότων
691 4525 830 4594 δίχα,
859 4527 1020 4594 ἀτελῆ
1047 4527 1460 4596 καθεστήκασιν.

421 4613 520 4683 νβ’.
557 4633 574 4664 ι
614 4615 813 4686 Κύριος
844 4618 1067 4684 φυλάξει
1101 4618 1198 4689 τὴν
1232 4619 1433 4672 εἷσοδόν
1467 4637 1582 4682 σου,
1617 4624 1748 4692 φησὶ
1771 4664 1785 4687 ,
1822 4625 1916 4678 καὶ

351 4705 450 4774 τὴν
501 4707 677 4772 ἔξοδόν
705 4725 817 4772 σου,
855 4729 872 4760 ι
905 4712 1010 4762 τῶν
1061 4711 1364 4782 βρωμάτων
1401 4712 1639 4782 δηλονότι
1689 4716 1779 4767 καὶ
1808 4717 1916 4767 τῶν

351 4793 632 4862 ῥημάτων,
659 4800 722 4866 τῇ
752 4799 1060 4870 ἐγκρατείᾳ.
1106 4801 1414 4870 Ἐγκρστῶς
1438 4804 1546 4871 γάρ
1573 4802 1601 4854 ό
1630 4802 1766 4872 ἔχων
1790 4805 1916 4872 περὶ

348 4883 450 4950 τὴν
477 4884 584 4937 τῶν
616 4887 918 4957 βρωμάτων
946 4890 1041 4940 καὶ
1075 4891 1333 4958 ῥημάτων
1393 4892 1595 4944 εἴσοδόν
1625 4910 1681 4944 τε
1714 4895 1804 4944 καὶ
1832 4895 1916 4957 ἓξ-

349 4973 490 5040 οδον,
516 4977 810 5048 ἐπιθυμίαν
846 4981 943 5050 μὲν
969 4981 1066 5049 τὴν
1085 4980 1143 5044 ἐξ
1167 4982 1463 5051 ὀφθαλμῶν
1494 4985 1912 5053 ἀποδιδράσκει·

349 5061 519 5130 θυμὸν
551 5064 607 5117 δὲ
638 5067 728 5119 τὸν
759 5067 818 5132 ἐξ
849 5071 1106 5134 ἀπονοίας
1136 5075 1534 5146 καταπραύνει.
1569 5071 1669 5129 Ὧν
1720 5079 1813 5145 καὶ
1839 5078 1918 5131 δεῖ

349 5152 457 5222 πρὸ
489 5156 705 5210 πάντων
741 5162 1008 5214 ποιεῖσθαι
1043 5164 1140 5233 τὴν
1171 5166 1486 5234 ἐπιμέλειαν
1525 5169 1614 5220 τὸν
1660 5169 1916 5235 ἀγωνιζό-

351 5257 530 5308 μενον,
581 5246 676 5299 καὶ
714 5251 876 5302 παντὶ
923 5254 1109 5324 τρόπῳ
1151 5256 1530 5310 σπουδαστέον.
1575 5259 1666 5311 Ἐν
1709 5261 1916 5324 τούτοις

348 5330 458 5402 γὰρ
495 5335 556 5386 τὸ
596 5336 696 5406 μὲν
741 5344 1040 5409 πρακτικὸν
1071 5345 1339 5414 ἔρρωται,
1378 5348 1438 5400 τὸ
1476 5349 1533 5402 δὲ
1586 5349 1915 5422 θεωρητικόν

343 5423 694 5492 ἐστερέωται.

416 5512 514 5579 νγ’.
547 5518 700 5583 Τινὲς
743 5521 843 5591 μὲν
892 5524 1020 5592 περὶ
1074 5527 1172 5596 τὴν
1216 5528 1420 5582 εἴσοδον
1457 5531 1565 5583 τῶν
1612 5532 1914 5603 βρωμάτων

341 5603 542 5674 πολλὴν
573 5611 848 5666 ποιοῦνται
882 5617 979 5684 τὴν
1010 5617 1347 5687 ἐπιμέλειανο
1380 5626 1510 5693 περὶ
1533 5623 1587 5675 δὲ
1613 5624 1713 5693 τῆν
1739 5624 1913 5688 ἔξοδον

407 5828 430 5860 ⁸
466 5829 607 5883 Psal.
635 5845 759 5898 cxx,
790 5830 844 5885 8.

2031 4524 2291 4580 dentibus
2316 4522 2450 4578 ﬁant
2483 4521 2825 4590 imperfecta.

2100 4617 2187 4672 59..
2229 4635 2248 4667 ι
2277 4615 2564 4679 Dominus,
2592 4613 2790 4687 inquit,
2815 4614 3092 4669 custodiat
3121 4613 3408 4668 introitum
3445 4619 3602 4664 tuum

2028 4719 2080 4763 et
2109 4709 2319 4762 exitum
2348 4708 2561 4770 tuum",
2595 4725 2614 4759 ι
2647 4707 2936 4777 epulatum
2959 4707 3190 4767 scilicet,
3217 4711 3273 4758 et
3299 4703 3596 4757 verborum

2030 4801 2342 4866 introitum,
2392 4808 2450 4856 et
2496 4799 2727 4862 exitum,
2769 4798 2822 4852 in
2851 4798 3211 4853 continentia.
3245 4793 3380 4850 Nam
3415 4795 3508 4864 qui
3542 4795 3598 4849 in

2029 4897 2114 4950 his
2137 4894 2352 4950 duobus
2378 4901 2462 4948 est
2487 4894 2805 4949 moderatus
2832 4902 2888 4947 et
2915 4893 3225 4958 continens,
3249 4889 3618 4958 cupiditatem.

2026 4988 2313 5043 oculorum
2346 4985 2506 5056 fugit,
2539 4985 2678 5038 iram
2721 4999 2852 5039 vero
2877 4999 2944 5038 ex
2973 4981 3231 5037 vecordia
3278 4988 3461 5034 natam
3500 4979 3606 5032 mi-

2029 5081 2190 5150 tigat:
2221 5077 2424 5149 quibus
2448 5075 2707 5132 cavendis
2732 5074 2998 5129 monacho
3020 5082 3146 5128 ante
3166 5072 3352 5127 omnia
3375 5081 3430 5126 et
3454 5072 3627 5127 omni.

2030 5173 2240 5226 ratione
2275 5169 2608 5225 studendum
2635 5176 2718 5224 est
2741 5168 3062 5238 diligenter,
3111 5166 3193 5222 sic
3247 5164 3394 5218 enim
3446 5174 3502 5218 et
3549 5164 3634 5218 inv.

2028 5263 2617 5320 actinnelirmiorctin
2651 5260 3113 5330 contemplatione
3141 5259 3325 5314 evadit
3355 5257 3604 5311 solidior.

2095 5531 2184 5586 53.
2215 5529 2449 5596 Quidam
2493 5529 2639 5581 circa
2671 5523 2958 5579 introitum
3010 5533 3262 5575 escarum
3311 5515 3628 5570 admodum-~

2023 5624 2313 5693 diligenter
2344 5630 2401 5676 et
2430 5619 2577 5676 cauti
2603 5626 2751 5683 sunt,
2782 5617 2928 5670 circa
2957 5613 3164 5669 exitum
3198 5622 3382 5667 autem
3415 5607 3624 5663 verbo»-
