3958 6204
413 221 548 285 1139

1805 205 2004 268 ELIAE
2047 207 2302 266 ECDlCl

3540 203 3682 269 1140

400 349 518 390 rum
575 326 935 401 negligentes.
970 321 1131 379 Tales
1161 322 1418 378 nesciunt
1457 340 1474 372 ι
1507 321 1728 376 auferre
1780 321 1918 375 iram
1953 336 1980 373 a

2120 323 2208 374 ῖῶν
2250 322 2507 391 ῥημάτων
2555 324 2769 391 ἀμελῶς
2814 323 3158 377 διατίθενται.
3193 325 3254 376 Ol
3293 323 3526 376 τοιοῦτοι
3581 327 3684 375 οὐκ

400 428 561 486 sorde
589 440 708 489 suo,
745 429 800 477 et
824 434 1078 474 amovere
1126 416 1392 470 malitiam
1427 432 1456 469 a
1486 430 1649 470 carne
1707 430 1827 475 sua,
1863 433 1880 465 ι
1923 423 1983 466 ιιι

399 531 480 578 :st
512 517 656 590 apud
688 513 1058 571 Ecclesiasten
1092 511 1132 575 ⁸,
1168 526 1268 582 per
1299 525 1422 579 qua:
1465 524 1562 563 cor
1607 507 1874 561 mundum
1913 506 1982 560 ab

399 619 696 670 innovante
733 608 942 680 Spiritu
979 605 1154 660 creari
1190 603 1535 659 consuevit".

465 776 554 830 54.
581 772 844 828 Cibornm
873 767 1100 841 quidem
1133 765 1464 836 simplicitas
1491 763 1544 818 in
1581 762 1848 818 inferiore
1880 762 1982 816 ali-

397 876 708 922 mentorum
737 863 1025 934 qualitate,
1055 860 1348 916 verborum
1382 865 1567 912 autem
1620 855 1979 925 irreprehen-

398 962 628 1017 sibilitas
656 960 709 1014 in
733 957 1021 1028 superiore
1045 954 1248 1010 silentii
1280 952 1546 1022 qualitate
1574 950 1872 1019 reperitur.

463 1055 552 1110 55.
575 1053 683 1110 Ure
707 1067 869 1106 rencs
892 1058 1016 1105 tuos
1048 1045 1382 1103 abstinentia
1428 1044 1700 1107 ciborum,
1725 1049 1782 1095 et
1819 1055 1980 1095 scru-

395 1159 510 1203 tare
534 1163 631 1201 cor
661 1155 816 1200 tuum
843 1143 1140 1198 verborum
1171 1138 1560 1210 temperantia,
1581 1144 1636 1192 et
1657 1135 1892 1190 habebis
1923 1133 1978 1187 in

397 1240 616 1295 virtutis
641 1236 1007 1292 ministerium
1029 1243 1214 1304 partes
1259 1231 1456 1285 animas
1485 1227 1978 1297 concupiscibilem

399 1345 454 1388 et
495 1331 849 1386 irascibilem.

465 1426 554 1481 56.
593 1423 854 1494 Voluptas
878 1435 1069 1476 eorum
1102 1433 1225 1488 quae
1259 1417 1364 1473 sub
1397 1423 1593 1471 ventre
1637 1427 1788 1480 sunt,
1823 1414 1878 1468 in
1913 1412 1981 1469 iis

396 1519 490 1587 qui
522 1516 794 1587 religiosis
825 1513 1094 1569 institutis
1122 1517 1478 1573 exercentur,
1506 1523 1739 1578 corpore
1768 1521 1982 1562 marce-

396 1617 584 1666 scente
633 1607 866 1674 desinit;
895 1615 952 1661 at
1002 1620 1135 1661 vero
1179 1603 1420 1676 gutturis
1461 1611 1518 1657 et
1568 1601 1736 1672 palati
1771 1607 1975 1654 manet.

399 1703 586 1758 Danda
616 1702 782 1772 igitur
810 1715 1001 1770 opera,
1027 1708 1088 1754 ut
1113 1714 1212 1770 per
1236 1712 1457 1754 causam
1485 1696 1723 1751 ablatam
1753 1694 1979 1749 tollatur

397 1796 662 1867 probrum
692 1809 755 1848 ac
785 1793 1027 1849 dedecus
1053 1791 1200 1862 quod
1227 1806 1296 1846 ex
1320 1805 1483 1845 causa
1507 1786 1980 1856 consequitur,‘ne

399 1889 453 1940 in
486 1887 672 1941 futuro
719 1885 921 1941 saeculo
950 1885 1164 1940 alienus
1196 1900 1226 1938 a
1255 1883 1458 1937 virtute
1487 1877 1842 1936 continentiae
1891 1876 1978 1930 in-

397 1988 594 2034 ventus
627 1979 948 2034 erubescas.

467 2071 553 2125 57.
584 2071 818 2126 Necesse
849 2079 934 2124 est
965 2082 1127 2124 nosse
1153 2077 1416 2132 ascetam,
1443 2064 1663 2136 quando
1691 2072 1747 2118 et
1777 2061 1980 2132 quibus

397 2164 539 2220 cibis
568 2180 771 2235 corpus
794 2179 954 2219 suum
983 2172 1044 2218 ut
1075 2163 1289 2218 hostem
1320 2161 1490 2226 alere,
1512 2157 1732 2229 quando
1757 2166 1819 2211 ut
1844 2156 1982 2210 ami-

397 2273 522 2313 cum
556 2256 625 2311 ad
653 2257 845 2327 epulas
879 2256 1139 2319 invitare,
1174 2255 1490 2322 iterumque
1546 2260 1607 2306 ut
1642 2250 1978 2305 imbecillum

395 2360 451 2405 et
478 2357 742 2420 aegrotum
775 2347 1052 2404 consolari
1100 2346 1346 2402 debeat:
1378 2360 1448 2400 ne
1502 2359 1603 2415 per
1650 2343 1975 2414 impruden-

397 2445 551 2511 tiam,
582 2453 639 2500 et
681 2459 803 2514 quae
845 2443 1121 2498 debentur
1163 2440 1407 2507 inimico,
1439 2455 1503 2495 ea
1534 2439 1734 2504 amico,
1768 2448 1825 2493 et
1859 2453 1981 2507 quae

395 2539 574 2593 amico
592 2537 798 2602 debita,
819 2536 1045 2591 inimico
1067 2547 1372 2605 apponens,
1394 2541 1693 2601 utrumque
1713 2530 1978 2596 offendat,

396 2637 452 2682 et
483 2639 729 2700 tempore
765 2628 1085 2683 tentationis
1115 2633 1524 2698 oppugnatores
1548 2623 1767 2679 habeat.

470 2722 558 2775 58.
585 2722 722 2776 Cum
759 2721 806 2774 is
829 2722 922 2791 qui
950 2721 1118 2774 alitur
1165 2721 1378 2775 nudum
1426 2719 1748 2774 alimentum
1797 2715 1982 2785 potius

398 2811 552 2866 ducit
584 2812 846 2866 omnibus
875 2811 1112 2876 deliciis,
1138 2820 1254 2865 tum
1296 2813 1525 2866 veniens
1576 2811 1749 2879 gratia
1797 2810 1979 2875 lacry-

400 2918 635 2967 marum,
665 2918 790 2957 eum
838 2903 1112 2957 consolari
1159 2903 1372 2972 incipit,
1404 2910 1464 2956 ut
1517 2902 1698 2956 omnis
1753 2901 1982 2955 alterius

401 2998 693 3054 suavitatis
713 2997 1301 3068 obliviscatur,utpote
1328 3013 1493 3068 quam
1528 2997 1980 3069 incomparabilis
2009 3013 2056 3074 ο

402 3095 596 3147 harum
624 3091 866 3148 suavitas
889 3093 1001 3164 jam
1034 3091 1393 3162 absorpserit.

472 3185 560 3240 59.
586 3184 689 3250 Qui
746 3200 845 3254 per
885 3185 1051 3238 latam
1104 3185 1248 3238 viam
1306 3183 1614 3240 incedendo
1657 3199 1716 3240 se
1763 3183 1978 3248 dilatat,

397 3276 448 3332 ci
482 3277 535 3330 in
568 3285 863 3347 angustum
905 3276 1314 3332 contrahuntur
1348 3277 1604 3348 lacrymaa
1627 3294 1641 3343 ;
1667 3277 1981 3333 scaturiunt

397 3370 582 3426 autem
630 3372 704 3425 illi
739 3372 832 3432 qui
887 3379 1094 3427 arctam
1128 3381 1184 3428 et
1214 3380 1502 3442 angustam
1537 3371 1684 3426 viam
1721 3371 1903 3444 diligit
1933 3371 1976 3426 ⁸.

473 3487 562 3542 60.
596 3487 659 3540 Et
689 3486 963 3555 peccaturi
989 3495 1044 3540 et
1067 3487 1217 3556 justo
1258 3501 1403 3556 agre
1432 3495 1536 3540 est.
1565 3485 1674 3540 Sed
1705 3485 1834 3540 huic
1859 3485 1972 3556 qui~

399 3581 548 3644 dem,
582 3579 710 3648 quia
761 3578 1007 3632 nondum
1062 3579 1287 3648 penitus
1339 3579 1588 3633 deseruit
1640 3580 1864 3646 malum,
1903 3578 1977 3632 ili

401 3670 528 3740 quia
561 3667 804 3722 nondum
831 3670 1196 3738 apprehendit
1230 3684 1421 3724 verum
1455 3669 1684 3725 bonum.

475 3762 566 3816 6|.
591 3759 740 3815 Inter
766 3761 999 3816 virtutes
1043 3777 1167 3831 quae
1201 3777 1370 3830 penes
1413 3777 1515 3817 nos
1553 3770 1704 3826 sunt,
1739 3778 1819 3817 ea:
1861 3779 1980 3833 qua:

401 3854 552 3908 vires
573 3861 786 3907 nostras
808 3868 917 3907 non
939 3862 1223 3922 superant,
1245 3862 1373 3907 sunt
1389 3853 1565 3908 oratio
1583 3863 1638 3908 et
1657 3855 1937 3909 silentium
1963 3873 1977 3920 ;

403 3947 547 4001 inter
575 3961 668 4000 eas
698 3961 832 4000 vero
879 3959 1002 4015 quae
1046 3960 1159 3999 non
1209 3955 1340 4000 sunt
1387 3960 1558 4015 penes
1592 3961 1715 4010 nos,
1749 3954 1806 4000 at
1859 3946 1980 4015 ple-

405 4055 637 4111 iamque
666 4054 696 4093 a
729 4038 979 4108 corporis
1008 4037 1406 4093 constitutione
1447 4039 1712 4109 pendent,
1746 4041 1981 4112 suntje-

403 4137 616 4204 iunium
649 4143 706 4191 et
730 4135 938 4205 vigilia.
965 4132 1122 4200 Quod
1157 4134 1327 4204 igitur
1357 4133 1565 4189 athleta
1594 4133 1813 4191 facilius
1844 4153 1979 4192 con-

403 4227 557 4298 sequi
595 4236 798 4297 potest,
831 4230 935 4281 hoc
966 4227 1222 4298 persequi
1260 4226 1444 4282 debet.

473 4321 561 4376 ϐξ.
585 4321 790 4374 Domus
809 4318 1006 4374 animae
1029 4319 1314 4390 patientia,
1335 4321 1654 4375 continetur
1675 4323 1823 4377 enim
1853 4323 1976 4376 illa:

405 4413 694 4468 facultates
736 4423 944 4478 autem,
973 4411 1150 4468 victus
1180 4413 1486 4479 humilitas,
1509 4414 1678 4470 alitur
1707 4416 1852 4471 enim
1884 4432 1984 4485 per

406 4510 576 4563 illam.
893 4502 912 4514 ⁸

475 4600 566 4655 65.
598 4599 700 4665 Qui
736 4598 1174 4668 vituperationes
1196 4613 1307 4653 non
1339 4597 1560 4664 tolerat,
1585 4599 1846 4655 laudibus
1873 4615 1982 4653 non

405 4693 734 4758 ornabitur;
767 4701 823 4747 et
871 4691 965 4760 qui
1017 4698 1146 4745 ante
1177 4690 1514 4760 voluptatem
1557 4690 1801 4744 animum
1850 4704 1984 4743 con-

405 4789 569 4841 vertit
626 4787 692 4840 ad
749 4786 1018 4848 dolorem,
1050 4783 1200 4839 illius
1258 4784 1564 4838 molestiam
1616 4791 1670 4837 et
1728 4782 1988 4839 sollicita-

407 4882 611 4936 tioncm
641 4881 886 4950 eﬂugiet.

476 4975 564 5028 64.
585 4973 665 5027 Ne
685 4981 736 5027 te
759 4973 952 5043 alliges
974 4971 1210 5036 modico,
1233 4981 1289 5026 et
1305 4986 1415 5026 non
1437 4969 1949 5040 serviesxgrandiori
1973 4988 1985 5022 :

405 5084 471 5123 ex
502 5083 672 5137 parvo
705 5067 854 5122 enim
885 5077 1108 5136 peccato
1136 5081 1391 5138 magnum
1425 5067 1694 5122 exsistere
1723 5076 1780 5121 et
1806 5066 1986 5136 eﬂingi

407 5159 812 5228 quodammodo
841 5160 1179 5229 formarique
1214 5158 1522 5213 consuevit.

477 5250 564 5304 65.
585 5250 663 5305 Ad
690 5252 897 5322 majora
922 5252 1177 5313 tendens,
1198 5251 1463 5306 terribilis
1508 5250 1620 5306 eris
1642 5250 1986 5317 minoribus;

407 5344 847 5400 contemnendus
872 5358 1002 5398 vero
1025 5345 1112 5398 his
1136 5344 1495 5411 videberis,si
1518 5344 1587 5400 ab
1612 5344 1723 5400 illis
1742 5345 1985 5400 delicias.

477 5533 564 5588 66.
591 5533 708 5588 Non
737 5535 945 5602 poteris
966 5536 1032 5590 ad
1058 5537 1382 5605 superiores
1404 5537 1706 5594 ascendere
1728 5540 1984 5605 virtutes,

410 5625 652 5693 quamliu
693 5625 999 5680 faciliorum
1037 5628 1248 5697 apicem
1279 5628 1513 5698 adeptus
1547 5645 1654 5684 non
1687 5631 1877 5686 fueris.

481 5758 503 5786 ⁸
526 5761 705 5814 Ecclc.
737 5779 809 5826 xv,
842 5763 921 5817 10.
1003 5763 1021 5792 ⁷
1052 5763 1191 5817 Psal.
1223 5778 1274 5829 ι,
1311 5764 1397 5818 12.
1474 5765 1496 5796 ⁸⁸
1529 5766 1720 5822 Matth.
1769 5783 1863 5831 vn,
1909 5767 2003 5847 Μ.

2101 413 2418 464 ἐπίστανται
2448 415 2718 481 παράγειν
2748 414 2918 483 θυμὸν
2949 416 3057 468 ἀπὸ
3095 417 3342 486 καρδίας,
3376 419 3684 486 ἐπιθυμίαν

2101 502 2155 554 δὲ
2191 503 2297 554 ἀπὸ
2345 503 2546 571 σαρκὸς
2566 542 2582 564 ,
2614 503 2754 556 κατά
2787 503 2876 556 τὸν
2931 504 3360 576 Ἐκκλησιαστήν
3381 523 3396 536 ο
3428 507 3497 559 δι’
3533 501 3615 560 ὧν
3652 511 3685 576 ἡ

2103 593 2314 662 καθαρά
2345 593 2535 660 καρδία
2564 593 2843 657 κτίζεσθαι
2873 594 3032 646 εἴωθε
3058 595 3205 665 παρά
3231 595 3320 648 τοῦ
3346 598 3685 666 καινουργοῦ

2108 683 2243 736 Πνεύ
2253 701 2440 751 ματος.

2174 775 2267 826 νδ’,
2301 775 2372 826 Τὸ
2407 775 2504 842 μέν
2537 774 2643 827 τῶν
2688 774 2990 846 βρωμάτων
3037 777 3329 848 ἀπέριττον
3352 819 3368 845 ,
3407 779 3541 849 περὶ
3583 779 3689 850 τὴν

2101 864 2249 934 ἥττω
2275 866 2483 936 τροφῆς
2503 867 2762 938 ποιότητα
2783 885 2796 897 '
2827 869 2886 921 τὸ
2913 869 2968 922 δέ
2988 870 3096 923 τῶν
3129 871 3386 940 ῥημάτων
3407 871 3689 941 ἀνέγκλη-

2104 973 2214 1019 τον,
2239 960 2363 1026 περὶ
2391 961 2488 1027 τὴν
2513 959 2746 1027 κρείττω
2771 963 2978 1030 σιωπῆς
3006 963 3265 1033 ποιότητα
3294 965 3686 1034 εὑρεθήσεται.

2178 1046 2265 1100 νε’.
2307 1050 2566 1120 Πύρωσον
2593 1051 2718 1112 τοὺς
2752 1051 2982 1120 νεφρούς
3013 1069 3105 1105 σου
3129 1054 3311 1125 ἀσιτίᾳ
3347 1054 3686 1124 βρωμάτων,

2105 1137 2198 1191 καὶ
2229 1138 2421 1190 ἔτασον
2446 1138 2542 1208 τὴν
2573 1138 2799 1208 καρδίαν
2828 1157 2920 1192 σου
2952 1142 3243 1211 ἐγκρατείᾳ.
3275 1143 3558 1212 ῥημάτων,
3587 1144 3691 1196 καὶ

2107 1228 2250 1292 ἐξεις
2282 1229 2374 1281 ἐπὶ
2408 1229 2708 1298 ὑπηρεσίαν
2741 1231 2942 1294 καλῶν,
2974 1235 3033 1284 τὸ
3063 1232 3456 1302 ἐπιθυμητικόν
3486 1250 3548 1285 τε
3585 1235 3692 1286 καὶ

2099 1319 2344 1387 θυμικόν.

2168 1417 2274 1475 νς’.
2320 1412 2383 1464 Ἡ
2436 1413 2532 1481 μὲν
2576 1413 2684 1466 τῶν
2731 1413 3111 1482 ὑπογαστρίων
3141 1411 3304 1483 ἡδονὴ
3337 1414 3693 1466 καταπίπτει

2097 1503 2155 1553 ἐν
2179 1504 2555 1572 ἀσκουμένοις,
2581 1504 2674 1557 τοῦ
2707 1504 2960 1573 σώματος
2991 1505 3478 1572 παρακμάσαντοςο
3513 1505 3598 1556 ἔτι
3625 1505 3691 1558 δὲ

2099 1593 2408 1662 παραμένει
2435 1595 2467 1663 ἡ
2497 1593 2591 1646 τοῦ
2628 1594 2931 1665 φάρυγγος.
2964 1593 3040 1663 τῷ
3071 1593 3144 1664 μὴ
3171 1594 3436 1663 φθάσαντι
3465 1596 3689 1666 ταύτην

2011 1669 2055 1728 Β
2099 1685 2321 1749 ἐνδίκως
2347 1686 2594 1742 κολάσαι.
2627 1689 2933 1744 Σπουδάσαι
2962 1683 3057 1742 οὖν
3086 1688 3191 1758 χρὴ
3221 1689 3307 1741 διά
3337 1690 3430 1742 τοῦ
3457 1691 3646 1744 αίτίου
3668 1731 3689 1754 ,

2098 1776 2190 1829 τοῦ
2226 1777 2472 1830 αἰτιατοῦ
2496 1779 2587 1830 τὸν
2609 1777 2911 1848 ὀνειδισμὸν
2940 1777 3343 1847 ἀποτρίψασθαι
3366 1795 3380 1808 ’
3401 1779 3478 1842 ὡς
3503 1779 3569 1834 ἂν
3598 1783 3689 1849 μὴ

2100 1867 2244 1932 ξένος
2284 1870 2461 1921 ἐκεῖσε
2491 1871 2588 1938 τῆς
2617 1871 2757 1922 κατά
2789 1870 2886 1940 τὴν
2924 1871 3251 1938 ἐγκράτειαν
3279 1871 3476 1941 ἀρετῆς
3516 1875 3689 1942 εὑρεο

2099 1956 2231 2019 θεὶς,
2265 1959 2495 2029 αἰσχύνῃ
2527 1959 2883 2029 περιϐληθῇς.

2169 2047 2263 2112 νζ’.
2310 2051 2628 2117 Ἀναγκαῖον
2648 2050 2849 2102 εἰδέναι
2874 2051 2963 2104 τὸν
2995 2051 3263 2122 ἀσκητὴν,
3290 2053 3417 2106 πότε
3448 2056 3541 2107 καὶ
3560 2055 3685 2108 τίσι

2102 2137 2349 2208 βρώμασι
2377 2139 2455 2191 δεῖ
2482 2140 2542 2191 τὸ
2576 2139 2734 2208 σῶμα
2758 2139 2832 2203 ὡς
2863 2139 3054 2210 ἐχθρὸν
3083 2143 3323 2212 τρέφειν’
3357 2145 3482 2197 πότε
3513 2145 3570 2196 δὲ
3595 2145 3688 2208 ὡς

2099 2229 2253 2296 φίλον
2315 2229 2690 2298 παρακαλεῖν,
2758 2233 2850 2282 καὶ
2907 2230 3038 2283 πότε
3094 2233 3533 2302 παραμυθεῖσθαι
3596 2235 3684 2296 ὼς

2098 2317 2320 2388 ἀσθενῆ,
2357 2319 2442 2371 ἵνα
2473 2318 2547 2388 μὴ
2595 2318 2733 2390 λάθῃ
2766 2318 2833 2372 τὰ
2876 2319 2974 2388 μὲν
3020 2318 3110 2373 τοῦ
3151 2321 3345 2392 ἐχθροῦ
3381 2321 3457 2392 τῷ
3506 2322 3682 2394 φίλᾳ.

2098 2409 2164 2462 τὰ
2197 2410 2252 2462 δέ
2289 2409 2383 2462 τοῦ
2418 2411 2570 2478 φίλου
2606 2410 2681 2480 τῷ
2711 2410 2909 2482 ἐχθρῷ,
2945 2413 3039 2464 καὶ
3071 2412 3138 2465 τὰ
3173 2412 3360 2464 τούτου
3395 2414 3558 2466 πάλιν
3592 2415 3682 2482 τῷ

2099 2499 2315 2553 ἀσθενεῖ
2342 2502 2662 2569 παρατιθεὶς
2682 2540 2697 2563 ,
2731 2501 2824 2554 καὶ
2863 2502 3156 2572 ἑκατέρους
3188 2490 3263 2563 ὧς
3289 2503 3676 2570 σκανδαλίσας,

2095 2589 2272 2658 καιρῷ
2314 2590 2618 2661 πειρασμοῦ
2648 2592 2870 2662 εὑρήσει
2901 2591 3273 2662 πολεμοῦντας
3298 2593 3478 2647 αὑτόν.

2164 2695 2265 2766 νη¹.
2309 2699 2473 2751 Ὅταν
2511 2700 2608 2768 τῆς
2640 2701 2850 2769 τρυφῆς
2888 2700 2986 2769 τὴν
3033 2701 3237 2772 τροφὴν
3276 2705 3303 2754 ὁ
3333 2702 3676 2772 τρεφόμενος

2095 2790 2511 2858 προτιμωτέραν
2543 2792 2874 2861 ποιήσηται,
2901 2791 3020 2842 τότε
3057 2793 3089 2861 ή
3125 2792 3233 2845 τῶν
3261 2792 3508 2862 δακρύων
3549 2794 3677 2846 ἐπιο

2095 2877 2386 2948 δημήσασα
2419 2881 2578 2948 χάρις
2607 2881 2776 2950 αὐτῷ,
2812 2884 3148 2952 παρακαλεῖν
3180 2883 3424 2952 ἄρχεται,
3455 2884 3549 2935 καὶ
3577 2884 3677 2936 ἄλ-

2095 2967 2190 3039 λης
2215 2970 2395 3041 πάσης
2415 2971 2678 3042 ὴδύτητος
2705 2974 3177 3040 ἐπιλανθάνεσθαι,
3207 2975 3282 3038 ὡς
3313 2975 3410 3046 ἤδη
3442 2978 3508 3046 τῇ
3544 2976 3673 3028 τού-

2090 3075 2200 3132 των
2237 3060 2638 3130 καταποθείσης
2666 3063 3010 3132 ἀσυγκρίτως
3045 3064 3294 3134 ηδύτητι.

2166 3173 2261 3225 νθ’.
2293 3172 2381 3241 Τῷ
2421 3172 2520 3241 μὲν
2551 3173 2969 3244 πλατυνομένῳ,
3001 3174 3299 3243 συνεστάλη
3329 3175 3398 3226 τὰ
3430 3175 3664 3244 δάκρυα·

2095 3258 2356 3329 ἐξεϐλήθη
2381 3261 2438 3313 δὲ
2466 3260 2668 3327 ταῦτα,
2700 3262 2776 3330 τῷ
2802 3261 2898 3333 τὴν
2926 3261 3113 3332 στενὴν
3137 3263 3254 3316 ὁδὸν
3293 3264 3662 3335 ἀγαπήσαντι.

2171 3491 2235 3554 ξ’.
2278 3493 2390 3546 Οὑκ
2420 3493 2535 3548 ἔστι
2568 3495 2743 3566 λύπης
2777 3498 2953 3563 ἐκτὸς,
2987 3498 3110 3553 οὔτε
3153 3501 3509 3571 ἁμαρτωλὸς,
3543 3505 3671 3559 οὔτε

2095 3582 2320 3645 δίκαιοςο
2350 3583 2466 3635 ἀλλ’
2490 3587 2518 3638 ὁ
2551 3587 2668 3653 μὲν,
2708 3588 2790 3640 ὅτι
2823 3589 2898 3660 μὴ
2926 3592 3098 3660 πάντη
3127 3592 3359 3646 ἀπέλιπε
3390 3595 3448 3647 τὸ
3476 3597 3668 3658 κακὸν,

2094 3674 2217 3738 δ’δὲ,
2245 3676 2324 3727 ὅτι
2354 3674 2507 3729 οὑπω
2529 3678 2626 3748 τῆς
2655 3679 2989 3750 τελειότητος
3015 3683 3212 3754 ἥψατο.

2165 3789 2266 3854 ξα’.
2295 3788 2414 3842 Τῶν
2452 3791 2535 3858 ἐφ’
2565 3793 2717 3862 ἡμῖν,
2749 3795 2803 3847 ai
2843 3795 2986 3847 κατὰ
3019 3795 3246 3866 δύναμιν
3286 3799 3498 3868 ἀρεταὶ,
3529 3802 3665 3869 εὑχή

2091 3897 2171 3942 τε,
2209 3881 2302 3934 καὶ
2353 3883 2568 3952 σιωπή·
2606 3882 2714 3936 τῶν
2754 3884 2853 3937 οὑκ
2891 3885 2978 3954 ἐφ’
3013 3888 3146 3956 ἡμῖν
3185 3888 3260 3955 δέ,
3313 3889 3428 3942 ἀλλ’
3475 3889 3551 3952 ὡς
3598 3892 3667 3941 τὰ

2093 3971 2262 4024 πολλὰ
2299 3971 2397 4041 τῆς
2447 3971 2539 4026 τοῦ
2588 3971 2837 4041 σώματος
2875 3977 3236 4046 κατασκευῆς,
3269 3979 3491 4049 νηστεία
3515 4019 3529 4042 ,
3567 3986 3665 4031 καὶ

2090 4066 2362 4136 ἀγρυπνία
2392 4068 2516 4118 είσί.
2535 4065 2711 4136 Ὅπερ
2731 4062 2823 4121 οὖν
2843 4067 2919 4137 τῷ
2948 4069 3218 4140 ἀγωνιστῇ
3246 4070 3660 4145 εὐληπτότερον,

2089 4155 2242 4208 τοῦτο
2276 4154 2633 4226 μετέρχεσθαι
2669 4156 2796 4225 χρή.

2170 4322 2268 4392 ξβ’·
2311 4321 2469 4385 Οἶκος
2503 4325 2599 4392 μὲν
2628 4326 2828 4396 ψυχῆς,
2867 4329 2900 4397 ἡ
2929 4330 3209 4400 ὑπομονή·
3255 4330 3667 4400 περικρατεϊται

2097 4417 2206 4484 γὰρ
2240 4417 2296 4467 ἐν
2324 4416 2481 4485 αὐτῇ.
2508 4419 2712 4488 Χρῆμα
2740 4421 2817 4480 δὲ,
2844 4422 2877 4491 ἡ
2911 4422 3256 4485 ταπείνωσις·
3283 4421 3540 4490 τρέφεται
3560 4422 3669 4489 γὰρ

2095 4506 2164 4560 δι’
2189 4507 2379 4576 αὑτῆς.

2177 4600 2274 4668 ετ·
2312 4602 2499 4662 ﬂavom:
2536 4603 2610 4674 μὴ
2644 4607 2961 4675 καρτερῶν,
2995 4603 3238 4668 ἐπαίνοις
3273 4605 3334 4657 οὑ
3363 4602 3663 4673 τιμηθήσῃσ

2098 4691 2204 4760 πρὸ
2229 4691 2284 4744 δὲ
2326 4693 2422 4760 τῆς
2451 4693 2643 4762 ἡδονῆς
2680 4695 2779 4763 τὴν
2817 4696 3008 4766 ὀδύνην
3039 4695 3395 4762 ἀποσκοπῶν,
3425 4692 3666 4763 ἐκφεύξῃ

2096 4782 2300 4851 ταύτης
2323 4783 2383 4834 τὸ
2407 4783 2669 4852 λυπηρόν.

2168 4979 2259 5045 ξδ’.
2297 4980 2387 5050 Μὴ
2433 4979 2733 5050 δεσμευθῇς
2776 4980 2856 5049 τῷ
2889 4978 3100 5050 μικρῷ,
3132 4978 3226 5031 καὶ
3267 4977 3328 5031 οὑ
3362 4975 3663 5034 δουλεύσεις

2092 5072 2171 5142 τῷ
2217 5073 2424 5141 μείζονι
2451 5090 2465 5104 ο
2506 5072 2565 5124 οὑ
2601 5073 2709 5144 γὰρ
2753 5073 2966 5139 πέφυκε
3007 5071 3068 5124 τὸ
3103 5071 3286 5142 μεῖζον
3319 5067 3521 5132 κακὸν,
3559 5067 3664 5132 πρὸ

2095 5162 2188 5214 τοῦ
2225 5162 2422 5230 μικροῦ
2447 5162 2890 5215 διαπλάττεσθαι.
3130 5205 3142 5216 .

2167 5253 2258 5318 ξε¹ι
2311 5255 2556 5324 Ἀφορῶν
2586 5255 2722 5324 πρὶς
2755 5255 2824 5306 τὰ
2871 5253 3111 5322 μείζονα,
3146 5250 3378 5322 φοϐερδς
3427 5250 3524 5321 ἔσῃ
3556 5249 3662 5310 τοῖς

2093 5346 2334 5418 ἥττοσιν.
2373 5346 2862 5416 Εὑκαταφρὸνητος
2893 5346 2948 5398 δέ
2984 5343 3197 5406 τούτοις
3239 5343 3454 5412 ὁφθήσῃ
3479 5380 3495 5405 ,
3529 5340 3661 5411 πρὸς

2095 5438 2277 5489 ἐκεῖνα
2306 5437 2644 5508 ἀπειρηκώς.
3339 5465 3364 5485 κ

2168 5526 2272 5594 ξεί.
2293 5531 2365 5583 Οὖ
2387 5531 2591 5602 δυνήσῃ
2609 5529 2700 5583 ἐπὶ
2717 5532 2814 5594 τὰς
2839 5528 3053 5599 μείζους
3076 5529 3278 5597 φθάσαι
3305 5526 3410 5579 τῶν
3432 5521 3659 5595 ἀρετῶν,

2102 5626 2173 5695 μὴ
2212 5624 2315 5677 τῶν
2346 5625 2484 5679 κατᾶ
2516 5622 2743 5694 δύναμιν
2775 5621 3096 5679 καταλαϐὼν
3129 5622 3226 5693 τὴν
3262 5621 3553 5692 ἀκρότητα.
