4032 6198
372 255 504 317 1141

1699 263 2108 327 ANTHOLOG
2120 269 2285 331 lUM.

3421 264 3433 273 ’
3487 286 3650 351 me.

429 381 525 445 ξζν.
571 383 657 434 Ἑν
679 381 760 446 οἷς
789 387 979 453 κρατεί
1003 381 1174 452 ἔλεος,
1202 391 1295 443 καὶ
1321 392 1565 461 ἀλήθεια,
1595 396 1653 448 ἐν
1681 399 1885 454 ἐκείνοι

2115 386 2202 439 67.
2233 386 2291 440 1η
2327 389 2532 458 quibus
2562 402 2754 461 regnat
2806 393 3190 451 misericordia
3225 408 3281 452 et
3315 401 3539 466 veritas,
3570 406 3656 458 in.~

354 472 449 524 καὶ
471 475 581 525 πᾶν
624 476 678 527 εἴ
701 491 753 526 τι
780 474 1092 545 θεὰρεστον.
1140 480 1203 533 Ἢ
1235 484 1334 553 μὲν
1365 486 1470 556 γὰρ
1497 487 1690 541 οὐδένα
1730 493 1926 559 κρίνει,

352 561 537 625 ἐλέους
578 564 776 632 χωρίςο
802 566 832 617 6
859 567 915 619 δέ
947 570 1457 643 φιλανθρωπεύεται
1482 580 1539 631 ἐν
1569 579 1765 647 οὐδενὶ,
1797 584 1927 654 ἁλη-

349 653 500 715 θείας
529 656 706 718 ἐκτός.

417 743 517 813 ξη’.
545 746 622 815 τῇ
659 746 925 818 ἁπλότητι
953 755 1331 823 κερασάμενος
1365 757 1463 827 τὴν
1492 762 1840 830 ἐγκράτειαν,
1867 766 1924 818 ἐν

344 832 633 904 περιλήψει
662 837 869 907 γενήσῃ
892 840 989 908 τῆς
1016 842 1223 894 ἐκεῖθεν
1250 846 1671 918 μακαριότητος.

411 924 511 989 ξθν.
550 926 664 979 Οὐκ
712 927 832 997 ὕψει
887 930 1106 995 πάντως
1138 933 1206 985 τὰ
1260 936 1600 1006 πολεμοῦντα
1648 958 1707 993 σε
1746 941 1916 1012 πάθη.

340 1015 389 1067 εἰ
414 1013 488 1083 μὴ
520 1014 788 1086 πρότερον
820 1017 917 1089 τὴν
947 1019 1068 1089 γῆν,
1092 1020 1150 1088 ἐξ
1174 1017 1242 1092 ἧς
1270 1024 1562 1094 ἐτρέφοντο
1590 1028 1754 1100 ἐάσῃς
1787 1031 1916 1099 ἀνή-

437 1122 517 1161 ον.
1378 1156 1393 1163 -

437 1122 517 1161 ον.
1378 1156 1393 1163 -

340 1122 472 1251 ρσόν.
503 1197 565 1251 Oi
596 1197 695 1268 μὲν
724 1198 826 1268 τὴν
863 1200 957 1252 τοῦ
991 1201 1241 1272 σώματος
1268 1204 1400 1276 ὓλην
1425 1208 1584 1275 μόνον
1608 1213 1913 1285 ἐκκαθᾶραι

343 1287 703 1342 σπεύδουσιν’
731 1292 780 1343 oi
814 1291 871 1344 δὲ
915 1293 1006 1345 καὶ
1047 1295 1147 1363 τῆς
1175 1294 1374 1365 ψυχῆς.
1407 1299 1470 1351 Οί
1508 1301 1607 1368 μὲν
1636 1303 1743 1373 γὰρ
1776 1306 1911 1374 πρξς

338 1379 508 1448 μόνην
540 1379 638 1450 τὴν
671 1380 793 1434 κατ’
835 1381 1118 1452 ἐνέργειαν
1168 1386 1449 1456 ἁμαρτίαν
1484 1391 1637 1460 ίσχὺν
1682 1392 1908 1447 ἔλαϐον·

332 1469 383 1521 oi
412 1468 471 1522 δέ
506 1470 639 1539 πρὸς
671 1471 732 1524 τὸ
763 1472 952 1537 πάθος.
991 1475 1134 1546 Πρὸς
1186 1475 1242 1529 δὲ
1275 1476 1374 1548 τὴν
1419 1481 1539 1533 κατ’
1586 1481 1906 1555 ἐπιθυμίαν,

332 1559 475 1613 πάνυ
504 1559 797 1631 ἐλάχιστοι.

407 1767 507 1822 οςί.
550 1769 693 1841 ’Υλη
728 1776 943 1845 πονηρά
978 1778 1233 1848 σώματος
1253 1824 1267 1844 ,
1299 1784 1594 1853 ἐμπάθεια·
1628 1789 1804 1860 ψυχῆς
1835 1791 1913 1856 δὲ,

2048 476 2131 529 eis
2155 474 2303 531 inest
2328 478 2596 549 quidquid
2621 483 2733 536 Deo
2772 484 2990 553 placet:
3017 485 3131 541 haec
3162 487 3310 541 enim
3346 491 3643 546 neminem.

2039 570 2253 639 judicat
2279 572 2488 644 absque
2518 577 2901 633 misericordia
2930 619 2946 646 ,
2976 578 3068 633 illa
3099 596 3232 636 vero
3265 583 3475 638 nemini
3522 584 3604 640 be

2045 667 2248 723 nefacit
2280 670 2399 724 sine
2429 672 2663 741 justitia.
3068 718 3075 724 .

2114 759 2204 815 68.
2241 760 2346 828 Qui
2382 764 2725 833 simplicitati
2767 766 2951 837 jungit
2993 773 3438 838 temperantiam,
3470 772 3619 827 futu—

2043 869 2159 907 ram
2193 855 2632 924 comprehendet
2666 858 3010 915 felicitatem.

2110 946 2200 1001 69.
2249 947 2368 1001 Νοη
2408 948 2563 1017 prius
2611 951 2896 1018 passiones
2926 968 3119 1009 omnes
3170 955 3424 1012 succidcs
3455 972 3618 1028 quant

2041 1047 2268 1104 terram,
2320 1041 2466 1097 unde
2537 1042 2645 1098 illis
2717 1043 3147 1113 incrementum,
3193 1048 3462 1106 inaratam
3530 1067 3615 1106 re.

2038 1130 2291 1199 liqueris.

2108 1223 2195 1279 70.
2228 1223 2461 1292 Quidam
2520 1241 2722 1297 corpus
2760 1228 3046 1295 duntavat,
3089 1231 3321 1298 quidam
3369 1232 3614 1288 animam

2037 1326 2300 1386 praeterea
2330 1333 2635 1389 expurgare
2670 1321 2941 1377 laborant.
2969 1324 3075 1378 Alii
3108 1324 3383 1395 siquidem
3416 1326 3607 1382 adver-

2033 1424 2128 1464 sus
2160 1420 2445 1480 peccatum
2474 1412 2663 1482 cperis
2682 1416 3070 1471 tantummodo
3123 1418 3272 1473 vires
3327 1435 3394 1475 ac
3440 1419 3611 1474 robur

2032 1514 2386 1572 acceperunt.
2416 1505 2509 1559 alii
2536 1506 2667 1561 item
2706 1507 2971 1563 adversus
3005 1512 3478 1579 perturbationes,
3509 1515 3611 1568 ad-

2032 1610 2225 1651 versus
2260 1597 2615 1666 cupiditatem
2657 1615 2792 1655 vero
2827 1615 2925 1655 seu
2961 1603 3464 1673 concupiscentiam
3491 1606 3609 1659 lon-

1952 1737 1996 1795 Β
2029 1702 2093 1757 ge
2122 1687 2464 1755 paucissimi.

2095 1778 2185 1834 7l.
2219 1779 2447 1834 Materia
2464 1780 2667 1836 vitiosa
2689 1786 2945 1852 corporis
2971 1795 3056 1841 est
3092 1786 3351 1853 affectio;
3399 1787 3604 1842 anima:

335 1858 662 1926 ἡδυπάθεια·
699 1868 1045 1936 προσπάθεια
1091 1861 1172 1934 δὲ,
1211 1872 1304 1925 τοῦ
1344 1876 1481 1938 νοός.
1516 1858 1885 1952 Κατηγορεῖτα

2022 1881 2231 1936 autem,
2265 1874 2522 1943 voluptas
2550 1892 2563 1931 '.
2588 1875 2819 1944 spiritus
2849 1877 3107 1948 denique,
3134 1880 3430 1949 cupiditas.
3461 1879 3604 1936 Cau-

333 1950 390 2043 δέ
419 1954 517 2043 τῆς
549 1955 648 2023 μὲν
673 1996 687 2019 ,
723 1958 832 2026 ἁφή
856 1974 871 1989 ⁸
912 1959 1012 2029 τῆς
1039 1962 1118 2026 δὲ,
1155 1966 1210 2017 αί
1245 1965 1431 2019 λοιπαὶ
1468 1950 1786 2036 αἰσθήσεις*
1816 1977 1879 2043 τῆ

2020 1980 2079 2019 sa
2128 1966 2321 2035 prima:
2374 1976 2459 2021 est
2519 1976 2731 2035 tactus;
2796 1970 3071 2036 secundae,
3123 1972 3307 2027 caeteri
3363 1987 3605 2039 sensus;

334 2041 391 2093 δέ
418 2042 759 2108 τελευταίας,
801 2048 1022 2103 ἐναντία
1053 2050 1314 2117 διάθεσις.

402 2131 499 2202 οβ’·
520 2134 601 2189 ’Ὀ
628 2137 728 2206 μὲν
762 2139 1047 2211 ἡδυπαθὴς
1073 2143 1302 2214 πλησίον
1335 2148 1452 2199 ἐστὶ
1483 2148 1578 2202 τοῦ
1603 2153 1904 2221 ὲμπαθοῠςο

330 2223 445 2317 δ’δὲ
482 2227 803 2317 προσπαθὴς
831 2230 928 2282 τοῦ
977 2232 1318 2302 ῆδυπαθοῦς’
1376 2242 1594 2310 μακρὰν
1634 2243 1689 2297 δὲ
1729 2247 1906 2317 ἀμφο-

328 2311 503 2381 τέρων
533 2314 561 2365 6
593 2314 831 2388 ἀπαθής.

396 2400 495 2466 ογ’.
541 2404 829 2476 Ἐμπαθής
871 2409 1055 2476 ἐστιν,
1089 2412 1119 2465 6
1154 2413 1215 2466 τὸ
1258 2416 1634 2488 ἁμαρτητικὸν
1673 2424 1767 2476 τοῦ
1818 2426 1901 2478 λο-

324 2492 529 2562 γισμοῦ
590 2494 894 2571 βιαιότερον
942 2500 1113 2571 ἔχων,
1154 2504 1256 2558 κᾶν
1293 2506 1431 2571 τέως
1487 2510 1562 2582 μὴ
1608 2514 1895 2591 ἁμαρτάνῃ

324 2585 515 2648 ἐκτός’
551 2587 833 2660 ἡδυπαθὴς
862 2591 950 2658 δὲ,
982 2596 1009 2647 6
1034 2595 1134 2668 τὴν
1166 2597 1447 2669 ἐνέργειαν
1482 2603 1577 2673 τῆς
1620 2585 1895 2679 ἁμαρτίας

323 2676 461 2745 ἔχων
489 2678 582 2732 τοῦ
608 2679 894 2748 λογισμοῦ,
920 2686 1025 2739 κᾶν
1057 2687 1242 2760 πάσχῃ
1270 2691 1440 2753 ἐντός·
1471 2676 1789 2769 πρωπαθης
1811 2701 1889 2766 δὲ,

318 2766 348 2818 ὀ
372 2768 438 2836 τῇ
461 2767 743 2842 ἐλευθερίᾳ
772 2772 971 2840 μᾶλλον
992 2774 1024 2845 ἢ
1042 2780 1106 2846 τῇ
1134 2777 1347 2850 δουλείᾳ
1370 2780 1481 2833 τῶν
1510 2784 1690 2853 μέσων
1719 2766 1886 2861 προσ-

319 2855 569 2924 κείμενος
587 2875 602 2889 ο
630 2860 848 2931 ἀπαθὴς
904 2863 951 2916 δ’
981 2864 1045 2918 ἂν
1071 2867 1177 2935 είη,
1205 2869 1234 2921 6
1278 2868 1483 2923 τούτων
1523 2875 1739 2933 πάντων
1761 2855 1772 2861 τ
1790 2883 1886 2955 τὴν

315 2944 579 3014 διαφορὰν
611 2950 838 3014 ἀγνοῶν.

385 3026 477 3080 οδ¹.
523 3027 843 3082 Ἀπόλλυται
873 3030 940 3082 ἐκ
970 3029 1150 3100 ψυχῆς
1183 3032 1459 3101 ἐμπάθεια
1512 3034 1631 3104 μὲν.
1673 3036 1761 3089 διὰ
1790 3055 1882 3106 νη-

319 3118 524 3181 στείας,
551 3119 644 3170 καὶ
670 3120 1000 3189 προσευχῆς·
1029 3121 1326 3191 ἡδυπάθεια
1344 3126 1433 3188 δὲ,
1459 3126 1527 3179 δι’
1553 3127 1876 3194 ἀγρυπνίας,

315 3207 413 3259 καὶ
437 3208 666 3275 σιωπῆς·
690 3211 723 3278 ἡ
752 3209 807 3261 δὲ
831 3212 1195 3280 προσπάθεια,
1212 3215 1299 3269 διὰ
1320 3217 1569 3287 ἡσυχίας,
1594 3218 1686 3270 καὶ
1710 3233 1879 3287 προσ-

313 3297 470 3367 οχῆς·
497 3297 729 3352 ἀπάθεια
752 3299 809 3351 δὲ
845 3301 1158 3355 συνίσταται
1190 3307 1254 3357 ἐκ
1285 3308 1504 3376 μνήμης
1523 3306 1678 3361 Θεοῦ.

389 3415 480 3464 02'.
514 3410 627 3480 Τῆς
667 3412 938 3476 ἀπαθείας
980 3414 1088 3468 ἀπὸ
1120 3415 1379 3485 χειλέων,
1421 3420 1620 3489 κηρεία
1669 3419 1899 3489 μέλιτος-

312 3497 403 3555 eia
462 3500 607 3570 λόγοι
637 3504 737 3572 τῆς
773 3506 994 3558 αἰωνίου
1037 3505 1185 3575 ζωῆς
1220 3509 1606 3572 ἀποστάζουσι.
1656 3512 1751 3574 Τίς
1788 3509 1881 3567 οὖν

312 3591 570 3663 ἀξιωθείη
594 3596 705 3657 τοῖς
725 3595 957 3664 χείλεσιν
988 3598 1202 3669 ἐκείνης
1231 3600 1507 3670 προσάψαι
1529 3602 1599 3655 τὰ
1627 3602 1752 3655 ίδιαο
1787 3605 1881 3656 καὶ

314 3683 560 3750 μασθοὺς
615 3685 891 3752 ἀναμέσον
943 3688 1113 3758 αὐτῆς
1162 3690 1501 3759 αὐλισθῆναι,
1558 3691 1654 3745 καὶ
1706 3693 1880 3762 ὀσμῆς

310 3774 493 3842 ἡδείας
528 3775 852 3843 μεταλαϐεῖν
886 3779 1117 3848 ἱματίων
1145 3781 1358 3850 ἐκείνης
1376 3798 1390 3813 ο
1422 3783 1667 3835 τουτέστι
1696 3785 1879 3852 νόμοις

310 3866 665 3938 ἐνηδυνθῆναι
691 3873 797 3923 τῶν
821 3871 1051 3939 ἀρετῶν,
1086 3874 1194 3925 τῶν
1226 3874 1364 3944 ὑπὲρ
1395 3876 1593 3940 πάντα,
1626 3878 1776 3947 φησὶ,
1811 3877 1877 3931 τὰ

308 3959 578 4029 ἀρώματα
604 3959 773 4015 ὀντων
803 3963 905 4032 τῆς
943 3964 1263 4034 αίσθητικῆς
1291 3966 1652 4034 διαγνώσεως.

377 4073 486 4136 ος’.
527 4073 727 4141 Γυμνοὶ
762 4076 856 4129 τοῦ
887 4077 985 4145 μὲν
1011 4078 1108 4145 τῆς
1155 4078 1440 4147 φιλαυτίας
1468 4082 1713 4151 χιτῶνος,
1748 4083 1878 4144 ἴσως

308 4160 532 4214 πολλοί·
565 4164 734 4232 ὀλίγοι
767 4165 827 4218 δὲ
857 4166 952 4219 τοῦ
987 4168 1084 4237 τῆς
1114 4169 1472 4240 φιλοκοσμίας
1514 4172 1621 4225 είσί
1644 4188 1660 4202 ο
1693 4172 1788 4225 τοῦ
1819 4172 1876 4225 δὲ

302 4251 408 4318 τῆς
435 4254 759 4322 κενιδοξίας,
788 4256 846 4319 ὃς
872 4257 966 4312 καὶ
996 4258 1224 4329 ἔσχατος
1249 4260 1486 4330 λέγεται,
1525 4265 1765 4334 γυμνοὺς
1788 4264 1876 4316 εὑο

304 4342 438 4409 (μήσε
446 4360 493 4406 ις
526 4345 650 4406 τοὺς
683 4346 929 4411 ἀπαθεῖς.

2022 2056 2248 2123 ultimae,
2285 2061 2563 2116 contraria
2588 2060 2900 2131 dispositio.

2090 2147 2180 2200 τὶ.
2216 2148 2585 2219 Voluptuosus
2618 2152 2900 2221 proximus
2926 2162 3012 2209 est
3032 2152 3251 2221 affecto,
3280 2163 3338 2210 et
3363 2154 3614 2226 cupidus

2017 2239 2351 2310 voluptuose
2402 2243 2498 2298 sed
2533 2244 2694 2316 longe
2726 2255 2972 2301 remotus
3017 2247 3086 2301 ab
3117 2254 3354 2317 utroque
3389 2248 3605 2318 impas-

2016 2330 2197 2388 sibilis

2089 2424 2175 2479 73.
2223 2425 2507 2498 Ἐμπαοὴς
2557 2440 2660 2495 est,
2695 2430 2748 2485 in
2781 2448 2891 2502 quo
2917 2432 2999 2487 vis
3042 2433 3306 2503 peccandi
3339 2435 3393 2487 in
3424 2434 3595 2489 ratio-

2014 2533 2140 2572 nem
2171 2517 2514 2587 dominatur,
2574 2524 2679 2578 etsi
2717 2524 2928 2580 interea
2973 2525 3107 2580 foris
3144 2541 3253 2581 non
3293 2535 3599 2596 peccetur;

2012 2609 2320 2680 ἡδυπαθὴς,
2387 2614 2440 2669 in
2473 2631 2581 2685 quo
2606 2617 2899 2674 elIicicntia
2931 2621 3140 2689 peccati
3193 2621 3404 2678 ratione
3441 2621 3595 2677 infir-

2013 2699 2157 2755 mior
2184 2712 2296 2767 est,
2321 2703 2452 2760 licet
2485 2706 2633 2763 intus
2665 2708 2934 2764 adiciatur
2968 2728 2983 2776 ;
3015 2712 3362 2782 προσπαθὴς,
3412 2712 3503 2783 qni
3528 2711 3593 2767 li-

2012 2791 2216 2849 bertati
2251 2810 2350 2852 seu
2375 2801 2560 2868 potius
2618 2802 2873 2858 servituti
2944 2805 3256 2859 mediorum
3307 2806 3589 2872 adhaeret;

2013 2886 2252 2958 ἀπαθὴς,
2284 2890 2381 2959 qui
2410 2891 2609 2945 horum
2644 2896 2893 2949 omnium
2919 2895 3221 2953 discrimen
3242 2899 3480 2970 ignorat.

2082 3033 2172 3089 74.
2210 3032 2296 3089 Ab
2322 3035 2505 3090 anima
2533 3037 2873 3108 exstirpatur
2906 3039 3125 3098 all'eetio
3172 3059 3273 3113 per
3314 3044 3591 3117 jejunium

2006 3135 2064 3182 et
2100 3128 2431 3194 orationem,
2464 3130 2720 3200 voluptas
2756 3147 2852 3200 per
2912 3134 3153 3204 vigiliam
3181 3146 3236 3192 et
3280 3138 3586 3204 silentium,

2006 3232 2061 3274 et
2094 3221 2371 3290 cupiditas
2405 3237 2506 3291 per
2533 3222 2774 3291 quietem
2800 3234 2856 3277 et
2881 3228 3280 3294 attentionem;
3340 3230 3585 3300 impassi-

2004 3311 2358 3368 bilitas-vero
2405 3315 2762 3369 consumitur
2793 3331 2892 3386 per
2925 3317 3025 3371 Dei
3061 3322 3404 3376 memoriam.

2074 3428 2164 3481 75.
2192 3428 2277 3482 Ab
2306 3427 2763 3497 impassibilitatis
2787 3431 2949 3486 labiis
2981 3443 3040 3488 ut
3068 3432 3229 3489 favus
3284 3439 3475 3495 mellis.
3498 3440 3580 3497 di-

2003 3503 2221 3574 stillant
2250 3520 2418 3575 verba
2452 3522 2580 3577 vitae
2598 3532 2836 3578 aeterna;
2864 3522 2999 3590 Quis
3049 3526 3216 3597 igitur
3247 3529 3445 3600 dignus
3477 3533 3578 3589 ha-

2002 3612 2224 3668 bebitur
2256 3614 2350 3683 qui
2382 3614 2546 3670 labiis
2587 3614 2735 3669 illius
2760 3618 2982 3686 pr0pria
3014 3620 3323 3690 ligatlabia,
3350 3634 3406 3679 et
3434 3625 3578 3682 inter

1997 3707 2116 3778 ejus
2162 3706 2333 3760 ubera
2391 3707 2724 3776 requiescat,
2762 3724 3068 3780 suavesque
3120 3714 3576 3774 vestimentorum

2001 3801 2180 3871 ipsius
2209 3801 2418 3871 aspiret
2446 3801 2684 3869 odores,
2732 3804 2787 3859 id
2841 3812 2947 3871 est,
3005 3805 3221 3877 legibus
3269 3808 3577 3865 delectetur

1995 3894 2287 3960 virtutum,
2326 3910 2452 3964 qua:
2471 3897 2658 3951 omnia
2691 3906 2956 3967 superant
2987 3909 3234 3954 aromata
3293 3900 3576 3958 sensibilis

1993 3987 2387 4058 Derceptionis.

2061 4080 2150 4135 76.
2197 4079 2400 4135 Nudati
2454 4080 2790 4136 vestimento
2845 4080 3055 4151 proprii
3114 4082 3322 4137 amoris
3385 4083 3573 4138 forsan

1990 4172 2149 4227 multi
2184 4179 2352 4237 sunt;
2381 4174 2593 4228 amoris
2626 4186 2758 4226 vero
2780 4171 2997 4237 mundi,
3026 4173 3343 4241 paucissimi
3370 4191 3386 4242 ;
3420 4174 3593 4230 inani.

1986 4275 2172 4321 autem
2206 4265 2379 4335 gloria
2409 4273 2641 4320 exutum
2674 4264 2925 4319 invenies
2949 4266 3200 4335 quemvis
3253 4266 3572 4339 impassibi-

1985 4361 2114 4421 lem,
2152 4356 2303 4411 illum
2331 4355 2500 4411 etiam
2535 4356 2631 4425 qui
2665 4355 2870 4411 dicitur
2915 4365 3215 4413 extremus.

369 4452 468 4514 οἷ’.
493 4453 601 4507 Τοῦ
637 4456 737 4525 μὲν
764 4460 1045 4527 ὁρωμένου
1098 4460 1373 4528 σώματος,
1402 4463 1553 4515 πᾶσα
1597 4463 1742 4531 ψυχὴ
1772 4479 1871 4530 γυ-

2061 4451 2149 4505 77.
2186 4449 2405 4505 Visibili
2428 4449 2651 4521 quidem
2693 4464 2926 4518 corpore
2973 4452 3154 4506 omnis
3189 4451 3370 4508 anima
3402 4467 3569 4509 exue-

301 4543 667 4613 μνωθήσεταιο
706 4548 801 4603 τοῦ
848 4551 906 4605 δὲ
935 4553 1032 4621 τῆς
1062 4554 1337 4625 ἁμαρτίας
1359 4600 1374 4624 ,
1408 4559 1440 4629 η
1478 4560 1579 4629 τῆς
1628 4565 1862 4623 ἐνταῦθα

296 4631 441 4704 ζωῆς
461 4635 643 4704 ὀλίγον
670 4640 779 4693 τῶν
811 4642 982 4711 ῆδέων
1013 4647 1525 4714 προσαπολαύσασα.

365 4731 467 4793 οην.
512 4726 715 4799 Νεκροὶ
750 4731 849 4801 μὲν
888 4735 952 4786 ἐκ
991 4735 1228 4797 ζώντων,
1265 4737 1461 4802 πάντες
1513 4741 1858 4814 ὀφθήσονται.

290 4811 750 4888 Νεκρωθήσονται
795 4823 851 4877 δὲ
891 4825 989 4895 τῆς
1020 4828 1328 4901 ἁμαρτίας,
1363 4830 1512 4900 μόνοι
1545 4837 1592 4887 οἱ
1627 4811 1691 4889 ἐκ
1739 4839 1861 4893 δια-

287 4903 493 4970 θέσεως
522 4908 728 4979 ταύτην
763 4915 1117 4984 μισήσαντες.

356 4991 453 5048 σθ’.
487 4996 581 5059 Τίς
609 4998 802 5053 ἐαυτὸν
827 5003 933 5074 πρὸ
954 5005 1047 5057 τοῦ
1078 5008 1257 5062 κοινοῦ
1283 5010 1514 5069 θανάτου
1543 5017 1638 5070 τοῦ
1671 5018 1857 5088 σώμα-

278 5097 376 5144 τος
398 5083 482 5157 ίδῃ
507 5088 605 5153 τῆς
624 5089 899 5162 ἁμαρτίας
917 5096 1124 5165 γυμνόν
1145 5115 1160 5164 ;
1194 5102 1288 5153 καὶ
1313 5103 1397 5168 τίς
1426 5107 1454 5159 6
1481 5108 1641 5174 γνοὺς
1667 5083 1859 5163 ἑαυτόν

275 5189 339 5224 τε
368 5175 463 5227 καὶ
488 5177 588 5270 τὴν
628 5180 771 5233 ἰδίαν
789 5183 974 5252 φύσιν,
1008 5189 1166 5242 ὀποία
1194 5192 1310 5246 ἐστὶ
1371 5196 1477 5267 πρὸ
1499 5198 1602 5268 τῆς
1629 5200 1858 5270 μελλούο

275 5277 380 5329 σης
412 5265 778 5333 γυμνώσεωςς

422 5380 642 5466 ῗγχῂν
667 5383 835 5466 ἔρωτι
874 5391 1148 5466 νυμςρέκῷ
1161 5398 1566 5466 gementes-nr,

415 5450 584 5517 Εὐχὴ
595 5481 598 5484 ~
608 5454 942 5509 συνάπτειν
957 5450 1127 5514 οἶδειὲ
1148 5450 1540 5537 (Mida—sai

347 5535 564 5638 π’ίΐοῦ
589 5543 851 5614 αίσθητοῦ
884 5565 975 5612 τε,
1012 5554 1108 5605 καὶ
1136 5556 1321 5624 νοεροῦ
1364 5535 1550 5625 φωτδς
1594 5564 1625 5631 ἠ
1653 5561 1850 5638 λογικὴ

265 5630 327 5679 ἑν
359 5627 854 5723 μεθορίῳκειμένη
891 5639 1058 5713 ψυχὴ,
1085 5643 1173 5697 διὰ
1205 5647 1306 5715 μὲν
1334 5649 1527 5703 τούτου
1550 5627 1646 5704 καὶ
1677 5627 1844 5723 πρόιτ;

265 5735 382 5773 τειν
424 5720 496 5774 τὰ
540 5722 631 5776 τοῦ
665 5726 912 5795 σώματος
958 5732 1276 5803 ἐπετράπη’
1313 5737 1377 5789 δι’
1420 5739 1627 5793 ἐκείνου
1655 5720 1733 5803 δὲ,
1773 5746 1848 5800 τὼ

1988 4557 2110 4611 tur;
2137 4558 2378 4613 corpore
2408 4552 2594 4599 autem
2630 4541 2864 4613 peccati,
2890 4556 2954 4597 ea
2992 4550 3204 4597 tantum
3266 4558 3389 4613 qua:
3443 4545 3593 4599 vitae”

1984 4634 2270 4707 praesentis
2299 4633 2681 4704 voluptatibus
2724 4648 2919 4703 parum
2963 4633 3206 4689 indulsit.

2054 4728 2144 4784 78.
2179 4727 2385 4783 Moﬂui
2433 4741 2512 4782 ex.
2527 4726 2670 4780 vivis
2692 4740 2884 4780 omnes
2933 4726 3101 4795 ﬁent;
3127 4740 3353 4798 peccato
3378 4742 3588 4788 autem..-

1980 4822 2019 4877 ii
2057 4828 2275 4874 tantum
2334 4820 2641 4875 morientur
2677 4817 2771 4887 qui
2833 4818 2979 4873 istud
3006 4834 3082 4875 ex.
3129 4822 3297 4879 corde
3356 4823 3579 4882 fuerint

1976 4914 2259 4971 detestati.

2045 5008 2135 5063 79.
2196 5007 2335 5075 Quis
2384 5006 2628 5076 seipsum
2685 5013 2816 5061 ante
2869 5021 3220 5063 communem
3306 5010 3608 5079 corporisr

1976 5110 2215 5158 mortem
2252 5107 2495 5172 peccato.
2532 5107 2759 5154 exutum
2803 5098 3055 5155 videbit?
3082 5098 3217 5166 Quis
3264 5115 3573 5173 cognoscet

1972 5195 2224 5266 seipSum
2270 5209 2538 5264 suamque
2576 5204 2830 5248 naturam
2878 5193 3058 5264 qualis
3104 5194 3198 5259 sit,
3238 5202 3367 5251 ante
3408 5195 3580 5253 futue-

1972 5306 2097 5347 ram
2125 5290 2479 5347 nudationem
2505 5289 2530 5341 ‘i

2189 5385 2440 5439 Animam
2465 5398 2661 5437 amore:
2693 5380 2883 5453 Sponsi
2910 5382 3269 5438 vulneratam.

2190 5454 2375 5510 Oratio
2406 5470 2526 5508 cum
2551 5452 2753 5523 Sponsa
2781 5455 3083 5507 consociare
3114 5454 3264 5509 solet.

2046 5549 2134 5607 80.
2159 5548 2372 5605 Animae
2402 5547 2681 5613 rationali,
2746 5547 3008 5604 sensibile
3061 5565 3125 5604 ac
3140 5549 3426 5620 spirituale
3464 5550 3575 5610 Ιιιτι-

1976 5659 2099 5699 men
2134 5642 2506 5712 intcrjacenti,
2547 5640 2712 5709 hujus
2750 5656 2852 5710 ope
2889 5641 2976 5696 vel
3000 5643 3328 5712 corporalia,
3362 5654 3419 5699 et
3445 5659 3567 5713 ope~

1976 5739 2122 5793 illius
2149 5737 2316 5792 etiam
2348 5736 2651 5803 spiritualia
2679 5735 2913 5793 faciendi
2941 5752 3074 5793 cura
3103 5737 3209 5792 fuit
3229 5736 3565 5792 commiSsaa.~
