3958 6204
407 234 545 307 “£3

1774 246 1971 307 ΕΙ.ῐῶ
2012 247 2259 309 ECDlCl

3514 248 3660 314 ll“

375 359 482 415 Sed
512 356 803 430 postquam
853 358 953 429 ipsi
1007 356 1364 412 obscuratum
1423 360 1646 428 quidem
1684 370 1768 413 est
1796 359 1952 418 illud.

2105 363 2167 418 οῦ
2208 364 2534 434 πνεύματος.
2577 364 2720 416 Ἀλλ’
2763 361 2949 430 ἐπειδὴ
2998 360 3303 431 ήμαυρὼθη
3356 362 3458 430 μὲν
3510 368 3657 436 triti

378 457 484 508 hoc
514 468 648 509 vero
680 454 881 508 clarius
932 450 1213 513 cﬂ‘ectunt,
1267 452 1318 505 vi
1354 452 1594 522 antiqua:
1657 446 1953 507 consuetu-

377 544 550 611 diuis,
606 544 710 599 nisi
760 536 871 598 tota
927 538 1203 613 sp‘iritua'li
1280 542 1490 597 lumine
1549 544 1853 599 illustretur
1900 545 1954 599 in

374 637 624 692 oratione
657 636 863 699 anima,
891 649 983 691 res
1016 634 1289 706 inspicere
1341 635 1555 690 divinas
1608 650 1719 691 non
1753 644 1954 706 potest.

380 709 610 784 Necesse
637 736 819 781 autem
845 736 905 782 ut
941 722 1120 781 media
1169 739 1389 784 maneat
1441 727 1587 783 inter
1620 728 1878 783 tenebras
1899 735 1957 783 et

376 823 586 881 lumen,
631 835 729 889 per
784 830 940 874 suam
991 818 1241 872 naturain
1283 834 1477 873 versus
1517 819 1642 885 hoc,
1670 828 1769 890 per
1815 819 1957 875 ima-

373 906 711 981 ginationem
737 923 929 963 versus
951 906 1071 963 illas
1100 922 1219 963 sese
1249 919 1600 964 convertens.

448 1002 538 1058 8!.
577 1000 682 1057 Per
725 993 1010 1072 angustam
1051 1010 1266 1072 portam
1323 1003 1595 1058 orationis
1647 1017 1806 1059 mens
1834 1018 1960 1075 per.

377 1092 797 1148 turbationibus
827 1093 1030 1162 agitata
1057 1091 1264 1146 intrare
1292 1107 1404 1146 non
1468 1103 1669 1162 potest,
1705 1094 1762 1149 ni
1801 1094 1959 1165 prius

373 1193 634 1255 cognatas
684 1180 1085 1239 sollicitudines
1131 1174 1410 1253 posuerit:
1462 1183 1557 1238 sed
1586 1184 1641 1239 in
1689 1184 1778 1241 his
1831 1203 1957 1257 quae

374 1278 583 1332 circum
621 1276 1032 1331 tabernaculum
1078 1278 1218 1346 ejus,
1250 1276 1356 1329 hoc
1398 1284 1471 1331 est
1519 1275 1668 1331 circa
1724 1291 1952 1349 corpus,

377 1366 527 1434 sunt,
558 1374 776 1439 si‘tnpcr
800 1378 1067 1439 occupata
1113 1369 1412 1426 cruciatur.

456 1464 546 1519 82.
585 1464 650 1521 Ut
678 1463 759 1520 sol
795 1470 1078 1534 nunquam
1103 1470 1186 1519 est
1224 1464 1346 1520 sine
1375 1465 1552 1533 radio,
1586 1469 1740 1525 sicin
1775 1477 1959 1525 mente

379 1571 596 1626 semper
619 1556 690 1610 sit
724 1563 779 1611 et
809 1564 1029 1609 maneat
1059 1555 1261 1622 oratio,
1320 1556 1443 1613 sine
1476 1574 1583 1629 qua
1627 1560 1958 1617 sollicitudi-

379 1661 480 1701 nes
519 1662 704 1725 rcrum
736 1645 840 1701 sub
893 1661 1092 1703 sensus
1146 1647 1461 1704 cadentium
1506 1652 1658 1707 velut
1708 1648 1955 1724 quaedam

2074 461 2269 518 ἐκεῖνο,
2323 456 2603 526 ἐτρανὼθη
2633 456 2690 508 δέ
2744 453 2937 520 τοῦτο,
2983 453 3068 507 διὰ
3101 454 3201 524 τὴν
3245 455 3492 525 ἀρχῆθεν
3523 474 3661 507 συν-

2073 546 2281 616 ήθειαν,
2315 548 2364 598 εί
2399 547 2473 616 μὴ
2499 546 2637 607 ὅλως
2677 545 2815 615 μετά
2838 542 2936 596 τοῦ
2964 542 3152 612 νοεροῦ
3194 545 3252 598 ἐν
3280 545 3347 613 τῇ
3381 544 3518 613 εὐχῇ
3565 547 3661 611 γέ-

2073 649 2252 706 νηται,
2306 634 2504 696 ὁλικῶς
2556 636 2667 695 τοῖς
2707 632 2873 694 Θείοις
2910 629 3238 694 ἐνατενίξειν
3280 632 3340 684 οὐ
3398 632 3659 687 δύναται.

2087 726 2322 795 Ἀνάγκη
2355 725 2412 778 δὲ
2441 720 2580 778 εἶναι
2614 722 2783 794 αὐτήν
2820 724 2880 775 ἐν
2920 723 3247 793 μεταιχμίῳ,
3281 723 3508 787 σκότους
3558 725 3661 778 καὶ

2074 818 2249 889 φωτός
2268 834 2282 848 ο
2315 816 2458 871 κατὰ
2497 815 2680 884 σχέσιν
2711 815 2812 885 μὲν
2841 815 3054 878 τούτου,
3092 813 3235 869 κατὰ
3261 815 3317 868 δὲ
3345 817 3661 885 φαντασίαν

2073 909 2280 962 ἐκείνου
2312 904 2811 976 ἀναστρεφομένην.

2147 1007 2262 1055 παν.
2314 999 2501 1052 Ἐνδον
2537 996 2638 1068 τῆς
2675 995 2821 1050 κατά
2862 995 2962 1065 τὴν
2991 994 3157 1065 εὐχὴν
3205 995 3399 1066 στενῆς
3447 996 3658 1065 πύλης,

2072 1096 2196 1159 νοῦς
2230 1093 2531 1164 παθητικδς
2571 1091 2632 1146 οὐ
2670 1090 2897 1144 δύναται
2942 1089 3225 1152 εἰσελθεῖν,
3265 1089 3373 1159 πρὸ
3409 1088 3507 1142 τοῦ
3550 1090 3663 1158 τήν

2072 1186 2211 1242 κατά
2241 1185 2424 1256 σχέσιν
2459 1182 2743 1237 ἀπολιπεῖν
2779 1179 3071 1250 μέριμναν.
3113 1178 3249 1248 Περὶ
3284 1178 3342 1231 δὲ
3371 1177 3442 1231 τά
3489 1192 3661 1247 περι-

2073 1281 2271 1351 σκήνια
2326 1276 2574 1347 ἐκείνης,
2611 1272 3005 1343 ὁδυνηθήσεται
3046 1270 3337 1334 διαπαντὸς
3385 1270 3665 1340 ἀσχολού-

2074 1389 2254 1444 μενος.

2145 1464 2257 1534 πβν.
2293 1455 2781 1533 Συμπαραμενέτω
2809 1456 2885 1523 τῷ
2911 1455 2989 1526 νῷ
3016 1456 3050 1524 ἠ
3100 1454 3234 1525 eti-xi)
3257 1493 3272 1517 ,
3304 1452 3380 1514 ὥς
3409 1455 3470 1507 ἐν
3510 1453 3661 1522 qui,»

2073 1555 2231 1617 ἀκτίς
2286 1546 2356 1625 ἦς
2389 1551 2516 1605 ἄνευ
2552 1548 2610 1602 αι
2638 1547 2762 1601 κατ’
2782 1544 3032 1615 αἴσθησιν
3065 1543 3349 1614 μέριμναι,
3377 1540 3467 1595 οἷά
3499 1558 3660 1606 τινες

2071 1644 2290 1714 ἄνυδροι
2331 1640 2552 1711 νεφέλαι
2610 1634 3068 1708 περιπετόμεναι,
3117 1634 3209 1686 τὸν
3246 1633 3371 1687 νοῦν
3397 1635 3658 1705 εῖργουσι

546 1719 551 1725 ὁ
1550 1704 1653 1707 ___-
1714 1704 1955 1724 1m"---

377 1738 558 1793 nubes
626 1753 737 1793 non
790 1738 1009 1808 aquosa:
1074 1740 1563 1809 circumvolantes,
1628 1752 1871 1802 mentem
1922 1763 1951 1802 a

2104 1740 2168 1808 ἧς
2192 1704 2825 1802 ὠκείας-λαμπρότητος.

378 1816 713 1901 pet-fruenda
743 1832 993 1887 claritate
1022 1847 1119 1887 sua
1167 1833 1495 1904 impediunt.

453 1920 546 1975 85.
590 1919 779 1976 Virtus
811 1921 1082 1977 orationis
1102 1922 1275 1978 fames
1303 1924 1555 1980 ciborum
1606 1928 1957 1985 voluntaria:

379 2012 554 2068 lames
589 2016 772 2067 autem
823 2013 914 2068 illa
948 2026 1053 2079 est,
1093 2024 1152 2069 ut
1185 2031 1368 2071 rerum
1402 2018 1805 2075 mundanarum
1839 2015 1960 2079 sine

381 2120 597 2160 summa
630 2106 981 2165 inet-essitate
1034 2107 1170 2161 nihil
1216 2125 1395 2179 neque
1429 2112 1623 2167 audias
1665 2128 1845 2183 neque
1877 2110 1961 2170 vi-

380 2196 533 2252 deas.
565 2196 668 2263 Qui
701 2197 831 2252 huic
860 2199 936 2252 rei
959 2213 1069 2253 non
1109 2201 1383 2268 providet,
1425 2204 1617 2272 jejunii
1650 2208 1734 2260 sui
1789 2204 1962 2262 aedili-

380 2290 529 2345 cium
577 2290 921 2345 consolidarc
951 2306 1015 2345 ac
1071 2292 1317 2355 stabilire
1362 2297 1573 2372 nequit,
1605 2297 1845 2375 facitque
1895 2319 1962 2359 eo

379 2384 688 2444 orationem
736 2385 916 2461 Inrupi
964 2407 1029 2446 ac
1060 2392 1308 2450 dissolvi.

456 2476 524 2537 81
578 2476 752 2547 Mens,
780 2484 884 2537 nisi
917 2485 970 2538 in
1011 2484 1268 2540 omnibus
1297 2503 1418 2556 qua:
1458 2502 1618 2543 sensu
1644 2490 1962 2560 percipiun-

384 2583 479 2629 tur
512 2574 796 2631 moderata
828 2586 884 2631 et
922 2593 1081 2647 parca
1117 2578 1304 2637 fuerit.
1346 2580 1599 2636 attollere
1630 2586 1750 2637 sese
1783 2582 1839 2637 in
1867 2590 1963 2638 Sn-

386 2682 582 2736 perna,
622 2668 1055 2740 dignitatemque
1079 2686 1234 2725 suam
1266 2686 1596 2741 cegnoscere
1627 2689 1737 2729 non
1762 2680 1962 2745 potest.

459 2752 547 2812 85.
580 2758 694 2814 Diei
747 2760 1053 2830 symbolum
1093 2750 1183 2816 est
1218 2763 1510 2832 jejunium,
1570 2773 1758 2835 utpote
1793 2756 1968 2821 mani-

385 2846 832 2917 festum;noctis
876 2861 1083 2917 autem,
1108 2855 1308 2918 oratio,
1365 2864 1555 2924 utpote
1610 2857 1962 2914 abScondita.

387 2938 688 3011 Utriusque
726 2942 893 3011 igitur
928 2943 1095 3025 hujus
1142 2945 1391 3000 exercitii
1446 2946 1501 3000 in
1529 2954 1764 3025 utroque
1824 2956 1963 3004 tem—

2160 1932 2271 2003 πγ’.
2305 1933 2545 2003 Δύναμις
2576 1932 2674 2001 μὲν
2722 1929 2890 1999 εὐχῆς
2911 1973 2925 1994 ,
2963 1931 3122 1982 πεῖνα
3158 1926 3469 2005 βρωμάτων
3499 1926 3673 1980 ἐκού-

2089 2042 2219 2088 σιος·
2256 2025 2447 2096 πείνης
2468 2025 2546 2086 δὲ,
2577 2022 2637 2075 τὸ
2670 2021 2807 2092 μήτε
2844 2020 3085 2083 ἀκούειν,
3122 2020 3257 2090 μήτε
3286 2020 3432 2089 ὀρᾲν·
3466 2019 3552 2070 ὅτι
3584 2020 3673 2088 μὴ

2090 2118 2238 2170 πᾶσα
2279 2115 2493 2184 ἀνάγκη
2530 2113 2638 2166 τῶν
2668 2112 2978 2183 ἐγκοσμίων
3031 2111 3220 2181 μηδέν.
3245 2108 3459 2162 Τούτων
3510 2112 3539 2162 ὁ
3584 2110 3671 2182 μὴ

2089 2210 2410 2277 ποιούμενος
2438 2206 2694 2277 πρόνοιαν
2717 2246 2730 2268 ,
2766 2204 2827 2256 τὸ
2853 2204 2951 2273 μὲν
2985 2206 3084 2272 τῆς
3104 2200 3353 2270 νηστείας
3382 2201 3480 2252 οὐκ
3502 2203 3671 2254 ἐστε-

2091 2302 2292 2373 ρέωσεν
2318 2297 2676 2367 οίκοδόμημα·
2708 2295 2769 2348 τὸ
2802 2294 2859 2347 δὲ
2890 2294 2986 2365 τῆς
3016 2294 3182 2364 εὐχῆς
3214 2295 3273 2346 ἐν
3296 2293 3429 2363 αὐτῇ
3455 2295 3669 2365 περιῤ-

2088 2395 2321 2466 ῥαγῆναι
2348 2390 2621 2459 ἐποίησεν.

2160 2483 2264 2539 πεδ’.
2308 2482 2622 2552 Ἀπέριττος
2651 2480 2702 2532 εί
2732 2475 2806 2549 μὴ
2847 2479 2912 2531 ἐκ
2936 2478 3154 2531 πάντων
3188 2476 3217 2529 ὁ
3248 2474 3370 2538 νοῦς
3397 2476 3510 2528 τῶν
3534 2473 3669 2528 κατ’

2085 2577 2338 2645 αἴσθησιν
2370 2574 2638 2643 γένηται,
2669 2568 2958 2638 ἀνωφερὴς
2996 2565 3251 2634 γενέσθαι
3288 2566 3349 2619 οὐ
3390 2565 3664 2630 δύναται,

2085 2668 2182 2723 καὶ
2210 2668 2270 2721 τὸ
2303 2667 2501 2719 οἰκεῖον
2525 2662 2790 2732 γνωρίσαι
2814 2659 3051 2728 ἀξίωμα.

2155 2767 2260 2814 πε’.
2296 2758 2433 2828 Ἦμέ
2444 2773 2539 2827 ρας
2570 2756 2666 2825 μὲν
2688 2752 2954 2823 σύμϐολον
2982 2753 3014 2820 ἡ
3039 2750 3281 2820 νηστεία,
3306 2750 3392 2802 διὰ
3414 2749 3473 2802 τὸ
3496 2748 3668 2820 ἔκδη-

2083 2852 2206 2907 λον*
2241 2848 2434 2912 νυκτὸς
2456 2848 2513 2901 δὲ
2539 2847 2625 2900 διὰ
2656 2845 2717 2898 τὸ
2742 2844 2954 2913 ἄδηλον,
2983 2844 3016 2912 ή
3042 2842 3194 2911 εὐχή.
3232 2840 3537 2910 Ἐκατέρων
3560 2836 3664 2895 οῦν

2093 2944 2296 2997 τούτων
2319 2943 2376 2993 ἐν
2399 2938 2556 2993 έκατέ
2567 2954 2634 3008 pq.
2655 2936 2876 2998 ἐνδίκως
2898 2937 2925 2988 ὀ
2951 2933 3347 3003 μετερχόμενος
3363 2972 3375 2987 .
3399 2932 3537 2998 πρὸς
3555 2932 3661 2999 τὴν

388 3046 525 3100 pore
547 3028 828 3119 studiosus
860 3022 1145 3104 quaesitam
1181 3038 1463 3107 continget
1488 3020 1790 3105 civitatem,
1822 3031 1966 3095 unde

2102 3032 2235 3087 κατὰ
2259 3030 2456 3084 σκοπὸν
2478 3028 2850 3097 ἀπαντήσεται
2877 3023 3051 3077 πόλιν·
3084 3025 3143 3076 ἐν
3232 3017 3440 3086 ἀπέδρα
3463 3020 3655 3088 ὀδύνη,

388 3117 641 3179 exsulant
669 3110 846 3191 dolor,
876 3126 1097 3181 tristitia
1122 3135 1177 3181 ct
1198 3130 1454 3198 gemitus.

465 3212 556 3271 86.
588 3208 910 3288 spiritualis
933 3219 1075 3273 actio
1111 3219 1278 3274 etiam
1316 3219 1435 3274 sine
1476 3220 1728 3290 corporis
1756 3220 1974 3278 actione

393 3308 770 3365 commendari
828 3309 987 3365 solet.
1046 3308 1248 3365 Beatus
1311 3307 1500 3382 igitur,
1559 3311 1652 3382 qui
1689 3304 1975 3384 spirituale

396 3404 537 3475 Opus
596 3403 869 3474 corporali
932 3403 1285 3473 prtestantins
1331 3405 1549 3459 censuit
1592 3422 1608 3459 :
1645 3421 1744 3475 per
1789 3391 1968 3475 ipsum

395 3496 552 3551 enim
601 3488 770 3565 hujus
817 3488 1092 3550 defectum
1127 3496 1366 3566 supplet,
1404 3496 1784 3552 absconditam
1809 3499 1977 3554 vitam

398 3586 457 3641 in
489 3586 742 3640 oratione
782 3586 1003 3655 Deoque
1038 3585 1386 3642 manifestam
1413 3589 1622 3644 vivens.

470 3766 561 3822 87.
606 3766 868 3821 Hortatur
893 3783 993 3823 nos
1024 3769 1323 3840 Apostolus
1368 3775 1411 3837 ’,
1448 3781 1508 3827 ut
1560 3775 1737 3831 simus
1785 3776 1839 3829 in
1873 3776 1979 3834 ﬁde

402 3859 699 3931 patientes,
775 3876 873 3932 spe
934 3862 1259 3933 gaudentes,
1303 3866 1539 3921 orationi
1602 3867 1891 3937 instantes,
1920 3879 1982 3925 ut

403 3952 611 4007 bonum
647 3953 830 4023 gaudii
859 3955 1003 4025 apud
1036 3970 1140 4011 nos
1172 3956 1455 4027 perduret.
1487 3958 1644 4025 Quod
1675 3961 1720 4015 si
1749 3960 1853 4016 hoc
1905 3961 1983 4017 ita

399 4054 505 4106 est.
553 4046 743 4117 utique
771 4046 866 4116 qui
912 4063 1020 4101 non
1055 4056 1140 4103 est
1178 4049 1411 4120 patiens,
1467 4068 1576 4119 non
1622 4063 1709 4108 est
1759 4036 1979 4124 ﬁdelis;

401 4126 497 4208 qui
532 4128 644 4194 non
692 4139 913 4209 gaudet,
946 4156 1053 4195 non
1106 4152 1324 4210 sperat;
1355 4159 1573 4201 causam
1607 4144 1753 4202 enim
1798 4148 1981 4220 gaudii

401 4229 711 4285 orationem
750 4231 939 4303 abjicit
965 4233 1097 4287 dum
1144 4235 1195 4290 ei
1222 4251 1330 4291 non
1368 4237 1555 4297 instat.

2089 3123 2232 3193 λύπη
2272 3120 2364 3175 καὶ
2402 3118 2720 3187 στεναγμός.

2158 3220 2275 3279 πς’.
2315 3214 2379 3266 Ἦ
2404 3208 2743 3279 πνευματική
2773 3205 3019 3278 ἐργασία,
3048 3205 3145 3257 καὶ
3186 3204 3500 3272 σωματικῆς
3528 3206 3654 3256 ἐπι-

2090 3305 2253 3359 πὸνου
2281 3298 2467 3368 ἐκτὸς,
2504 3298 2851 3354 συνίστασθαι
2876 3296 3109 3364 πέφυκε.
3140 3295 3423 3364 Μακάριος
3458 3290 3586 3357 οὖν,
3623 3296 3659 3347 6

2090 3395 2373 3466 κρείττονα
2402 3393 2494 3446 τοῦ
2533 3391 2721 3444 ἐνύλου
2755 3389 2918 3461 ἔργου
2964 3387 3062 3456 τὴν
3102 3386 3264 3440 ἀῦλον
3304 3385 3657 3456 ἡγησάμενος

2089 3484 2367 3557 ἐργασίαν.
2399 3485 2475 3536 Δι’
2503 3484 2672 3551 αὐτῆς
2698 3480 2806 3550 γὰρ
2838 3480 2937 3548 τὴν
2961 3479 3055 3533 τοῦ
3081 3481 3242 3551 ἔργου
3264 3477 3656 3547 ἀνεπλήρωσεν

2088 3574 2340 3642 ἔλλειψιν,
2385 3573 2558 3641 ζήσας
2601 3571 2701 3639 τὴν
2739 3567 3128 3642 κεκρυμμένην
3159 3566 3304 3637 ζωὴν
3333 3570 3433 3640 τῆς
3461 3566 3652 3637 εὐχῆς.

2088 3665 2181 3718 καὶ
2216 3662 2457 3731 φανερὰν
2489 3661 2568 3731 τῷ
2603 3658 2743 3729 Θεῷ.

2175 3781 2281 3844 πζν.
2327 3779 2648 3851 ’Υπομένειν
2681 3782 2779 3852 μὲν
2820 3782 2968 3855 ἡμᾶς
3000 3787 3065 3856 τῇ
3112 3786 3328 3853 πίστει,
3361 3788 3669 3860 παρακαλεῖ

2100 3873 2129 3926 ὁ
2158 3873 2296 3936 Θεῖος
2335 3870 2674 3936 Ἀπόστολοςσ
2705 3871 2916 3946 χαίρειν
2944 3875 3000 3928 δὲ
3022 3878 3088 3947 τῇ
3125 3878 3317 3931 ἐλπίδι·
3353 3882 3416 3949 τῇ
3448 3880 3586 3951 εὐχῇ
3612 3882 3669 3933 δὲ

2102 3966 2563 4034 προσκαρτερεῖν,
2590 3965 2676 4018 ἵνα
2710 3966 2770 4019 τὸ
2803 3967 2902 4036 τῆς
2947 3968 3121 4038 χαρᾶς
3164 3968 3299 4039 ήμῖν
3345 3973 3665 4040 παραμείνῃ

2101 4054 2280 4108 καλόν.
2309 4055 2369 4107 El
2395 4054 2452 4108 δὲ
2477 4055 2653 4121 τοῦτο,
2678 4056 2784 4126 ἀρα
2806 4061 2835 4110 ὁ
2866 4057 2940 4129 μὴ
2974 4058 3279 4126 ὑπομένων.
3303 4061 3365 4113 ού
3398 4062 3611 4124 πιστός
3639 4066 3669 4116 ὁ

2096 4143 2154 4197 δὲ
2200 4145 2273 4214 μὴ
2309 4144 2534 4214 χαίρων,
2585 4146 2685 4198 οὐκ
2726 4145 2965 4210 εὔελπις.
3024 4147 3350 4201 Ἀπεόἀλετο
3393 4150 3501 4217 γάρ
3560 4148 3667 4219 τὴν

2097 4235 2275 4288 αἰτίαν
2310 4237 2407 4307 τῆς
2443 4239 2617 4307 χαρᾶς
2665 4238 2763 4307 τὴν
2794 4238 3136 4309 προσευχήν,
3168 4241 3227 4293 ἐν
3256 4238 3335 4310 τῷ
3367 4240 3440 4309 μὴ
3486 4256 3665 4311 προσ-

2096 4326 2380 4395 καρτερεῖν
2403 4327 2460 4378 ἐν
2484 4326 2638 4396 αὐτῇ.

462 4414 563 4491 ~88.
598 4413 657 4470 Si
698 4431 857 4471 mens
880 4416 949 4471 ab
984 4417 1146 4473 initio
1196 4434 1322 4474 cum
1362 4420 1658 4475 mundanis
1688 4423 1969 4493 cogitatio-

2165 4411 2278 4483 πη’.
2318 4414 2380 4467 Ei
2428 4417 2487 4467 ἐν
2527 4420 2639 4480 τοῖς
2684 4417 2998 4488 ἐγκοσμίοις
3038 4420 3317 4487 λογισμοῖς
3352 4421 3381 4473 6
3428 4418 3552 4483 νοῦς
3598 4422 3665 4485 εξ

404 4509 572 4563 nibus
626 4510 1015 4564 commercium
1067 4508 1296 4575 habens,
1362 4519 1568 4567 tantam
1632 4515 1737 4570 sibi
1789 4532 1979 4571 earum

406 4599 703 4654 amicitiam
761 4601 996 4671 peperit,
1033 4603 1314 4671 quomodo
1367 4618 1435 4658 ex
1482 4604 1802 4662 assiduitate
1855 4623 1985 4662 ora-

407 4694 574 4749 tionis
599 4709 709 4748 non
750 4694 981 4763 perinde
1011 4695 1131 4763 ejus
1156 4693 1581 4751 familiaritatem
1613 4700 1984 4768 adipisretur?

406 4796 535 4836 nam
561 4782 617 4836 in
647 4782 851 4852 quibus
875 4784 1002 4852 quis
1036 4782 1132 4837 diu
1177 4792 1446 4849 moratur,
1478 4787 1674 4856 inquit,
1704 4788 1758 4843 in
1807 4788 1894 4845 bis
1928 4788 1984 4846 et

405 4874 622 4928 dilatari
654 4874 963 4931 consuevit.

479 4967 570 5023 89.
608 4964 764 5022 Sicut
806 4982 838 5022 e
875 4968 1100 5040 propria
1149 4969 1319 5026 domo
1336 4969 1562 5026 avulsus
1610 4972 1740 5027 olim
1769 4974 1988 5030 animus

410 5050 726 5129 splendoris
781 5076 892 5132 quo
909 5046 1007 5117 {illa
1052 5062 1286 5134 refulget
1315 5064 1523 5120 oblitus
1553 5072 1660 5129 est,
1695 5065 1771 5120 ita
1820 5074 1985 5136 opor-

410 5158 490 5205 tet
515 5167 643 5206 eum
709 5144 994 5209 terrestris
1018 5154 1184 5224 hujus
1214 5156 1576 5212 habitationis
1600 5159 1809 5228 pariter
1842 5159 1988 5213 obli-

413 5248 551 5305 tum,
603 5242 672 5296 ad
709 5242 854 5298 illam
886 5260 983 5314 per
1012 5246 1318 5301 orationem
1346 5248 1701 5302 transvolare.

482 5331 572 5386 90.
600 5332 756 5389 Sicut
789 5334 970 5390 infans
997 5351 1055 5391 se
1082 5336 1248 5393 habet
1273 5338 1340 5392 ad
1372 5338 1541 5394 ubera
1571 5339 1761 5394 matris
1784 5339 1990 5394 exstin-

410 5430 533 5487 ctae,
566 5423 641 5491 ita
667 5439 825 5480 mens
854 5427 922 5481 ad
975 5429 1305 5491 orationem.
1341 5446 1464 5501 qua:
1501 5431 1675 5501 ipsam
1705 5433 1981 5487 consolari

413 5522 779 5593 non‘potcst;
807 5515 874 5571 ad
924 5532 1044 5573 eam
1096 5527 1280 5574 autem
1305 5537 1426 5591 qum
1455 5530 1657 5592 potest,
1693 5512 1990 5593 ut'pueru-

414 5599 503 5659 lus
533 5604 588 5661 in
630 5609 895 5664 maternis
943 5610 1093 5666 ulnis
1153 5612 1480 5668 suavissime
1546 5614 1987 5671 obdormiscens.

488 5820 512 5854 ⁹
533 5825 699 5883 Rom.
734 5844 832 5883 sit.

2094 4503 2268 4575 ἀρχῆς
2328 4511 2828 4579 συναναστραφεὶς,
2894 4513 3160 4576 τοσαύτην
3215 4514 3273 4566 ἐν
3320 4511 3501 4575 αὐτοῖς
3554 4512 3660 4582 τήν

2088 4606 2271 4678 φιλίαν
2303 4608 2604 4676 ἐκτήσατο,
2652 4607 2827 4678 πόσην
2867 4609 2967 4661 οὐκ
3015 4609 3082 4663 ἀν
3119 4612 3428 4679 οἰκειότητα
3459 4618 3561 4684 σχῇ
3601 4619 3663 4667 ἐν

2086 4703 2218 4772 εὐχῇ
2252 4702 2494 4770 συνεχεῖς
2524 4698 2632 4751 Καὶ
2654 4698 2763 4770 γὰρ
2793 4700 2851 4752 ὲν
2874 4696 2977 4763 οἷς.
3002 4702 3154 4770 φησὶ.
3183 4705 3441 4773 χρονίζει,
3473 4709 3530 4757 ἐν
3556 4710 3660 4759 αὖ-

2085 4792 2195 4849 τοῖς
2219 4788 2315 4843 καὶ
2342 4786 2705 4840 πλατύνεσθαι
2742 4788 2953 4841 εἴωθεν.

2172 4979 2278 5036 πθ’.
2311 4982 2521 5052 Ὥσπερ
2550 4979 2642 5032 τοῦ
2676 4979 2806 5032 ἰδίου
2830 4978 3146 5050 οῖκητηρίου
3173 4979 3341 5034 πάλαι
3372 4978 3666 5049 διαιρεθεὶς

2095 5074 2124 5124 ὁ
2142 5070 2263 5134 νοῦς
2288 5072 2387 5138 τῆς
2418 5070 2626 5123 ἐκεῖθεν
2656 5069 3040 5139 λαμπρότητος
3068 5069 3381 5135 ἐπελάθετο,
3421 5069 3565 5122 οὕτω
3585 5070 3667 5122 δεῖ

2096 5162 2281 5216 τοῦτον
2308 5161 2463 5225 αὖθις
2494 5164 2551 5214 ἐν
2574 5162 2714 5234 λήθῃ
2741 5164 2847 5215 τῶν
2875 5154 2976 5215 ὧδε
2997 5161 3310 5230 γενόμενον,
3338 5162 3472 5232 πρὸς
3493 5162 3667 5215 ἐκεῖνο

2096 5251 2423 5321 ἀναδραμεῖν
2454 5251 2521 5304 δι’
2552 5251 2737 5319 εὐχῆς.

2167 5346 2238 5409 ιζ.
2271 5342 2538 5413 Καθάπερ
2565 5343 2614 5395 τί
2638 5343 2831 5412 νήπιον
2865 5341 2998 5412 πρὸς
3029 5343 3268 5412 μαστοὺς
3296 5343 3665 5411 ἐναποψυγέν-

2095 5451 2192 5496 τας
2227 5433 2465 5504 μητρὸς,
2494 5432 2847 5503 εὑρεθήσεται
2879 5431 3003 5495 νοῦς
3032 5432 3164 5502 πρὸς
3201 5434 3540 5502 προσευχὴν,
3567 5433 3669 5502 τὴν

2099 5528 2172 5599 μὴ
2217 5526 2518 5596 δυναμένην
2550 5527 2930 5596 παρακαλέσαι
2961 5526 3142 5581 αὐτόν·
3184 5527 3321 5598 πρὸς
3349 5527 3404 5580 δὲ
3440 5527 3540 5596 τὴν
3567 5527 3667 5580 ἀλ-

2095 5620 2201 5683 λως
2238 5619 2488 5689 ἔχουσαν,
2524 5618 2601 5683 ὡς
2631 5618 2843 5672 παιδίον
2876 5619 2940 5677 τὸ
2970 5619 3060 5688 ὑφ’
3095 5618 3289 5690 ήδονῆς
3327 5618 3671 5689 ὲναφνπνοῦν

2095 5716 2151 5767 ἐν
2180 5716 2294 5777 ταῖς
2325 5711 2593 5781 ἀγκάλαις
2629 5710 2821 5781 αὐτῆς.
