4032 6198
299 268 439 332 1145

275 439 279 443 ,
370 397 482 464 μα’,
533 396 699 457 Ἐκεῖ,
736 391 937 461 φησιν,
986 394 1044 445 ἐν
1075 393 1139 462 τῇ
1184 391 1436 462 πενθηρῷ
1475 392 1710 462 δηλονότι
1741 393 1866 462 εὐνῇ
1908 396 1950 447 Α

299 493 394 559 τῆς
427 485 682 555 ὲναρέτου
711 482 876 552 ζωῆς,
906 483 1045 535 κατὰ
1071 484 1167 552 τὴν
1194 481 1250 534 ἐν
1281 481 1358 551 τῷ
1389 484 1649 551 ’ᾼσματι.
1680 484 1867 549 φήσειε

298 583 391 634 καὶ
425 581 452 649 ἢ
484 577 667 646 νύμφη
695 574 827 644 εὐχὴ
862 576 997 644 πρὸς
1020 576 1110 626 τὸν
1141 573 1338 642 ἑαυτῆς
1359 574 1616 642 ἑραστὴνο
1645 592 1662 623 ι
1699 572 1865 624 Δώσω

299 672 422 733 τοὺς
456 665 696 737 μασθούς
729 681 830 731 μου
862 666 964 728 σοὶ,
1002 666 1050 717 εί
1079 663 1276 726 ὑλικῶς
1311 679 1399 732 μοι
1438 661 1726 732 ἀνατιθῇς.
1771 680 1790 714 ι

369 864 474 933 ιβ’.
505 851 692 914 Φιλίαν
716 861 852 929 πρὸς
876 859 972 926 τὴν
1012 856 1177 926 εὐχὴν
1213 854 1355 925 ἔχειν
1383 852 1443 905 οὐ
1461 851 1703 916 δύναται,
1733 853 1760 903 6
1793 851 1867 922 μὴ

300 957 480 1006 πᾶσαν
514 948 974 1017 ἀπαρνησάμενος
997 943 1150 1015 ὕλην.

371 1043 481 1114 ιιγ.
522 1039 666 1112 Πλὴν
693 1041 858 1108 ζωῆς,
891 1038 985 1090 καὶ
1012 1037 1198 1104 πνοῆς,
1237 1035 1342 1102 ἔξω
1373 1033 1480 1086 τῶν
1511 1033 1682 1086 ἄλλων
1714 1029 1870 1099 γενοῦ

303 1141 360 1190 ὲν
395 1138 550 1206 εὐχῇ,
583 1136 631 1186 εί
665 1132 840 1194 θέλεις
869 1127 1006 1199 μετά
1034 1127 1198 1198 μόνου
1229 1125 1484 1194 γενέσθαι
1509 1123 1605 1176 τοῦ
1633 1124 1744 1176 νοῦ.

372 1223 474 1295 ιδ’.
503 1224 614 1279 Νοῦ
646 1221 923 1290 Θεοφιλοῦς
960 1218 1278 1291 μαρτύριον,
1311 1216 1442 1286 εὐχὴ
1477 1215 1870 1286 μονολόγιστος,

305 1320 402 1372 καὶ⁵
427 1319 585 1386 λόγος
621 1315 828 1383 καίριος
849 1352 863 1376 ,
898 1311 1165 1381 ἔμφρονος
1193 1306 1484 1377 λογισμοῖν
1513 1305 1786 1375 μονοειδὴς
1817 1302 1873 1354 δὲ

305 1411 513 1478 γεῦσις,
569 1406 665 1476 τῆς
703 1403 990 1471 ἐλευθέρας
1027 1400 1111 1467 εἴη
1157 1397 1484 1467 αἰσθήσεως.
1532 1395 1621 1446 Ἐν
1665 1391 1874 1454 τούτοις

306 1492 397 1554 οὖν
431 1501 538 1561 τοῖς
569 1495 745 1566 τρισὶν
775 1485 1048 1563 ὲρῥῶσθαι
1083 1488 1151 1542 τὰ
1181 1485 1280 1551 τῆς
1317 1485 1494 1556 ψυχῆς
1530 1485 1766 1552 λέγεται.

377 1595 480 1658 ιιεν.
545 1587 849 1655 Δεανθῆναι
915 1575 1093 1645 καλῶς
1153 1581 1262 1644 δεῖ,
1317 1575 1408 1631 καὶ
1460 1573 1870 1642 ἁπαλυνθῆναι,

302 1682 494 1751 ὥσπερ
527 1679 636 1732 τῶν
667 1675 926 1739 παιδίων,
965 1673 1066 1743 τὴν
1107 1671 1268 1741 φύσιν
1308 1669 1400 1722 τοῦ
1440 1666 1763 1737 εὐχομένου·
1800 1664 1876 1727 ώς

1628 271 2066 332 ANTHOLOGI
2085 273 2212 333 ΗΜ.

3422 274 3557 336 ΙΙίὺ

2056 387 2144 441 9|.
2192 387 2317 440 Post
2359 402 2613 455 sponsam
2648 402 2770 456 qua:
2809 385 2862 440 in
2891 385 3134 441 Canticis
3165 387 3561 453 introducitur,

1980 485 2160 546 priest
2236 477 2401 529 etiam
2480 477 2660 528 oratio
2713 489 2913 544 sponsa
2969 475 3197 528 amatori
3221 490 3322 528 suo
3351 475 3562 540 dicere,

1989 587 2007 617 ι
2056 567 2172 620 Illic
2208 567 2284 635 (in
2310 566 2529 636 lugubri
2570 566 2825 620 videlicet
2855 567 3135 628 cubiculo,
3169 566 3292 621 vitae
3337 567 3560 620 virtuti-

1980 659 2083 713 bus
2108 659 2327 727 deditae)
2354 658 2496 712 dabo
2517 657 2615 712 tibi
2639 658 2807 711 ubera
2827 673 2946 714 mea
2973 659 3040 722 “,
3073 678 3092 710 ι
3130 657 3172 714 si
3207 669 3322 712 toto
3357 658 3558 712 aﬂ‘ectu

1981 766 2066 807 me
2098 751 2379 805 dilexeris.

2051 841 2140 897 92.
2196 841 2448 896 Studium
2509 840 2778 895 orationis
2827 841 3033 894 habere
3075 857 3183 895 non
3234 851 3415 912 potest
3463 847 3558 912 qui

1983 948 2093 987 non
2128 934 2344 988 cunctis
2369 933 2709 988 renuntiavit
2734 933 3134 988 matorialibns.

2052 1025 2140 1079 95.
2168 1026 2372 1080 Praeter
2394 1026 2559 1079 vitam
2590 1035 2646 1081 et
2675 1025 2950 1096 spiritum,
2980 1025 3164 1079 omnia
3197 1025 3344 1080 foras
3365 1032 3558 1081 emitte

1983 1111 2036 1165 in
2069 1112 2342 1175 oratione,
2385 1112 2428 1165 si
2463 1113 2544 1166 vis
2572 1115 2721 1168 solus
2747 1125 2870 1168 cum
2907 1115 3023 1168 solo
3049 1131 3170 1169 esse
3200 1115 3404 1170 animo.

2054 1197 2418 1267 96.Spiritus
2477 1197 2644 1252 Deum
2686 1198 2966 1269 diligentis
3017 1201 3174 1254 testis
3231 1209 3316 1254 est
3375 1201 3558 1254 oratio

1984 1291 2292 1360 soliloqua;
2323 1297 2468 1344 sanae
2517 1291 2769 1354 rationis,
2821 1307 3002 1346 sermo
3052 1293 3452 1361 tempestivus;
3505 1302 3563 1347 et

1984 1383 2144 1438 liberi
2175 1398 2371 1438 sensus
2413 1425 2428 1450 ,
2459 1392 2651 1453 gustus
2685 1384 2997 1438 uniformis.
3027 1385 3088 1438 ln
3122 1385 3210 1439 his
3262 1385 3428 1455 igitur
3463 1385 3564 1438 tri-

1987 1477 2089 1530 bus
2122 1486 2232 1530 tota
2266 1477 2348 1529 vis
2381 1477 2574 1530 animat
2610 1487 2866 1530 constare
2911 1477 3131 1530 dicitur.

2053 1569 2142 1625 95.
2188 1570 2454 1638 Perpoliri
2486 1580 2703 1640 oportet
2732 1585 2794 1624 ac
2822 1570 3043 1633 molliri,
3074 1569 3212 1622 sicut
3241 1585 3564 1637 puerorum,

1988 1669 2240 1716 naturam
2273 1663 2504 1726 orantis,
2531 1671 2589 1714 ut
2641 1662 2803 1732 hujus
2841 1663 2984 1716 sicut
3015 1671 3070 1715 et
3097 1661 3316 1714 illorum
3369 1670 3566 1714 natura

304 1773 371 1827 ἂν
399 1771 540 1825 κατά
569 1768 668 1839 τὴν
703 1767 945 1837 ἐκείνων,
977 1766 1069 1818 καὶ
1100 1766 1132 1834 ἡ
1162 1761 1348 1815 τούτου
1376 1758 1632 1820 εὐείκτως
1656 1755 1875 1824 δέξηται

1989 1753 2243 1807 dociliter
2272 1755 2502 1822 accipiat
2533 1754 2862 1822 proveniens
2887 1770 2954 1808 ex
2983 1753 3230 1808 oratione
3254 1755 3564 1808 incremen-

303 1863 403 1933 τὴν
433 1864 499 1915 ὲκ
538 1861 636 1929 τῆς
681 1858 846 1927 εὐχῆς
892 1849 1286 1923 ὲνταττομένην
1316 1848 1632 1914 ἀνάπτυξιν.
1680 1849 1768 1901 Διδ
1801 1847 1875 1918 μὴ

308 1952 500 2020 ἀμέλει
527 1950 555 2002 6
582 1944 918 2016 συνοφθῆναι
946 1943 1118 2017 ταύτῃ
1149 1941 1336 2010 φιλῶν.

380 2039 496 2107 ις’.
530 2038 602 2092 Οὐ
632 2035 828 2096 πάντες
864 2035 954 2086 τὸν
980 2033 1142 2086 αὑτὸν
1175 2031 1374 2084 σκοπὸν
1403 2031 1458 2084 ὲν
1487 2031 1617 2101 εὐχῇ
1649 2029 1875 2095 κέκτην-

310 2149 434 2186 ται·
479 2132 508 2183 6
560 2127 658 2200 μὲν
689 2125 896 2190 τοῦτον,
942 2127 969 2178 6
1011 2124 1066 2178 δὲ
1111 2124 1290 2178 ἄλλον.
1330 2122 1389 2175 ’0
1425 2123 1524 2193 μὲν
1562 2121 1796 2190 εὔχεται,
1828 2118 1875 2170 εί

311 2221 423 2278 οἷόν
451 2240 508 2277 τε
533 2263 547 2287 ,
587 2221 723 2292 μετὰ
773 2220 869 2288 τῆς
908 2217 1072 2288 εὐχῆς
1111 2213 1248 2269 εἶναι
1285 2214 1384 2285 τὴν
1433 2214 1656 2282 καρδίαν
1703 2210 1866 2265 αὑτοῦ

312 2313 538 2366 πάντοτε
563 2326 576 2340 ⁸
608 2307 636 2360 6
671 2309 726 2361 δὲ
761 2309 851 2359 καὶ
901 2307 1035 2376 πρὸς
1071 2306 1130 2358 τὺ
1161 2303 1464 2372 ὑπερϐῆναι
1499 2303 1695 2369 αὐτήν·
1730 2303 1757 2352 6
1789 2299 1866 2362 δὲ,

311 2405 397 2458 ῖνα
436 2401 509 2472 μὴ
550 2401 826 2468 λογισμοῖς
864 2399 921 2450 ὲν
950 2398 1080 2467 εὑχῇ
1113 2396 1531 2465 περικόπτηται.
1579 2394 1783 2454 Πάντες
1815 2383 1871 2443 δὲ

309 2492 577 2562 εὔχονται,
601 2488 634 2558 ἦ
661 2487 1059 2559 συντηρηθῆναι
1103 2487 1162 2539 ὲν
1215 2484 1458 2552 ἀγαθοῖς,
1489 2483 1522 2552 ἢ
1555 2483 1629 2552 μὴ
1665 2498 1870 2534 συναπ-

307 2585 536 2654 αχθῆναι
558 2583 763 2643 κακοῖς.

380 2673 483 2742 ιιξ.
517 2675 578 2726 Εἰ
609 2672 667 2736 ἐξ
707 2671 867 2741 εὐχῆς
899 2669 1073 2731 οὐδεὶς
1103 2668 1467 2728 ἀταπείνωτος
1507 2665 1870 2737 (συντρίϐεται

310 2771 366 2820 ὲν
393 2763 734 2825 ταπεινώσει,
767 2763 855 2813 καὶ
885 2763 991 2830 γὰρ
1013 2763 1040 2812 6
1066 2760 1398 2830 εὐχόμενος),
1423 2760 1521 2811 οὐκ
1548 2758 1657 2826 ἄρα
1687 2759 1743 2809 ὲν
1772 2774 1870 2808 ταο

311 2857 560 2912 πεινώτει
589 2855 944 2926 προσεύχεται
972 2855 998 2904 6
1025 2850 1220 2915 ἔξωθεν
1245 2850 1658 2920 θρασυνόμενος.

379 2950 486 3020 ιιη’.
516 2949 658 3019 Πρὸς
687 2948 784 3016 τὴν
807 2949 981 3017 χήραν
1007 2945 1105 3014 τὴν
1137 2944 1273 3014 πρὸς
1297 2944 1388 2996 τὸν
1411 2942 1561 3011 ώμὸν
1591 2942 1687 3010 τὴν
1717 2939 1870 3008 δίκην

312 3041 564 3098 κινοῦσαν
597 3039 786 3108 κριτὴν
816 3037 1032 3106 ἀφορῶν
1065 3038 1092 3088 6
1118 3037 1426 3104 εὐχόμενος,
1451 3033 1552 3085 οὐκ
1576 3031 1872 3100 ἐκκακήσει

312 3134 444 3188 ποτὲ
467 3133 554 3186 διὰ
579 3134 675 3201 τὴν
703 3131 1008 3202 βραδυτῆτα
1029 3129 1135 3181 τῶν
1157 3127 1374 3195 ἀγαθῶν
1401 3125 1765 3195 ὑποσχέσεων.

392 3291 497 3360 ἥθ’.
537 3293 610 3345 Οὐ
652 3294 962 3366 παραμείνῃ
994 3310 1076 3345 σοι
1115 3293 1268 3362 εὐχὴ,
1306 3293 1383 3363 τῷ
1425 3294 1561 3362 πρὸς
1599 3295 1666 3344 τὰ
1701 3283 1883 3347 συλλ.οέ

319 3382 580 3454 γιζόμενα
615 3382 814 3435 ἔσωθεν
839 3424 852 3446 ,
883 3385 976 3436 καὶ
1008 3382 1338 3452 όμιλούμενα
1369 3382 1569 3445 ἔξωθεν
1612 3383 1879 3452 ἐμϐραδύ-

321 3491 484 3528 νοντι.
526 3475 590 3526 Ἠ
620 3473 757 3542 αὐτὴ
799 3474 854 3526 δὲ
886 3474 1181 3543 ὀφθήσεται
1215 3473 1661 3543 ὑποστρέφουσα,
1700 3473 1777 3541 τῷ
1815 3473 1882 3526 δι’

322 3564 488 3634 αὐτὴν
517 3564 936 3634 ὑποτεμνομένῳ
961 3565 1026 3616 τὰ
1056 3563 1294 3616 πλείονα.

403 3647 460 3722 ρ’.
489 3651 552 3704 Et
579 3651 652 3720 μὴ
683 3652 761 3713 είς
787 3650 1019 3719 λαγόνας
1039 3651 1216 3722 ψυχῆς
1247 3651 1544 3704 είσδύνουσι
1571 3649 1638 3704 τὰ
1661 3652 1881 3722 ῥήματα

317 3742 417 3807 τῆς
440 3743 625 3811 εὐχῆς,
652 3743 752 3795 οὐκ
776 3743 839 3795 ἂν
863 3745 939 3804 εἰς
966 3743 1063 3805 τὰς
1089 3743 1183 3796 τοῦ
1215 3742 1504 3812 προσώπου
1541 3743 1792 3810 σιαγόνας
1813 3742 1882 3796 τὰ

321 3830 530 3900 δάκρυα
566 3831 992 3902 περικλυσθῆναι
1027 3827 1557 3904 συγχωρηοήσονται.

397 3926 500 3990 ραθ.
562 3921 905 3975 Ἀνατελοῢσι
950 3924 1180 3993 γεωργῷ
1215 3924 1313 3992 μὲν
1356 3923 1425 3976 τὰ
1452 3924 1768 3994 δράγματα,
1803 3925 1876 3993 μὴ

321 4012 444 4064 κατ’
475 4011 596 4080 ὄψιν
629 4013 737 4065 τῶν
773 4015 1098 4082 σπερμάτων
1130 4014 1392 4083 ῥιφέντων
1417 4014 1518 4083 τῆς
1546 4015 1667 4084 γῆς.
1696 4015 1878 4069 Μονα-

320 4102 400 4170 χῷ
432 4102 488 4154 δὲ
540 4102 610 4154 τὰ
647 4103 859 4173 δάκρυα
913 4102 1336 4166 ἀναϐλύσουσιν,
1383 4104 1484 4156 οὐκ
1525 4105 1753 4174 ἀπονητὶ
1800 4105 1878 4175 τῷ

324 4193 702 4262 μετερχομένῳ
731 4194 797 4244 τὰ
826 4193 1044 4262 ῥήματα
1075 4195 1174 4260 τῆς
1206 4193 1389 4262 εὐχῆς.

395 4280 493 4350 ρβῖ
545 4284 707 4346 Κλεὶς
753 4285 994 4353 οὐρανῶν
1041 4284 1349 4352 βασιλείας,
1381 4285 1535 4354 εὐχή.
1587 4285 1802 4355 Ταύτην
1847 4287 1875 4338 6

319 4373 562 4442 κατέχων
589 4372 664 4436 ώς
697 4373 814 4435 δεῖ,
846 4375 946 4443 ὁρᾷ
977 4375 1044 4425 τὰ
1076 4377 1132 4425 ἐν
1160 4375 1295 4444 αὐτῇ
1327 4376 1658 4444 ἀποκείμενα
1697 4375 1874 4443 ἀγαθά

1991 1855 2129 1900 tnm.
2181 1845 2362 1912 Quare
2417 1861 2525 1898 non
2562 1846 2844 1916 negligens
2879 1855 2966 1899 est
3020 1845 3113 1914 qui
3144 1845 3274 1898 huic
3308 1844 3563 1912 conjungi

1987 1929 2159 2000 cupit.

2057 2014 2146 2085 96ξ
2177 2011 2294 2066 Νοη
2326 2026 2517 2066 omnes
2543 2010 2799 2066 eumdem
2836 2009 2998 2064 tinem
3043 2012 3097 2063 in
3139 2009 3391 2063 oratione
3423 2010 3568 2063 obti-

1989 2116 2162 2170 nent;
2193 2104 2285 2160 Sed
2336 2104 2428 2158 hic
2459 2119 2653 2166 unum,
2682 2110 2738 2158 et
2772 2102 2862 2157 ille
2901 2103 3155 2157 alterum.
3188 2102 3341 2156 Alius
3366 2119 3563 2171 prcca-

1993 2207 2082 2251 tur
2127 2209 2207 2260 ut,
2242 2197 2287 2250 si
2319 2195 2434 2249 ﬁeri
2481 2195 2675 2263 possit,
2717 2209 2814 2248 sua
2859 2209 3015 2248 mens
3069 2194 3122 2246 in
3155 2195 3401 2249 oratione
3433 2212 3564 2265 per-

1989 2303 2152 2361 petua
2189 2301 2542 2361 perseveret;
2577 2287 2738 2348 alius,
2767 2294 2826 2340 ut
2849 2302 3008 2340 suum
3052 2289 3234 2340 vincat
3277 2288 3562 2356 animum;

1988 2386 2150 2449 alius,
2190 2395 2249 2438 ut
2280 2398 2390 2436 non
2427 2381 2683 2435 turbetur
2714 2378 3184 2433 distractionibus.
3215 2377 3416 2434 Omnes
3467 2397 3566 2433 an-

1990 2489 2100 2530 tem
2135 2483 2326 2544 rogant
2357 2489 2416 2528 se
2448 2473 2532 2527 vel
2565 2473 2616 2525 in
2645 2472 2791 2525 bono
2819 2486 3196 2540 perseverare,
3223 2473 3306 2526 vel
3340 2488 3370 2526 a
3425 2474 3566 2528 malo

1990 2561 2291 2615 divertere.

2059 2651 2148 2706 97.
2188 2648 2242 2704 Si
2275 2665 2340 2703 ex
2370 2648 2619 2702 oratione
2676 2663 2839 2702 nemo
2877 2663 2983 2701 non
3015 2648 3071 2701 ﬁt
3110 2648 3331 2700 humilis
3366 2648 3566 2716 (humi-

1989 2747 2117 2801 liter
2159 2741 2305 2796 enim
2333 2741 2641 2793 conteritur
2658 2741 2750 2810 qui
2774 2739 2942 2811 orat),
2973 2757 3079 2794 non
3115 2741 3281 2810 igitur
3309 2756 3432 2794 cum
3462 2743 3566 2792 hu-

1991 2839 2221 2894 militate
2249 2843 2388 2900 orat,
2421 2831 2515 2903 qui
2544 2831 2611 2888 de
2641 2829 2807 2886 rebus
2874 2833 3246 2887 exterioribus
3269 2833 3562 2903 gloriatur.

2057 2927 2144 2976 98.
2185 2925 2237 2974 bi
2275 2925 2493 2978 viduam
2523 2923 2694 2984 illam,
2727 2933 2850 2988 qua:
2877 2917 3030 2971 litem
3071 2932 3224 2970 suam
3287 2917 3353 2969 ad
3388 2917 3568 2970 immi-

1993 3023 2101 3071 tem
2161 3015 2438 3069 detulerat
2467 3013 2734 3082 judicem,
2778 3009 3078 3079 respexerit
3110 3008 3204 3077 qui
3262 3018 3402 3074 orat,
3455 3024 3563 3062 non

1911 3080 1954 3138 (ί
1993 3106 2362 3177 despondebit
2434 3080 2678 3159 animum
2741 3110 2969 3172 propter
3041 3117 3225 3155 moras
3295 3101 3564 3154 bonarum

1993 3198 2440 3268 promissionum.

2064 3288 2152 3342 99.
2185 3287 2301 3341 Non
2348 3282 2691 3355 permanebit
2739 3280 2915 3334 oratio
2969 3280 3090 3345 tibi,
3139 3280 3566 3350 cogitationibus

1996 3377 2231 3432 internis
2255 3377 2610 3443 externisque
2633 3371 2979 3426 sermonibus
3010 3369 3322 3424 immoranti
3341 3387 3354 3430 ;
3372 3369 3564 3422 eadem

1992 3482 2128 3520 vero
2161 3466 2255 3519 tibi
2300 3464 2478 3519 redire
2538 3469 2819 3524 cernctur,
2847 3460 3007 3529 plura
3042 3467 3269 3527 prapter
3323 3474 3444 3512 cam
3477 3459 3564 3510 in-

1996 3554 2343 3609 terrnittcnti.

2070 3644 2191 3698 100.
2225 3643 2340 3698 Nisi
2375 3641 2538 3695 verba
2566 3639 2830 3694 orationis
2881 3637 2934 3690 in
2988 3635 3102 3705 ipsa
3135 3636 3328 3688 animae
3356 3636 3564 3691 viscera

1994 3736 2373 3808 penetrarint,
2420 3735 2674 3804 lacrynia:
2733 3747 2826 3801 per
2881 3730 3091 3784 vultum
3157 3743 3378 3783 manare
3452 3744 3562 3783 non

1993 3837 2487 3980 poiiirinltgricolae
2527 3907 2861 3977 respondent
2886 3914 3120 3974 segetes,
3161 3904 3416 3972 quamvis
3451 3919 3561 3957 non

1994 4007 2260 4074 inspectis
2278 4012 2436 4057 antea
2458 4018 2579 4070 qua:
2603 4015 2759 4054 terra:
2782 3996 3077 4052 committit
3107 3993 3412 4047 seminibus
3436 4010 3450 4057 ;
3477 4003 3564 4048 ast

1994 4095 2260 4150 monacho
2312 4092 2531 4147 enixius
2569 4089 2732 4144 verba
2791 4085 3059 4140 orationis
3111 4098 3298 4137 secum
3354 4091 3566 4152 pertra-

1993 4185 2188 4246 ctanti,
2219 4184 2581 4252 lacrymarum
2627 4179 2726 4232 rivi
2774 4176 3073 4246 proﬂuunt.

2071 4267 2194 4321 102.
2227 4265 2408 4320 Clavis
2454 4265 2607 4332 regni
2641 4261 2908 4315 caelorum
2940 4258 3116 4312 oratio
3141 4267 3244 4312 est.
3295 4257 3446 4312 Hanc
3468 4260 3566 4327 qui

1997 4367 2149 4414 tenet
2194 4369 2295 4426 pro
2331 4370 2400 4410 eo
2451 4368 2514 4406 ac
2559 4351 2736 4415 decet,
2781 4365 2903 4420 quae
2961 4358 3090 4404 sunt
3162 4348 3214 4401 in
3246 4362 3308 4401 ea
3371 4348 3570 4402 amicis

318 4463 430 4524 τοῖς
453 4434 626 4531 φίλοις
647 4434 839 4533 αὐτῆς.
870 4434 1018 4517 Μόνα
1041 4465 1096 4516 δὲ
1121 4465 1188 4516 τὰ
1211 4434 1450 4534 παρόντα
1478 4434 1814 4536 περισκοπεῖ,
1846 4469 1873 4520 6

1993 4447 2166 4519 ipsius
2197 4447 2340 4500 bona
2369 4442 2607 4514 reposita
2635 4441 2844 4507 cernit;
2873 4439 2987 4494 sola
3038 4448 3220 4492 autem
3274 4439 3564 4506 praesentia

318 4553 626 4622 παρρησίαν
653 4554 710 4606 ὲν
739 4553 920 4624 εκείνη
956 4549 1029 4624 μὴ
1055 4553 1316 4623 ἐσχηκώς.

393 4776 494 4843 ργ’.
529 4778 602 4828 Οὐ
636 4777 858 4829 δύναται
887 4777 914 4827 6
946 4777 1067 4836 νοῦς
1110 4779 1163 4826 ὲν
1207 4775 1380 4843 γαιρῷ
1407 4775 1504 4840 τῆς
1537 4772 1696 4841 εὐχῆς
1739 4773 1873 4839 μετά

319 4869 630 4938 παρρησίας
661 4869 836 4935 λέγειν
866 4867 997 4935 πρὸς
1028 4867 1114 4918 τὸν
1141 4866 1270 4918 Θεόν
1291 4884 1303 4895 ·
1344 4885 1361 4915 ι
1413 4865 1706 4935 Διέῤῥηξας
1750 4865 1874 4917 τοὺς

319 4965 551 5032 δεσμούς
604 4980 724 5034 μου·
769 4964 852 5015 σοὶ
907 4963 1054 5014 Θύσω
1105 4961 1291 5014 θυσίαν
1330 4961 1610 5021 αίνέσεως,
1651 4977 1669 5010 ι
1705 4963 1752 5010 εί
1805 4961 1876 5030 μὴ

320 5053 549 5130 δειλίας,
585 5054 678 5107 καὶ
711 5054 1016 5124 ῥᾳθυμίας,
1050 5051 1405 5114 πολυῦπνίας,
1435 5051 1529 5102 καὶ
1555 5049 1878 5118 ἠδυφαγίας,

322 5149 381 5212 ἐξ
415 5139 488 5201 ὧν
511 5147 570 5200 τδ
608 5147 841 5211 πταίειν,
871 5143 1138 5215 ἐπιθυμίᾳ⁵
1165 5143 1275 5196 τῶν
1319 5143 1642 5214 κρειττόνων
1664 5182 1678 5205 ,
1715 5145 1882 5214 ἀπορ-

323 5241 490 5321 βαιῇ.

397 5326 486 5398 ρδ’.
525 5329 670 5393 Ἐξω
697 5327 791 5380 τοῦ
815 5325 1030 5398 πρώτου
1078 5327 1564 5394 καταπετάσματος
1592 5324 1804 5376 ἵσταται
1831 5325 1886 5374 εν

322 5423 455 5490 εὐχῇ
485 5423 514 5475 6
567 5420 930 5492 ῥεμϐόμενος·
979 5418 1186 5471 ἔνδοθεν
1219 5419 1274 5470 δὲ
1321 5417 1568 5486 γίνεται,
1601 5415 1630 5468 6
1672 5415 1887 5485 μονολό-

323 5529 509 5581 γιστον
540 5511 781 5578 ἒξανύων
813 5511 1005 5580 αὐτήν.
1037 5511 1211 5572 Μόνος
1241 5509 1296 5561 δὲ
1338 5512 1417 5572 είς
1460 5510 1528 5562 τὰ
1577 5509 1740 5576 ’Ἅγια
1783 5505 1890 5558 τῶν

323 5606 496 5670 ἁγίων
523 5605 860 5674 παρέκυψεν,
897 5606 924 5656 6
951 5602 1091 5672 μετά
1116 5603 1212 5671 τῆς
1256 5601 1477 5671 εἰρήνης
1507 5602 1615 5653 τῶν
1648 5597 1891 5666 φυσικῶν

397 5799 443 5835 ⁸⁹
464 5803 620 5858 Cant.
663 5804 880 5860 vn.1:‘.
959 5802 998 5834 ¹¹
1036 5799 1174 5856 Psal.
1208 5813 1328 5854 ειν.
1367 5797 1451 5852 16.
1479 5797 1564 5852 Π.

1992 4539 2388 4608 circumspicit,
2416 4537 2508 4607 qui
2536 4536 2591 4590 in
2621 4549 2683 4591 ea
2713 4534 3020 4589 libertatem
3052 4531 3421 4599 ﬁduciamque
3452 4545 3565 4583 non

1989 4644 2074 4690 est
2119 4637 2470 4688 consecutus.

2066 4746 2190 4801 105.
2248 4743 2366 4798 Non
2419 4748 2603 4811 potest
2670 4738 2884 4792 animus
2939 4737 3081 4790 inter
3124 4733 3392 4788 orandum
3446 4732 3564 4785 Deo

1995 4839 2228 4893 ﬁdenter
2273 4835 2454 4890 dicere
2498 4850 2512 4886 :
2552 4851 2569 4883 ι
2641 4829 2899 4899 Dirupisti
2936 4827 3154 4882 vincula
3238 4840 3382 4887 mea,
3465 4823 3563 4876 tibi

1994 4906 2314 4984 sacriﬁcabo
2335 4925 2567 4980 hostiam
2587 4922 2764 4977 laudis
2783 4922 2846 4984 “,
2872 4940 2889 4971 ι
2917 4920 3068 4974 nisi-a
3090 4915 3562 4988 pusillanimitate,

1996 5021 2270 5083 socordia,
2295 5018 2616 5082 voracitate,
2657 5024 2714 5069 et
2758 5013 3020 5084 ingluvie,
3043 5009 3245 5078 quibus
3289 5006 3562 5074 delinqui-

1997 5122 2106 5175 tur,
2145 5109 2421 5166 desiderio
2460 5107 2747 5166 meliorum
2800 5119 2920 5158 St'Se
2953 5099 3273 5156 asseruerit.

2075 5323 2194 5377 lO-i.
2223 5321 2386 5375 Extra
2423 5317 2655 5387 prinnnn
2710 5315 2888 5367 velum
2927 5321 3033 5367 stat
3073 5309 3168 5380 qui
3215 5309 3270 5363 in
3319 5308 3567 5363 oratione

1997 5413 2359 5471 distrahitur;
2395 5411 2537 5462 intra
2571 5421 2719 5468 vero,
2756 5405 2848 5473 qui
2875 5419 2993 5457 eam
3019 5401 3121 5456 sibi
3153 5399 3255 5455 soli
3289 5397 3571 5467 loquendo

1997 5510 2251 5564 absolvit.
2292 5505 2455 5561 Solus
2494 5509 2674 5555 autem
2713 5499 2766 5552 in
2825 5498 2940 5567 ipsa
2993 5498 3190 5551 Sancta
3247 5501 3566 5548 sanctorum

1997 5599 2327 5671 introspicit,
2390 5595 2483 5667 qui
2535 5592 2879 5650 naturalibus
2937 5586 3367 5660 cogitationibus
3432 5593 3567 5652 pace
