3958 6204
389 175 567 290 ἰιιγ

1819 234 2016 293 ELl/E
2059 236 2306 298 ECDICI

3573 258 3706 326 ms

423 339 766 410 compositis,
792 347 848 395 et
871 340 940 394 de
1001 338 1262 394 felicitate
1303 355 1524 397 omnem
1583 343 1982 416 intelligentia"

2125 345 2418 415 λογισμῶν,
2457 352 2550 404 καὶ
2578 355 2643 407 τὰ
2671 359 2797 426 περὶ
2827 359 2924 429 τῆς
2957 362 3136 418 πάντα
3167 367 3291 421 νοῦν
3322 371 3710 448 ὑπερεχούσης

423 442 721 500 superante
743 431 1058 495 meditatur,
1091 440 1148 485 et
1172 431 1298 486 inde
1335 435 1491 502 quasi
1535 435 1720 491 divina
1763 439 1998 508 quadam

423 523 765 592 apparitione
809 523 1134 577 honoratur.

502 616 618 670 105.
650 613 785 669 Cum
817 614 886 667 ab
912 614 1156 670 externis
1181 616 1364 670 anima
1397 633 1517 673 sese
1579 635 1807 674 vacuam
1860 636 2002 690 prm-

425 705 644 769 stiterit,
678 713 789 758 tum
821 721 943 760 eam
989 705 1206 761 ﬂamma
1241 709 1490 778 quaadam
1547 712 1790 782 undique
1842 727 1999 769 com-

422 799 575 865 plexa
607 797 1037 866 quodammodo,
1069 815 1171 856 ceu
1201 801 1342 871 ignis
1382 801 1616 870 ferrum,
1648 812 1817 859 totam
1873 820 2005 862 ean-

420 890 640 946 dentem
698 891 900 956 etlicit;
961 902 1018 946 et
1068 908 1194 948 cum
1242 895 1316 949 sit
1354 896 1538 952 anima
1593 899 1813 966 eadem,
1889 917 2000 957 non

421 991 602 1037 tamen
635 993 718 1038 est
751 984 1182 1050 contrectabilis,
1216 995 1277 1042 ut
1300 1003 1480 1058 neque
1510 989 1716 1045 ferrum
1768 993 1998 1063 ignitum

419 1075 674 1130 manibus
721 1078 959 1146 contingi
1008 1087 1209 1148 potest.

493 1166 614 1219 106.
641 1167 845 1224 Beatus
870 1170 964 1238 qui
994 1170 1047 1224 in
1079 1171 1185 1226 hac
1211 1171 1323 1228 vita
1352 1173 1477 1230 talis
1504 1176 1743 1247 spectari
1771 1177 1996 1243 meruit,

415 1268 471 1312 et
504 1261 858 1314 simulacrum
901 1279 1061 1316 suum
1098 1263 1229 1333 (hoc
1271 1273 1358 1320 est
1401 1267 1639 1321 animam
1675 1269 1770 1325 Dei
1801 1269 1998 1341 imagi-

415 1354 586 1424 nem),
621 1364 811 1410 natura
853 1359 1001 1412 velut
1027 1358 1262 1424 luteum,
1304 1361 1480 1431 gratia
1511 1363 1732 1434 igneum
1762 1365 1993 1435 aspexit.

487 1447 609 1501 107.
648 1449 881 1504 Novitiis
911 1452 1094 1506 adhuc
1119 1468 1217 1508 seu
1253 1454 1526 1511 tironibus
1546 1457 1630 1512 lex
1654 1460 1846 1514 orandi
1879 1469 1997 1513 tan-

413 1555 578 1608 quam
607 1542 874 1597 molestus
895 1543 1097 1614 aliquis
1116 1553 1172 1600 et
1196 1561 1452 1603 morosus
1474 1548 1734 1607 dominus
1755 1552 1961 1622 imponi
1979 1585 1994 1593 -

415 1638 533 1693 tur;
560 1629 1006 1696 provectioribus
1026 1642 1209 1688 autem
1233 1644 1321 1692 est
1343 1653 1520 1706 amor,
1547 1656 1658 1710 quo
1681 1641 1994 1698 esurientes

413 1718 564 1772 velut
591 1719 658 1773 ad
695 1722 1012 1777 convivium
1038 1735 1424 1796 sumptuosum
1454 1733 1883 1800 compelluntur.

485 1811 606 1866 108.
641 1812 746 1880 Qui
807 1816 978 1884 probe
1030 1818 1085 1872 in
1119 1820 1232 1875 vita
1292 1823 1470 1878 activa
1521 1834 1838 1895 versantur,
1896 1844 1996 1885 eos

412 1901 590 1956 oratio
617 1902 921 1972 interdum,
985 1917 1045 1963 ut
1094 1911 1274 1967 nubes
1335 1913 1701 1984 obumbrans,
1770 1930 1998 1977 urentes

411 1995 804 2065 cegitationum
857 1999 1042 2057 radios
1096 2003 1165 2057 ab
1233 2004 1339 2060 illis
1397 2017 1549 2064 arcet
1591 2025 1655 2064 ac
1709 2010 1991 2068 defendit:

410 2086 688 2143 interdum
719 2091 1082 2163 lacrymarum
1111 2099 1266 2167 quasi
1302 2100 1598 2158 stillicidiis
1629 2118 1726 2158 eos
1759 2105 1992 2175 perfun-

409 2179 510 2244 dit,
543 2197 607 2236 ac
635 2184 944 2253 spiritualia
970 2204 1091 2258 qua:
1133 2195 1582 2264 contemplemur
1620 2197 1987 2256 demonstrat.

479 2272 602 2329 109.
639 2274 836 2330 Suavis
857 2277 1078 2347 quidem
1111 2283 1423 2351 reperietur
1453 2301 1626 2342 sonus
1667 2288 1738 2344 ab
1801 2290 1988 2360 aliquo

403 2363 715 2422 forinsecus
769 2370 1033 2440 pulsatae;
1069 2373 1252 2430 anima
1293 2393 1446 2443 vero,
1492 2395 1604 2434 non
1646 2393 1989 2439 consonante

401 2461 508 2516 sibi
542 2463 683 2519 intra
714 2468 1021 2525 orationem
1072 2474 1302 2543 mystica
1330 2475 1574 2545 Spiritus
1620 2479 1984 2548 allocutione,

401 2563 644 2610 sanetam
675 2559 882 2616 sentire
906 2564 1099 2633 nequit
1138 2571 1647 2640 eompunctionem.
1681 2573 1809 2632 Haec
1834 2578 1982 2633 enim

401 2647 591 2712 verba,
628 2668 647 2702 ι
715 2652 856 2718 Quid
906 2671 1130 2714 oremus
1195 2661 1339 2718 sicut
1369 2675 1590 2734 oportet
1623 2669 1923 2736 nescimus,
1958 2691 1976 2725 ι

399 2737 466 2792 ad
495 2739 600 2796 hoc
632 2742 899 2803 inducunt
921 2760 1192 2808 orantem.

412 2909 2257 2950 Ἢ

2122 434 2574 510 διασκεπτόμενος
2606 446 2700 498 καί
2729 465 2872 512 τινος
2911 453 3122 509 ἐκεῖθεν
3167 457 3488 530 θεοφανείας
3532 485 3705 522 κατα-

2121 526 2234 591 ξιού
2243 547 2423 596 μενος.

2192 619 2287 690 ρε¹.
2335 623 2562 680 Ὀπόταν
2589 631 2695 684 ἀπὸ
2733 633 2842 688 τῶν
2885 636 3085 702 ἔξωθεν
3134 644 3442 714 σχολάσασα
3479 654 3510 722 ή
3554 654 3711 725 ψυχὴ

2119 712 2361 784 συναφθῇ
2392 717 2456 785 τῇ
2485 718 2638 789 εὐχῇ,
2670 721 2790 774 τότε
2819 718 2908 777 οἷά
2945 744 3028 790 τις
3062 712 3197 798 φλὸξ.
3232 712 3710 804 περικυκλιῦσαζα

2115 800 2315 871 ταύτην
2346 805 2526 878 ἐκείνη
2551 848 2564 872 ,
2599 809 2818 882 σίδηρον
2864 815 3118 890 καθάπερ
3168 823 3231 875 τὺ
3271 800 3401 898 πῦρ,
3438 848 3705 903 πεπυραο

2113 891 2397 963 κτωμένην
2434 896 2562 966 ὅλην
2607 902 2950 972 καθίστησιν.
2994 909 3104 962 Καὶ
3153 912 3266 968 ἔστι
3314 891 3460 990 ψυχὴ
3513 891 3624 991 μὲν
3668 927 3704 995 ἡ

2110 981 2269 1052 αὐτὴ,
2300 985 2399 1037 οὐκ
2431 987 2509 1041 ἔτι
2540 990 2594 1044 δὲ
2635 996 2727 1047 καὶ
2755 997 2920 1067 ἀπτή’
2960 1002 3079 1056 οὐδὲ
3109 1007 3218 1079 γὰρ
3249 1012 3277 1063 6

2113 1072 2348 1144 σίδηρος,
2380 1082 2498 1143 ταῖς
2532 1079 2728 1146 ἔξωθεν
2758 1089 3016 1158 ἐπαφαῖς.

2181 1173 2292 1234 ρς⁹.
2323 1169 2604 1272 Μακόιριος
2634 1178 2664 1228 6
2694 1178 2751 1229 ὲν
2781 1181 2858 1251 τῷ
2899 1183 2998 1254 βέῳ
3025 1187 3198 1259 τούτῳ
3241 1193 3438 1250 οὑτωσὶ
3477 1199 3703 1272 θεωρηο

2971 1253 2979 1254 ,
3169 1253 3180 1259 -
3599 1253 3673 1272 τί.

2107 1253 2266 1322 θῆναι
2317 1261 2708 1330 καταξιωθεὶς,
2751 1270 2974 1325 καὶτὸν
3025 1277 3190 1330 αὐτοῦ
3247 1281 3405 1350 φύσει
3461 1288 3704 1360 πήλινον

2105 1344 2413 1417 ἀνδριάντα,
2449 1355 2629 1424 χάριτι
2658 1358 2882 1430 πύρινον
2917 1366 3168 1423 κατιδών.

2178 1438 2276 1507 ρξ’.
2302 1441 2424 1506 Τοῖς
2453 1445 2548 1514 μὲν
2572 1449 2968 1520 εἰσαγομένοις,
2993 1455 3163 1528 βαρὺς
3191 1459 3279 1517 οἷά
3304 1483 3386 1530 τις
3412 1469 3702 1544 δεσπότης

2101 1529 2130 1582 6
2162 1531 2323 1600 νόμος
2361 1536 2632 1592 ἐπίκειται
2660 1543 2757 1610 τῆς
2791 1545 2976 1617 εὐχῆςο
3007 1553 3120 1612 τοῖς
3151 1557 3458 1626 προκόψασι
3492 1564 3571 1623 δὲ.
3613 1529 3701 1632 ᾧ

2100 1621 2258 1691 ἔρως,
2283 1628 2310 1679 6
2333 1627 2672 1684 συνελαύνων
2693 1636 2962 1691 πεινῶντα
2978 1621 3232 1715 καθάπερ
3256 1621 3522 1723 πολυτελῆ

2029 1744 2068 1797 Β
2099 1716 2359 1772 ἑστίασιν.

2171 1814 2273 1877 ρη’.
2313 1810 2436 1873 Τοῖς
2485 1812 2667 1877 καλῶς
2723 1822 3143 1891 μετερχομένοις
3178 1827 3277 1898 τὴν
3317 1837 3644 1906 πρακτικὴν
3674 1881 3690 1905 ,

2094 1901 2224 1953 ποτὲ
2261 1904 2359 1971 μὲν
2382 1907 2412 1974 ἡ
2439 1906 2567 1977 εὐχὴ
2599 1908 2792 1979 νεφέλη
2823 1913 3075 1986 καθάπερ
3101 1919 3514 1989 ἐπισκιάζουσα,
3546 1901 3690 1995 τοὺς

2093 1996 2420 2058 καυστικοὺς
2459 1998 2712 2069 ἀπείργει
2752 2001 2809 2068 ἐξ
2855 2005 3035 2059 αὐτῶν
3083 2009 3409 2082 λογισμούς·
3447 2021 3579 2073 ποτὲ
3616 2023 3686 2076 δὲ

2093 2083 2356 2150 σταγόνας
2393 2081 2478 2139 οἷα
2523 2087 2775 2158 δακρύων
2820 2092 3042 2157 τούτους
3078 2081 3480 2167 ἐπιψειιάζουσα
3508 2149 3524 2173 ,
3557 2107 3688 2162 δεί-

2091 2188 2248 2226 κνυσι
2277 2176 2345 2228 τὰ
2373 2183 2720 2248 πνευματικὰ
2748 2183 3101 2258 θεωρήματα.

2160 2263 2259 2332 ρο’.
2306 2268 2432 2322 Ἡδὺ
2485 2271 2582 2338 μὲν
2625 2273 2840 2343 ἥδυσμα
2893 2280 3123 2351 κιθάρας
3177 2283 3279 2353 τῆς
3327 2289 3683 2359 κρουομὲνης

2091 2355 2195 2409 ὑπό
2213 2375 2354 2416 τινος
2380 2359 2578 2423 ἔξιιθεν
2609 2364 2962 2436 εὑρεθήσεται
2983 2389 2994 2401 ·
3026 2372 3170 2444 ψυχὴ
3191 2374 3266 2438 δὲ,
3298 2355 3374 2444 μὴν
3398 2355 3675 2450 συνήχού-

2089 2462 2188 2516 σης
2221 2447 2358 2518 αὐτῇ
2391 2449 2450 2501 ὲν
2494 2452 2624 2523 εὐχῇ
2661 2456 2757 2522 τῆς
2783 2457 2841 2509 ἐν
2893 2461 3162 2530 πνεύματι
3193 2467 3460 2537 μυστικῆς
3491 2447 3674 2539 «poc-

2091 2540 2415 2607 φωνήσεως,
2467 2544 2864 2612 εὐκατάνυκτος
2917 2554 2978 2604 οὐ
3021 2555 3227 2622 πέφυκε
3283 2560 3550 2626 γενεσθαι.
3589 2564 3674 2616 Th

2086 2627 2212 2698 γὰρ,
2256 2650 2273 2680 ι
2297 2633 2362 2684 Τί
2387 2636 2795 2708 προσευξόμεθα
2828 2643 2961 2695 καθὸ
2981 2646 3080 2709 δεῖ,
3128 2647 3226 2700 οὐκ
3254 2650 3494 2720 οἴδαμεν,
3522 2671 3544 2705 ι
3568 2655 3669 2707 καὶ

2083 2721 2151 2772 τὰ
2190 2721 2334 2790 ἑξῆς,
2368 2727 2446 2787 εἰς
2477 2727 2632 2780 τοῦτο
2662 2731 2847 2799 ὲνάγει
2875 2735 2963 2786 τὸν
2985 2740 3436 2811 προσευχόμενον.

1349 3079 1580 3166 ΤΟΥ
1653 3082 2038 3175 ΑΥΤΟΥ
2110 3093 2708 3181 ΓΝΩΣΤΙΚΑ.

1099 3255 1407 3317 Φωτίζεται
1439 3263 1584 3329 νοῦς
1613 3267 1957 3337 πωστικῆς
1983 3274 2232 3340 θεωρίας

1095 3353 1252 3420 Πρὸς
1276 3355 1435 3424 ὕψος
1461 3360 1680 3428 ἀρθεὶς,
1723 3364 1849 3431 τοῖς
1877 3366 1930 3420 δ’
1958 3367 2312 3439 ἐπεντυχὼν
2335 3377 2539 3444 λόγοις
2557 3393 2571 3408 ο

1098 3448 1434 3511 Σκοτίζεται
1464 3453 1519 3506 δ’
1551 3453 1652 3522 αὖ,
1681 3459 2042 3532 ἐγκλυσθεὶς
2073 3467 2161 3532 εις
2190 3468 2401 3535 πάθος.

980 3782 1513 3879 EJUSDEM
1596 3795 2222 3892 GNOSTICIE
2295 3806 3054 3903 SENTENTUE.

1087 3975 1443 4035 Illuminatur
1475 3983 1684 4040 animus
1717 3988 1789 4041 ad
1813 3992 2064 4060 gnosticaz
2095 3993 2310 4051 theoriae

1097 4071 1389 4146 Fastigium
1420 4078 1675 4145 elevatus,
1709 4094 1758 4137 et
1791 4087 2022 4143 rationes
2057 4105 2235 4145 rerum
2270 4093 2493 4163 detegit;

1088 4162 1286 4221 Recidit
1319 4184 1438 4223 vero
1469 4172 1522 4225 in
1553 4170 1856 4243 caliginem,
1889 4179 1936 4232 si
1965 4178 2308 4252 demergatur
2332 4162 2750 4256 inrcupiditalcs.

451 4481 500 4532 1.
545 4478 696 4536 Scire
733 4483 1198 4556 debctgnostieus
1234 4494 1456 4561 quando
1483 4499 1703 4556 animus
1731 4503 1785 4558 ίη
1814 4503 1962 4560 idea-

451 4589 498 4600 Μ
568 4576 783 4600 -....ι.ι.1,.
830 4578 880 4600 ε..
943 4582 1131 4600 --.ἓΑΑ⁶
1181 4584 1193 4595 ο
1587 4593 1596 4600 .
1672 4596 1683 4600 -

2131 4509 2199 4564 α’.
2236 4510 2554 4580 Ἀναγκαῖον
2589 4518 2785 4573 εξδέναι
2825 4523 2914 4575 τὸν
2946 4526 3262 4591 γνωστικὸν,
3320 4529 3448 4583 πότε
3477 4531 3576 4600 μὲν
3604 4534 3639 4585 6

377 4589 523 4636 rum,
565 4576 787 4644 quando
828 4578 882 4633 in
941 4582 1381 4652 ratiociniorum,
1417 4593 1640 4659 quando
1670 4596 1724 4650 in
1766 4613 1958 4655 sensa-

375 4665 587 4720 tionum
621 4680 873 4724 versetur
896 4673 1140 4742 regione,
1181 4693 1244 4734 ac
1273 4696 1467 4739 rursus
1499 4687 1555 4740 in
1590 4687 1694 4743 bac
1739 4691 1955 4757 ultima,

372 4768 554 4814 utrum
604 4761 657 4815 in
696 4766 1052 4834 tempestivis,
1103 4785 1172 4824 an
1207 4770 1261 4826 in
1305 4773 1708 4847 intempestivis
1762 4798 1953 4840 sensa-

369 4851 611 4907 tionibus
640 4855 811 4924 magis
863 4858 1186 4928 reperiatur.

433 5040 488 5093 2.
519 5041 752 5107 Quando
776 5044 996 5102 animus
1039 5048 1094 5104 in
1125 5050 1264 5109 ideis
1295 5071 1404 5111 non
1423 5069 1528 5122 est,
1558 5059 1613 5114 in
1639 5063 1949 5124 ratiociniis

2056 4595 2179 4659 νοῦς
2213 4598 2375 4652 αὑτοῦ
2405 4605 2484 4665 εἰς
2513 4605 2609 4674 τὴν
2655 4606 2837 4678 χώραν
2870 4612 2978 4664 τῶν
3006 4616 3295 4684 νοημάτων
3325 4620 3463 4679 ἐστὶ,
3498 4623 3629 4674 πότε

2054 4684 2130 4748 δὲ,
2164 4688 2243 4750 εἰς
2293 4690 2390 4758 τὴν
2442 4693 2550 4744 τῶν
2597 4695 2871 4766 λογισμῶν
2894 4739 2908 4761 ,
2947 4703 3039 4754 καὶ
3067 4705 3198 4755 πότε
3257 4708 3338 4768 εἰς
3371 4707 3469 4776 τὴν
3503 4710 3630 4761 κατ’

2054 4777 2336 4850 αἴσθησιν·
2386 4785 2478 4836 καὶ
2537 4786 2594 4837 ὲν
2656 4789 2830 4862 ταύτῃ
2886 4791 3065 4856 πάλιν,
3130 4795 3178 4846 εἰ
3237 4797 3298 4848 ὲν
3335 4800 3443 4862 τοῖς
3486 4802 3629 4852 κατὰ

2053 4869 2344 4941 καιρὸν,ἢ
2403 4873 2594 4938 ἐντοῖς
2653 4878 2801 4947 παρὰ
2861 4881 3052 4950 καιρὸν
3114 4884 3313 4951 μᾶλλον
3372 4889 3630 4958 εὑρίσκε-

2051 4976 2160 5012 ται.

2121 5075 2186 5144 β’.
2232 5078 2318 5129 Ἐν
2345 5080 2608 5149 νοήμασιν
2633 5085 2732 5137 οὐκ
2765 5085 2840 5140 ὣν
2871 5088 2898 5140 6
2920 5089 3064 5154 νοῦς,
3101 5094 3159 5144 ἐν
3183 5092 3463 5162 λογισμοῖς
3488 5095 3626 5148 πάν-

361 5143 448 5188 est
479 5149 700 5205 semper
728 5153 743 5202 ;
775 5140 996 5208 quando
1025 5141 1081 5198 in
1100 5147 1404 5205 ratiociniis
1426 5162 1531 5220 est,
1569 5155 1624 5208 in
1657 5155 1798 5212 ideis
1833 5175 1942 5214 non

361 5234 443 5254 nni
477 5241 491 5254 ο
527 5227 747 5254 nu...an
809 5230 1042 5254 -I-_!_---
1117 5246 1188 5254 -,.
1243 5239 1254 5250 ι
1518 5245 1547 5254 ν.
1632 5247 1664 5254 .-

2102 5140 2152 5229 ος
2179 5167 2344 5222 ἐστίν.
2407 5140 2496 5224 ’έν
2548 5172 2828 5245 λογισμοῖς
2879 5179 2936 5232 δὲ
2993 5180 3088 5245 ὢν,
3123 5185 3180 5236 ὲν
3214 5140 3485 5254 νοήμασιν
3521 5191 3625 5241 οὐκ

361 5234 448 5278 est
477 5241 492 5291 ;
525 5227 750 5295 quando
806 5230 1048 5304 denique
1108 5246 1194 5293 est
1241 5239 1297 5294 in
1345 5245 1776 5315 sensationibus,
1817 5267 1940 5306 cum

2047 5256 2192 5308 ἔστιν
2218 5274 2231 5286 ·
2262 5260 2318 5312 ἐν
2338 5259 2394 5312 δὲ
2428 5264 2493 5332 τῇ
2529 5265 2779 5336 αἰσθήσει
2842 5271 3151 5341 γινόμενος.
3213 5276 3355 5344 μετά
3404 5279 3625 5332 πάντων

363 5315 608 5385 utrisque
643 5328 749 5375 est.

2038 5349 2207 5404 ἐστίν.

429 5428 481 5481 5.
507 5429 608 5483 Per
627 5433 1014 5502 cogitationem
1033 5453 1187 5495 mens
1207 5440 1272 5495 ad
1296 5441 1692 5505 intellectualia
1719 5455 1937 5522 transit,

359 5534 458 5587 per
513 5523 987 5585 ratiocinationem
1016 5533 1084 5585 ad
1139 5535 1426 5594 rationalia
1474 5543 1635 5614 ratio,
1669 5550 1736 5606 ad
1767 5553 1942 5608 actio-

359 5627 481 5667 nem
521 5631 620 5686 per
665 5619 1112 5690 imaginationem
1148 5642 1364 5686 sensus.

2104 5469 2172 5530 Υ.
2204 5464 2301 5518 Διὰ
2326 5465 2420 5518 τοῦ
2453 5470 2722 5536 vcinam;
2761 5473 2860 5542 μὲν
2894 5478 2921 5529 6
2975 5477 3100 5540 νοῦς
3147 5479 3426 5550 διέρχεται
3476 5485 3615 5553 πρδς

2032 5553 2099 5606 τὰ
2125 5555 2325 5625 νοητάο
2373 5556 2459 5611 διὰ
2509 5559 2564 5611 δὲ
2598 5561 2689 5613 τοῦ
2722 5563 2984 5635 λογισμοῦ
3007 5607 3019 5629 ,
3052 5569 3187 5638 πρὸς
3249 5571 3316 5623 τὰ
3369 5573 3556 5638 λογικὰ
3587 5575 3620 5626 6

2033 5644 2204 5712 λόγος,
2258 5649 2393 5718 πρὸς
2425 5649 2481 5703 δὲ
2534 5652 2601 5706 τὰ
2634 5657 2935 5724 πρακτικὰ,
2966 5657 3054 5712 διὰ
3090 5660 3184 5729 τῆς
3240 5663 3542 5730 φαντασὶας
3577 5663 3621 5731 Ιι

2030 5737 2303 5807 αἴσθησις.
