  <div class='ocr_page' id='page_1' title='image "/cluster/home/n/w/nwhite01/storage/ocr_20150623/127/hvd.32044073502411/580.png"; bbox 0 0 3958 6204; ppageno 0'>
   <div class='ocr_carea' id='block_1_1' title="bbox 294 324 428 388">
    <p class='ocr_par' dir='ltr' id='par_1_1' title="bbox 294 324 428 388">
     <span class='ocr_line' id='line_1_1' title="bbox 294 324 428 388; baseline -0.007 -4"><span class='ocrx_word' id='word_1_1' title='bbox 294 324 428 388; x_wconf 64' lang='lat' dir='ltr'><strong>lli)</strong></span> 
     </span>
    </p>
   </div>
   <div class='ocr_carea' id='block_1_2' title="bbox 1477 324 2374 381">
    <p class='ocr_par' dir='ltr' id='par_1_2' title="bbox 1477 324 2374 381">
     <span class='ocr_line' id='line_1_2' title="bbox 1477 324 2374 381; baseline 0.006 -5"><span class='ocrx_word' id='word_1_2' title='bbox 1477 324 1872 378; x_wconf 69' lang='grc' dir='ltr'><strong>υΝυδῊυΑς</strong></span> <span class='ocrx_word' id='word_1_3' title='bbox 1901 325 2374 381; x_wconf 67' lang='grc' dir='ltr'><strong>ΒΕΝῚῈΝΤΗΕ.</strong></span> 
     </span>
    </p>
   </div>
   <div class='ocr_carea' id='block_1_3' title="bbox 3428 339 3567 394">
    <p class='ocr_par' dir='ltr' id='par_1_3' title="bbox 3428 339 3567 394">
     <span class='ocr_line' id='line_1_3' title="bbox 3428 339 3567 394; baseline 0.029 -4"><span class='ocrx_word' id='word_1_4' title='bbox 3428 339 3567 394; x_wconf 68' lang='grc'><strong>1150</strong></span> 
     </span>
    </p>
   </div>
   <div class='ocr_carea' id='block_1_4' title="bbox 368 432 1869 508">
    <p class='ocr_par' dir='ltr' id='par_1_4' title="bbox 368 438 1869 508">
     <span class='ocr_line' id='line_1_4' title="bbox 368 438 1869 508; baseline -0.002 -14"><span class='ocrx_word' id='word_1_5' title='bbox 368 441 426 494; x_wconf 94' lang='grc' dir='ltr'>δ’.</span> <span class='ocrx_word' id='word_1_6' title='bbox 466 441 555 503; x_wconf 76' lang='lat' dir='ltr'><strong>Ei;</strong></span> <span class='ocrx_word' id='word_1_7' title='bbox 584 440 773 493; x_wconf 79' lang='grc' dir='ltr'>ἑαυτὸν</span> <span class='ocrx_word' id='word_1_8' title='bbox 800 440 827 491; x_wconf 99' lang='lat'><strong>6</strong></span> <span class='ocrx_word' id='word_1_9' title='bbox 851 439 973 502; x_wconf 84' lang='grc' dir='ltr'>νοῦς</span> <span class='ocrx_word' id='word_1_10' title='bbox 1007 440 1393 508; x_wconf 76' lang='grc' dir='ltr'>συναγόμενος,</span> <span class='ocrx_word' id='word_1_11' title='bbox 1420 439 1588 502; x_wconf 78' lang='grc' dir='ltr'>οὐδὲν,</span> <span class='ocrx_word' id='word_1_12' title='bbox 1607 438 1729 492; x_wconf 78' lang='grc' dir='ltr'>οὕτε</span> <span class='ocrx_word' id='word_1_13' title='bbox 1761 438 1869 492; x_wconf 89' lang='grc' dir='ltr'><strong>τῶν</strong></span> 
     </span>
    </p>
   </div>
   <div class='ocr_carea' id='block_1_5' title="bbox 2001 432 3570 508">
    <p class='ocr_par' dir='ltr' id='par_1_5' title="bbox 2063 432 3570 502">
     <span class='ocr_line' id='line_1_5' title="bbox 2063 432 3570 502; baseline 0.007 -17"><span class='ocrx_word' id='word_1_14' title='bbox 2063 434 2114 486; x_wconf 74' lang='grc'>4.</span> <span class='ocrx_word' id='word_1_15' title='bbox 2150 432 2210 485; x_wconf 87' lang='grc' dir='ltr'>1η</span> <span class='ocrx_word' id='word_1_16' title='bbox 2235 432 2476 502; x_wconf 88' lang='lat' dir='ltr'><strong>seipsum</strong></span> <span class='ocrx_word' id='word_1_17' title='bbox 2509 432 2729 488; x_wconf 90' lang='lat' dir='ltr'><strong>animus</strong></span> <span class='ocrx_word' id='word_1_18' title='bbox 2768 434 3120 500; x_wconf 77' lang='lat' dir='ltr'><strong>recollectos,</strong></span> <span class='ocrx_word' id='word_1_19' title='bbox 3167 435 3306 490; x_wconf 86' lang='lat' dir='ltr'><strong>nihil</strong></span> <span class='ocrx_word' id='word_1_20' title='bbox 3339 453 3406 493; x_wconf 69' lang='lat' dir='ltr'><strong>et</strong></span> <span class='ocrx_word' id='word_1_21' title='bbox 3435 455 3570 495; x_wconf 88' lang='lat' dir='ltr'><strong>scn-</strong></span> 
     </span>
    </p>
   </div>
   <div class='ocr_carea' id='block_1_6' title="bbox 299 527 1870 600">
    <p class='ocr_par' dir='ltr' id='par_1_6' title="bbox 299 527 1870 600">
     <span class='ocr_line' id='line_1_6' title="bbox 299 527 1870 600; baseline -0.001 -17"><span class='ocrx_word' id='word_1_22' title='bbox 299 533 417 583; x_wconf 76' lang='grc' dir='ltr'>κατ’</span> <span class='ocrx_word' id='word_1_23' title='bbox 452 530 728 600; x_wconf 76' lang='grc' dir='ltr'>αἴσθησιν,</span> <span class='ocrx_word' id='word_1_24' title='bbox 762 527 883 582; x_wconf 77' lang='grc' dir='ltr'>οὔτε</span> <span class='ocrx_word' id='word_1_25' title='bbox 911 528 1018 581; x_wconf 88' lang='grc' dir='ltr'><strong>τῶν</strong></span> <span class='ocrx_word' id='word_1_26' title='bbox 1046 529 1186 581; x_wconf 81' lang='grc' dir='ltr'><strong>κατά</strong></span> <span class='ocrx_word' id='word_1_27' title='bbox 1211 528 1470 596; x_wconf 78' lang='grc' dir='ltr'>λογισμὸν</span> <span class='ocrx_word' id='word_1_28' title='bbox 1504 529 1698 598; x_wconf 77' lang='grc' dir='ltr'>θεωρεῖ</span> <span class='ocrx_word' id='word_1_29' title='bbox 1725 546 1739 560; x_wconf 89' lang='grc'><strong>·</strong></span> <span class='ocrx_word' id='word_1_30' title='bbox 1769 546 1870 597; x_wconf 76' lang='grc' dir='ltr'>γυο</span> 
     </span>
    </p>
   </div>
   <div class='ocr_carea' id='block_1_7' title="bbox 300 617 1870 690">
    <p class='ocr_par' dir='ltr' id='par_1_7' title="bbox 300 617 1870 690">
     <span class='ocr_line' id='line_1_7' title="bbox 300 617 1870 690; baseline -0.001 -18"><span class='ocrx_word' id='word_1_31' title='bbox 300 621 462 690; x_wconf 79' lang='grc' dir='ltr'>μνοῦς</span> <span class='ocrx_word' id='word_1_32' title='bbox 489 620 544 672; x_wconf 78' lang='grc' dir='ltr'>δὲ</span> <span class='ocrx_word' id='word_1_33' title='bbox 569 619 694 682; x_wconf 86' lang='grc' dir='ltr'>νόας</span> <span class='ocrx_word' id='word_1_34' title='bbox 722 620 811 671; x_wconf 65' lang='grc' dir='ltr'><strong>καὶ</strong></span> <span class='ocrx_word' id='word_1_35' title='bbox 835 618 985 681; x_wconf 90' lang='grc' dir='ltr'>θείας</span> <span class='ocrx_word' id='word_1_36' title='bbox 1009 618 1182 686; x_wconf 78' lang='grc' dir='ltr'>αὐγὰς</span> <span class='ocrx_word' id='word_1_37' title='bbox 1230 617 1532 685; x_wconf 79' lang='grc' dir='ltr'>βλυζούσας</span> <span class='ocrx_word' id='word_1_38' title='bbox 1562 619 1783 689; x_wconf 78' lang='grc' dir='ltr'><strong>εἰρήνην</strong></span> <span class='ocrx_word' id='word_1_39' title='bbox 1811 634 1870 671; x_wconf 83' lang='grc' dir='ltr'>τε</span> 
     </span>
    </p>
   </div>
   <div class='ocr_carea' id='block_1_8' title="bbox 296 710 605 780">
    <p class='ocr_par' dir='ltr' id='par_1_8' title="bbox 296 710 605 780">
     <span class='ocr_line' id='line_1_8' title="bbox 296 710 605 780; baseline 0 -17"><span class='ocrx_word' id='word_1_40' title='bbox 296 711 388 763; x_wconf 74' lang='grc' dir='ltr'>καὶ</span> <span class='ocrx_word' id='word_1_41' title='bbox 414 710 605 780; x_wconf 77' lang='grc' dir='ltr'>χαράν.</span> 
     </span>
    </p>
   </div>
   <div class='ocr_carea' id='block_1_9' title="bbox 362 817 1858 887">
    <p class='ocr_par' dir='ltr' id='par_1_9' title="bbox 362 817 1858 887">
     <span class='ocr_line' id='line_1_9' title="bbox 362 817 1858 887; baseline 0 -15"><span class='ocrx_word' id='word_1_42' title='bbox 362 826 422 872; x_wconf 88' lang='grc' dir='ltr'><strong>ε’.</strong></span> <span class='ocrx_word' id='word_1_43' title='bbox 464 819 624 871; x_wconf 81' lang='grc' dir='ltr'>Ἀλλο</span> <span class='ocrx_word' id='word_1_44' title='bbox 659 819 687 870; x_wconf 92' lang='lat'><strong>6</strong></span> <span class='ocrx_word' id='word_1_45' title='bbox 725 817 845 880; x_wconf 83' lang='grc' dir='ltr'><strong>νοῦς</strong></span> <span class='ocrx_word' id='word_1_46' title='bbox 878 817 970 871; x_wconf 92' lang='grc' dir='ltr'><strong>τοῦ</strong></span> <span class='ocrx_word' id='word_1_47' title='bbox 989 817 1334 887; x_wconf 84' lang='grc' dir='ltr'>πράγματος,</span> <span class='ocrx_word' id='word_1_48' title='bbox 1363 818 1459 870; x_wconf 72' lang='grc' dir='ltr'>καὶ</span> <span class='ocrx_word' id='word_1_49' title='bbox 1483 818 1612 872; x_wconf 74' lang='grc' dir='ltr'>ἄλλο</span> <span class='ocrx_word' id='word_1_50' title='bbox 1642 819 1670 872; x_wconf 90' lang='grc' dir='ltr'><strong>ό</strong></span> <span class='ocrx_word' id='word_1_51' title='bbox 1698 819 1858 886; x_wconf 85' lang='grc' dir='ltr'>λόγος</span> 
     </span>
    </p>
   </div>
   <div class='ocr_carea' id='block_1_10' title="bbox 289 908 1860 978">
    <p class='ocr_par' dir='ltr' id='par_1_10' title="bbox 289 908 1860 978">
     <span class='ocr_line' id='line_1_10' title="bbox 289 908 1860 978; baseline 0 -15"><span class='ocrx_word' id='word_1_52' title='bbox 289 910 478 968; x_wconf 75' lang='grc' dir='ltr'>αὑτοῦ.</span> <span class='ocrx_word' id='word_1_53' title='bbox 503 911 596 962; x_wconf 71' lang='grc' dir='ltr'><strong>καὶ</strong></span> <span class='ocrx_word' id='word_1_54' title='bbox 619 909 806 978; x_wconf 79' lang='grc' dir='ltr'>ἓτερον</span> <span class='ocrx_word' id='word_1_55' title='bbox 838 908 898 961; x_wconf 79' lang='grc' dir='ltr'>τὸ</span> <span class='ocrx_word' id='word_1_56' title='bbox 933 908 1036 960; x_wconf 73' lang='grc' dir='ltr'>ὑπὸ</span> <span class='ocrx_word' id='word_1_57' title='bbox 1065 909 1162 976; x_wconf 86' lang='grc' dir='ltr'>τὴν</span> <span class='ocrx_word' id='word_1_58' title='bbox 1195 908 1450 978; x_wconf 80' lang='grc' dir='ltr'>αἴσθησιν</span> <span class='ocrx_word' id='word_1_59' title='bbox 1485 909 1818 978; x_wconf 79' lang='grc' dir='ltr'><strong>ἀναγόμενον</strong></span> <span class='ocrx_word' id='word_1_60' title='bbox 1847 927 1860 940; x_wconf 88' lang='grc'><strong>·</strong></span> 
     </span>
    </p>
   </div>
   <div class='ocr_carea' id='block_1_11' title="bbox 291 999 1862 1070">
    <p class='ocr_par' dir='ltr' id='par_1_11' title="bbox 291 999 1862 1070">
     <span class='ocr_line' id='line_1_11' title="bbox 291 999 1862 1070; baseline -0.001 -17"><span class='ocrx_word' id='word_1_61' title='bbox 291 1003 385 1053; x_wconf 74' lang='grc' dir='ltr'>καὶ</span> <span class='ocrx_word' id='word_1_62' title='bbox 407 1001 467 1053; x_wconf 71' lang='grc' dir='ltr'><strong>τὸ</strong></span> <span class='ocrx_word' id='word_1_63' title='bbox 488 1000 587 1070; x_wconf 83' lang='grc' dir='ltr'><strong>μέν</strong></span> <span class='ocrx_word' id='word_1_64' title='bbox 619 1002 766 1052; x_wconf 76' lang='grc' dir='ltr'>ἐστιν</span> <span class='ocrx_word' id='word_1_65' title='bbox 790 999 965 1064; x_wconf 84' lang='grc' dir='ltr'>οὐσία,</span> <span class='ocrx_word' id='word_1_66' title='bbox 996 999 1056 1051; x_wconf 87' lang='grc' dir='ltr'>τὸ</span> <span class='ocrx_word' id='word_1_67' title='bbox 1088 999 1165 1064; x_wconf 84' lang='grc' dir='ltr'>δὲ,</span> <span class='ocrx_word' id='word_1_68' title='bbox 1205 999 1550 1068; x_wconf 88' lang='grc' dir='ltr'>συμϐεϐηκός</span> <span class='ocrx_word' id='word_1_69' title='bbox 1579 1018 1591 1029; x_wconf 91' lang='grc'><strong>·</strong></span> <span class='ocrx_word' id='word_1_70' title='bbox 1625 1001 1685 1054; x_wconf 83' lang='grc' dir='ltr'>τὸ</span> <span class='ocrx_word' id='word_1_71' title='bbox 1718 1000 1795 1065; x_wconf 78' lang='grc' dir='ltr'>δὲ,</span> <span class='ocrx_word' id='word_1_72' title='bbox 1830 1001 1862 1070; x_wconf 87' lang='grc' dir='ltr'><strong>ή</strong></span> 
     </span>
    </p>
   </div>
   <div class='ocr_carea' id='block_1_12' title="bbox 289 1087 1054 1157">
    <p class='ocr_par' dir='ltr' id='par_1_12' title="bbox 289 1087 1054 1157">
     <span class='ocr_line' id='line_1_12' title="bbox 289 1087 1054 1157; baseline -0.009 -15"><span class='ocrx_word' id='word_1_73' title='bbox 289 1089 380 1142; x_wconf 88' lang='grc' dir='ltr'><strong>τοῦ</strong></span> <span class='ocrx_word' id='word_1_74' title='bbox 413 1089 774 1157; x_wconf 84' lang='grc' dir='ltr'>ὑποκειμένου</span> <span class='ocrx_word' id='word_1_75' title='bbox 806 1087 1054 1157; x_wconf 76' lang='grc' dir='ltr'>διαφορά.</span> 
     </span>
    </p>
   </div>
   <div class='ocr_carea' id='block_1_13' title="bbox 361 1174 1862 1246">
    <p class='ocr_par' dir='ltr' id='par_1_13' title="bbox 361 1174 1862 1246">
     <span class='ocr_line' id='line_1_13' title="bbox 361 1174 1862 1246; baseline -0.006 -12"><span class='ocrx_word' id='word_1_76' title='bbox 361 1188 437 1246; x_wconf 81' lang='grc' dir='ltr'>ς’.</span> <span class='ocrx_word' id='word_1_77' title='bbox 479 1181 684 1240; x_wconf 80' lang='grc' dir='ltr'>Πολλὰς</span> <span class='ocrx_word' id='word_1_78' title='bbox 720 1180 871 1240; x_wconf 74' lang='grc' dir='ltr'>ὁδοὺς</span> <span class='ocrx_word' id='word_1_79' title='bbox 923 1177 1241 1245; x_wconf 75' lang='grc' dir='ltr'>ἀνατέμνων</span> <span class='ocrx_word' id='word_1_80' title='bbox 1292 1178 1319 1228; x_wconf 95' lang='lat'><strong>6</strong></span> <span class='ocrx_word' id='word_1_81' title='bbox 1369 1174 1514 1237; x_wconf 88' lang='grc' dir='ltr'>νοῦς,</span> <span class='ocrx_word' id='word_1_82' title='bbox 1567 1174 1862 1245; x_wconf 79' lang='grc' dir='ltr'><strong>ἀκόρεστος</strong></span> 
     </span>
    </p>
   </div>
   <div class='ocr_carea' id='block_1_14' title="bbox 289 1265 1859 1341">
    <p class='ocr_par' dir='ltr' id='par_1_14' title="bbox 289 1265 1859 1341">
     <span class='ocr_line' id='line_1_14' title="bbox 289 1265 1859 1341; baseline -0.006 -15"><span class='ocrx_word' id='word_1_83' title='bbox 289 1273 605 1326; x_wconf 86' lang='grc' dir='ltr'>δείκνυται·</span> <span class='ocrx_word' id='word_1_84' title='bbox 660 1270 796 1341; x_wconf 86' lang='grc' dir='ltr'>πρὸς</span> <span class='ocrx_word' id='word_1_85' title='bbox 856 1270 984 1339; x_wconf 89' lang='grc' dir='ltr'>μίαν</span> <span class='ocrx_word' id='word_1_86' title='bbox 1027 1269 1082 1322; x_wconf 79' lang='grc' dir='ltr'>δὲ</span> <span class='ocrx_word' id='word_1_87' title='bbox 1141 1266 1507 1337; x_wconf 77' lang='grc' dir='ltr'><strong>συναγόμενος</strong></span> <span class='ocrx_word' id='word_1_88' title='bbox 1543 1266 1638 1331; x_wconf 83' lang='grc' dir='ltr'>τῆς</span> <span class='ocrx_word' id='word_1_89' title='bbox 1674 1265 1859 1332; x_wconf 76' lang='grc' dir='ltr'>εὐχῆς,</span> 
     </span>
    </p>
   </div>
   <div class='ocr_carea' id='block_1_15' title="bbox 293 1357 1864 1434">
    <p class='ocr_par' dir='ltr' id='par_1_15' title="bbox 293 1357 1864 1434">
     <span class='ocr_line' id='line_1_15' title="bbox 293 1357 1864 1434; baseline -0.007 -17"><span class='ocrx_word' id='word_1_90' title='bbox 293 1364 400 1433; x_wconf 82' lang='grc' dir='ltr'><strong>πρὸ</strong></span> <span class='ocrx_word' id='word_1_91' title='bbox 428 1365 526 1434; x_wconf 76' lang='grc' dir='ltr'>τῆς</span> <span class='ocrx_word' id='word_1_92' title='bbox 552 1363 841 1428; x_wconf 85' lang='grc' dir='ltr'>ὲντελείας,</span> <span class='ocrx_word' id='word_1_93' title='bbox 881 1361 1378 1431; x_wconf 80' lang='grc' dir='ltr'>στενοχωρούμενος</span> <span class='ocrx_word' id='word_1_94' title='bbox 1408 1359 1676 1428; x_wconf 83' lang='grc' dir='ltr'>φαίνεται,</span> <span class='ocrx_word' id='word_1_95' title='bbox 1708 1357 1864 1408; x_wconf 80' lang='grc' dir='ltr'>λιπα-</span> 
     </span>
    </p>
   </div>
   <div class='ocr_carea' id='block_1_16' title="bbox 297 1442 1861 1526">
    <p class='ocr_par' dir='ltr' id='par_1_16' title="bbox 297 1442 1861 1526">
     <span class='ocr_line' id='line_1_16' title="bbox 297 1442 1861 1526; baseline -0.004 -20"><span class='ocrx_word' id='word_1_96' title='bbox 297 1454 402 1526; x_wconf 89' lang='grc' dir='ltr'><strong>ρῶν</strong></span> <span class='ocrx_word' id='word_1_97' title='bbox 429 1455 522 1507; x_wconf 77' lang='grc' dir='ltr'>τὸν</span> <span class='ocrx_word' id='word_1_98' title='bbox 565 1455 790 1525; x_wconf 80' lang='grc' dir='ltr'>μέτοχον</span> <span class='ocrx_word' id='word_1_99' title='bbox 827 1453 1162 1523; x_wconf 84' lang='grc' dir='ltr'>ἀπολυθῆναι</span> <span class='ocrx_word' id='word_1_100' title='bbox 1218 1451 1352 1519; x_wconf 77' lang='grc' dir='ltr'>πρὸς</span> <span class='ocrx_word' id='word_1_101' title='bbox 1390 1450 1458 1502; x_wconf 80' lang='grc' dir='ltr'><strong>τά</strong></span> <span class='ocrx_word' id='word_1_102' title='bbox 1519 1451 1613 1518; x_wconf 85' lang='grc' dir='ltr'><strong>ἀφ’</strong></span> <span class='ocrx_word' id='word_1_103' title='bbox 1665 1442 1739 1500; x_wconf 82' lang='grc' dir='ltr'>ὧν</span> <span class='ocrx_word' id='word_1_104' title='bbox 1775 1447 1861 1510; x_wconf 77' lang='grc' dir='ltr'><strong>ἐξ·</strong></span> 
     </span>
    </p>
   </div>
   <div class='ocr_carea' id='block_1_17' title="bbox 293 1545 1709 1616">
    <p class='ocr_par' dir='ltr' id='par_1_17' title="bbox 293 1545 1709 1616">
     <span class='ocr_line' id='line_1_17' title="bbox 293 1545 1709 1616; baseline 0.005 -14"><span class='ocrx_word' id='word_1_105' title='bbox 293 1545 569 1616; x_wconf 80' lang='grc' dir='ltr'>ιλήλυθεν.</span> <span class='ocrx_word' id='word_1_106' title='bbox 1703 1605 1709 1609; x_wconf 94' lang='grc'><strong>.</strong></span> 
     </span>
    </p>
   </div>
   <div class='ocr_carea' id='block_1_18' title="bbox 365 1631 1866 1706">
    <p class='ocr_par' dir='ltr' id='par_1_18' title="bbox 365 1631 1866 1706">
     <span class='ocr_line' id='line_1_18' title="bbox 365 1631 1866 1706; baseline -0.007 -16"><span class='ocrx_word' id='word_1_107' title='bbox 365 1635 431 1701; x_wconf 77' lang='grc' dir='ltr'>ζ’.</span> <span class='ocrx_word' id='word_1_108' title='bbox 459 1637 695 1689; x_wconf 82' lang='grc' dir='ltr'>Ἀνωθεν</span> <span class='ocrx_word' id='word_1_109' title='bbox 743 1634 979 1706; x_wconf 75' lang='grc' dir='ltr'>ἠγμένος</span> <span class='ocrx_word' id='word_1_110' title='bbox 1021 1636 1050 1687; x_wconf 90' lang='lat'><strong>6</strong></span> <span class='ocrx_word' id='word_1_111' title='bbox 1098 1635 1256 1697; x_wconf 84' lang='grc' dir='ltr'>νοῦς,</span> <span class='ocrx_word' id='word_1_112' title='bbox 1319 1633 1418 1685; x_wconf 78' lang='grc' dir='ltr'>οὐκ</span> <span class='ocrx_word' id='word_1_113' title='bbox 1475 1631 1866 1701; x_wconf 85' lang='grc' dir='ltr'>ἀναδραμεῖται</span> 
     </span>
    </p>
   </div>
   <div class='ocr_carea' id='block_1_19' title="bbox 298 1721 1869 1795">
    <p class='ocr_par' dir='ltr' id='par_1_19' title="bbox 298 1721 1869 1795">
     <span class='ocr_line' id='line_1_19' title="bbox 298 1721 1869 1795; baseline -0.004 -15"><span class='ocrx_word' id='word_1_114' title='bbox 298 1721 453 1790; x_wconf 76' lang='grc' dir='ltr'>αὖθις</span> <span class='ocrx_word' id='word_1_115' title='bbox 505 1728 704 1792; x_wconf 78' lang='grc' dir='ltr'><strong>ἐκεῖσε,</strong></span> <span class='ocrx_word' id='word_1_116' title='bbox 764 1728 812 1778; x_wconf 87' lang='grc' dir='ltr'><strong>εί</strong></span> <span class='ocrx_word' id='word_1_117' title='bbox 869 1725 944 1795; x_wconf 80' lang='grc' dir='ltr'>μὴ</span> <span class='ocrx_word' id='word_1_118' title='bbox 991 1725 1201 1777; x_wconf 82' lang='grc' dir='ltr'>τελείαν</span> <span class='ocrx_word' id='word_1_119' title='bbox 1237 1723 1336 1792; x_wconf 80' lang='grc' dir='ltr'>τὴν</span> <span class='ocrx_word' id='word_1_120' title='bbox 1379 1723 1529 1776; x_wconf 81' lang='grc' dir='ltr'>κάτω</span> <span class='ocrx_word' id='word_1_121' title='bbox 1586 1721 1869 1789; x_wconf 85' lang='grc' dir='ltr'>ποιήσεται</span> 
     </span>
    </p>
   </div>
   <div class='ocr_carea' id='block_1_20' title="bbox 297 1812 1643 1888">
    <p class='ocr_par' dir='ltr' id='par_1_20' title="bbox 297 1812 1643 1888">
     <span class='ocr_line' id='line_1_20' title="bbox 297 1812 1643 1888; baseline -0.004 -17"><span class='ocrx_word' id='word_1_122' title='bbox 297 1817 720 1888; x_wconf 81' lang='grc' dir='ltr'>καταφρόνησιν,</span> <span class='ocrx_word' id='word_1_123' title='bbox 757 1816 845 1869; x_wconf 82' lang='grc' dir='ltr'>διὰ</span> <span class='ocrx_word' id='word_1_124' title='bbox 870 1819 968 1882; x_wconf 81' lang='grc' dir='ltr'>τῆς</span> <span class='ocrx_word' id='word_1_125' title='bbox 1005 1815 1132 1884; x_wconf 72' lang='grc' dir='ltr'>περὶ</span> <span class='ocrx_word' id='word_1_126' title='bbox 1177 1815 1245 1866; x_wconf 70' lang='grc' dir='ltr'><strong>τὰ</strong></span> <span class='ocrx_word' id='word_1_127' title='bbox 1273 1813 1390 1866; x_wconf 88' lang='grc' dir='ltr'>θεῖα</span> <span class='ocrx_word' id='word_1_128' title='bbox 1426 1812 1643 1882; x_wconf 81' lang='grc' dir='ltr'>σχολῆς.</span> 
     </span>
    </p>
   </div>
   <div class='ocr_carea' id='block_1_21' title="bbox 372 1902 1870 1978">
    <p class='ocr_par' dir='ltr' id='par_1_21' title="bbox 372 1902 1870 1978">
     <span class='ocr_line' id='line_1_21' title="bbox 372 1902 1870 1978; baseline -0.005 -16"><span class='ocrx_word' id='word_1_129' title='bbox 372 1909 441 1976; x_wconf 85' lang='grc' dir='ltr'>η’.</span> <span class='ocrx_word' id='word_1_130' title='bbox 481 1909 543 1961; x_wconf 79' lang='lat' dir='ltr'><strong>Ei</strong></span> <span class='ocrx_word' id='word_1_131' title='bbox 575 1907 648 1977; x_wconf 80' lang='grc' dir='ltr'><strong>μὴ</strong></span> <span class='ocrx_word' id='word_1_132' title='bbox 679 1907 776 1978; x_wconf 82' lang='grc' dir='ltr'>τὴν</span> <span class='ocrx_word' id='word_1_133' title='bbox 811 1907 987 1976; x_wconf 70' lang='grc' dir='ltr'>ψυχήν</span> <span class='ocrx_word' id='word_1_134' title='bbox 1006 1923 1098 1957; x_wconf 90' lang='grc' dir='ltr'><strong>σου</strong></span> <span class='ocrx_word' id='word_1_135' title='bbox 1124 1903 1255 1975; x_wconf 80' lang='grc' dir='ltr'>δύνῃ</span> <span class='ocrx_word' id='word_1_136' title='bbox 1291 1905 1427 1974; x_wconf 86' lang='grc' dir='ltr'><strong>μετά</strong></span> <span class='ocrx_word' id='word_1_137' title='bbox 1453 1904 1629 1973; x_wconf 88' lang='grc' dir='ltr'>μόνων</span> <span class='ocrx_word' id='word_1_138' title='bbox 1650 1902 1870 1970; x_wconf 76' lang='grc' dir='ltr'>ποιῆσαι</span> 
     </span>
    </p>
   </div>
   <div class='ocr_carea' id='block_1_22' title="bbox 294 1991 1874 2068">
    <p class='ocr_par' dir='ltr' id='par_1_22' title="bbox 294 1991 1874 2068">
     <span class='ocr_line' id='line_1_22' title="bbox 294 1991 1874 2068; baseline -0.003 -18"><span class='ocrx_word' id='word_1_139' title='bbox 294 1997 402 2051; x_wconf 88' lang='grc' dir='ltr'><strong>τῶν</strong></span> <span class='ocrx_word' id='word_1_140' title='bbox 425 1997 552 2068; x_wconf 80' lang='grc' dir='ltr'>περὶ</span> <span class='ocrx_word' id='word_1_141' title='bbox 574 1997 742 2065; x_wconf 78' lang='grc' dir='ltr'>αὐτὴν</span> <span class='ocrx_word' id='word_1_142' title='bbox 774 1995 1076 2066; x_wconf 82' lang='grc' dir='ltr'>λογισμῶν,</span> <span class='ocrx_word' id='word_1_143' title='bbox 1108 1993 1210 2048; x_wconf 75' lang='grc' dir='ltr'>κᾶν</span> <span class='ocrx_word' id='word_1_144' title='bbox 1235 1994 1297 2047; x_wconf 85' lang='grc' dir='ltr'>τὸ</span> <span class='ocrx_word' id='word_1_145' title='bbox 1326 1993 1485 2064; x_wconf 77' lang='grc' dir='ltr'>σῶμα</span> <span class='ocrx_word' id='word_1_146' title='bbox 1507 2011 1599 2047; x_wconf 90' lang='grc' dir='ltr'><strong>σου</strong></span> <span class='ocrx_word' id='word_1_147' title='bbox 1623 1991 1874 2064; x_wconf 80' lang='grc' dir='ltr'>μονάζειν</span> 
     </span>
    </p>
   </div>
   <div class='ocr_carea' id='block_1_23' title="bbox 297 2085 1860 2158">
    <p class='ocr_par' dir='ltr' id='par_1_23' title="bbox 297 2085 1860 2158">
     <span class='ocr_line' id='line_1_23' title="bbox 297 2085 1860 2158; baseline -0.003 -16"><span class='ocrx_word' id='word_1_148' title='bbox 297 2087 624 2157; x_wconf 77' lang='grc' dir='ltr'>ἀνάγκασον,</span> <span class='ocrx_word' id='word_1_149' title='bbox 658 2087 755 2157; x_wconf 75' lang='grc' dir='ltr'><strong>τήν</strong></span> <span class='ocrx_word' id='word_1_150' title='bbox 805 2088 931 2158; x_wconf 76' lang='grc' dir='ltr'>περὶ</span> <span class='ocrx_word' id='word_1_151' title='bbox 965 2086 1095 2141; x_wconf 78' lang='grc' dir='ltr'>αὐτὸ</span> <span class='ocrx_word' id='word_1_152' title='bbox 1124 2085 1412 2156; x_wconf 83' lang='grc' dir='ltr'>ἀθλιότητα</span> <span class='ocrx_word' id='word_1_153' title='bbox 1440 2086 1730 2148; x_wconf 76' lang='grc' dir='ltr'>διαπαντὸς</span> <span class='ocrx_word' id='word_1_154' title='bbox 1769 2087 1860 2138; x_wconf 82' lang='grc' dir='ltr'><strong>ὲν-</strong></span> 
     </span>
    </p>
   </div>
   <div class='ocr_carea' id='block_1_24' title="bbox 297 2176 1874 2251">
    <p class='ocr_par' dir='ltr' id='par_1_24' title="bbox 297 2176 1874 2251">
     <span class='ocr_line' id='line_1_24' title="bbox 297 2176 1874 2251; baseline -0.002 -18"><span class='ocrx_word' id='word_1_155' title='bbox 297 2180 604 2251; x_wconf 84' lang='grc' dir='ltr'>νοούμενος.</span> <span class='ocrx_word' id='word_1_156' title='bbox 636 2178 792 2235; x_wconf 84' lang='grc' dir='ltr'>Οῦτω</span> <span class='ocrx_word' id='word_1_157' title='bbox 811 2178 919 2249; x_wconf 82' lang='grc' dir='ltr'><strong>γὰρ</strong></span> <span class='ocrx_word' id='word_1_158' title='bbox 939 2178 1019 2249; x_wconf 83' lang='grc' dir='ltr'><strong>τῷ</strong></span> <span class='ocrx_word' id='word_1_159' title='bbox 1042 2177 1240 2249; x_wconf 85' lang='grc' dir='ltr'>χρόνῳ,</span> <span class='ocrx_word' id='word_1_160' title='bbox 1269 2177 1408 2230; x_wconf 82' lang='grc' dir='ltr'>ἐλέει</span> <span class='ocrx_word' id='word_1_161' title='bbox 1436 2176 1593 2242; x_wconf 89' lang='grc' dir='ltr'>Θεοῦ,</span> <span class='ocrx_word' id='word_1_162' title='bbox 1627 2177 1874 2247; x_wconf 71' lang='grc' dir='ltr'>καὶπρὸς</span> 
     </span>
    </p>
   </div>
   <div class='ocr_carea' id='block_1_25' title="bbox 296 2268 1874 2344">
    <p class='ocr_par' dir='ltr' id='par_1_25' title="bbox 296 2268 1874 2344">
     <span class='ocr_line' id='line_1_25' title="bbox 296 2268 1874 2344; baseline -0.003 -20"><span class='ocrx_word' id='word_1_163' title='bbox 296 2273 356 2326; x_wconf 76' lang='grc' dir='ltr'><strong>τὸ</strong></span> <span class='ocrx_word' id='word_1_164' title='bbox 424 2273 638 2344; x_wconf 87' lang='grc' dir='ltr'>πρῶτον</span> <span class='ocrx_word' id='word_1_165' title='bbox 699 2271 1033 2342; x_wconf 79' lang='grc' dir='ltr'>ἀναδραμεῖν</span> <span class='ocrx_word' id='word_1_166' title='bbox 1115 2270 1341 2340; x_wconf 76' lang='grc' dir='ltr'>δυνήσῃ,</span> <span class='ocrx_word' id='word_1_167' title='bbox 1419 2268 1518 2337; x_wconf 82' lang='grc' dir='ltr'>τῆς</span> <span class='ocrx_word' id='word_1_168' title='bbox 1596 2268 1874 2336; x_wconf 75' lang='grc' dir='ltr'>εὐγενείας</span> 
     </span>
    </p>
   </div>
   <div class='ocr_carea' id='block_1_26' title="bbox 297 2363 532 2433">
    <p class='ocr_par' dir='ltr' id='par_1_26' title="bbox 297 2363 532 2433">
     <span class='ocr_line' id='line_1_26' title="bbox 297 2363 532 2433; baseline -0.013 -15"><span class='ocrx_word' id='word_1_169' title='bbox 297 2363 532 2433; x_wconf 78' lang='grc' dir='ltr'>ἀξίωμα.</span> 
     </span>
    </p>
   </div>
   <div class='ocr_carea' id='block_1_27' title="bbox 366 2471 1871 2546">
    <p class='ocr_par' dir='ltr' id='par_1_27' title="bbox 366 2471 1871 2546">
     <span class='ocr_line' id='line_1_27' title="bbox 366 2471 1871 2546; baseline 0.002 -19"><span class='ocrx_word' id='word_1_170' title='bbox 366 2471 431 2528; x_wconf 88' lang='grc' dir='ltr'>θ’.</span> <span class='ocrx_word' id='word_1_171' title='bbox 475 2475 533 2528; x_wconf 82' lang='grc'><strong>’0</strong></span> <span class='ocrx_word' id='word_1_172' title='bbox 566 2475 666 2546; x_wconf 86' lang='grc' dir='ltr'>μὲν</span> <span class='ocrx_word' id='word_1_173' title='bbox 694 2475 1001 2545; x_wconf 79' lang='grc' dir='ltr'>πρακτικὸς</span> <span class='ocrx_word' id='word_1_174' title='bbox 1024 2517 1038 2542; x_wconf 89' lang='grc'><strong>,</strong></span> <span class='ocrx_word' id='word_1_175' title='bbox 1073 2474 1402 2530; x_wconf 77' lang='grc' dir='ltr'>ὑποτάσσειν</span> <span class='ocrx_word' id='word_1_176' title='bbox 1432 2475 1523 2530; x_wconf 81' lang='grc' dir='ltr'><strong>τὸν</strong></span> <span class='ocrx_word' id='word_1_177' title='bbox 1557 2474 1684 2530; x_wconf 91' lang='grc' dir='ltr'>νοῦν</span> <span class='ocrx_word' id='word_1_178' title='bbox 1708 2475 1871 2530; x_wconf 82' lang='grc' dir='ltr'>εὐκό·</span> 
     </span>
    </p>
   </div>
   <div class='ocr_carea' id='block_1_28' title="bbox 295 2565 1872 2638">
    <p class='ocr_par' dir='ltr' id='par_1_28' title="bbox 295 2565 1872 2638">
     <span class='ocr_line' id='line_1_28' title="bbox 295 2565 1872 2638; baseline 0.002 -21"><span class='ocrx_word' id='word_1_179' title='bbox 295 2566 402 2629; x_wconf 86' lang='grc' dir='ltr'><strong>λως</strong></span> <span class='ocrx_word' id='word_1_180' title='bbox 425 2565 648 2619; x_wconf 86' lang='grc' dir='ltr'>δύναται</span> <span class='ocrx_word' id='word_1_181' title='bbox 693 2569 760 2637; x_wconf 80' lang='grc' dir='ltr'>τῇ</span> <span class='ocrx_word' id='word_1_182' title='bbox 794 2567 927 2638; x_wconf 78' lang='grc' dir='ltr'>εὐχῇ</span> <span class='ocrx_word' id='word_1_183' title='bbox 960 2583 974 2598; x_wconf 80' lang='grc'><em>’</em></span> <span class='ocrx_word' id='word_1_184' title='bbox 1001 2569 1030 2621; x_wconf 91' lang='lat'><strong>6</strong></span> <span class='ocrx_word' id='word_1_185' title='bbox 1064 2566 1120 2620; x_wconf 80' lang='grc' dir='ltr'>δὲ</span> <span class='ocrx_word' id='word_1_186' title='bbox 1148 2565 1503 2638; x_wconf 73' lang='grc' dir='ltr'>θεωρητικὸς,</span> <span class='ocrx_word' id='word_1_187' title='bbox 1559 2565 1657 2637; x_wconf 81' lang='grc' dir='ltr'>τὴν</span> <span class='ocrx_word' id='word_1_188' title='bbox 1707 2567 1872 2638; x_wconf 76' lang='grc' dir='ltr'>εὐχὴν</span> 
     </span>
    </p>
   </div>
   <div class='ocr_carea' id='block_1_29' title="bbox 295 2655 1871 2728">
    <p class='ocr_par' dir='ltr' id='par_1_29' title="bbox 295 2655 1871 2728">
     <span class='ocr_line' id='line_1_29' title="bbox 295 2655 1871 2728; baseline 0.002 -22"><span class='ocrx_word' id='word_1_189' title='bbox 295 2655 374 2725; x_wconf 82' lang='grc' dir='ltr'>τῷ</span> <span class='ocrx_word' id='word_1_190' title='bbox 401 2656 483 2708; x_wconf 86' lang='grc' dir='ltr'><strong>νοΐ</strong></span> <span class='ocrx_word' id='word_1_191' title='bbox 513 2673 527 2688; x_wconf 80' lang='grc'><em>’</em></span> <span class='ocrx_word' id='word_1_192' title='bbox 560 2658 589 2709; x_wconf 90' lang='lat'><strong>6</strong></span> <span class='ocrx_word' id='word_1_193' title='bbox 623 2657 721 2724; x_wconf 84' lang='grc' dir='ltr'>μὲν</span> <span class='ocrx_word' id='word_1_194' title='bbox 752 2657 862 2711; x_wconf 79' lang='grc' dir='ltr'>ἀπὸ</span> <span class='ocrx_word' id='word_1_195' title='bbox 887 2657 995 2711; x_wconf 87' lang='grc' dir='ltr'><strong>τῶν</strong></span> <span class='ocrx_word' id='word_1_196' title='bbox 1026 2657 1368 2728; x_wconf 83' lang='grc' dir='ltr'>φαινομένων</span> <span class='ocrx_word' id='word_1_197' title='bbox 1403 2656 1706 2711; x_wconf 87' lang='grc' dir='ltr'>συστέλλων</span> <span class='ocrx_word' id='word_1_198' title='bbox 1739 2674 1871 2727; x_wconf 89' lang='grc' dir='ltr'>σχη-</span> 
     </span>
    </p>
   </div>
   <div class='ocr_carea' id='block_1_30' title="bbox 301 2747 1871 2818">
    <p class='ocr_par' dir='ltr' id='par_1_30' title="bbox 301 2747 1871 2818">
     <span class='ocr_line' id='line_1_30' title="bbox 301 2747 1871 2818; baseline 0.001 -20"><span class='ocrx_word' id='word_1_199' title='bbox 301 2749 486 2814; x_wconf 83' lang='grc' dir='ltr'>μάτων</span> <span class='ocrx_word' id='word_1_200' title='bbox 511 2747 610 2816; x_wconf 80' lang='grc' dir='ltr'>τὴν</span> <span class='ocrx_word' id='word_1_201' title='bbox 643 2747 920 2812; x_wconf 87' lang='grc' dir='ltr'>αίσθησιν,</span> <span class='ocrx_word' id='word_1_202' title='bbox 954 2750 982 2800; x_wconf 92' lang='lat'><strong>6</strong></span> <span class='ocrx_word' id='word_1_203' title='bbox 1016 2749 1072 2801; x_wconf 83' lang='grc' dir='ltr'>δὲ</span> <span class='ocrx_word' id='word_1_204' title='bbox 1093 2749 1191 2818; x_wconf 83' lang='grc' dir='ltr'>τὴν</span> <span class='ocrx_word' id='word_1_205' title='bbox 1222 2748 1400 2818; x_wconf 73' lang='grc' dir='ltr'>ψυχὴν</span> <span class='ocrx_word' id='word_1_206' title='bbox 1440 2749 1577 2818; x_wconf 77' lang='grc' dir='ltr'>πρὸς</span> <span class='ocrx_word' id='word_1_207' title='bbox 1608 2747 1734 2810; x_wconf 83' lang='grc' dir='ltr'>τοὺς</span> <span class='ocrx_word' id='word_1_208' title='bbox 1777 2751 1871 2815; x_wconf 77' lang='grc' dir='ltr'><strong>ἐγ-</strong></span> 
     </span>
    </p>
   </div>
   <div class='ocr_carea' id='block_1_31' title="bbox 298 2839 1866 2911">
    <p class='ocr_par' dir='ltr' id='par_1_31' title="bbox 298 2839 1866 2911">
     <span class='ocr_line' id='line_1_31' title="bbox 298 2839 1866 2911; baseline 0.004 -21"><span class='ocrx_word' id='word_1_209' title='bbox 298 2841 714 2909; x_wconf 85' lang='grc' dir='ltr'>κεκρυμμένους</span> <span class='ocrx_word' id='word_1_210' title='bbox 768 2845 883 2904; x_wconf 84' lang='grc' dir='ltr'>τοῖς</span> <span class='ocrx_word' id='word_1_211' title='bbox 942 2843 1183 2911; x_wconf 81' lang='grc' dir='ltr'>σχήμασι</span> <span class='ocrx_word' id='word_1_212' title='bbox 1233 2841 1423 2909; x_wconf 87' lang='grc' dir='ltr'>λόγους</span> <span class='ocrx_word' id='word_1_213' title='bbox 1465 2839 1866 2910; x_wconf 79' lang='grc' dir='ltr'>μεταϐιϐάζων.</span> 
     </span>
    </p>
   </div>
   <div class='ocr_carea' id='block_1_32' title="bbox 299 2930 1868 3000">
    <p class='ocr_par' dir='ltr' id='par_1_32' title="bbox 299 2930 1868 3000">
     <span class='ocr_line' id='line_1_32' title="bbox 299 2930 1868 3000; baseline 0.002 -19"><span class='ocrx_word' id='word_1_214' title='bbox 299 2930 408 2982; x_wconf 73' lang='grc' dir='ltr'><strong>Καὶ</strong></span> <span class='ocrx_word' id='word_1_215' title='bbox 430 2932 458 2982; x_wconf 88' lang='lat'><strong>6</strong></span> <span class='ocrx_word' id='word_1_216' title='bbox 484 2932 582 2999; x_wconf 85' lang='grc' dir='ltr'>μὲν</span> <span class='ocrx_word' id='word_1_217' title='bbox 617 2932 888 3000; x_wconf 85' lang='grc' dir='ltr'>σωμάτων</span> <span class='ocrx_word' id='word_1_218' title='bbox 923 2933 1100 2984; x_wconf 81' lang='grc' dir='ltr'>πείθει</span> <span class='ocrx_word' id='word_1_219' title='bbox 1129 2931 1319 3000; x_wconf 85' lang='grc' dir='ltr'>λόγους</span> <span class='ocrx_word' id='word_1_220' title='bbox 1350 2931 1440 2984; x_wconf 81' lang='grc' dir='ltr'>τὸν</span> <span class='ocrx_word' id='word_1_221' title='bbox 1479 2931 1602 2984; x_wconf 85' lang='grc' dir='ltr'>νοῦν</span> <span class='ocrx_word' id='word_1_222' title='bbox 1633 2932 1868 2999; x_wconf 79' lang='grc' dir='ltr'>ἀγνοεῖν,</span> 
     </span>
    </p>
   </div>
   <div class='ocr_carea' id='block_1_33' title="bbox 303 3022 1871 3091">
    <p class='ocr_par' dir='ltr' id='par_1_33' title="bbox 303 3022 1871 3091">
     <span class='ocr_line' id='line_1_33' title="bbox 303 3022 1871 3091; baseline 0.001 -18"><span class='ocrx_word' id='word_1_223' title='bbox 303 3023 332 3073; x_wconf 91' lang='lat'><strong>6</strong></span> <span class='ocrx_word' id='word_1_224' title='bbox 383 3022 440 3074; x_wconf 80' lang='grc' dir='ltr'>δὲ</span> <span class='ocrx_word' id='word_1_225' title='bbox 496 3024 804 3091; x_wconf 70' lang='grc' dir='ltr'>ἀσωμάτων</span> <span class='ocrx_word' id='word_1_226' title='bbox 857 3025 1159 3076; x_wconf 87' lang='grc' dir='ltr'>κατανοεῖν.</span> <span class='ocrx_word' id='word_1_227' title='bbox 1206 3023 1495 3091; x_wconf 78' lang='grc' dir='ltr'>Ἀσώματα</span> <span class='ocrx_word' id='word_1_228' title='bbox 1539 3023 1596 3076; x_wconf 90' lang='grc' dir='ltr'><strong>δέ</strong></span> <span class='ocrx_word' id='word_1_229' title='bbox 1626 3024 1730 3076; x_wconf 85' lang='grc' dir='ltr'>είσι</span> <span class='ocrx_word' id='word_1_230' title='bbox 1785 3023 1871 3075; x_wconf 85' lang='grc' dir='ltr'>λό-</span> 
     </span>
    </p>
   </div>
   <div class='ocr_carea' id='block_1_34' title="bbox 300 3112 1678 3182">
    <p class='ocr_par' dir='ltr' id='par_1_34' title="bbox 300 3112 1678 3182">
     <span class='ocr_line' id='line_1_34' title="bbox 300 3112 1678 3182; baseline 0.003 -18"><span class='ocrx_word' id='word_1_231' title='bbox 300 3129 388 3179; x_wconf 88' lang='grc' dir='ltr'><strong>γοι</strong></span> <span class='ocrx_word' id='word_1_232' title='bbox 419 3112 711 3177; x_wconf 80' lang='grc' dir='ltr'>σωμάτων,</span> <span class='ocrx_word' id='word_1_233' title='bbox 742 3113 1000 3182; x_wconf 85' lang='grc' dir='ltr'>ίδιότητές</span> <span class='ocrx_word' id='word_1_234' title='bbox 1037 3130 1120 3177; x_wconf 89' lang='grc' dir='ltr'><strong>τε,</strong></span> <span class='ocrx_word' id='word_1_235' title='bbox 1157 3115 1250 3166; x_wconf 69' lang='grc' dir='ltr'>καὶ</span> <span class='ocrx_word' id='word_1_236' title='bbox 1274 3115 1450 3166; x_wconf 84' lang='grc' dir='ltr'>οὐσίαι</span> <span class='ocrx_word' id='word_1_237' title='bbox 1481 3114 1678 3168; x_wconf 81' lang='grc' dir='ltr'>αὐτῶν.</span> 
     </span>
    </p>
   </div>
   <div class='ocr_carea' id='block_1_35' title="bbox 372 3203 1872 3275">
    <p class='ocr_par' dir='ltr' id='par_1_35' title="bbox 372 3203 1872 3275">
     <span class='ocr_line' id='line_1_35' title="bbox 372 3203 1872 3275; baseline 0.003 -20"><span class='ocrx_word' id='word_1_238' title='bbox 372 3209 426 3258; x_wconf 87' lang='grc' dir='ltr'>ι’.</span> <span class='ocrx_word' id='word_1_239' title='bbox 482 3203 653 3257; x_wconf 86' lang='grc' dir='ltr'>Ὅταν</span> <span class='ocrx_word' id='word_1_240' title='bbox 715 3204 806 3256; x_wconf 80' lang='grc' dir='ltr'>τὸν</span> <span class='ocrx_word' id='word_1_241' title='bbox 863 3204 990 3258; x_wconf 91' lang='grc' dir='ltr'>νοῦν</span> <span class='ocrx_word' id='word_1_242' title='bbox 1038 3222 1132 3258; x_wconf 89' lang='grc' dir='ltr'><strong>σου</strong></span> <span class='ocrx_word' id='word_1_243' title='bbox 1173 3206 1270 3275; x_wconf 81' lang='grc' dir='ltr'>τῆς</span> <span class='ocrx_word' id='word_1_244' title='bbox 1299 3206 1410 3257; x_wconf 86' lang='grc' dir='ltr'><strong>τῶν</strong></span> <span class='ocrx_word' id='word_1_245' title='bbox 1441 3204 1734 3274; x_wconf 84' lang='grc' dir='ltr'>σωμάτων,</span> <span class='ocrx_word' id='word_1_246' title='bbox 1776 3206 1872 3259; x_wconf 56' lang='grc' dir='ltr'><strong>καὶ⁸</strong></span> 
     </span>
    </p>
   </div>
   <div class='ocr_carea' id='block_1_36' title="bbox 300 3293 1867 3366">
    <p class='ocr_par' dir='ltr' id='par_1_36' title="bbox 300 3293 1867 3366">
     <span class='ocr_line' id='line_1_36' title="bbox 300 3293 1867 3366; baseline 0.001 -21"><span class='ocrx_word' id='word_1_247' title='bbox 300 3293 622 3363; x_wconf 78' lang='grc' dir='ltr'>χρημάτων,</span> <span class='ocrx_word' id='word_1_248' title='bbox 657 3296 752 3348; x_wconf 73' lang='grc' dir='ltr'>καὶ</span> <span class='ocrx_word' id='word_1_249' title='bbox 787 3295 1092 3364; x_wconf 81' lang='grc' dir='ltr'>βρωμάτων</span> <span class='ocrx_word' id='word_1_250' title='bbox 1121 3295 1454 3364; x_wconf 78' lang='grc' dir='ltr'>ἡδυπαθείας</span> <span class='ocrx_word' id='word_1_251' title='bbox 1476 3295 1867 3366; x_wconf 79' lang='grc' dir='ltr'>ὲλευθερώσῃς.</span> 
     </span>
    </p>
   </div>
   <div class='ocr_carea' id='block_1_37' title="bbox 299 3383 1873 3455">
    <p class='ocr_par' dir='ltr' id='par_1_37' title="bbox 299 3383 1873 3455">
     <span class='ocr_line' id='line_1_37' title="bbox 299 3383 1873 3455; baseline 0 -20"><span class='ocrx_word' id='word_1_252' title='bbox 299 3383 422 3436; x_wconf 76' lang='grc' dir='ltr'>τότε</span> <span class='ocrx_word' id='word_1_253' title='bbox 449 3385 542 3436; x_wconf 78' lang='grc' dir='ltr'>καὶ</span> <span class='ocrx_word' id='word_1_254' title='bbox 567 3383 703 3455; x_wconf 86' lang='grc' dir='ltr'>ὅπερ</span> <span class='ocrx_word' id='word_1_255' title='bbox 733 3385 798 3436; x_wconf 85' lang='grc' dir='ltr'>ἂν</span> <span class='ocrx_word' id='word_1_256' title='bbox 823 3386 1000 3452; x_wconf 83' lang='grc' dir='ltr'>ποιῇς,</span> <span class='ocrx_word' id='word_1_257' title='bbox 1030 3384 1203 3452; x_wconf 89' lang='grc' dir='ltr'>δῶρον</span> <span class='ocrx_word' id='word_1_258' title='bbox 1254 3384 1492 3453; x_wconf 81' lang='grc' dir='ltr'>καθαρὸν</span> <span class='ocrx_word' id='word_1_259' title='bbox 1521 3383 1600 3452; x_wconf 82' lang='grc' dir='ltr'><strong>τῷ</strong></span> <span class='ocrx_word' id='word_1_260' title='bbox 1628 3383 1746 3454; x_wconf 84' lang='grc' dir='ltr'>Θεῷ</span> <span class='ocrx_word' id='word_1_261' title='bbox 1784 3385 1873 3436; x_wconf 80' lang='grc' dir='ltr'><strong>λοο</strong></span> 
     </span>
    </p>
   </div>
   <div class='ocr_carea' id='block_1_38' title="bbox 301 3472 1871 3544">
    <p class='ocr_par' dir='ltr' id='par_1_38' title="bbox 301 3472 1871 3544">
     <span class='ocr_line' id='line_1_38' title="bbox 301 3472 1871 3544; baseline 0 -18"><span class='ocrx_word' id='word_1_262' title='bbox 301 3475 638 3544; x_wconf 81' lang='grc' dir='ltr'>γισθήσεται,</span> <span class='ocrx_word' id='word_1_263' title='bbox 700 3474 1109 3542; x_wconf 80' lang='grc' dir='ltr'>ἀντιδοθήσεται</span> <span class='ocrx_word' id='word_1_264' title='bbox 1161 3473 1218 3526; x_wconf 77' lang='grc' dir='ltr'><strong>δέ</strong></span> <span class='ocrx_word' id='word_1_265' title='bbox 1279 3490 1382 3539; x_wconf 90' lang='grc' dir='ltr'>σοι,</span> <span class='ocrx_word' id='word_1_266' title='bbox 1433 3474 1494 3525; x_wconf 86' lang='grc' dir='ltr'>τὸ</span> <span class='ocrx_word' id='word_1_267' title='bbox 1537 3472 1871 3542; x_wconf 80' lang='grc' dir='ltr'>διανοιγῆναι</span> 
     </span>
    </p>
   </div>
   <div class='ocr_carea' id='block_1_39' title="bbox 303 3559 1874 3632">
    <p class='ocr_par' dir='ltr' id='par_1_39' title="bbox 303 3559 1874 3632">
     <span class='ocr_line' id='line_1_39' title="bbox 303 3559 1874 3632; baseline 0.001 -20"><span class='ocrx_word' id='word_1_268' title='bbox 303 3563 426 3622; x_wconf 73' lang='grc' dir='ltr'>τοὺς</span> <span class='ocrx_word' id='word_1_269' title='bbox 456 3565 554 3630; x_wconf 84' lang='grc' dir='ltr'>τῆς</span> <span class='ocrx_word' id='word_1_270' title='bbox 594 3560 824 3630; x_wconf 86' lang='grc' dir='ltr'>καρδίας</span> <span class='ocrx_word' id='word_1_271' title='bbox 848 3577 943 3612; x_wconf 92' lang='grc' dir='ltr'><strong>σου</strong></span> <span class='ocrx_word' id='word_1_272' title='bbox 983 3559 1314 3628; x_wconf 81' lang='grc' dir='ltr'>ὀφθαλμοὺς,</span> <span class='ocrx_word' id='word_1_273' title='bbox 1342 3561 1435 3613; x_wconf 78' lang='grc' dir='ltr'>καὶ</span> <span class='ocrx_word' id='word_1_274' title='bbox 1463 3563 1676 3630; x_wconf 83' lang='grc' dir='ltr'>τρανῶς</span> <span class='ocrx_word' id='word_1_275' title='bbox 1705 3563 1874 3632; x_wconf 69' lang='grc' dir='ltr'>ἐμμεη</span> 
     </span>
    </p>
   </div>
   <div class='ocr_carea' id='block_1_40' title="bbox 305 3651 1868 3722">
    <p class='ocr_par' dir='ltr' id='par_1_40' title="bbox 305 3651 1868 3722">
     <span class='ocr_line' id='line_1_40' title="bbox 305 3651 1868 3722; baseline 0.002 -19"><span class='ocrx_word' id='word_1_276' title='bbox 305 3653 466 3722; x_wconf 80' lang='grc' dir='ltr'>λετᾷν</span> <span class='ocrx_word' id='word_1_277' title='bbox 516 3651 643 3712; x_wconf 79' lang='grc' dir='ltr'>τοὺς</span> <span class='ocrx_word' id='word_1_278' title='bbox 677 3651 1165 3720; x_wconf 71' lang='grc' dir='ltr'>ἐγγεγραμμένους</span> <span class='ocrx_word' id='word_1_279' title='bbox 1197 3654 1254 3705; x_wconf 86' lang='grc' dir='ltr'>ὲν</span> <span class='ocrx_word' id='word_1_280' title='bbox 1285 3651 1433 3721; x_wconf 82' lang='grc' dir='ltr'>αὑτῷ</span> <span class='ocrx_word' id='word_1_281' title='bbox 1476 3652 1666 3720; x_wconf 83' lang='grc' dir='ltr'>λόγους</span> <span class='ocrx_word' id='word_1_282' title='bbox 1701 3652 1868 3706; x_wconf 86' lang='grc' dir='ltr'>Θεοῦ·</span> 
     </span>
    </p>
   </div>
   <div class='ocr_carea' id='block_1_41' title="bbox 302 3740 1869 3815">
    <p class='ocr_par' dir='ltr' id='par_1_41' title="bbox 302 3740 1869 3815">
     <span class='ocr_line' id='line_1_41' title="bbox 302 3740 1869 3815; baseline 0.001 -19"><span class='ocrx_word' id='word_1_283' title='bbox 302 3744 499 3804; x_wconf 85' lang='grc' dir='ltr'>οἵτινες</span> <span class='ocrx_word' id='word_1_284' title='bbox 532 3741 671 3812; x_wconf 81' lang='grc' dir='ltr'>ὑπὲρ</span> <span class='ocrx_word' id='word_1_285' title='bbox 698 3740 819 3811; x_wconf 84' lang='grc' dir='ltr'>μέλι</span> <span class='ocrx_word' id='word_1_286' title='bbox 856 3743 950 3795; x_wconf 75' lang='grc' dir='ltr'>καὶ</span> <span class='ocrx_word' id='word_1_287' title='bbox 979 3743 1191 3813; x_wconf 84' lang='grc' dir='ltr'>κηρίον,</span> <span class='ocrx_word' id='word_1_288' title='bbox 1237 3744 1315 3815; x_wconf 82' lang='grc' dir='ltr'><strong>τῷ</strong></span> <span class='ocrx_word' id='word_1_289' title='bbox 1343 3743 1517 3814; x_wconf 84' lang='grc' dir='ltr'>νοητῷ</span> <span class='ocrx_word' id='word_1_290' title='bbox 1571 3760 1664 3796; x_wconf 90' lang='grc' dir='ltr'><strong>σου</strong></span> <span class='ocrx_word' id='word_1_291' title='bbox 1721 3745 1869 3812; x_wconf 85' lang='grc' dir='ltr'>λογι-</span> 
     </span>
    </p>
   </div>
   <div class='ocr_carea' id='block_1_42' title="bbox 306 3831 1869 3908">
    <p class='ocr_par' dir='ltr' id='par_1_42' title="bbox 306 3831 1869 3908">
     <span class='ocr_line' id='line_1_42' title="bbox 306 3831 1869 3908; baseline 0.003 -22"><span class='ocrx_word' id='word_1_292' title='bbox 306 3834 596 3902; x_wconf 84' lang='grc' dir='ltr'>σοήσονται</span> <span class='ocrx_word' id='word_1_293' title='bbox 644 3831 902 3902; x_wconf 82' lang='grc' dir='ltr'>λάρυγγι,</span> <span class='ocrx_word' id='word_1_294' title='bbox 931 3838 997 3905; x_wconf 83' lang='grc' dir='ltr'>τῇ</span> <span class='ocrx_word' id='word_1_295' title='bbox 1034 3837 1130 3888; x_wconf 80' lang='grc' dir='ltr'><strong>ἀπ’</strong></span> <span class='ocrx_word' id='word_1_296' title='bbox 1161 3835 1339 3888; x_wconf 73' lang='grc' dir='ltr'>αὐτῶν</span> <span class='ocrx_word' id='word_1_297' title='bbox 1391 3836 1706 3908; x_wconf 83' lang='grc' dir='ltr'>ὲκδιδομένῃ</span> <span class='ocrx_word' id='word_1_298' title='bbox 1740 3837 1869 3908; x_wconf 79' lang='grc' dir='ltr'><strong>ἡδύ-</strong></span> 
     </span>
    </p>
   </div>
   <div class='ocr_carea' id='block_1_43' title="bbox 302 3939 443 3992">
    <p class='ocr_par' dir='ltr' id='par_1_43' title="bbox 302 3939 443 3992">
     <span class='ocr_line' id='line_1_43' title="bbox 302 3939 443 3992; baseline 0.007 -16"><span class='ocrx_word' id='word_1_299' title='bbox 302 3939 443 3992; x_wconf 57' lang='grc' dir='ltr'>τητμ</span> 
     </span>
    </p>
   </div>
   <div class='ocr_carea' id='block_1_44' title="bbox 374 4016 1871 4090">
    <p class='ocr_par' dir='ltr' id='par_1_44' title="bbox 374 4016 1871 4090">
     <span class='ocr_line' id='line_1_44' title="bbox 374 4016 1871 4090; baseline 0.005 -26"><span class='ocrx_word' id='word_1_300' title='bbox 374 4025 460 4070; x_wconf 81' lang='grc' dir='ltr'>ια’.</span> <span class='ocrx_word' id='word_1_301' title='bbox 497 4020 570 4072; x_wconf 72' lang='grc' dir='ltr'><strong>Οὐ</strong></span> <span class='ocrx_word' id='word_1_302' title='bbox 600 4020 805 4090; x_wconf 79' lang='grc' dir='ltr'>δυνήσῃ</span> <span class='ocrx_word' id='word_1_303' title='bbox 839 4018 1106 4087; x_wconf 81' lang='grc' dir='ltr'>σωμάτων</span> <span class='ocrx_word' id='word_1_304' title='bbox 1134 4017 1226 4070; x_wconf 76' lang='grc' dir='ltr'>καὶ</span> <span class='ocrx_word' id='word_1_305' title='bbox 1274 4016 1571 4087; x_wconf 83' lang='grc' dir='ltr'>χρημάτων</span> <span class='ocrx_word' id='word_1_306' title='bbox 1630 4018 1724 4072; x_wconf 74' lang='grc' dir='ltr'>καὶ</span> <span class='ocrx_word' id='word_1_307' title='bbox 1773 4019 1871 4087; x_wconf 84' lang='grc' dir='ltr'>τῆς</span> 
     </span>
    </p>
   </div>
   <div class='ocr_carea' id='block_1_45' title="bbox 301 4107 1871 4179">
    <p class='ocr_par' dir='ltr' id='par_1_45' title="bbox 301 4107 1871 4179">
     <span class='ocr_line' id='line_1_45' title="bbox 301 4107 1871 4179; baseline 0 -17"><span class='ocrx_word' id='word_1_308' title='bbox 301 4109 410 4162; x_wconf 84' lang='grc' dir='ltr'><strong>τῶν</strong></span> <span class='ocrx_word' id='word_1_309' title='bbox 438 4110 538 4163; x_wconf 72' lang='grc' dir='ltr'>οὐκ</span> <span class='ocrx_word' id='word_1_310' title='bbox 561 4109 874 4178; x_wconf 70' lang='grc' dir='ltr'>ἀναγκαίων</span> <span class='ocrx_word' id='word_1_311' title='bbox 910 4107 1216 4178; x_wconf 80' lang='grc' dir='ltr'>βρωμάτων</span> <span class='ocrx_word' id='word_1_312' title='bbox 1249 4107 1542 4177; x_wconf 70' lang='grc' dir='ltr'>ἐπιθυμίας</span> <span class='ocrx_word' id='word_1_313' title='bbox 1571 4109 1871 4179; x_wconf 78' lang='grc' dir='ltr'>ὑπέρτερον</span> 
     </span>
    </p>
   </div>
   <div class='ocr_carea' id='block_1_46' title="bbox 302 4197 1872 4269">
    <p class='ocr_par' dir='ltr' id='par_1_46' title="bbox 302 4197 1872 4269">
     <span class='ocr_line' id='line_1_46' title="bbox 302 4197 1872 4269; baseline 0.001 -18"><span class='ocrx_word' id='word_1_314' title='bbox 302 4199 637 4268; x_wconf 82' lang='grc' dir='ltr'>ποιῆσαιτδν</span> <span class='ocrx_word' id='word_1_315' title='bbox 673 4199 819 4263; x_wconf 91' lang='grc' dir='ltr'>νοῦν,</span> <span class='ocrx_word' id='word_1_316' title='bbox 854 4199 903 4250; x_wconf 84' lang='grc' dir='ltr'><strong>εί</strong></span> <span class='ocrx_word' id='word_1_317' title='bbox 940 4197 1015 4267; x_wconf 80' lang='grc' dir='ltr'>μὴ</span> <span class='ocrx_word' id='word_1_318' title='bbox 1047 4199 1102 4249; x_wconf 84' lang='grc' dir='ltr'>ὲν</span> <span class='ocrx_word' id='word_1_319' title='bbox 1137 4199 1205 4268; x_wconf 82' lang='grc' dir='ltr'>τῇ</span> <span class='ocrx_word' id='word_1_320' title='bbox 1239 4198 1456 4269; x_wconf 80' lang='grc' dir='ltr'>καθαρᾷ</span> <span class='ocrx_word' id='word_1_321' title='bbox 1487 4199 1598 4251; x_wconf 89' lang='grc' dir='ltr'><strong>τῶν</strong></span> <span class='ocrx_word' id='word_1_322' title='bbox 1650 4199 1872 4253; x_wconf 89' lang='grc' dir='ltr'>δικαίων</span> 
     </span>
    </p>
   </div>
   <div class='ocr_carea' id='block_1_47' title="bbox 304 4284 1872 4359">
    <p class='ocr_par' dir='ltr' id='par_1_47' title="bbox 304 4284 1872 4359">
     <span class='ocr_line' id='line_1_47' title="bbox 304 4284 1872 4359; baseline 0.001 -22"><span class='ocrx_word' id='word_1_323' title='bbox 304 4287 457 4357; x_wconf 74' lang='grc' dir='ltr'>χώρᾳ</span> <span class='ocrx_word' id='word_1_324' title='bbox 483 4287 706 4359; x_wconf 83' lang='grc' dir='ltr'>είσάξῃς</span> <span class='ocrx_word' id='word_1_325' title='bbox 756 4285 916 4338; x_wconf 80' lang='grc' dir='ltr'>αὐτόν</span> <span class='ocrx_word' id='word_1_326' title='bbox 946 4302 963 4318; x_wconf 77' lang='grc' dir='ltr'><strong>ο</strong></span> <span class='ocrx_word' id='word_1_327' title='bbox 997 4284 1117 4338; x_wconf 81' lang='grc' dir='ltr'>καθ’</span> <span class='ocrx_word' id='word_1_328' title='bbox 1144 4287 1210 4357; x_wconf 72' lang='grc' dir='ltr'>ἦν</span> <span class='ocrx_word' id='word_1_329' title='bbox 1247 4288 1280 4356; x_wconf 80' lang='grc' dir='ltr'>ἦ</span> <span class='ocrx_word' id='word_1_330' title='bbox 1303 4304 1362 4339; x_wconf 92' lang='grc' dir='ltr'>τε</span> <span class='ocrx_word' id='word_1_331' title='bbox 1389 4285 1482 4340; x_wconf 90' lang='grc' dir='ltr'><strong>τοῦ</strong></span> <span class='ocrx_word' id='word_1_332' title='bbox 1509 4287 1756 4351; x_wconf 85' lang='grc' dir='ltr'>θανάτου,</span> <span class='ocrx_word' id='word_1_333' title='bbox 1781 4288 1872 4340; x_wconf 75' lang='grc' dir='ltr'>καὶ</span> 
     </span>
    </p>
   </div>
   <div class='ocr_carea' id='block_1_48' title="bbox 304 4378 1874 4451">
    <p class='ocr_par' dir='ltr' id='par_1_48' title="bbox 304 4378 1874 4451">
     <span class='ocr_line' id='line_1_48' title="bbox 304 4378 1874 4451; baseline 0.002 -21"><span class='ocrx_word' id='word_1_334' title='bbox 304 4379 338 4447; x_wconf 85' lang='grc' dir='ltr'><strong>ἡ</strong></span> <span class='ocrx_word' id='word_1_335' title='bbox 363 4378 458 4431; x_wconf 87' lang='grc' dir='ltr'><strong>τοῦ</strong></span> <span class='ocrx_word' id='word_1_336' title='bbox 508 4378 643 4432; x_wconf 87' lang='grc' dir='ltr'>Θεοῦ</span> <span class='ocrx_word' id='word_1_337' title='bbox 710 4379 898 4448; x_wconf 87' lang='grc' dir='ltr'>μνήμη</span> <span class='ocrx_word' id='word_1_338' title='bbox 975 4378 1392 4433; x_wconf 82' lang='grc' dir='ltr'>ὲπαναϐλύσασα</span> <span class='ocrx_word' id='word_1_339' title='bbox 1417 4420 1432 4444; x_wconf 91' lang='grc'><strong>,</strong></span> <span class='ocrx_word' id='word_1_340' title='bbox 1504 4381 1610 4434; x_wconf 83' lang='grc' dir='ltr'>ἀπὸ</span> <span class='ocrx_word' id='word_1_341' title='bbox 1680 4382 1874 4451; x_wconf 80' lang='grc' dir='ltr'>γηῖνης</span> 
     </span>
    </p>
   </div>
   <div class='ocr_carea' id='block_1_49' title="bbox 305 4468 1636 4540">
    <p class='ocr_par' dir='ltr' id='par_1_49' title="bbox 305 4468 1636 4540">
     <span class='ocr_line' id='line_1_49' title="bbox 305 4468 1636 4540; baseline 0.001 -18"><span class='ocrx_word' id='word_1_342' title='bbox 305 4468 529 4537; x_wconf 78' lang='grc' dir='ltr'>καρδίας</span> <span class='ocrx_word' id='word_1_343' title='bbox 557 4469 851 4538; x_wconf 71' lang='grc' dir='ltr'>ἀπαλείφει</span> <span class='ocrx_word' id='word_1_344' title='bbox 881 4470 988 4521; x_wconf 82' lang='grc' dir='ltr'><strong>πᾶν</strong></span> <span class='ocrx_word' id='word_1_345' title='bbox 1015 4469 1308 4538; x_wconf 73' lang='grc' dir='ltr'>ἐπιθυμίας</span> <span class='ocrx_word' id='word_1_346' title='bbox 1329 4470 1636 4540; x_wconf 80' lang='grc' dir='ltr'>ἀνάστημα.</span> 
     </span>
    </p>
   </div>
   <div class='ocr_carea' id='block_1_50' title="bbox 376 4556 1869 4635">
    <p class='ocr_par' dir='ltr' id='par_1_50' title="bbox 376 4556 1869 4635">
     <span class='ocr_line' id='line_1_50' title="bbox 376 4556 1869 4635; baseline 0.003 -26"><span class='ocrx_word' id='word_1_347' title='bbox 376 4557 461 4628; x_wconf 84' lang='grc' dir='ltr'>ιβ’.</span> <span class='ocrx_word' id='word_1_348' title='bbox 511 4559 698 4620; x_wconf 78' lang='grc' dir='ltr'>Οὐδὲν,</span> <span class='ocrx_word' id='word_1_349' title='bbox 752 4556 874 4612; x_wconf 79' lang='grc' dir='ltr'>οὔτε</span> <span class='ocrx_word' id='word_1_350' title='bbox 919 4558 1127 4619; x_wconf 75' lang='grc' dir='ltr'>ἑννοίας</span> <span class='ocrx_word' id='word_1_351' title='bbox 1183 4558 1413 4611; x_wconf 74' lang='grc' dir='ltr'>θανάτου</span> <span class='ocrx_word' id='word_1_352' title='bbox 1473 4558 1869 4635; x_wconf 85' lang='grc' dir='ltr'>φοϐερώτερον,</span> 
     </span>
    </p>
   </div>
   <div class='ocr_carea' id='block_1_51' title="bbox 302 4646 1872 4718">
    <p class='ocr_par' dir='ltr' id='par_1_51' title="bbox 302 4646 1872 4718">
     <span class='ocr_line' id='line_1_51' title="bbox 302 4646 1872 4718; baseline -0.001 -15"><span class='ocrx_word' id='word_1_353' title='bbox 302 4649 423 4704; x_wconf 85' lang='grc' dir='ltr'>οῦτε</span> <span class='ocrx_word' id='word_1_354' title='bbox 457 4649 592 4702; x_wconf 83' lang='grc' dir='ltr'>Θεοῦ</span> <span class='ocrx_word' id='word_1_355' title='bbox 629 4653 850 4717; x_wconf 81' lang='grc' dir='ltr'>μνήμης</span> <span class='ocrx_word' id='word_1_356' title='bbox 885 4646 1331 4716; x_wconf 85' lang='grc' dir='ltr'>θαυμασιώτερον</span> <span class='ocrx_word' id='word_1_357' title='bbox 1359 4665 1372 4679; x_wconf 90' lang='grc'><strong>·</strong></span> <span class='ocrx_word' id='word_1_358' title='bbox 1411 4650 1442 4718; x_wconf 82' lang='grc' dir='ltr'>ἡ</span> <span class='ocrx_word' id='word_1_359' title='bbox 1477 4650 1575 4717; x_wconf 84' lang='grc' dir='ltr'>μὲν</span> <span class='ocrx_word' id='word_1_360' title='bbox 1609 4651 1717 4718; x_wconf 74' lang='grc' dir='ltr'>γάρ</span> <span class='ocrx_word' id='word_1_361' title='bbox 1753 4651 1872 4702; x_wconf 71' lang='grc' dir='ltr'>ἐστι</span> 
     </span>
    </p>
   </div>
   <div class='ocr_carea' id='block_1_52' title="bbox 303 4739 1874 4812">
    <p class='ocr_par' dir='ltr' id='par_1_52' title="bbox 303 4739 1874 4812">
     <span class='ocr_line' id='line_1_52' title="bbox 303 4739 1874 4812; baseline 0 -18"><span class='ocrx_word' id='word_1_362' title='bbox 303 4741 477 4809; x_wconf 80' lang='grc' dir='ltr'>λύπης</span> <span class='ocrx_word' id='word_1_363' title='bbox 535 4740 911 4809; x_wconf 81' lang='grc' dir='ltr'>σωτηριώδους</span> <span class='ocrx_word' id='word_1_364' title='bbox 950 4739 1289 4810; x_wconf 81' lang='grc' dir='ltr'>παρεκτικὴ,</span> <span class='ocrx_word' id='word_1_365' title='bbox 1342 4741 1374 4809; x_wconf 85' lang='grc' dir='ltr'><strong>ἡ</strong></span> <span class='ocrx_word' id='word_1_366' title='bbox 1419 4741 1476 4792; x_wconf 81' lang='grc' dir='ltr'>δὲ</span> <span class='ocrx_word' id='word_1_367' title='bbox 1535 4741 1874 4812; x_wconf 81' lang='grc' dir='ltr'>εὐφροσύνης</span> 
     </span>
    </p>
   </div>
   <div class='ocr_carea' id='block_1_53' title="bbox 239 4830 1870 4902">
    <p class='ocr_par' dir='ltr' id='par_1_53' title="bbox 239 4830 1870 4902">
     <span class='ocr_line' id='line_1_53' title="bbox 239 4830 1870 4902; baseline 0.001 -20"><span class='ocrx_word' id='word_1_368' title='bbox 239 4867 250 4876; x_wconf 80' lang='grc'><strong>.</strong></span> <span class='ocrx_word' id='word_1_369' title='bbox 309 4832 622 4900; x_wconf 84' lang='grc' dir='ltr'>χαριστική.</span> <span class='ocrx_word' id='word_1_370' title='bbox 655 4851 671 4881; x_wconf 79' lang='grc' dir='ltr'><strong>ι</strong></span> <span class='ocrx_word' id='word_1_371' title='bbox 705 4830 1011 4900; x_wconf 85' lang='grc' dir='ltr'>Ἐμνήσθην</span> <span class='ocrx_word' id='word_1_372' title='bbox 1039 4832 1168 4899; x_wconf 77' lang='grc' dir='ltr'>γὰρ,</span> <span class='ocrx_word' id='word_1_373' title='bbox 1197 4830 1380 4899; x_wconf 73' lang='grc' dir='ltr'>φησὶν,</span> <span class='ocrx_word' id='word_1_374' title='bbox 1405 4832 1758 4902; x_wconf 72' lang='grc' dir='ltr'>όΠριιφήτης,</span> <span class='ocrx_word' id='word_1_375' title='bbox 1779 4831 1870 4884; x_wconf 86' lang='grc' dir='ltr'><strong>τοῦ</strong></span> 
     </span>
    </p>
   </div>
   <div class='ocr_carea' id='block_1_54' title="bbox 306 4917 1872 4989">
    <p class='ocr_par' dir='ltr' id='par_1_54' title="bbox 306 4917 1872 4989">
     <span class='ocr_line' id='line_1_54' title="bbox 306 4917 1872 4989; baseline 0.003 -21"><span class='ocrx_word' id='word_1_376' title='bbox 306 4917 460 4982; x_wconf 80' lang='grc' dir='ltr'>Θεοῦ,</span> <span class='ocrx_word' id='word_1_377' title='bbox 481 4922 576 4972; x_wconf 56' lang='grc' dir='ltr'><strong>καὶ⁵</strong></span> <span class='ocrx_word' id='word_1_378' title='bbox 600 4919 915 4989; x_wconf 80' lang='grc' dir='ltr'>ηὐφράνθην</span> <span class='ocrx_word' id='word_1_379' title='bbox 932 4932 946 4946; x_wconf 77' lang='grc'><strong><em>³</em></strong></span> <span class='ocrx_word' id='word_1_380' title='bbox 969 4939 987 4968; x_wconf 75' lang='grc' dir='ltr'><strong>ι</strong></span> <span class='ocrx_word' id='word_1_381' title='bbox 1013 4921 1104 4972; x_wconf 75' lang='grc' dir='ltr'>καὶ</span> <span class='ocrx_word' id='word_1_382' title='bbox 1130 4921 1156 4972; x_wconf 90' lang='lat'><strong>6</strong></span> <span class='ocrx_word' id='word_1_383' title='bbox 1176 4919 1344 4987; x_wconf 79' lang='grc' dir='ltr'>Σοφός</span> <span class='ocrx_word' id='word_1_384' title='bbox 1367 4934 1380 4947; x_wconf 91' lang='grc'><strong>·</strong></span> <span class='ocrx_word' id='word_1_385' title='bbox 1405 4937 1424 4969; x_wconf 84' lang='grc'><strong>‹</strong></span> <span class='ocrx_word' id='word_1_386' title='bbox 1454 4920 1776 4988; x_wconf 84' lang='grc' dir='ltr'>Μιμνήσκου</span> <span class='ocrx_word' id='word_1_387' title='bbox 1803 4920 1872 4973; x_wconf 76' lang='grc' dir='ltr'><strong>τά</strong></span> 
     </span>
    </p>
   </div>
   <div class='ocr_carea' id='block_1_55' title="bbox 305 5006 1872 5078">
    <p class='ocr_par' dir='ltr' id='par_1_55' title="bbox 305 5006 1872 5078">
     <span class='ocr_line' id='line_1_55' title="bbox 305 5006 1872 5078; baseline 0.003 -21"><span class='ocrx_word' id='word_1_388' title='bbox 305 5006 508 5074; x_wconf 77' lang='grc' dir='ltr'>ἔσχατά</span> <span class='ocrx_word' id='word_1_389' title='bbox 545 5023 660 5068; x_wconf 89' lang='grc' dir='ltr'>σου,</span> <span class='ocrx_word' id='word_1_390' title='bbox 702 5009 795 5059; x_wconf 71' lang='grc' dir='ltr'>καὶ</span> <span class='ocrx_word' id='word_1_391' title='bbox 821 5008 918 5076; x_wconf 76' lang='grc' dir='ltr'>οὐχ</span> <span class='ocrx_word' id='word_1_392' title='bbox 957 5009 1273 5078; x_wconf 78' lang='grc' dir='ltr'>ἁμαρτήσῃ.</span> <span class='ocrx_word' id='word_1_393' title='bbox 1308 5027 1326 5059; x_wconf 72' lang='grc' dir='ltr'><strong>ι</strong></span> <span class='ocrx_word' id='word_1_394' title='bbox 1373 5007 1658 5062; x_wconf 78' lang='grc' dir='ltr'>Ἀδύνατον</span> <span class='ocrx_word' id='word_1_395' title='bbox 1695 5009 1751 5062; x_wconf 78' lang='grc' dir='ltr'>δὲ</span> <span class='ocrx_word' id='word_1_396' title='bbox 1781 5009 1872 5062; x_wconf 82' lang='grc' dir='ltr'><strong>τοῦ</strong></span> 
     </span>
    </p>
   </div>
   <div class='ocr_carea' id='block_1_56' title="bbox 302 5098 1876 5171">
    <p class='ocr_par' dir='ltr' id='par_1_56' title="bbox 302 5098 1876 5171">
     <span class='ocr_line' id='line_1_56' title="bbox 302 5098 1876 5171; baseline 0.01 -21"><span class='ocrx_word' id='word_1_397' title='bbox 302 5098 555 5168; x_wconf 75' lang='grc' dir='ltr'>δευτέρου</span> <span class='ocrx_word' id='word_1_398' title='bbox 584 5098 702 5151; x_wconf 73' lang='grc' dir='ltr'>τινὰ</span> <span class='ocrx_word' id='word_1_399' title='bbox 727 5099 782 5150; x_wconf 79' lang='grc' dir='ltr'><strong>έν</strong></span> <span class='ocrx_word' id='word_1_400' title='bbox 810 5100 1131 5168; x_wconf 79' lang='grc' dir='ltr'>κατασχέσει</span> <span class='ocrx_word' id='word_1_401' title='bbox 1156 5098 1428 5165; x_wconf 82' lang='grc' dir='ltr'>γενέσθαι,</span> <span class='ocrx_word' id='word_1_402' title='bbox 1468 5101 1542 5168; x_wconf 83' lang='grc' dir='ltr'>μὴ</span> <span class='ocrx_word' id='word_1_403' title='bbox 1567 5103 1758 5170; x_wconf 75' lang='grc' dir='ltr'>πεῖραν</span> <span class='ocrx_word' id='word_1_404' title='bbox 1777 5103 1876 5171; x_wconf 77' lang='grc' dir='ltr'><strong>τῆς</strong></span> 
     </span>
    </p>
   </div>
   <div class='ocr_carea' id='block_1_57' title="bbox 303 5189 1419 5260">
    <p class='ocr_par' dir='ltr' id='par_1_57' title="bbox 303 5189 1419 5260">
     <span class='ocr_line' id='line_1_57' title="bbox 303 5189 1419 5260; baseline -0.002 -18"><span class='ocrx_word' id='word_1_405' title='bbox 303 5190 398 5243; x_wconf 83' lang='grc' dir='ltr'><strong>τοῦ</strong></span> <span class='ocrx_word' id='word_1_406' title='bbox 425 5190 692 5260; x_wconf 86' lang='grc' dir='ltr'>προτέρου</span> <span class='ocrx_word' id='word_1_407' title='bbox 741 5189 970 5240; x_wconf 85' lang='grc' dir='ltr'>λαϐόντα</span> <span class='ocrx_word' id='word_1_408' title='bbox 1003 5189 1419 5258; x_wconf 83' lang='grc' dir='ltr'>στρυφνότητος.</span> 
     </span>
    </p>
   </div>
   <div class='ocr_carea' id='block_1_58' title="bbox 374 5280 1874 5356">
    <p class='ocr_par' dir='ltr' id='par_1_58' title="bbox 374 5280 1874 5356">
     <span class='ocr_line' id='line_1_58' title="bbox 374 5280 1874 5356; baseline 0.003 -22"><span class='ocrx_word' id='word_1_409' title='bbox 374 5289 464 5350; x_wconf 88' lang='grc' dir='ltr'>ιγ’.</span> <span class='ocrx_word' id='word_1_410' title='bbox 499 5282 643 5344; x_wconf 81' lang='grc' dir='ltr'>Ἕως</span> <span class='ocrx_word' id='word_1_411' title='bbox 705 5281 772 5334; x_wconf 79' lang='grc' dir='ltr'>ἂν</span> <span class='ocrx_word' id='word_1_412' title='bbox 820 5280 917 5350; x_wconf 82' lang='grc' dir='ltr'>τὴν</span> <span class='ocrx_word' id='word_1_413' title='bbox 946 5280 1042 5334; x_wconf 89' lang='grc' dir='ltr'><strong>τοῦ</strong></span> <span class='ocrx_word' id='word_1_414' title='bbox 1081 5281 1217 5334; x_wconf 85' lang='grc' dir='ltr'>Θεοῦ</span> <span class='ocrx_word' id='word_1_415' title='bbox 1278 5281 1435 5344; x_wconf 84' lang='grc' dir='ltr'>δόξαν</span> <span class='ocrx_word' id='word_1_416' title='bbox 1494 5284 1874 5356; x_wconf 71' lang='grc' dir='ltr'>ἀνακεκαλυμο</span> 
     </span>
    </p>
   </div>
   <div class='ocr_carea' id='block_1_59' title="bbox 307 5371 1873 5447">
    <p class='ocr_par' dir='ltr' id='par_1_59' title="bbox 307 5371 1873 5447">
     <span class='ocr_line' id='line_1_59' title="bbox 307 5371 1873 5447; baseline 0.004 -23"><span class='ocrx_word' id='word_1_417' title='bbox 307 5375 450 5444; x_wconf 79' lang='grc' dir='ltr'>μένῳ</span> <span class='ocrx_word' id='word_1_418' title='bbox 485 5371 756 5443; x_wconf 81' lang='grc' dir='ltr'>προσώπῳ</span> <span class='ocrx_word' id='word_1_419' title='bbox 778 5373 861 5444; x_wconf 77' lang='grc' dir='ltr'>ίδῃ</span> <span class='ocrx_word' id='word_1_420' title='bbox 887 5374 916 5425; x_wconf 92' lang='lat'><strong>6</strong></span> <span class='ocrx_word' id='word_1_421' title='bbox 945 5372 1088 5437; x_wconf 79' lang='grc' dir='ltr'>νοῦς,</span> <span class='ocrx_word' id='word_1_422' title='bbox 1113 5374 1174 5424; x_wconf 79' lang='grc' dir='ltr'>οὐ</span> <span class='ocrx_word' id='word_1_423' title='bbox 1205 5372 1428 5426; x_wconf 80' lang='grc' dir='ltr'>δύναται</span> <span class='ocrx_word' id='word_1_424' title='bbox 1455 5376 1485 5444; x_wconf 88' lang='grc' dir='ltr'><strong>ή</strong></span> <span class='ocrx_word' id='word_1_425' title='bbox 1519 5375 1664 5447; x_wconf 80' lang='grc' dir='ltr'>ψυχὴ</span> <span class='ocrx_word' id='word_1_426' title='bbox 1697 5377 1873 5445; x_wconf 84' lang='grc' dir='ltr'>λέγειν</span> 
     </span>
    </p>
   </div>
   <div class='ocr_carea' id='block_1_60' title="bbox 303 5462 1874 5538">
    <p class='ocr_par' dir='ltr' id='par_1_60' title="bbox 303 5462 1874 5538">
     <span class='ocr_line' id='line_1_60' title="bbox 303 5462 1874 5538; baseline 0.002 -20"><span class='ocrx_word' id='word_1_427' title='bbox 303 5466 360 5518; x_wconf 71' lang='grc' dir='ltr'>ὲν</span> <span class='ocrx_word' id='word_1_428' title='bbox 384 5465 631 5533; x_wconf 83' lang='grc' dir='ltr'>αίσθήσει</span> <span class='ocrx_word' id='word_1_429' title='bbox 658 5464 827 5533; x_wconf 81' lang='grc' dir='ltr'>αὐτῆς</span> <span class='ocrx_word' id='word_1_430' title='bbox 849 5503 863 5527; x_wconf 98' lang='grc'><strong>,</strong></span> <span class='ocrx_word' id='word_1_431' title='bbox 893 5481 912 5514; x_wconf 73' lang='grc' dir='ltr'><strong>ι</strong></span> <span class='ocrx_word' id='word_1_432' title='bbox 954 5462 1096 5530; x_wconf 83' lang='grc' dir='ltr'><strong>Ἐγὼ</strong></span> <span class='ocrx_word' id='word_1_433' title='bbox 1136 5463 1191 5515; x_wconf 82' lang='grc' dir='ltr'>δὲ</span> <span class='ocrx_word' id='word_1_434' title='bbox 1233 5464 1628 5536; x_wconf 82' lang='grc' dir='ltr'>ἀγαλλιάσομαι</span> <span class='ocrx_word' id='word_1_435' title='bbox 1677 5469 1768 5520; x_wconf 76' lang='grc' dir='ltr'><strong>ἐπὶ</strong></span> <span class='ocrx_word' id='word_1_436' title='bbox 1797 5469 1874 5538; x_wconf 81' lang='grc' dir='ltr'>τῷ</span> 
     </span>
    </p>
   </div>
   <div class='ocr_carea' id='block_1_61' title="bbox 303 5552 1872 5626">
    <p class='ocr_par' dir='ltr' id='par_1_61' title="bbox 303 5552 1872 5626">
     <span class='ocr_line' id='line_1_61' title="bbox 303 5552 1872 5626; baseline 0.002 -17"><span class='ocrx_word' id='word_1_437' title='bbox 303 5556 510 5625; x_wconf 82' lang='grc' dir='ltr'>Κυρίῳ,</span> <span class='ocrx_word' id='word_1_438' title='bbox 553 5553 928 5623; x_wconf 79' lang='grc' dir='ltr'>τερφθήσομαι</span> <span class='ocrx_word' id='word_1_439' title='bbox 964 5553 1056 5605; x_wconf 79' lang='grc' dir='ltr'><strong>ἐπὶ</strong></span> <span class='ocrx_word' id='word_1_440' title='bbox 1090 5552 1168 5622; x_wconf 84' lang='grc' dir='ltr'>τῷ</span> <span class='ocrx_word' id='word_1_441' title='bbox 1198 5555 1450 5626; x_wconf 88' lang='grc' dir='ltr'>σωτηρίῳ</span> <span class='ocrx_word' id='word_1_442' title='bbox 1480 5558 1666 5611; x_wconf 83' lang='grc' dir='ltr'>αὐτοῦ.</span> <span class='ocrx_word' id='word_1_443' title='bbox 1707 5578 1724 5611; x_wconf 72' lang='grc' dir='ltr'><strong>ι</strong></span> <span class='ocrx_word' id='word_1_444' title='bbox 1758 5561 1872 5613; x_wconf 83' lang='grc' dir='ltr'>Κά-</span> 
     </span>
    </p>
   </div>
   <div class='ocr_carea' id='block_1_62' title="bbox 302 5643 1872 5718">
    <p class='ocr_par' dir='ltr' id='par_1_62' title="bbox 302 5643 1872 5718">
     <span class='ocr_line' id='line_1_62' title="bbox 302 5643 1872 5718; baseline 0.004 -21"><span class='ocrx_word' id='word_1_445' title='bbox 302 5646 489 5714; x_wconf 82' lang='grc' dir='ltr'>λνμμα</span> <span class='ocrx_word' id='word_1_446' title='bbox 521 5644 624 5713; x_wconf 82' lang='grc' dir='ltr'><strong>γὰρ</strong></span> <span class='ocrx_word' id='word_1_447' title='bbox 655 5646 832 5698; x_wconf 79' lang='grc' dir='ltr'>κεῖται</span> <span class='ocrx_word' id='word_1_448' title='bbox 859 5643 918 5697; x_wconf 82' lang='grc' dir='ltr'><strong>τὺ</strong></span> <span class='ocrx_word' id='word_1_449' title='bbox 947 5645 1044 5714; x_wconf 82' lang='grc' dir='ltr'>τῆς</span> <span class='ocrx_word' id='word_1_450' title='bbox 1079 5644 1364 5711; x_wconf 77' lang='grc' dir='ltr'>φιλαυτίας</span> <span class='ocrx_word' id='word_1_451' title='bbox 1399 5648 1490 5699; x_wconf 71' lang='grc' dir='ltr'><strong>ἐπὶ</strong></span> <span class='ocrx_word' id='word_1_452' title='bbox 1518 5649 1618 5717; x_wconf 82' lang='grc' dir='ltr'><strong>τήν</strong></span> <span class='ocrx_word' id='word_1_453' title='bbox 1649 5651 1872 5718; x_wconf 78' lang='grc' dir='ltr'>καρδίαν</span> 
     </span>
    </p>
   </div>
   <div class='ocr_carea' id='block_1_63' title="bbox 1994 523 3682 594">
    <p class='ocr_par' dir='ltr' id='par_1_63' title="bbox 1994 523 3682 594">
     <span class='ocr_line' id='line_1_63' title="bbox 1994 523 3682 594; baseline 0.005 -18"><span class='ocrx_word' id='word_1_454' title='bbox 1994 523 2323 586; x_wconf 69' lang='lat' dir='ltr'><strong>sationibus,</strong></span> <span class='ocrx_word' id='word_1_455' title='bbox 2371 523 2505 576; x_wconf 84' lang='lat' dir='ltr'><strong>nihil</strong></span> <span class='ocrx_word' id='word_1_456' title='bbox 2535 539 2603 578; x_wconf 80' lang='lat' dir='ltr'><strong>ex</strong></span> <span class='ocrx_word' id='word_1_457' title='bbox 2634 524 2945 578; x_wconf 76' lang='lat' dir='ltr'><strong>ratiociniis</strong></span> <span class='ocrx_word' id='word_1_458' title='bbox 3004 525 3289 594; x_wconf 89' lang='lat' dir='ltr'><strong>perspicit,</strong></span> <span class='ocrx_word' id='word_1_459' title='bbox 3318 527 3414 581; x_wconf 90' lang='lat' dir='ltr'><strong>sed</strong></span> <span class='ocrx_word' id='word_1_460' title='bbox 3465 545 3569 584; x_wconf 88' lang='lat' dir='ltr'><strong>nu-</strong></span> <span class='ocrx_word' id='word_1_461' title='bbox 3671 560 3682 570; x_wconf 88' lang='lat'><strong>-</strong></span> 
     </span>
    </p>
   </div>
   <div class='ocr_carea' id='block_1_64' title="bbox 1993 615 3571 685">
    <p class='ocr_par' dir='ltr' id='par_1_64' title="bbox 1993 615 3571 685">
     <span class='ocr_line' id='line_1_64' title="bbox 1993 615 3571 685; baseline 0.003 -17"><span class='ocrx_word' id='word_1_462' title='bbox 1993 615 2091 670; x_wconf 87' lang='lat' dir='ltr'><strong>das</strong></span> <span class='ocrx_word' id='word_1_463' title='bbox 2119 615 2269 669; x_wconf 83' lang='lat' dir='ltr'><strong>ideas</strong></span> <span class='ocrx_word' id='word_1_464' title='bbox 2307 615 2632 685; x_wconf 88' lang='lat' dir='ltr'><strong>divinosque</strong></span> <span class='ocrx_word' id='word_1_465' title='bbox 2657 615 2981 685; x_wconf 83' lang='lat' dir='ltr'><strong>splendores</strong></span> <span class='ocrx_word' id='word_1_466' title='bbox 3005 631 3034 670; x_wconf 90' lang='lat' dir='ltr'><strong>a</strong></span> <span class='ocrx_word' id='word_1_467' title='bbox 3065 615 3270 685; x_wconf 88' lang='lat' dir='ltr'><strong>quibus</strong></span> <span class='ocrx_word' id='word_1_468' title='bbox 3310 629 3571 674; x_wconf 85' lang='lat' dir='ltr'><strong>emanant</strong></span> 
     </span>
    </p>
   </div>
   <div class='ocr_carea' id='block_1_65' title="bbox 1992 707 2426 778">
    <p class='ocr_par' dir='ltr' id='par_1_65' title="bbox 1992 707 2426 778">
     <span class='ocr_line' id='line_1_65' title="bbox 1992 707 2426 778; baseline -0.002 -17"><span class='ocrx_word' id='word_1_469' title='bbox 1992 725 2095 778; x_wconf 82' lang='lat' dir='ltr'><strong>pax</strong></span> <span class='ocrx_word' id='word_1_470' title='bbox 2129 717 2186 762; x_wconf 92' lang='lat' dir='ltr'><strong>et</strong></span> <span class='ocrx_word' id='word_1_471' title='bbox 2219 707 2426 762; x_wconf 71' lang='lat' dir='ltr'><strong>laetitia.</strong></span> 
     </span>
    </p>
   </div>
   <div class='ocr_carea' id='block_1_66' title="bbox 2065 799 3568 870">
    <p class='ocr_par' dir='ltr' id='par_1_66' title="bbox 2065 799 3568 870">
     <span class='ocr_line' id='line_1_66' title="bbox 2065 799 3568 870; baseline 0.001 -15"><span class='ocrx_word' id='word_1_472' title='bbox 2065 802 2118 855; x_wconf 83' lang='lat'><strong>5.</strong></span> <span class='ocrx_word' id='word_1_473' title='bbox 2163 800 2325 855; x_wconf 84' lang='lat' dir='ltr'><strong>Aliud</strong></span> <span class='ocrx_word' id='word_1_474' title='bbox 2382 801 2502 854; x_wconf 86' lang='lat' dir='ltr'><strong>idea</strong></span> <span class='ocrx_word' id='word_1_475' title='bbox 2559 799 2663 866; x_wconf 89' lang='lat' dir='ltr'><strong>rei,</strong></span> <span class='ocrx_word' id='word_1_476' title='bbox 2712 799 2860 854; x_wconf 90' lang='lat' dir='ltr'><strong>aliud</strong></span> <span class='ocrx_word' id='word_1_477' title='bbox 2905 800 3027 870; x_wconf 86' lang='lat' dir='ltr'><strong>ejus</strong></span> <span class='ocrx_word' id='word_1_478' title='bbox 3055 801 3216 866; x_wconf 85' lang='lat' dir='ltr'><strong>ratio,</strong></span> <span class='ocrx_word' id='word_1_479' title='bbox 3273 809 3330 855; x_wconf 89' lang='lat' dir='ltr'><strong>et</strong></span> <span class='ocrx_word' id='word_1_480' title='bbox 3417 801 3568 856; x_wconf 88' lang='lat' dir='ltr'><strong>aliud</strong></span> 
     </span>
    </p>
   </div>
   <div class='ocr_carea' id='block_1_67' title="bbox 1990 891 3564 962">
    <p class='ocr_par' dir='ltr' id='par_1_67' title="bbox 1990 891 3564 962">
     <span class='ocr_line' id='line_1_67' title="bbox 1990 891 3564 962; baseline 0 -16"><span class='ocrx_word' id='word_1_481' title='bbox 1990 891 2281 946; x_wconf 86' lang='lat' dir='ltr'><strong>sensibiles</strong></span> <span class='ocrx_word' id='word_1_482' title='bbox 2305 891 2425 960; x_wconf 90' lang='lat' dir='ltr'><strong>ejus</strong></span> <span class='ocrx_word' id='word_1_483' title='bbox 2455 891 2834 962; x_wconf 33' lang='lat' dir='ltr'><strong>proprietates.</strong></span> <span class='ocrx_word' id='word_1_484' title='bbox 2859 909 2872 944; x_wconf 87' lang='lat'><strong>:</strong></span> <span class='ocrx_word' id='word_1_485' title='bbox 2905 891 3143 961; x_wconf 90' lang='lat' dir='ltr'><strong>primum</strong></span> <span class='ocrx_word' id='word_1_486' title='bbox 3170 900 3258 946; x_wconf 90' lang='lat' dir='ltr'><strong>est</strong></span> <span class='ocrx_word' id='word_1_487' title='bbox 3283 893 3522 948; x_wconf 82' lang='lat' dir='ltr'><strong>essentia</strong></span> <span class='ocrx_word' id='word_1_488' title='bbox 3549 910 3564 959; x_wconf 90' lang='lat'><strong>;</strong></span> 
     </span>
    </p>
   </div>
   <div class='ocr_carea' id='block_1_68' title="bbox 1992 982 3571 1055">
    <p class='ocr_par' dir='ltr' id='par_1_68' title="bbox 1992 982 3571 1055">
     <span class='ocr_line' id='line_1_68' title="bbox 1992 982 3571 1055; baseline 0.003 -18"><span class='ocrx_word' id='word_1_489' title='bbox 1992 983 2316 1049; x_wconf 86' lang='lat' dir='ltr'><strong>secundum,</strong></span> <span class='ocrx_word' id='word_1_490' title='bbox 2372 982 2712 1050; x_wconf 84' lang='lat' dir='ltr'><strong>accidentia;</strong></span> <span class='ocrx_word' id='word_1_491' title='bbox 2778 984 3025 1049; x_wconf 91' lang='lat' dir='ltr'><strong>tertium,</strong></span> <span class='ocrx_word' id='word_1_492' title='bbox 3091 984 3328 1055; x_wconf 87' lang='lat' dir='ltr'><strong>subjecti</strong></span> <span class='ocrx_word' id='word_1_493' title='bbox 3406 985 3571 1041; x_wconf 77' lang='lat' dir='ltr'><strong>diffe-</strong></span> 
     </span>
    </p>
   </div>
   <div class='ocr_carea' id='block_1_69' title="bbox 1993 1074 2192 1129">
    <p class='ocr_par' dir='ltr' id='par_1_69' title="bbox 1993 1074 2192 1129">
     <span class='ocr_line' id='line_1_69' title="bbox 1993 1074 2192 1129; baseline 0.005 -3"><span class='ocrx_word' id='word_1_494' title='bbox 1993 1074 2192 1129; x_wconf 88' lang='lat' dir='ltr'><strong>rentia.</strong></span> 
     </span>
    </p>
   </div>
   <div class='ocr_carea' id='block_1_70' title="bbox 2063 1162 3568 1228">
    <p class='ocr_par' dir='ltr' id='par_1_70' title="bbox 2063 1162 3568 1228">
     <span class='ocr_line' id='line_1_70' title="bbox 2063 1162 3568 1228; baseline 0.001 -10"><span class='ocrx_word' id='word_1_495' title='bbox 2063 1163 2118 1218; x_wconf 89' lang='lat'>6.</span> <span class='ocrx_word' id='word_1_496' title='bbox 2148 1163 2354 1219; x_wconf 84' lang='lat' dir='ltr'><strong>Multas</strong></span> <span class='ocrx_word' id='word_1_497' title='bbox 2411 1165 2528 1218; x_wconf 85' lang='lat' dir='ltr'><strong>vias</strong></span> <span class='ocrx_word' id='word_1_498' title='bbox 2562 1178 2754 1218; x_wconf 90' lang='lat' dir='ltr'><strong>secans</strong></span> <span class='ocrx_word' id='word_1_499' title='bbox 2779 1162 3018 1228; x_wconf 91' lang='lat' dir='ltr'><strong>animus,</strong></span> <span class='ocrx_word' id='word_1_500' title='bbox 3043 1162 3374 1219; x_wconf 84' lang='lat' dir='ltr'><strong>insatiabilis</strong></span> <span class='ocrx_word' id='word_1_501' title='bbox 3407 1164 3568 1220; x_wconf 86' lang='lat' dir='ltr'><strong>vidc-</strong></span> 
     </span>
    </p>
   </div>
   <div class='ocr_carea' id='block_1_71' title="bbox 1994 1255 3567 1322">
    <p class='ocr_par' dir='ltr' id='par_1_71' title="bbox 1994 1255 3567 1322">
     <span class='ocr_line' id='line_1_71' title="bbox 1994 1255 3567 1322; baseline 0.001 -12"><span class='ocrx_word' id='word_1_502' title='bbox 1994 1269 2113 1321; x_wconf 91' lang='lat' dir='ltr'><strong>tnr;</strong></span> <span class='ocrx_word' id='word_1_503' title='bbox 2181 1255 2442 1311; x_wconf 90' lang='lat' dir='ltr'><strong>redactus</strong></span> <span class='ocrx_word' id='word_1_504' title='bbox 2513 1263 2698 1309; x_wconf 90' lang='lat' dir='ltr'><strong>autem</strong></span> <span class='ocrx_word' id='word_1_505' title='bbox 2739 1255 2806 1308; x_wconf 91' lang='lat' dir='ltr'><strong>ad</strong></span> <span class='ocrx_word' id='word_1_506' title='bbox 2856 1270 3020 1308; x_wconf 88' lang='lat' dir='ltr'><strong>unam</strong></span> <span class='ocrx_word' id='word_1_507' title='bbox 3067 1256 3335 1312; x_wconf 84' lang='lat' dir='ltr'><strong>orationis</strong></span> <span class='ocrx_word' id='word_1_508' title='bbox 3399 1257 3567 1322; x_wconf 78' lang='lat' dir='ltr'><strong>viam,</strong></span> 
     </span>
    </p>
   </div>
   <div class='ocr_carea' id='block_1_72' title="bbox 1997 1346 3570 1420">
    <p class='ocr_par' dir='ltr' id='par_1_72' title="bbox 1997 1346 3570 1420">
     <span class='ocr_line' id='line_1_72' title="bbox 1997 1346 3570 1420; baseline 0.003 -20"><span class='ocrx_word' id='word_1_509' title='bbox 1997 1348 2318 1416; x_wconf 88' lang='lat' dir='ltr'><strong>priusquam</strong></span> <span class='ocrx_word' id='word_1_510' title='bbox 2386 1347 2666 1416; x_wconf 79' lang='lat' dir='ltr'><strong>perfectus</strong></span> <span class='ocrx_word' id='word_1_511' title='bbox 2691 1346 2784 1410; x_wconf 85' lang='lat' dir='ltr'><strong>sit,</strong></span> <span class='ocrx_word' id='word_1_512' title='bbox 2807 1357 2891 1400; x_wconf 92' lang='lat' dir='ltr'><strong>est</strong></span> <span class='ocrx_word' id='word_1_513' title='bbox 2920 1347 3070 1402; x_wconf 87' lang='lat' dir='ltr'><strong>velut</strong></span> <span class='ocrx_word' id='word_1_514' title='bbox 3109 1348 3287 1403; x_wconf 77' lang='lat' dir='ltr'><strong>viator</strong></span> <span class='ocrx_word' id='word_1_515' title='bbox 3317 1351 3570 1420; x_wconf 78' lang='lat' dir='ltr'><strong>angustia</strong></span> 
     </span>
    </p>
   </div>
   <div class='ocr_carea' id='block_1_73' title="bbox 1992 1437 3562 1509">
    <p class='ocr_par' dir='ltr' id='par_1_73' title="bbox 1992 1437 3562 1509">
     <span class='ocr_line' id='line_1_73' title="bbox 1992 1437 3562 1509; baseline 0.001 -17"><span class='ocrx_word' id='word_1_516' title='bbox 1992 1453 2236 1507; x_wconf 91' lang='lat' dir='ltr'><strong>pressus,</strong></span> <span class='ocrx_word' id='word_1_517' title='bbox 2271 1439 2365 1509; x_wconf 89' lang='lat' dir='ltr'><strong>qui</strong></span> <span class='ocrx_word' id='word_1_518' title='bbox 2417 1437 2622 1509; x_wconf 80' lang='lat' dir='ltr'><strong>ﬂagitat</strong></span> <span class='ocrx_word' id='word_1_519' title='bbox 2675 1439 2933 1493; x_wconf 91' lang='lat' dir='ltr'><strong>comitem</strong></span> <span class='ocrx_word' id='word_1_520' title='bbox 2984 1447 3045 1492; x_wconf 95' lang='lat' dir='ltr'><strong>ut</strong></span> <span class='ocrx_word' id='word_1_521' title='bbox 3100 1438 3290 1495; x_wconf 89' lang='lat' dir='ltr'><strong>redeat</strong></span> <span class='ocrx_word' id='word_1_522' title='bbox 3322 1455 3390 1496; x_wconf 90' lang='lat' dir='ltr'><strong>eo</strong></span> <span class='ocrx_word' id='word_1_523' title='bbox 3413 1439 3562 1494; x_wconf 90' lang='lat' dir='ltr'><strong>unde</strong></span> 
     </span>
    </p>
   </div>
   <div class='ocr_carea' id='block_1_74' title="bbox 1991 1531 2145 1585">
    <p class='ocr_par' dir='ltr' id='par_1_74' title="bbox 1991 1531 2145 1585">
     <span class='ocr_line' id='line_1_74' title="bbox 1991 1531 2145 1585; baseline -0.006 0"><span class='ocrx_word' id='word_1_524' title='bbox 1991 1531 2145 1585; x_wconf 83' lang='lat' dir='ltr'><strong>exiit.</strong></span> 
     </span>
    </p>
   </div>
   <div class='ocr_carea' id='block_1_75' title="bbox 2060 1619 3566 1688">
    <p class='ocr_par' dir='ltr' id='par_1_75' title="bbox 2060 1619 3566 1688">
     <span class='ocr_line' id='line_1_75' title="bbox 2060 1619 3566 1688; baseline -0.003 -12"><span class='ocrx_word' id='word_1_525' title='bbox 2060 1625 2112 1678; x_wconf 90' lang='lat'><strong>7.</strong></span> <span class='ocrx_word' id='word_1_526' title='bbox 2147 1623 2250 1680; x_wconf 90' lang='lat' dir='ltr'><strong>Ubi</strong></span> <span class='ocrx_word' id='word_1_527' title='bbox 2275 1623 2825 1688; x_wconf 90' lang='lat' dir='ltr'><strong>descenditanimus,</strong></span> <span class='ocrx_word' id='word_1_528' title='bbox 2886 1637 3000 1677; x_wconf 90' lang='lat' dir='ltr'><strong>oon</strong></span> <span class='ocrx_word' id='word_1_529' title='bbox 3060 1622 3261 1678; x_wconf 87' lang='lat' dir='ltr'><strong>iterum</strong></span> <span class='ocrx_word' id='word_1_530' title='bbox 3297 1619 3566 1685; x_wconf 87' lang='lat' dir='ltr'><strong>ascendit,</strong></span> 
     </span>
    </p>
   </div>
   <div class='ocr_carea' id='block_1_76' title="bbox 1992 1712 3572 1786">
    <p class='ocr_par' dir='ltr' id='par_1_76' title="bbox 1992 1712 3572 1786">
     <span class='ocr_line' id='line_1_76' title="bbox 1992 1712 3572 1786; baseline -0.002 -17"><span class='ocrx_word' id='word_1_531' title='bbox 1992 1716 2098 1770; x_wconf 86' lang='lat' dir='ltr'><strong>nisi</strong></span> <span class='ocrx_word' id='word_1_532' title='bbox 2134 1730 2257 1784; x_wconf 72' lang='lat' dir='ltr'><strong>quae</strong></span> <span class='ocrx_word' id='word_1_533' title='bbox 2317 1715 2573 1770; x_wconf 87' lang='lat' dir='ltr'><strong>deorsum</strong></span> <span class='ocrx_word' id='word_1_534' title='bbox 2605 1725 2732 1770; x_wconf 90' lang='lat' dir='ltr'><strong>sunt</strong></span> <span class='ocrx_word' id='word_1_535' title='bbox 2782 1714 3023 1786; x_wconf 81' lang='lat' dir='ltr'><strong>perfecte</strong></span> <span class='ocrx_word' id='word_1_536' title='bbox 3069 1713 3357 1785; x_wconf 86' lang='lat' dir='ltr'><strong>despiciat,</strong></span> <span class='ocrx_word' id='word_1_537' title='bbox 3400 1712 3572 1767; x_wconf 76' lang='lat' dir='ltr'><strong>rebus</strong></span> 
     </span>
    </p>
   </div>
   <div class='ocr_carea' id='block_1_77' title="bbox 1925 1783 2501 1863">
    <p class='ocr_par' dir='ltr' id='par_1_77' title="bbox 1925 1783 2501 1863">
     <span class='ocr_line' id='line_1_77' title="bbox 1925 1783 2501 1863; baseline -0.002 -1"><span class='ocrx_word' id='word_1_538' title='bbox 1925 1783 1962 1832; x_wconf 70' lang='grc'><strong><em>⁸</em></strong></span> <span class='ocrx_word' id='word_1_539' title='bbox 1993 1783 2198 1863; x_wconf 82' lang='lat' dir='ltr'><strong>divinis</strong></span> <span class='ocrx_word' id='word_1_540' title='bbox 2233 1809 2501 1863; x_wconf 82' lang='lat' dir='ltr'><strong>vacando.</strong></span> 
     </span>
    </p>
   </div>
   <div class='ocr_carea' id='block_1_78' title="bbox 2062 1894 3570 1970">
    <p class='ocr_par' dir='ltr' id='par_1_78' title="bbox 2062 1894 3570 1970">
     <span class='ocr_line' id='line_1_78' title="bbox 2062 1894 3570 1970; baseline -0.005 -15"><span class='ocrx_word' id='word_1_541' title='bbox 2062 1900 2114 1955; x_wconf 89' lang='lat'><strong>8.</strong></span> <span class='ocrx_word' id='word_1_542' title='bbox 2147 1899 2203 1955; x_wconf 91' lang='lat' dir='ltr'><strong>Si</strong></span> <span class='ocrx_word' id='word_1_543' title='bbox 2237 1901 2454 1956; x_wconf 79' lang='lat' dir='ltr'><strong>efﬁcere</strong></span> <span class='ocrx_word' id='word_1_544' title='bbox 2501 1914 2744 1970; x_wconf 83' lang='lat' dir='ltr'><strong>nequeas</strong></span> <span class='ocrx_word' id='word_1_545' title='bbox 2782 1907 2843 1953; x_wconf 93' lang='lat' dir='ltr'><strong>ut</strong></span> <span class='ocrx_word' id='word_1_546' title='bbox 2867 1898 3052 1952; x_wconf 90' lang='lat' dir='ltr'><strong>anima</strong></span> <span class='ocrx_word' id='word_1_547' title='bbox 3106 1906 3197 1952; x_wconf 88' lang='lat' dir='ltr'><strong>tua</strong></span> <span class='ocrx_word' id='word_1_548' title='bbox 3253 1897 3322 1952; x_wconf 88' lang='lat' dir='ltr'><strong>de</strong></span> <span class='ocrx_word' id='word_1_549' title='bbox 3352 1910 3412 1950; x_wconf 91' lang='lat' dir='ltr'><strong>se</strong></span> <span class='ocrx_word' id='word_1_550' title='bbox 3453 1894 3570 1950; x_wconf 88' lang='lat' dir='ltr'><strong>sola</strong></span> 
     </span>
    </p>
   </div>
   <div class='ocr_carea' id='block_1_79' title="bbox 1989 1984 3572 2062">
    <p class='ocr_par' dir='ltr' id='par_1_79' title="bbox 1989 1984 3572 2062">
     <span class='ocr_line' id='line_1_79' title="bbox 1989 1984 3572 2062; baseline -0.006 -16"><span class='ocrx_word' id='word_1_551' title='bbox 1989 1993 2212 2062; x_wconf 77' lang='lat' dir='ltr'><strong>cegitct,</strong></span> <span class='ocrx_word' id='word_1_552' title='bbox 2241 1991 2537 2061; x_wconf 89' lang='lat' dir='ltr'><strong>ipsummet</strong></span> <span class='ocrx_word' id='word_1_553' title='bbox 2583 2005 2786 2060; x_wconf 89' lang='lat' dir='ltr'><strong>corpus</strong></span> <span class='ocrx_word' id='word_1_554' title='bbox 2824 1989 3068 2043; x_wconf 88' lang='lat' dir='ltr'><strong>invitum</strong></span> <span class='ocrx_word' id='word_1_555' title='bbox 3103 1987 3212 2042; x_wconf 90' lang='lat' dir='ltr'><strong>duc</strong></span> <span class='ocrx_word' id='word_1_556' title='bbox 3238 1987 3292 2040; x_wconf 90' lang='lat' dir='ltr'><strong>in</strong></span> <span class='ocrx_word' id='word_1_557' title='bbox 3315 1984 3572 2040; x_wconf 91' lang='lat' dir='ltr'><strong>solitudi-</strong></span> 
     </span>
    </p>
   </div>
   <div class='ocr_carea' id='block_1_80' title="bbox 1992 2073 3571 2154">
    <p class='ocr_par' dir='ltr' id='par_1_80' title="bbox 1992 2073 3571 2154">
     <span class='ocr_line' id='line_1_80' title="bbox 1992 2073 3571 2154; baseline -0.006 -17"><span class='ocrx_word' id='word_1_558' title='bbox 1992 2099 2140 2147; x_wconf 90' lang='lat' dir='ltr'><strong>nem,</strong></span> <span class='ocrx_word' id='word_1_559' title='bbox 2173 2084 2242 2139; x_wconf 92' lang='lat' dir='ltr'><strong>de</strong></span> <span class='ocrx_word' id='word_1_560' title='bbox 2267 2083 2384 2138; x_wconf 90' lang='lat' dir='ltr'><strong>sola</strong></span> <span class='ocrx_word' id='word_1_561' title='bbox 2413 2082 2533 2154; x_wconf 85' lang='lat' dir='ltr'><strong>ejus</strong></span> <span class='ocrx_word' id='word_1_562' title='bbox 2587 2079 2810 2136; x_wconf 87' lang='lat' dir='ltr'><strong>miseria</strong></span> <span class='ocrx_word' id='word_1_563' title='bbox 2853 2093 3072 2149; x_wconf 88' lang='lat' dir='ltr'><strong>semper</strong></span> <span class='ocrx_word' id='word_1_564' title='bbox 3123 2075 3423 2132; x_wconf 87' lang='lat' dir='ltr'><strong>meditans.</strong></span> <span class='ocrx_word' id='word_1_565' title='bbox 3479 2073 3571 2130; x_wconf 90' lang='lat' dir='ltr'><strong>Sic</strong></span> 
     </span>
    </p>
   </div>
   <div class='ocr_carea' id='block_1_81' title="bbox 1989 2166 3567 2240">
    <p class='ocr_par' dir='ltr' id='par_1_81' title="bbox 1989 2166 3567 2240">
     <span class='ocr_line' id='line_1_81' title="bbox 1989 2166 3567 2240; baseline -0.004 -11"><span class='ocrx_word' id='word_1_566' title='bbox 1989 2176 2136 2228; x_wconf 93' lang='lat' dir='ltr'><strong>enim</strong></span> <span class='ocrx_word' id='word_1_567' title='bbox 2161 2175 2404 2240; x_wconf 83' lang='lat' dir='ltr'><strong>tandem,</strong></span> <span class='ocrx_word' id='word_1_568' title='bbox 2441 2173 2538 2229; x_wconf 91' lang='lat' dir='ltr'><strong>Dei</strong></span> <span class='ocrx_word' id='word_1_569' title='bbox 2563 2171 2968 2237; x_wconf 81' lang='lat' dir='ltr'><strong>misericordia,</strong></span> <span class='ocrx_word' id='word_1_570' title='bbox 3005 2169 3074 2225; x_wconf 90' lang='lat' dir='ltr'><strong>ad</strong></span> <span class='ocrx_word' id='word_1_571' title='bbox 3102 2168 3423 2240; x_wconf 74' lang='lat' dir='ltr'><strong>primazvam</strong></span> <span class='ocrx_word' id='word_1_572' title='bbox 3448 2166 3567 2222; x_wconf 90' lang='lat' dir='ltr'><strong>ori-</strong></span> 
     </span>
    </p>
   </div>
   <div class='ocr_carea' id='block_1_82' title="bbox 1991 2261 2968 2336">
    <p class='ocr_par' dir='ltr' id='par_1_82' title="bbox 1991 2261 2968 2336">
     <span class='ocr_line' id='line_1_82' title="bbox 1991 2261 2968 2336; baseline 0 -20"><span class='ocrx_word' id='word_1_573' title='bbox 1991 2266 2136 2336; x_wconf 82' lang='lat' dir='ltr'><strong>ginis</strong></span> <span class='ocrx_word' id='word_1_574' title='bbox 2166 2264 2489 2336; x_wconf 85' lang='lat' dir='ltr'><strong>dignitatem</strong></span> <span class='ocrx_word' id='word_1_575' title='bbox 2521 2264 2704 2320; x_wconf 85' lang='lat' dir='ltr'><strong>redire</strong></span> <span class='ocrx_word' id='word_1_576' title='bbox 2737 2261 2968 2334; x_wconf 87' lang='lat' dir='ltr'><strong>poteris.</strong></span> 
     </span>
    </p>
   </div>
   <div class='ocr_carea' id='block_1_83' title="bbox 2061 2445 3568 2524">
    <p class='ocr_par' dir='ltr' id='par_1_83' title="bbox 2061 2445 3568 2524">
     <span class='ocr_line' id='line_1_83' title="bbox 2061 2445 3568 2524; baseline -0.007 -11"><span class='ocrx_word' id='word_1_577' title='bbox 2061 2457 2115 2513; x_wconf 89' lang='lat'><strong>9.</strong></span> <span class='ocrx_word' id='word_1_578' title='bbox 2144 2455 2427 2512; x_wconf 84' lang='lat' dir='ltr'><strong>Practicus</strong></span> <span class='ocrx_word' id='word_1_579' title='bbox 2450 2451 2674 2524; x_wconf 90' lang='lat' dir='ltr'><strong>quidem</strong></span> <span class='ocrx_word' id='word_1_580' title='bbox 2733 2449 2892 2506; x_wconf 85' lang='lat' dir='ltr'><strong>facile</strong></span> <span class='ocrx_word' id='word_1_581' title='bbox 2922 2448 3195 2520; x_wconf 84' lang='lat' dir='ltr'><strong>subjicere</strong></span> <span class='ocrx_word' id='word_1_582' title='bbox 3241 2453 3426 2518; x_wconf 88' lang='lat' dir='ltr'><strong>potest</strong></span> <span class='ocrx_word' id='word_1_583' title='bbox 3446 2445 3568 2502; x_wconf 87' lang='lat' dir='ltr'><strong>ani-</strong></span> 
     </span>
    </p>
   </div>
   <div class='ocr_carea' id='block_1_84' title="bbox 1990 2539 3564 2613">
    <p class='ocr_par' dir='ltr' id='par_1_84' title="bbox 1990 2539 3564 2613">
     <span class='ocr_line' id='line_1_84' title="bbox 1990 2539 3564 2613; baseline -0.008 -5"><span class='ocrx_word' id='word_1_584' title='bbox 1990 2567 2139 2608; x_wconf 91' lang='lat' dir='ltr'><strong>mum</strong></span> <span class='ocrx_word' id='word_1_585' title='bbox 2157 2547 2414 2613; x_wconf 85' lang='lat' dir='ltr'><strong>orationi,</strong></span> <span class='ocrx_word' id='word_1_586' title='bbox 2447 2544 2785 2602; x_wconf 90' lang='lat' dir='ltr'><strong>theoreticus</strong></span> <span class='ocrx_word' id='word_1_587' title='bbox 2815 2557 2946 2598; x_wconf 87' lang='lat' dir='ltr'><strong>vero</strong></span> <span class='ocrx_word' id='word_1_588' title='bbox 2973 2541 3278 2596; x_wconf 88' lang='lat' dir='ltr'><strong>orationem</strong></span> <span class='ocrx_word' id='word_1_589' title='bbox 3315 2539 3503 2594; x_wconf 89' lang='lat' dir='ltr'><strong>animo</strong></span> <span class='ocrx_word' id='word_1_590' title='bbox 3549 2557 3564 2595; x_wconf 89' lang='lat'><strong>:</strong></span> 
     </span>
    </p>
   </div>
   <div class='ocr_carea' id='block_1_85' title="bbox 1993 2630 3568 2712">
    <p class='ocr_par' dir='ltr' id='par_1_85' title="bbox 1993 2630 3568 2712">
     <span class='ocr_line' id='line_1_85' title="bbox 1993 2630 3568 2712; baseline -0.01 -14"><span class='ocrx_word' id='word_1_591' title='bbox 1993 2643 2086 2698; x_wconf 91' lang='lat' dir='ltr'><strong>ille</strong></span> <span class='ocrx_word' id='word_1_592' title='bbox 2111 2657 2177 2698; x_wconf 81' lang='lat' dir='ltr'><strong>ex</strong></span> <span class='ocrx_word' id='word_1_593' title='bbox 2207 2637 2605 2712; x_wconf 84' lang='lat' dir='ltr'><strong>apparentibus</strong></span> <span class='ocrx_word' id='word_1_594' title='bbox 2653 2635 2846 2690; x_wconf 80' lang='lat' dir='ltr'><strong>formis</strong></span> <span class='ocrx_word' id='word_1_595' title='bbox 2873 2633 3135 2703; x_wconf 76' lang='lat' dir='ltr'><strong>colligens</strong></span> <span class='ocrx_word' id='word_1_596' title='bbox 3173 2630 3568 2700; x_wconf 74' lang='lat' dir='ltr'><strong>sensationem,</strong></span> 
     </span>
    </p>
   </div>
   <div class='ocr_carea' id='block_1_86' title="bbox 1995 2723 3566 2789">
    <p class='ocr_par' dir='ltr' id='par_1_86' title="bbox 1995 2723 3566 2789">
     <span class='ocr_line' id='line_1_86' title="bbox 1995 2723 3566 2789; baseline -0.01 0"><span class='ocrx_word' id='word_1_597' title='bbox 1995 2735 2086 2789; x_wconf 88' lang='lat' dir='ltr'><strong>hic</strong></span> <span class='ocrx_word' id='word_1_598' title='bbox 2114 2734 2352 2787; x_wconf 90' lang='lat' dir='ltr'><strong>animam</strong></span> <span class='ocrx_word' id='word_1_599' title='bbox 2382 2728 2449 2784; x_wconf 91' lang='lat' dir='ltr'><strong>ad</strong></span> <span class='ocrx_word' id='word_1_600' title='bbox 2485 2729 2722 2783; x_wconf 84' lang='lat' dir='ltr'><strong>latentes</strong></span> <span class='ocrx_word' id='word_1_601' title='bbox 2756 2725 2858 2781; x_wconf 90' lang='lat' dir='ltr'><strong>sub</strong></span> <span class='ocrx_word' id='word_1_602' title='bbox 2884 2723 3078 2780; x_wconf 82' lang='lat' dir='ltr'><strong>formis</strong></span> <span class='ocrx_word' id='word_1_603' title='bbox 3108 2723 3351 2779; x_wconf 85' lang='lat' dir='ltr'><strong>rationes</strong></span> <span class='ocrx_word' id='word_1_604' title='bbox 3381 2730 3566 2776; x_wconf 82' lang='lat' dir='ltr'><strong>trans-</strong></span> 
     </span>
    </p>
   </div>
   <div class='ocr_carea' id='block_1_87' title="bbox 1993 2812 3566 2884">
    <p class='ocr_par' dir='ltr' id='par_1_87' title="bbox 1993 2812 3566 2884">
     <span class='ocr_line' id='line_1_87' title="bbox 1993 2812 3566 2884; baseline -0.01 -4"><span class='ocrx_word' id='word_1_605' title='bbox 1993 2826 2200 2880; x_wconf 90' lang='lat' dir='ltr'><strong>ferens.</strong></span> <span class='ocrx_word' id='word_1_606' title='bbox 2247 2823 2402 2879; x_wconf 87' lang='lat' dir='ltr'><strong>Unus</strong></span> <span class='ocrx_word' id='word_1_607' title='bbox 2436 2819 2610 2874; x_wconf 90' lang='lat' dir='ltr'><strong>menti</strong></span> <span class='ocrx_word' id='word_1_608' title='bbox 2654 2817 2848 2873; x_wconf 90' lang='lat' dir='ltr'><strong>suadet</strong></span> <span class='ocrx_word' id='word_1_609' title='bbox 2889 2823 2950 2869; x_wconf 93' lang='lat' dir='ltr'><strong>ut</strong></span> <span class='ocrx_word' id='word_1_610' title='bbox 3003 2829 3299 2884; x_wconf 90' lang='lat' dir='ltr'><strong>corporum</strong></span> <span class='ocrx_word' id='word_1_611' title='bbox 3325 2812 3566 2867; x_wconf 85' lang='lat' dir='ltr'><strong>rationes</strong></span> 
     </span>
    </p>
   </div>
   <div class='ocr_carea' id='block_1_88' title="bbox 1990 2903 3565 2986">
    <p class='ocr_par' dir='ltr' id='par_1_88' title="bbox 1990 2903 3565 2986">
     <span class='ocr_line' id='line_1_88' title="bbox 1990 2903 3565 2986; baseline -0.008 -16"><span class='ocrx_word' id='word_1_612' title='bbox 1990 2917 2243 2986; x_wconf 86' lang='lat' dir='ltr'><strong>ignoret;</strong></span> <span class='ocrx_word' id='word_1_613' title='bbox 2271 2913 2432 2978; x_wconf 90' lang='lat' dir='ltr'><strong>alter,</strong></span> <span class='ocrx_word' id='word_1_614' title='bbox 2458 2920 2519 2964; x_wconf 90' lang='lat' dir='ltr'><strong>ut</strong></span> <span class='ocrx_word' id='word_1_615' title='bbox 2542 2905 2912 2977; x_wconf 87' lang='lat' dir='ltr'><strong>incorporalia</strong></span> <span class='ocrx_word' id='word_1_616' title='bbox 2953 2905 3268 2975; x_wconf 88' lang='lat' dir='ltr'><strong>concipiat:</strong></span> <span class='ocrx_word' id='word_1_617' title='bbox 3312 2903 3565 2973; x_wconf 84' lang='lat' dir='ltr'><strong>incorpo-</strong></span> 
     </span>
    </p>
   </div>
   <div class='ocr_carea' id='block_1_89' title="bbox 1990 2996 3565 3071">
    <p class='ocr_par' dir='ltr' id='par_1_89' title="bbox 1990 2996 3565 3071">
     <span class='ocr_line' id='line_1_89' title="bbox 1990 2996 3565 3071; baseline -0.007 -8"><span class='ocrx_word' id='word_1_618' title='bbox 1990 3008 2122 3062; x_wconf 84' lang='lat' dir='ltr'><strong>ralia</strong></span> <span class='ocrx_word' id='word_1_619' title='bbox 2149 3015 2334 3062; x_wconf 90' lang='lat' dir='ltr'><strong>autem</strong></span> <span class='ocrx_word' id='word_1_620' title='bbox 2361 3007 2490 3059; x_wconf 80' lang='lat' dir='ltr'><strong>su’nt</strong></span> <span class='ocrx_word' id='word_1_621' title='bbox 2546 3015 2842 3071; x_wconf 89' lang='lat' dir='ltr'><strong>corporum</strong></span> <span class='ocrx_word' id='word_1_622' title='bbox 2875 2998 3141 3063; x_wconf 88' lang='lat' dir='ltr'><strong>rationes,</strong></span> <span class='ocrx_word' id='word_1_623' title='bbox 3201 2996 3565 3068; x_wconf 76' lang='lat' dir='ltr'><strong>proprietates</strong></span> 
     </span>
    </p>
   </div>
   <div class='ocr_carea' id='block_1_90' title="bbox 1915 3099 2356 3176">
    <p class='ocr_par' dir='ltr' id='par_1_90' title="bbox 1915 3099 2356 3176">
     <span class='ocr_line' id='line_1_90' title="bbox 1915 3099 2356 3176; baseline -0.009 -20"><span class='ocrx_word' id='word_1_624' title='bbox 1915 3118 1957 3176; x_wconf 76' lang='grc' dir='ltr'>ο</span> <span class='ocrx_word' id='word_1_625' title='bbox 1988 3111 2044 3156; x_wconf 88' lang='lat' dir='ltr'><strong>et</strong></span> <span class='ocrx_word' id='word_1_626' title='bbox 2081 3099 2356 3155; x_wconf 68' lang='lat' dir='ltr'><strong>essentia.</strong></span> 
     </span>
    </p>
   </div>
   <div class='ocr_carea' id='block_1_91' title="bbox 2060 3180 3563 3253">
    <p class='ocr_par' dir='ltr' id='par_1_91' title="bbox 2060 3180 3563 3253">
     <span class='ocr_line' id='line_1_91' title="bbox 2060 3180 3563 3253; baseline -0.007 -9"><span class='ocrx_word' id='word_1_627' title='bbox 2060 3193 2148 3244; x_wconf 80' lang='lat' dir='ltr'><strong>lii.</strong></span> <span class='ocrx_word' id='word_1_628' title='bbox 2173 3190 2312 3246; x_wconf 89' lang='lat' dir='ltr'><strong>Cum</strong></span> <span class='ocrx_word' id='word_1_629' title='bbox 2375 3197 2615 3243; x_wconf 83' lang='lat' dir='ltr'><strong>mentem</strong></span> <span class='ocrx_word' id='word_1_630' title='bbox 2663 3195 2811 3240; x_wconf 89' lang='lat' dir='ltr'><strong>tuam</strong></span> <span class='ocrx_word' id='word_1_631' title='bbox 2842 3198 2873 3238; x_wconf 93' lang='lat' dir='ltr'><strong>a</strong></span> <span class='ocrx_word' id='word_1_632' title='bbox 2943 3181 3361 3253; x_wconf 84' lang='lat' dir='ltr'><strong>perturbatione</strong></span> <span class='ocrx_word' id='word_1_633' title='bbox 3413 3180 3563 3234; x_wconf 90' lang='lat' dir='ltr'><strong>circa</strong></span> 
     </span>
    </p>
   </div>
   <div class='ocr_carea' id='block_1_92' title="bbox 1989 3271 3564 3350">
    <p class='ocr_par' dir='ltr' id='par_1_92' title="bbox 1989 3271 3564 3350">
     <span class='ocr_line' id='line_1_92' title="bbox 1989 3271 3564 3350; baseline -0.009 -10"><span class='ocrx_word' id='word_1_634' title='bbox 1989 3297 2241 3350; x_wconf 88' lang='lat' dir='ltr'><strong>corpora,</strong></span> <span class='ocrx_word' id='word_1_635' title='bbox 2306 3279 2452 3334; x_wconf 89' lang='lat' dir='ltr'><strong>circa</strong></span> <span class='ocrx_word' id='word_1_636' title='bbox 2496 3291 2676 3333; x_wconf 89' lang='lat' dir='ltr'><strong>escam</strong></span> <span class='ocrx_word' id='word_1_637' title='bbox 2738 3284 2796 3329; x_wconf 91' lang='lat' dir='ltr'><strong>et</strong></span> <span class='ocrx_word' id='word_1_638' title='bbox 2868 3274 3157 3344; x_wconf 87' lang='lat' dir='ltr'><strong>pecuniam</strong></span> <span class='ocrx_word' id='word_1_639' title='bbox 3217 3271 3564 3334; x_wconf 83' lang='lat' dir='ltr'><strong>liberaveris.</strong></span> 
     </span>
    </p>
   </div>
   <div class='ocr_carea' id='block_1_93' title="bbox 1992 3364 3562 3438">
    <p class='ocr_par' dir='ltr' id='par_1_93' title="bbox 1992 3364 3562 3438">
     <span class='ocr_line' id='line_1_93' title="bbox 1992 3364 3562 3438; baseline -0.008 -12"><span class='ocrx_word' id='word_1_640' title='bbox 1992 3382 2121 3426; x_wconf 92' lang='lat' dir='ltr'><strong>tunc</strong></span> <span class='ocrx_word' id='word_1_641' title='bbox 2152 3372 2318 3434; x_wconf 88' lang='lat' dir='ltr'><strong>Deus,</strong></span> <span class='ocrx_word' id='word_1_642' title='bbox 2340 3367 2487 3438; x_wconf 90' lang='lat' dir='ltr'><strong>quod</strong></span> <span class='ocrx_word' id='word_1_643' title='bbox 2515 3364 2713 3420; x_wconf 87' lang='lat' dir='ltr'><strong>feceris</strong></span> <span class='ocrx_word' id='word_1_644' title='bbox 2741 3378 2840 3434; x_wconf 90' lang='lat' dir='ltr'><strong>pro</strong></span> <span class='ocrx_word' id='word_1_645' title='bbox 2864 3379 3092 3418; x_wconf 88' lang='lat' dir='ltr'><strong>munere</strong></span> <span class='ocrx_word' id='word_1_646' title='bbox 3119 3377 3261 3431; x_wconf 92' lang='lat' dir='ltr'><strong>puro</strong></span> <span class='ocrx_word' id='word_1_647' title='bbox 3282 3369 3562 3431; x_wconf 78' lang='lat' dir='ltr'><strong>agnoscet,</strong></span> 
     </span>
    </p>
   </div>
   <div class='ocr_carea' id='block_1_94' title="bbox 1987 3452 3561 3526">
    <p class='ocr_par' dir='ltr' id='par_1_94' title="bbox 1987 3452 3561 3526">
     <span class='ocr_line' id='line_1_94' title="bbox 1987 3452 3561 3526; baseline -0.008 -8"><span class='ocrx_word' id='word_1_648' title='bbox 1987 3472 2045 3518; x_wconf 86' lang='lat' dir='ltr'><strong>et</strong></span> <span class='ocrx_word' id='word_1_649' title='bbox 2074 3473 2125 3518; x_wconf 90' lang='lat' dir='ltr'><strong>te</strong></span> <span class='ocrx_word' id='word_1_650' title='bbox 2158 3473 2523 3516; x_wconf 87' lang='lat' dir='ltr'><strong>remunerans</strong></span> <span class='ocrx_word' id='word_1_651' title='bbox 2548 3457 2762 3526; x_wconf 88' lang='lat' dir='ltr'><strong>aperiet</strong></span> <span class='ocrx_word' id='word_1_652' title='bbox 2806 3454 2997 3508; x_wconf 89' lang='lat' dir='ltr'><strong>oculos</strong></span> <span class='ocrx_word' id='word_1_653' title='bbox 3041 3453 3224 3509; x_wconf 87' lang='lat' dir='ltr'><strong>cordis</strong></span> <span class='ocrx_word' id='word_1_654' title='bbox 3253 3452 3352 3516; x_wconf 89' lang='lat' dir='ltr'><strong>tui,</strong></span> <span class='ocrx_word' id='word_1_655' title='bbox 3417 3461 3477 3506; x_wconf 95' lang='lat' dir='ltr'><strong>ut</strong></span> <span class='ocrx_word' id='word_1_656' title='bbox 3507 3453 3561 3507; x_wconf 90' lang='lat' dir='ltr'><strong>in</strong></span> 
     </span>
    </p>
   </div>
   <div class='ocr_carea' id='block_1_95' title="bbox 1989 3545 3559 3616">
    <p class='ocr_par' dir='ltr' id='par_1_95' title="bbox 1989 3545 3559 3616">
     <span class='ocr_line' id='line_1_95' title="bbox 1989 3545 3559 3616; baseline -0.006 -7"><span class='ocrx_word' id='word_1_657' title='bbox 1989 3552 2329 3609; x_wconf 87' lang='lat' dir='ltr'><strong>absconditis</strong></span> <span class='ocrx_word' id='word_1_658' title='bbox 2380 3551 2434 3604; x_wconf 89' lang='lat' dir='ltr'><strong>in</strong></span> <span class='ocrx_word' id='word_1_659' title='bbox 2465 3565 2532 3606; x_wconf 91' lang='lat' dir='ltr'><strong>eo</strong></span> <span class='ocrx_word' id='word_1_660' title='bbox 2565 3547 2766 3603; x_wconf 85' lang='lat' dir='ltr'><strong>divinis</strong></span> <span class='ocrx_word' id='word_1_661' title='bbox 2818 3545 3032 3615; x_wconf 80' lang='lat' dir='ltr'><strong>legibus</strong></span> <span class='ocrx_word' id='word_1_662' title='bbox 3063 3545 3356 3616; x_wconf 90' lang='lat' dir='ltr'><strong>perspicue</strong></span> <span class='ocrx_word' id='word_1_663' title='bbox 3385 3546 3559 3600; x_wconf 90' lang='lat' dir='ltr'><strong>medi-</strong></span> 
     </span>
    </p>
   </div>
   <div class='ocr_carea' id='block_1_96' title="bbox 1991 3637 3559 3710">
    <p class='ocr_par' dir='ltr' id='par_1_96' title="bbox 1991 3637 3559 3710">
     <span class='ocr_line' id='line_1_96' title="bbox 1991 3637 3559 3710; baseline -0.008 -7"><span class='ocrx_word' id='word_1_664' title='bbox 1991 3647 2125 3703; x_wconf 90' lang='lat' dir='ltr'><strong>teris</strong></span> <span class='ocrx_word' id='word_1_665' title='bbox 2157 3664 2169 3700; x_wconf 90' lang='lat'><strong>:</strong></span> <span class='ocrx_word' id='word_1_666' title='bbox 2205 3661 2327 3710; x_wconf 73' lang='lat' dir='ltr'><strong>qua:</strong></span> <span class='ocrx_word' id='word_1_667' title='bbox 2360 3639 2717 3697; x_wconf 87' lang='lat' dir='ltr'><strong>intellectuali</strong></span> <span class='ocrx_word' id='word_1_668' title='bbox 2760 3637 2966 3710; x_wconf 88' lang='lat' dir='ltr'><strong>gutturi</strong></span> <span class='ocrx_word' id='word_1_669' title='bbox 3007 3645 3102 3693; x_wconf 91' lang='lat' dir='ltr'><strong>tuo</strong></span> <span class='ocrx_word' id='word_1_670' title='bbox 3135 3647 3363 3708; x_wconf 92' lang='lat' dir='ltr'><strong>propter</strong></span> <span class='ocrx_word' id='word_1_671' title='bbox 3390 3637 3559 3692; x_wconf 76' lang='lat' dir='ltr'><strong>emis~</strong></span> 
     </span>
    </p>
   </div>
   <div class='ocr_carea' id='block_1_97' title="bbox 1987 3727 3561 3802">
    <p class='ocr_par' dir='ltr' id='par_1_97' title="bbox 1987 3727 3561 3802">
     <span class='ocr_line' id='line_1_97' title="bbox 1987 3727 3561 3802; baseline -0.006 -9"><span class='ocrx_word' id='word_1_672' title='bbox 1987 3754 2100 3793; x_wconf 85' lang='lat' dir='ltr'><strong>sam</strong></span> <span class='ocrx_word' id='word_1_673' title='bbox 2128 3753 2196 3792; x_wconf 80' lang='lat' dir='ltr'><strong>ex</strong></span> <span class='ocrx_word' id='word_1_674' title='bbox 2227 3752 2284 3791; x_wconf 87' lang='lat' dir='ltr'><strong>se</strong></span> <span class='ocrx_word' id='word_1_675' title='bbox 2315 3734 2641 3789; x_wconf 78' lang='lat' dir='ltr'><strong>suavitatem</strong></span> <span class='ocrx_word' id='word_1_676' title='bbox 2670 3746 2837 3802; x_wconf 86' lang='lat' dir='ltr'><strong>super</strong></span> <span class='ocrx_word' id='word_1_677' title='bbox 2862 3729 2967 3784; x_wconf 89' lang='lat' dir='ltr'><strong>mel</strong></span> <span class='ocrx_word' id='word_1_678' title='bbox 2995 3739 3052 3786; x_wconf 89' lang='lat' dir='ltr'><strong>et</strong></span> <span class='ocrx_word' id='word_1_679' title='bbox 3091 3728 3275 3784; x_wconf 74' lang='lat' dir='ltr'><strong>favum</strong></span> <span class='ocrx_word' id='word_1_680' title='bbox 3313 3727 3561 3784; x_wconf 88' lang='lat' dir='ltr'><strong>dulciora</strong></span> 
     </span>
    </p>
   </div>
   <div class='ocr_carea' id='block_1_98' title="bbox 1987 3836 2174 3883">
    <p class='ocr_par' dir='ltr' id='par_1_98' title="bbox 1987 3836 2174 3883">
     <span class='ocr_line' id='line_1_98' title="bbox 1987 3836 2174 3883; baseline -0.032 0"><span class='ocrx_word' id='word_1_681' title='bbox 1987 3836 2174 3883; x_wconf 75' lang='grc' dir='ltr'>οτυηι.</span> 
     </span>
    </p>
   </div>
   <div class='ocr_carea' id='block_1_99' title="bbox 2059 3981 3557 4058">
    <p class='ocr_par' dir='ltr' id='par_1_99' title="bbox 2059 3981 3557 4058">
     <span class='ocr_line' id='line_1_99' title="bbox 2059 3981 3557 4058; baseline -0.007 -13"><span class='ocrx_word' id='word_1_682' title='bbox 2059 3993 2144 4046; x_wconf 84' lang='grc' dir='ltr'>Η.</span> <span class='ocrx_word' id='word_1_683' title='bbox 2175 3989 2290 4046; x_wconf 79' lang='lat' dir='ltr'><strong>Non</strong></span> <span class='ocrx_word' id='word_1_684' title='bbox 2328 3987 2535 4058; x_wconf 86' lang='lat' dir='ltr'><strong>poteris</strong></span> <span class='ocrx_word' id='word_1_685' title='bbox 2587 3983 2831 4037; x_wconf 89' lang='lat' dir='ltr'><strong>animum</strong></span> <span class='ocrx_word' id='word_1_686' title='bbox 2870 3988 3240 4050; x_wconf 85' lang='lat' dir='ltr'><strong>acorporum,</strong></span> <span class='ocrx_word' id='word_1_687' title='bbox 3300 3981 3557 4050; x_wconf 86' lang='lat' dir='ltr'><strong>pecunia-</strong></span> 
     </span>
    </p>
   </div>
   <div class='ocr_carea' id='block_1_100' title="bbox 1989 4073 3557 4153">
    <p class='ocr_par' dir='ltr' id='par_1_100' title="bbox 1989 4073 3557 4153">
     <span class='ocr_line' id='line_1_100' title="bbox 1989 4073 3557 4153; baseline -0.009 -12"><span class='ocrx_word' id='word_1_688' title='bbox 1989 4101 2135 4149; x_wconf 91' lang='lat' dir='ltr'><strong>rum,</strong></span> <span class='ocrx_word' id='word_1_689' title='bbox 2163 4083 2452 4153; x_wconf 84' lang='lat' dir='ltr'><strong>epularum</strong></span> <span class='ocrx_word' id='word_1_690' title='bbox 2511 4073 2960 4145; x_wconf 84' lang='lat' dir='ltr'><strong>concupiscentia</strong></span> <span class='ocrx_word' id='word_1_691' title='bbox 2995 4073 3258 4128; x_wconf 83' lang='lat' dir='ltr'><strong>invictum</strong></span> <span class='ocrx_word' id='word_1_692' title='bbox 3305 4073 3557 4136; x_wconf 88' lang='lat' dir='ltr'><strong>reddere,</strong></span> 
     </span>
    </p>
   </div>
   <div class='ocr_carea' id='block_1_101' title="bbox 1986 4165 3556 4244">
    <p class='ocr_par' dir='ltr' id='par_1_101' title="bbox 1986 4165 3556 4244">
     <span class='ocr_line' id='line_1_101' title="bbox 1986 4165 3556 4244; baseline -0.01 -9"><span class='ocrx_word' id='word_1_693' title='bbox 1986 4180 2089 4235; x_wconf 87' lang='lat' dir='ltr'><strong>nisi</strong></span> <span class='ocrx_word' id='word_1_694' title='bbox 2121 4193 2248 4232; x_wconf 86' lang='lat' dir='ltr'><strong>eum</strong></span> <span class='ocrx_word' id='word_1_695' title='bbox 2277 4176 2332 4229; x_wconf 90' lang='lat' dir='ltr'><strong>in</strong></span> <span class='ocrx_word' id='word_1_696' title='bbox 2367 4186 2563 4244; x_wconf 90' lang='lat' dir='ltr'><strong>puram</strong></span> <span class='ocrx_word' id='word_1_697' title='bbox 2592 4172 2869 4240; x_wconf 89' lang='lat' dir='ltr'><strong>justorum</strong></span> <span class='ocrx_word' id='word_1_698' title='bbox 2917 4167 3198 4236; x_wconf 85' lang='lat' dir='ltr'><strong>regionem</strong></span> <span class='ocrx_word' id='word_1_699' title='bbox 3235 4165 3556 4221; x_wconf 80' lang='lat' dir='ltr'><strong>introduxe-</strong></span> 
     </span>
    </p>
   </div>
   <div class='ocr_carea' id='block_1_102' title="bbox 1986 4258 3554 4332">
    <p class='ocr_par' dir='ltr' id='par_1_102' title="bbox 1986 4258 3554 4332">
     <span class='ocr_line' id='line_1_102' title="bbox 1986 4258 3554 4332; baseline -0.009 -5"><span class='ocrx_word' id='word_1_700' title='bbox 1986 4273 2083 4332; x_wconf 89' lang='lat' dir='ltr'><strong>ris.</strong></span> <span class='ocrx_word' id='word_1_701' title='bbox 2116 4269 2212 4324; x_wconf 89' lang='lat' dir='ltr'><strong>ubi</strong></span> <span class='ocrx_word' id='word_1_702' title='bbox 2264 4265 2457 4320; x_wconf 90' lang='lat' dir='ltr'><strong>mortis</strong></span> <span class='ocrx_word' id='word_1_703' title='bbox 2489 4272 2544 4316; x_wconf 86' lang='lat' dir='ltr'><strong>et</strong></span> <span class='ocrx_word' id='word_1_704' title='bbox 2576 4260 2672 4315; x_wconf 89' lang='lat' dir='ltr'><strong>Dei</strong></span> <span class='ocrx_word' id='word_1_705' title='bbox 2728 4258 2992 4313; x_wconf 84' lang='lat' dir='ltr'><strong>memoria</strong></span> <span class='ocrx_word' id='word_1_706' title='bbox 3041 4273 3210 4328; x_wconf 88' lang='lat' dir='ltr'><strong>super</strong></span> <span class='ocrx_word' id='word_1_707' title='bbox 3269 4274 3394 4312; x_wconf 89' lang='lat' dir='ltr'><strong>eum</strong></span> <span class='ocrx_word' id='word_1_708' title='bbox 3441 4274 3554 4314; x_wconf 85' lang='lat' dir='ltr'><strong>sca-</strong></span> 
     </span>
    </p>
   </div>
   <div class='ocr_carea' id='block_1_103' title="bbox 1987 4349 3555 4430">
    <p class='ocr_par' dir='ltr' id='par_1_103' title="bbox 1987 4349 3555 4430">
     <span class='ocr_line' id='line_1_103' title="bbox 1987 4349 3555 4430; baseline -0.006 -14"><span class='ocrx_word' id='word_1_709' title='bbox 1987 4359 2245 4430; x_wconf 86' lang='lat' dir='ltr'><strong>turiginis</strong></span> <span class='ocrx_word' id='word_1_710' title='bbox 2272 4357 2444 4410; x_wconf 89' lang='lat' dir='ltr'><strong>instar</strong></span> <span class='ocrx_word' id='word_1_711' title='bbox 2469 4365 2788 4420; x_wconf 85' lang='lat' dir='ltr'><strong>erumpens,</strong></span> <span class='ocrx_word' id='word_1_712' title='bbox 2821 4364 2852 4404; x_wconf 90' lang='lat' dir='ltr'><strong>e</strong></span> <span class='ocrx_word' id='word_1_713' title='bbox 2881 4357 3103 4404; x_wconf 90' lang='lat' dir='ltr'><strong>terreno</strong></span> <span class='ocrx_word' id='word_1_714' title='bbox 3137 4349 3306 4405; x_wconf 90' lang='lat' dir='ltr'><strong>corde</strong></span> <span class='ocrx_word' id='word_1_715' title='bbox 3339 4364 3555 4406; x_wconf 89' lang='lat' dir='ltr'><strong>omnem</strong></span> 
     </span>
    </p>
   </div>
   <div class='ocr_carea' id='block_1_104' title="bbox 1914 4441 2956 4526">
    <p class='ocr_par' dir='ltr' id='par_1_104' title="bbox 1914 4441 2956 4526">
     <span class='ocr_line' id='line_1_104' title="bbox 1914 4441 2956 4526; baseline -0.017 -14"><span class='ocrx_word' id='word_1_716' title='bbox 1914 4457 1955 4511; x_wconf 91' lang='lat' dir='ltr'><strong>D</strong></span> <span class='ocrx_word' id='word_1_717' title='bbox 1984 4452 2368 4526; x_wconf 87' lang='lat' dir='ltr'><strong>cogitationem</strong></span> <span class='ocrx_word' id='word_1_718' title='bbox 2397 4447 2769 4514; x_wconf 86' lang='lat' dir='ltr'><strong>insurgentem</strong></span> <span class='ocrx_word' id='word_1_719' title='bbox 2789 4441 2956 4496; x_wconf 90' lang='lat' dir='ltr'><strong>eluet.</strong></span> 
     </span>
    </p>
   </div>
   <div class='ocr_carea' id='block_1_105' title="bbox 2058 4530 3553 4604">
    <p class='ocr_par' dir='ltr' id='par_1_105' title="bbox 2058 4530 3553 4604">
     <span class='ocr_line' id='line_1_105' title="bbox 2058 4530 3553 4604; baseline -0.009 -7"><span class='ocrx_word' id='word_1_720' title='bbox 2058 4544 2144 4598; x_wconf 72' lang='lat' dir='ltr'><strong>l2.</strong></span> <span class='ocrx_word' id='word_1_721' title='bbox 2177 4539 2323 4595; x_wconf 85' lang='lat' dir='ltr'><strong>Nihil</strong></span> <span class='ocrx_word' id='word_1_722' title='bbox 2365 4549 2544 4604; x_wconf 90' lang='lat' dir='ltr'><strong>neque</strong></span> <span class='ocrx_word' id='word_1_723' title='bbox 2576 4532 2907 4602; x_wconf 78' lang='lat' dir='ltr'><strong>cogitatione</strong></span> <span class='ocrx_word' id='word_1_724' title='bbox 2960 4532 3156 4585; x_wconf 80' lang='lat' dir='ltr'><strong>mortis</strong></span> <span class='ocrx_word' id='word_1_725' title='bbox 3207 4530 3553 4594; x_wconf 89' lang='lat' dir='ltr'><strong>horribilius,</strong></span> 
     </span>
    </p>
   </div>
   <div class='ocr_carea' id='block_1_106' title="bbox 1985 4624 3551 4706">
    <p class='ocr_par' dir='ltr' id='par_1_106' title="bbox 1985 4624 3551 4706">
     <span class='ocr_line' id='line_1_106' title="bbox 1985 4624 3551 4706; baseline -0.011 -13"><span class='ocrx_word' id='word_1_726' title='bbox 1985 4650 2165 4706; x_wconf 90' lang='lat' dir='ltr'><strong>neque</strong></span> <span class='ocrx_word' id='word_1_727' title='bbox 2216 4629 2599 4687; x_wconf 87' lang='lat' dir='ltr'><strong>recordatione</strong></span> <span class='ocrx_word' id='word_1_728' title='bbox 2639 4626 2736 4680; x_wconf 89' lang='lat' dir='ltr'><strong>Dei</strong></span> <span class='ocrx_word' id='word_1_729' title='bbox 2800 4624 3116 4678; x_wconf 84' lang='lat' dir='ltr'><strong>mirabilius</strong></span> <span class='ocrx_word' id='word_1_730' title='bbox 3151 4632 3254 4678; x_wconf 83' lang='lat' dir='ltr'><strong>est.</strong></span> <span class='ocrx_word' id='word_1_731' title='bbox 3308 4624 3399 4677; x_wconf 86' lang='lat' dir='ltr'><strong>Illa</strong></span> <span class='ocrx_word' id='word_1_732' title='bbox 3455 4625 3551 4676; x_wconf 88' lang='lat' dir='ltr'><strong>tri-</strong></span> 
     </span>
    </p>
   </div>
   <div class='ocr_carea' id='block_1_107' title="bbox 1974 4714 3550 4784">
    <p class='ocr_par' dir='ltr' id='par_1_107' title="bbox 1974 4714 3550 4784">
     <span class='ocr_line' id='line_1_107' title="bbox 1974 4714 3550 4784; baseline -0.009 -1"><span class='ocrx_word' id='word_1_733' title='bbox 1974 4728 2182 4784; x_wconf 87' lang='lat' dir='ltr'><strong>stitiam</strong></span> <span class='ocrx_word' id='word_1_734' title='bbox 2231 4723 2524 4778; x_wconf 83' lang='lat' dir='ltr'><strong>salutarem</strong></span> <span class='ocrx_word' id='word_1_735' title='bbox 2580 4718 2866 4782; x_wconf 88' lang='lat' dir='ltr'><strong>continet;</strong></span> <span class='ocrx_word' id='word_1_736' title='bbox 2899 4716 3016 4770; x_wconf 63' lang='lat' dir='ltr'><strong>haec</strong></span> <span class='ocrx_word' id='word_1_737' title='bbox 3070 4714 3316 4770; x_wconf 59' lang='lat' dir='ltr'><strong>laetitiam</strong></span> <span class='ocrx_word' id='word_1_738' title='bbox 3364 4714 3550 4769; x_wconf 85' lang='lat' dir='ltr'><strong>donat.</strong></span> 
     </span>
    </p>
   </div>
   <div class='ocr_carea' id='block_1_108' title="bbox 1979 4806 3550 4889">
    <p class='ocr_par' dir='ltr' id='par_1_108' title="bbox 1979 4806 3550 4889">
     <span class='ocr_line' id='line_1_108' title="bbox 1979 4806 3550 4889; baseline -0.011 -12"><span class='ocrx_word' id='word_1_739' title='bbox 1979 4821 2070 4877; x_wconf 77' lang='lat' dir='ltr'><strong>Ait</strong></span> <span class='ocrx_word' id='word_1_740' title='bbox 2093 4819 2293 4889; x_wconf 89' lang='lat' dir='ltr'><strong>quippe</strong></span> <span class='ocrx_word' id='word_1_741' title='bbox 2339 4814 2612 4882; x_wconf 84' lang='lat' dir='ltr'><strong>PrOpbeta</strong></span> <span class='ocrx_word' id='word_1_742' title='bbox 2644 4813 2687 4842; x_wconf 83' lang='lat'>&quot;</span> <span class='ocrx_word' id='word_1_743' title='bbox 2726 4827 2741 4865; x_wconf 85' lang='lat'><strong>:</strong></span> <span class='ocrx_word' id='word_1_744' title='bbox 2809 4828 2827 4860; x_wconf 76' lang='grc' dir='ltr'><strong>ι</strong></span> <span class='ocrx_word' id='word_1_745' title='bbox 2869 4809 3077 4863; x_wconf 82' lang='lat' dir='ltr'><strong>Memor</strong></span> <span class='ocrx_word' id='word_1_746' title='bbox 3106 4807 3182 4861; x_wconf 82' lang='lat' dir='ltr'><strong>fui</strong></span> <span class='ocrx_word' id='word_1_747' title='bbox 3217 4806 3332 4872; x_wconf 90' lang='lat' dir='ltr'><strong>Dei,</strong></span> <span class='ocrx_word' id='word_1_748' title='bbox 3361 4814 3416 4860; x_wconf 92' lang='lat' dir='ltr'><strong>et</strong></span> <span class='ocrx_word' id='word_1_749' title='bbox 3455 4806 3550 4861; x_wconf 82' lang='lat' dir='ltr'><strong>de-</strong></span> 
     </span>
    </p>
   </div>
   <div class='ocr_carea' id='block_1_109' title="bbox 1978 4900 3550 4973">
    <p class='ocr_par' dir='ltr' id='par_1_109' title="bbox 1978 4900 3550 4973">
     <span class='ocr_line' id='line_1_109' title="bbox 1978 4900 3550 4973; baseline -0.011 -5"><span class='ocrx_word' id='word_1_750' title='bbox 1978 4914 2215 4968; x_wconf 87' lang='lat' dir='ltr'><strong>lectatus</strong></span> <span class='ocrx_word' id='word_1_751' title='bbox 2243 4923 2385 4963; x_wconf 90' lang='lat' dir='ltr'><strong>sum.</strong></span> <span class='ocrx_word' id='word_1_752' title='bbox 2425 4925 2444 4958; x_wconf 72' lang='grc' dir='ltr'><strong>ι</strong></span> <span class='ocrx_word' id='word_1_753' title='bbox 2475 4906 2543 4960; x_wconf 90' lang='lat' dir='ltr'><strong>Et</strong></span> <span class='ocrx_word' id='word_1_754' title='bbox 2575 4903 2805 4973; x_wconf 90' lang='lat' dir='ltr'><strong>Sapiens</strong></span> <span class='ocrx_word' id='word_1_755' title='bbox 2837 4902 2882 4935; x_wconf 78' lang='grc'>⁸⁸</span> <span class='ocrx_word' id='word_1_756' title='bbox 2918 4919 2933 4958; x_wconf 84' lang='lat'><strong>;</strong></span> <span class='ocrx_word' id='word_1_757' title='bbox 2968 4920 2986 4954; x_wconf 74' lang='grc' dir='ltr'>ι</span> <span class='ocrx_word' id='word_1_758' title='bbox 3044 4900 3340 4954; x_wconf 85' lang='lat' dir='ltr'><strong>Memorare</strong></span> <span class='ocrx_word' id='word_1_759' title='bbox 3367 4900 3550 4953; x_wconf 83' lang='lat' dir='ltr'><strong>novis-</strong></span> 
     </span>
    </p>
   </div>
   <div class='ocr_carea' id='block_1_110' title="bbox 1980 4991 3550 5066">
    <p class='ocr_par' dir='ltr' id='par_1_110' title="bbox 1980 4991 3550 5066">
     <span class='ocr_line' id='line_1_110' title="bbox 1980 4991 3550 5066; baseline -0.011 -6"><span class='ocrx_word' id='word_1_760' title='bbox 1980 5005 2120 5060; x_wconf 87' lang='lat' dir='ltr'><strong>sima</strong></span> <span class='ocrx_word' id='word_1_761' title='bbox 2181 5012 2311 5066; x_wconf 90' lang='lat' dir='ltr'><strong>tua,</strong></span> <span class='ocrx_word' id='word_1_762' title='bbox 2370 5009 2425 5054; x_wconf 88' lang='lat' dir='ltr'><strong>et</strong></span> <span class='ocrx_word' id='word_1_763' title='bbox 2472 4999 2525 5052; x_wconf 92' lang='lat' dir='ltr'><strong>in</strong></span> <span class='ocrx_word' id='word_1_764' title='bbox 2576 5007 2844 5052; x_wconf 67' lang='lat' dir='ltr'><strong>aeternum</strong></span> <span class='ocrx_word' id='word_1_765' title='bbox 2891 5010 3002 5049; x_wconf 88' lang='lat' dir='ltr'><strong>non</strong></span> <span class='ocrx_word' id='word_1_766' title='bbox 3055 4991 3334 5064; x_wconf 88' lang='lat' dir='ltr'><strong>peccabis.</strong></span> <span class='ocrx_word' id='word_1_767' title='bbox 3398 5011 3416 5042; x_wconf 73' lang='grc' dir='ltr'><strong>ι</strong></span> <span class='ocrx_word' id='word_1_768' title='bbox 3459 4991 3550 5044; x_wconf 82' lang='lat' dir='ltr'><strong>Est</strong></span> 
     </span>
    </p>
   </div>
   <div class='ocr_carea' id='block_1_111' title="bbox 1979 5078 3550 5166">
    <p class='ocr_par' dir='ltr' id='par_1_111' title="bbox 1979 5078 3550 5166">
     <span class='ocr_line' id='line_1_111' title="bbox 1979 5078 3550 5166; baseline -0.012 -15"><span class='ocrx_word' id='word_1_769' title='bbox 1979 5110 2145 5166; x_wconf 89' lang='lat' dir='ltr'><strong>porro</strong></span> <span class='ocrx_word' id='word_1_770' title='bbox 2207 5089 2547 5162; x_wconf 87' lang='lat' dir='ltr'><strong>impossibile</strong></span> <span class='ocrx_word' id='word_1_771' title='bbox 2615 5101 2945 5156; x_wconf 85' lang='lat' dir='ltr'><strong>quemquam</strong></span> <span class='ocrx_word' id='word_1_772' title='bbox 3037 5080 3339 5138; x_wconf 89' lang='lat' dir='ltr'><strong>secundum</strong></span> <span class='ocrx_word' id='word_1_773' title='bbox 3418 5078 3550 5133; x_wconf 87' lang='lat' dir='ltr'><strong>illud</strong></span> 
     </span>
    </p>
   </div>
   <div class='ocr_carea' id='block_1_112' title="bbox 1978 5172 3550 5248">
    <p class='ocr_par' dir='ltr' id='par_1_112' title="bbox 1978 5172 3550 5248">
     <span class='ocr_line' id='line_1_112' title="bbox 1978 5172 3550 5248; baseline -0.011 -6"><span class='ocrx_word' id='word_1_774' title='bbox 1978 5187 2252 5248; x_wconf 88' lang='lat' dir='ltr'><strong>obtinere,</strong></span> <span class='ocrx_word' id='word_1_775' title='bbox 2284 5183 2384 5237; x_wconf 87' lang='lat' dir='ltr'><strong>nisi</strong></span> <span class='ocrx_word' id='word_1_776' title='bbox 2419 5189 2578 5234; x_wconf 87' lang='lat' dir='ltr'><strong>antea</strong></span> <span class='ocrx_word' id='word_1_777' title='bbox 2622 5177 2820 5248; x_wconf 88' lang='lat' dir='ltr'><strong>prioris</strong></span> <span class='ocrx_word' id='word_1_778' title='bbox 2871 5173 3174 5230; x_wconf 88' lang='lat' dir='ltr'><strong>amaritiem</strong></span> <span class='ocrx_word' id='word_1_779' title='bbox 3230 5172 3550 5241; x_wconf 88' lang='lat' dir='ltr'><strong>gustaverit.</strong></span> 
     </span>
    </p>
   </div>
   <div class='ocr_carea' id='block_1_113' title="bbox 2054 5260 3548 5342">
    <p class='ocr_par' dir='ltr' id='par_1_113' title="bbox 2054 5260 3548 5342">
     <span class='ocr_line' id='line_1_113' title="bbox 2054 5260 3548 5342; baseline -0.011 -10"><span class='ocrx_word' id='word_1_780' title='bbox 2054 5278 2137 5332; x_wconf 80' lang='lat' dir='ltr'><strong>l3.</strong></span> <span class='ocrx_word' id='word_1_781' title='bbox 2171 5275 2420 5342; x_wconf 88' lang='lat' dir='ltr'><strong>Quandiu</strong></span> <span class='ocrx_word' id='word_1_782' title='bbox 2453 5285 2609 5326; x_wconf 87' lang='lat' dir='ltr'><strong>mens</strong></span> <span class='ocrx_word' id='word_1_783' title='bbox 2639 5269 2869 5339; x_wconf 85' lang='lat' dir='ltr'><strong>gloriam</strong></span> <span class='ocrx_word' id='word_1_784' title='bbox 2900 5267 2996 5320; x_wconf 90' lang='lat' dir='ltr'><strong>Dei</strong></span> <span class='ocrx_word' id='word_1_785' title='bbox 3051 5264 3290 5320; x_wconf 85' lang='lat' dir='ltr'><strong>revelata</strong></span> <span class='ocrx_word' id='word_1_786' title='bbox 3349 5261 3485 5316; x_wconf 83' lang='lat' dir='ltr'><strong>facie</strong></span> <span class='ocrx_word' id='word_1_787' title='bbox 3509 5260 3548 5292; x_wconf 80' lang='lat'>“</span> 
     </span>
    </p>
   </div>
   <div class='ocr_carea' id='block_1_114' title="bbox 1975 5355 3547 5432">
    <p class='ocr_par' dir='ltr' id='par_1_114' title="bbox 1975 5355 3547 5432">
     <span class='ocr_line' id='line_1_114' title="bbox 1975 5355 3547 5432; baseline -0.011 -8"><span class='ocrx_word' id='word_1_788' title='bbox 1975 5385 2086 5424; x_wconf 91' lang='lat' dir='ltr'><strong>non</strong></span> <span class='ocrx_word' id='word_1_789' title='bbox 2115 5368 2283 5430; x_wconf 87' lang='lat' dir='ltr'><strong>videt,</strong></span> <span class='ocrx_word' id='word_1_790' title='bbox 2331 5381 2440 5418; x_wconf 88' lang='lat' dir='ltr'><strong>non</strong></span> <span class='ocrx_word' id='word_1_791' title='bbox 2495 5370 2676 5432; x_wconf 79' lang='lat' dir='ltr'><strong>potest</strong></span> <span class='ocrx_word' id='word_1_792' title='bbox 2732 5360 2914 5414; x_wconf 88' lang='lat' dir='ltr'><strong>anima</strong></span> <span class='ocrx_word' id='word_1_793' title='bbox 2969 5358 3088 5428; x_wconf 88' lang='lat' dir='ltr'><strong>ejus</strong></span> <span class='ocrx_word' id='word_1_794' title='bbox 3136 5355 3332 5410; x_wconf 79' lang='lat' dir='ltr'><strong>affecta</strong></span> <span class='ocrx_word' id='word_1_795' title='bbox 3384 5368 3547 5409; x_wconf 88' lang='lat' dir='ltr'><strong>sensu</strong></span> 
     </span>
    </p>
   </div>
   <div class='ocr_carea' id='block_1_115' title="bbox 1977 5447 3546 5526">
    <p class='ocr_par' dir='ltr' id='par_1_115' title="bbox 1977 5447 3546 5526">
     <span class='ocr_line' id='line_1_115' title="bbox 1977 5447 3546 5526; baseline -0.01 -11"><span class='ocrx_word' id='word_1_796' title='bbox 1977 5461 2248 5515; x_wconf 55' lang='lat' dir='ltr'><strong>dicere”</strong></span> <span class='ocrx_word' id='word_1_797' title='bbox 2323 5457 2436 5526; x_wconf 85' lang='lat' dir='ltr'><strong>Ego</strong></span> <span class='ocrx_word' id='word_1_798' title='bbox 2485 5461 2667 5509; x_wconf 87' lang='lat' dir='ltr'><strong>autem</strong></span> <span class='ocrx_word' id='word_1_799' title='bbox 2721 5449 3008 5507; x_wconf 80' lang='lat' dir='ltr'><strong>exsultabo</strong></span> <span class='ocrx_word' id='word_1_800' title='bbox 3054 5450 3107 5504; x_wconf 92' lang='lat' dir='ltr'><strong>in</strong></span> <span class='ocrx_word' id='word_1_801' title='bbox 3165 5447 3418 5508; x_wconf 87' lang='lat' dir='ltr'><strong>Domino,</strong></span> <span class='ocrx_word' id='word_1_802' title='bbox 3492 5454 3546 5500; x_wconf 92' lang='lat' dir='ltr'><strong>et</strong></span> 
     </span>
    </p>
   </div>
   <div class='ocr_carea' id='block_1_116' title="bbox 1979 5537 3544 5616">
    <p class='ocr_par' dir='ltr' id='par_1_116' title="bbox 1979 5537 3544 5616">
     <span class='ocr_line' id='line_1_116' title="bbox 1979 5537 3544 5616; baseline -0.012 -9"><span class='ocrx_word' id='word_1_803' title='bbox 1979 5551 2296 5607; x_wconf 86' lang='lat' dir='ltr'><strong>delectabor</strong></span> <span class='ocrx_word' id='word_1_804' title='bbox 2336 5562 2502 5616; x_wconf 90' lang='lat' dir='ltr'><strong>super</strong></span> <span class='ocrx_word' id='word_1_805' title='bbox 2529 5543 2754 5600; x_wconf 90' lang='lat' dir='ltr'><strong>salutari</strong></span> <span class='ocrx_word' id='word_1_806' title='bbox 2791 5557 2892 5598; x_wconf 90' lang='lat' dir='ltr'><strong>suo</strong></span> <span class='ocrx_word' id='word_1_807' title='bbox 2922 5543 2986 5595; x_wconf 85' lang='lat'><strong>&quot;.</strong></span> <span class='ocrx_word' id='word_1_808' title='bbox 3030 5560 3048 5593; x_wconf 73' lang='grc' dir='ltr'><strong>ι</strong></span> <span class='ocrx_word' id='word_1_809' title='bbox 3091 5541 3349 5595; x_wconf 78' lang='lat' dir='ltr'><strong>Velamen</strong></span> <span class='ocrx_word' id='word_1_810' title='bbox 3397 5537 3544 5592; x_wconf 90' lang='lat' dir='ltr'><strong>enim</strong></span> 
     </span>
    </p>
   </div>
   <div class='ocr_carea' id='block_1_117' title="bbox 1973 5629 3541 5712">
    <p class='ocr_par' dir='ltr' id='par_1_117' title="bbox 1973 5629 3541 5712">
     <span class='ocr_line' id='line_1_117' title="bbox 1973 5629 3541 5712; baseline -0.01 -16"><span class='ocrx_word' id='word_1_811' title='bbox 1973 5643 2252 5712; x_wconf 67' lang='lat' dir='ltr'><strong>philautia:</strong></span> <span class='ocrx_word' id='word_1_812' title='bbox 2286 5639 2519 5709; x_wconf 90' lang='lat' dir='ltr'><strong>positum</strong></span> <span class='ocrx_word' id='word_1_813' title='bbox 2565 5646 2650 5692; x_wconf 91' lang='lat' dir='ltr'><strong>est</strong></span> <span class='ocrx_word' id='word_1_814' title='bbox 2681 5651 2848 5707; x_wconf 84' lang='lat' dir='ltr'><strong>super</strong></span> <span class='ocrx_word' id='word_1_815' title='bbox 2873 5649 2968 5689; x_wconf 92' lang='lat' dir='ltr'><strong>cor</strong></span> <span class='ocrx_word' id='word_1_816' title='bbox 2991 5633 3132 5702; x_wconf 89' lang='lat' dir='ltr'><strong>ejus,</strong></span> <span class='ocrx_word' id='word_1_817' title='bbox 3171 5630 3315 5701; x_wconf 90' lang='lat' dir='ltr'><strong>quod</strong></span> <span class='ocrx_word' id='word_1_818' title='bbox 3352 5629 3402 5684; x_wconf 91' lang='lat' dir='ltr'><strong>ei</strong></span> <span class='ocrx_word' id='word_1_819' title='bbox 3434 5643 3541 5682; x_wconf 84' lang='lat' dir='ltr'><strong>non</strong></span> 
     </span>
    </p>
   </div>
   <div class='ocr_carea' id='block_1_118' title="bbox 371 5800 1869 5878">
    <p class='ocr_par' dir='ltr' id='par_1_118' title="bbox 371 5809 1866 5878">
     <span class='ocr_line' id='line_1_118' title="bbox 371 5809 1866 5878; baseline -0.004 -12"><span class='ocrx_word' id='word_1_820' title='bbox 371 5817 413 5845; x_wconf 81' lang='lat'>“</span> <span class='ocrx_word' id='word_1_821' title='bbox 445 5813 561 5867; x_wconf 74' lang='lat' dir='ltr'><strong>l’sal</strong></span> <span class='ocrx_word' id='word_1_822' title='bbox 615 5830 794 5878; x_wconf 72' lang='lat' dir='ltr'><strong>turi,</strong></span> <span class='ocrx_word' id='word_1_823' title='bbox 826 5814 875 5868; x_wconf 70' lang='grc'>4.</span> <span class='ocrx_word' id='word_1_824' title='bbox 959 5815 999 5846; x_wconf 79' lang='grc'><strong>⁸³</strong></span> <span class='ocrx_word' id='word_1_825' title='bbox 1030 5814 1194 5870; x_wconf 79' lang='lat' dir='ltr'><strong>Eccli.</strong></span> <span class='ocrx_word' id='word_1_826' title='bbox 1227 5828 1323 5878; x_wconf 79' lang='lat' dir='ltr'><strong>vn,</strong></span> <span class='ocrx_word' id='word_1_827' title='bbox 1362 5814 1448 5868; x_wconf 74' lang='grc'>40.</span> <span class='ocrx_word' id='word_1_828' title='bbox 1530 5811 1570 5842; x_wconf 59' lang='grc'><strong>¹⁸</strong></span> <span class='ocrx_word' id='word_1_829' title='bbox 1599 5811 1641 5864; x_wconf 91' lang='lat' dir='ltr'><strong>ll</strong></span> <span class='ocrx_word' id='word_1_830' title='bbox 1671 5809 1797 5864; x_wconf 85' lang='lat' dir='ltr'><strong>Cor.</strong></span> <span class='ocrx_word' id='word_1_831' title='bbox 1831 5823 1866 5861; x_wconf 90' lang='lat' dir='ltr'><strong>Il</strong></span> 
     </span>
    </p>
   </div>
   <div class='ocr_carea' id='block_1_119' title="bbox 2001 5800 2621 5878">
    <p class='ocr_par' dir='ltr' id='par_1_119' title="bbox 2001 5800 2621 5865">
     <span class='ocr_line' id='line_1_119' title="bbox 2001 5800 2621 5865; baseline -0.01 -8"><span class='ocrx_word' id='word_1_832' title='bbox 2001 5809 2028 5859; x_wconf 74' lang='grc' dir='ltr'>ἱ.</span> <span class='ocrx_word' id='word_1_833' title='bbox 2107 5807 2147 5836; x_wconf 86' lang='grc'>¹³</span> <span class='ocrx_word' id='word_1_834' title='bbox 2180 5803 2320 5858; x_wconf 73' lang='grc' dir='ltr'>Ρεςιι.</span> <span class='ocrx_word' id='word_1_835' title='bbox 2354 5817 2534 5865; x_wconf 74' lang='lat' dir='ltr'><strong>xxxiv,</strong></span> <span class='ocrx_word' id='word_1_836' title='bbox 2566 5800 2621 5855; x_wconf 87' lang='lat'><strong>9.</strong></span> 
     </span>
    </p>
   </div>
  </div>
