4032 6198
487 245 619 312 Ῑίὃι

1869 237 2068 299 ELL'E
2106 236 2352 294 ECDlCl

3618 229 3758 292 1152

481 369 613 419 sunt
641 359 878 415 revelata
912 358 1263 414 fundamenta
1317 355 1527 419 mundi,
1564 353 1656 422 qui
1702 360 1829 407 sunt
1859 366 2066 406 sermo-

2184 348 2372 415 αὐτῆς.
2403 348 2539 419 πρὸς
2569 351 2629 402 τὸ
2666 352 2739 420 μὴ
2789 349 3229 418 ἀνακαλυφθῆναι
3268 350 3405 422 αὐτῇ
3422 354 3490 405 τά
3528 352 3757 421 θεμέλια

482 469 583 510 nes
642 453 936 524 majorum.
999 453 1177 519 Atque
1231 448 1376 503 istuc
1419 448 1666 503 velamen
1722 445 1930 514 absque
1963 459 2062 496 vo-

409 583 412 586 «
482 545 742 602 luntariis
795 552 852 600 et
904 557 1016 598 non
1055 540 1387 596 voluntariis
1419 538 1705 594 laboribus
1749 536 1820 591 ab
1853 551 1918 592 ea
1950 551 2064 590 non

400 613 409 630 ’
481 637 783 694 auferetur.

554 726 642 781 ﬂ.
673 723 791 780 Non
808 731 935 793 post
957 736 1026 778 ex
1059 719 1289 792 [Egypto
1326 719 1534 792 fugam,
1563 734 1687 790 qua:
1731 728 1815 774 est
1843 718 2063 773 roboris

480 817 752 882 defectus,
782 830 887 871 nec
941 824 1066 884 post
1089 814 1393 872 transitum
1436 813 1626 880 maris,
1659 813 1714 868 id
1757 821 1843 868 est
1881 822 2062 870 status

485 907 796 970 servitutis,
825 905 921 962 sed
953 915 1076 976 post
1110 904 1278 964 vitam
1339 905 1395 962 in
1445 904 1666 960 deserto
1715 913 1917 970 actam,
1959 918 2058 960 seu

481 979 917 1054 virtutern‘inter
937 1003 993 1049 et
1023 995 1216 1048 vitium
1246 993 1685 1064 interjacentem,
1712 993 1822 1048 dux
1845 993 2063 1049 Israclis

481 1087 756 1160 speculari
830 1094 1012 1157 potest
1089 1093 1292 1140 terram
1370 1085 1775 1156 promissionis,
1849 1075 2062 1148 scilicet

483 1180 1013 1252 impassibilitate-m,
1069 1179 1412 1249 prtemittcns
1444 1181 1590 1234 vires
1648 1195 1776 1234 suas
1825 1181 2062 1236 visuales

478 1283 536 1330 et
565 1273 978 1351 speculatrices.

553 1436 644 1490 15.
673 1435 778 1490 Alii
813 1436 867 1490 in
899 1436 1118 1492 deserto
1158 1435 1529 1500 considenles,
1572 1435 1625 1490 id
1657 1444 1762 1502 est,
1793 1436 1845 1490 in
1903 1439 2060 1507 cupi-

480 1529 716 1586 ditatum
747 1529 969 1590 inertia,
1005 1529 1124 1582 solo
1155 1528 1347 1582 auditu
1381 1527 1665 1597 possident
1698 1528 1874 1584 felicis
1908 1530 2059 1583 illius

481 1632 642 1676 terra:
663 1621 824 1674 bona.
861 1621 987 1682 Alii,
1042 1619 1285 1692 ejusdem
1321 1620 1466 1674 bono
1489 1622 1778 1690 speculati,
1804 1623 1860 1680 in
1907 1637 2056 1676 mera

483 1713 726 1768 visorum
759 1691 1222 1781 contemplatione
1254 1713 1472 1766 sistunt.
1495 1713 1600 1765 Alii
1626 1712 1885 1783 denique,
1911 1714 2061 1785 digni
2101 1691 2134 1744 “

481 1806 592 1877 jam
655 1805 826 1861 habiti
863 1805 956 1876 qui
998 1805 1148 1861 illam
1188 1805 1587 1876 ingrediantur,
1630 1822 1825 1862 omnes
1868 1823 2065 1864 sensus

486 1897 890 1955 intellectuales
959 1897 1399 1970 intelligibilibus
1453 1899 1614 1955 bonis
1682 1915 1748 1956 ex
1831 1901 2066 1982 i‘psamet

484 1991 662 2061 prima
690 1991 1045 2061 secundaque
1076 1992 1310 2060 theoria,
1344 1992 1506 2048 lactis
1532 1993 1823 2064 mellisque
1865 1994 2062 2059 instar,

483 2074 836 2132 eﬂluentibus
876 2077 1101 2134 satiant.
1259 2125 1278 2144 ,

561 2159 643 2215 l6.
670 2160 790 2216 Non
821 2171 905 2215 est
933 2173 1058 2214 cum
1115 2157 1341 2215 Christo
1383 2159 1778 2228 crucifixus“,
1819 2161 1914 2232 qui
1949 2178 2067 2216 mo-

491 2253 671 2308 tiones
713 2252 896 2307 carnis
950 2253 1132 2307 adhuc
1167 2253 1505 2317 sentit;nec
1554 2253 1629 2307 illi
1684 2255 2064 2324 consepultus,

489 2343 584 2414 qui
610 2344 973 2416 cogitationes
1029 2343 1212 2398 adhuc
1264 2344 1530 2402 animales
1585 2355 1706 2416 post
1765 2362 1825 2401 se
1875 2347 2060 2400 trahit.

2179 440 2276 508 τῆς
2301 442 2645 510 οἰκουμένης,
2680 441 2838 496 ἅτινά
2871 443 3006 494 εἰσιν
3030 443 3077 492 οἰ
3108 440 3258 507 λόγοι
3287 441 3398 494 τῶν
3425 445 3753 510 γεγονότων.

2182 531 2358 601 Ὅπερ
2385 531 2444 597 ἐξ
2476 533 2642 603 αὐτῆς
2693 533 2754 585 οὐ
2801 534 3195 604 περιαιρεῖται,
3241 533 3506 587 ἑκουσίων
3557 536 3755 603 πόνων,

2181 621 2276 674 καὶ
2309 623 2577 675 ἀκουσίων
2604 624 2790 692 χωρίς.

2253 713 2334 768 ιδ’.
2369 717 2442 768 Οὐ
2489 717 2624 786 μετά
2645 718 2742 784 τὴν
2777 716 2834 781 ἐξ
2867 716 3140 782 Αἰγύπτου
3173 719 3370 786 φυγὴν,
3393 719 3514 789 ἥτις
3549 720 3753 790 ἐστὶνὴ

2183 807 2304 856 κατ’
2333 805 2610 875 ἐνέργειαν
2630 806 2893 876 ἁμαρτία,
2925 808 3045 860 οὐδέ
3066 810 3203 877 μετά
3227 811 3325 879 τὴν
3350 810 3448 879 τῆς
3472 810 3749 880 Θαλάσσης

2181 895 2444 962 διάϐασιν,
2493 899 2592 966 τῆς
2613 897 2751 950 κατὰ
2781 898 2964 965 σχέσιν
2994 898 3138 966 λέγω
3172 900 3437 966 δουλείας,
3457 900 3592 952 ἀλλὰ
3611 902 3751 970 μετά

2181 986 2280 1057 τὴν
2305 989 2360 1039 ἐν
2381 988 2570 1057 ἐρήμῳ
2596 989 2878 1058 διατριϐὴν
2911 989 3114 1057 μεταξὺ
3150 989 3408 1060 κειμένην
3439 991 3747 1060 ἐνεργημά-

2186 1094 2315 1142 των,
2344 1083 2437 1132 καί⁵
2465 1081 2777 1148 κινημάτων
2809 1081 3029 1144 κακίας,
3064 1077 3176 1134 τοῦ”
3203 1082 3416 1151 Ἰσραὴλ
3439 1085 3467 1135 6
3495 1083 3740 1151 δημαγω-

2188 1171 2281 1222 τος
2315 1161 2675 1212 κατασκοπεῖν
2716 1158 2938 1214 δύναται
3001 1161 3100 1232 τὴν
3137 1165 3239 1234 γῆν
3268 1167 3365 1237 τῆς
3399 1170 3748 1239 ἐπαγγελξας.

2187 1247 2306 1316 ἥτις
2331 1249 2475 1302 ἐστὶν
2506 1249 2537 1318 ἠ
2580 1249 2836 1316 ἀπάθεια,
2867 1251 2966 1323 τὴν
3015 1253 3242 1326 ὀπτικὴν
3285 1257 3630 1314 ἀποστέλλων
3666 1265 3750 1314 καῖ

2188 1338 2488 1407 ἐποπτικὴν
2521 1340 2684 1392 αὐτοῦ
2711 1341 2960 1412 δύναμιν.

2261 1435 2340 1482 ιε’.
2371 1432 2429 1482 Οἰ
2465 1430 2562 1499 μὲν
2605 1433 2662 1483 ἐν
2684 1435 2746 1503 τῇ
2781 1435 2970 1504 ἐρήμῳ
3006 1435 3323 1506 καθήμενοι,
3366 1441 3644 1496 τουτέστιν
3697 1444 3751 1497 ἐν

2184 1524 2248 1592 τῇ
2281 1521 2389 1572 τῶν
2418 1521 2606 1574 παθῶν
2663 1524 3046 1596 ἀνενεργησίᾳ,
3082 1528 3216 1598 ἀκοῇ
3257 1530 3389 1601 μόνῃ
3429 1531 3528 1602 τῆς
3575 1550 3745 1600 μακα.

2189 1613 2309 1682 ρίας
2345 1613 2555 1681 ἐκείνης
2608 1613 2791 1682 έχουσι
2846 1616 2912 1668 τὰ
2947 1617 3126 1684 ἀγαθά
3160 1622 3280 1689 γῆς.
3338 1622 3400 1674 Ol
3452 1623 3530 1689 δὲ,
3569 1627 3634 1675 τὰ
3694 1627 3749 1678 ἐν

2184 1701 2368 1772 ἐκείνῃ
2401 1703 2776 1772 σκοπήσαντες
2796 1746 2810 1768 ,
2853 1707 2910 1756 ἐν
2937 1708 3186 1780 περινοίᾳ
3223 1709 3462 1778 δηλονότι
3491 1711 3619 1783 ψιλῇ
3651 1715 3747 1783 τῆς

2180 1790 2289 1843 τῶν
2331 1793 2620 1862 ὁρωμένων
2671 1795 2906 1866 Θεωρίας
2935 1800 3222 1868 γεγόνασιν
3249 1819 3260 1829 ·
3296 1805 3345 1856 οἰ
3378 1805 3434 1857 δὲ
3484 1807 3748 1871 καταξιωο

2182 1881 2364 1948 θέντες
2383 1887 2440 1938 ἐν
2471 1887 2605 1958 αὐτῇ
2637 1888 2915 1956 εἰσελθεῖν,
2947 1891 3043 1963 ὅλῃ
3073 1893 3320 1964 αἰσθήσει
3352 1896 3459 1948 τῶν
3491 1898 3547 1962 ἐξ
3579 1899 3746 1966 αὐτῆς

2181 1973 2578 2046 ἀπορρεόντων,
2605 1978 2680 2042 ὡς
2701 1981 2842 2048 γάλα
2879 1984 2971 2035 καί
3003 1985 3146 2054 μέλι,
3178 1985 3277 2054 τῆς
3309 1987 3551 2059 πρώτης,
3581 1991 3740 2060 φημὶ,

2180 2067 2549 2138 καὶδευτέρας
2590 2071 2822 2142 θεωρίας
2859 2073 3052 2141 λόγων,
3106 2078 3530 2150 ἐνεφορήθησαν.

2251 2151 2346 2216 ις’.
2377 2154 2541 2209 Οὗπω
2577 2161 2996 2232 συνεσταυρώθη
3044 2163 3282 2235 Χριστῷ,
3315 2169 3343 2220 6
3392 2167 3470 2221 ῑτι
3509 2168 3743 2236 φυσικὰς

2180 2246 2420 2316 κινήσεις
2475 2247 2612 2317 ἔχων
2675 2253 2913 2320 σαρκός·
2961 2256 3080 2308 οὐδὲ
3110 2258 3382 2330 συνετάφη
3433 2260 3459 2312 6
3507 2262 3742 2330 ψυχικὰς

2180 2335 2503 2405 ἐνθυμήσεις
2532 2339 2941 2409 ἐπισυρόμενος.
2980 2344 3102 2407 Πῶς
3133 2343 3225 2400 οὖν
3261 2352 3558 2421 συναναστῇ
3594 2350 3735 2420 αὖτῷ

486 2435 735 2503 Quonam
767 2435 932 2506 igitur
951 2437 1116 2497 modo
1165 2437 1287 2493 talis
1317 2453 1443 2494 cum
1486 2453 1554 2494 eo
1581 2446 1851 2510 resurgat,
1883 2449 1944 2494 ut
2006 2439 2064 2494 in

2184 2426 2203 2479 5
2225 2427 2483 2494 τοιοῦτος,
2508 2433 2566 2484 ἐν
2603 2434 2881 2503 καινότητι
2900 2435 3044 2506 ζωῆς
3070 2440 3463 2494 πολιτεύεσθαι.

487 2528 729 2582 novitate
763 2528 888 2584 vitae
918 2527 1158 2584 ambulet
1180 2529 1203 2582 ’ἰ
1699 2589 1746 2609 η,

564 2619 652 2672 17.
685 2618 821 2674 Cum
878 2627 991 2675 tres
1029 2621 1141 2676 sint
1170 2622 1546 2692 generaliores
1574 2623 1771 2678 animas
1809 2623 2065 2692 virtutes,

485 2710 780 2781 jejunium,
814 2711 990 2767 oratio
1041 2724 1098 2768 et
1145 2713 1448 2777 silentium,
1489 2730 1714 2769 necesse
1753 2726 1837 2772 est
1887 2725 1946 2770 ut
1973 2717 2064 2787 qui

493 2818 590 2869 per
634 2805 940 2858 orationem
990 2805 1109 2858 vult
1160 2805 1406 2870 liberari,
1466 2808 1518 2859 in
1565 2807 1802 2876 quadam
1858 2820 2068 2863 naturae

492 2897 954 2964 contemplatione
978 2897 1320 2965 requiescat;
1350 2898 1444 2966 qui
1474 2913 1607 2952 vero
1637 2913 1736 2967 per
1759 2899 2065 2966 silentium,

2260 2609 2342 2672 ιζ’.
2375 2610 2553 2680 Τριῶν
2582 2610 2757 2662 οὐσῶν
2787 2613 2850 2680 τῇ
2883 2609 3028 2679 ψυχῇ
3073 2609 3588 2679 περιεκτικωτέρων
3614 2609 3744 2676 ἀρε-

2193 2701 2314 2761 τῶν,
2346 2701 2617 2767 νηστείας,
2647 2701 2811 2769 εὐχῆς
2843 2718 2921 2761 τε,
2957 2703 3049 2753 καὶ
3073 2700 3302 2768 σιωπῆς,
3332 2700 3627 2765 ἀναγκαῖον
3661 2696 3752 2747 τδν

2191 2792 2285 2859 μὲν
2319 2791 2378 2853 ἐξ
2405 2791 2571 2860 εὐχῆς
2614 2790 2834 2844 λύεσθαι
2881 2791 3147 2860 μέλλοντα
3173 2830 3188 2851 ,
3235 2789 3315 2851 εἰς
3364 2805 3484 2840 τινα
3517 2787 3753 2854 φυσικὴν

2187 2884 2414 2952 θεωρίαν
2464 2883 2949 2944 ἐπαναπαύεσθαι,
3008 2883 3100 2935 τὸν
3156 2880 3212 2934 δὲ
3265 2881 3331 2932 ἐκ
3375 2880 3617 2946 σιωπῆς,
3671 2879 3753 2938 εἰς

493 2987 549 3041 in
574 2986 874 3042 moralibus
899 2988 1279 3052 sermonibus;
1307 2989 1400 3058 qui
1425 2999 1605 3044 autem
1629 3005 1728 3059 per
1769 2990 2063 3062 jejunium,

2187 2975 2385 3045 ἠθικὴν
2415 2975 2651 3045 ὁμιλίαν,
2684 2977 2763 3037 εἰς
2797 2975 3055 3043 δευτέραν
3085 2973 3142 3026 δὲ
3195 2969 3595 3040 κεχαρισμένην
3625 2985 3746 3035 τροο

491 3077 548 3131 in
579 3077 825 3132 secundo
857 3079 1010 3132 suavi
1035 3079 1180 3134 cibo.

563 3171 651 3227 18.
682 3170 933 3237 Quandiu
957 3171 1103 3228 circa
1150 3187 1239 3227 res
1272 3170 1488 3230 divinas
1539 3182 1793 3231 versatur
1814 3174 2066 3246 spiritus,

490 3271 674 3318 servat
713 3263 1134 3321 similitudinem
1168 3279 1292 3321 cum
1351 3267 1484 3332 Deo,
1539 3267 1718 3323 bonus
1747 3277 1804 3322 et
1847 3267 2068 3322 miseri-

489 3371 615 3413 cors
630 3371 956 3425 remanens;
988 3357 1134 3414 circa
1159 3373 1245 3414 res
1264 3367 1445 3417 autem
1471 3358 1761 3415 sensibiles
1789 3365 2067 3424 versatus,

490 3450 536 3506 si
575 3452 900 3522 tempestive
949 3461 1006 3506 et
1060 3453 1455 3508 convenienter
1496 3451 1564 3506 ad
1614 3467 1707 3506 eas
1761 3451 2066 3516 descendit,

489 3545 886 3617 experientiam
919 3547 1052 3602 dans
1099 3555 1157 3602 et
1179 3546 1478 3616 accipiens,
1522 3546 1711 3616 vigore
1771 3545 1967 3616 plenus
2001 3544 2067 3599 ad

489 3650 550 3690 se
579 3636 920 3701 revertitur;
951 3635 996 3690 si
1028 3651 1161 3690 vero
1187 3637 1571 3705 intempestive
1604 3644 1660 3689 et
1693 3635 1836 3688 ultra
1860 3633 2069 3688 utilita-

493 3737 626 3787 tem.
651 3727 848 3782 similis
877 3736 962 3781 est
998 3727 1122 3780 duci
1147 3727 1452 3796 inexperto.
1481 3729 1575 3796 qui
1608 3726 1909 3796 permultas
1925 3726 2070 3780 vires

491 3833 622 3873 suas
649 3819 847 3874 recidit
869 3821 1018 3874 inter
1043 3819 1420 3889 pugnandum.

564 3909 652 3966 l9.
677 3909 1058 3966 Ahscenditus
1099 3909 1156 3965 in
1208 3911 1370 3966 nobis
1417 3908 1878 3980 impassibilitatis
1912 3923 2072 3977 para-

493 4002 649 4060 disus
679 4009 764 4060 est
798 4001 978 4073 imago
1013 4002 1163 4060 illius
1187 4002 1284 4073 qui
1305 4003 1484 4074 justus
1507 4010 1716 4058 manet.
1742 4001 1865 4055 Non
1886 4008 2067 4054 tamen

492 4110 687 4152 omnes
721 4095 789 4152 ab
833 4095 941 4151 hoc
997 4096 1255 4166 paradiso
1315 4095 1704 4161 exeludentur,
1765 4092 1862 4163 qui
1908 4091 2070 4162 spiri-

493 4189 697 4246 tualem
723 4189 877 4245 illum
915 4190 1118 4245 intrare
1141 4205 1249 4245 non
1280 4198 1607 4259 potuerunt.

560 4357 651 4411 20.
691 4354 783 4410 Sol
811 4369 974 4424 quem
1021 4354 1318 4416 cernimus,
1347 4354 1535 4408 radios
1563 4367 1694 4409 suos
1748 4351 1805 4406 in
1838 4350 2064 4407 domum
2101 4357 2140 4407 Ii

492 4448 738 4504 clausam
780 4461 888 4501 non
923 4445 1207 4510 immittit;
1237 4453 1428 4500 contra
1458 4444 1540 4500 sol
1567 4458 1732 4513 quem
1762 4443 1950 4498 animo
1979 4442 2066 4496 vi-

492 4536 708 4602 demus,
737 4535 925 4590 radios
953 4551 1082 4591 suos
1112 4537 1168 4590 in
1200 4536 1460 4601 animam,
1489 4551 1610 4604 quae
1669 4551 1865 4591 sensus
1902 4535 2070 4590 rebus

491 4628 924 4700 aspectabilibus
964 4637 1188 4698 apertos
1229 4627 1417 4690 habet,
1449 4627 1678 4682 minime
1715 4626 1961 4698 projicit.
2055 4695 2066 4712 .

560 4778 650 4832 τι.
676 4777 971 4833 Gnosticus
996 4786 1082 4833 est
1119 4777 1213 4847 qui
1267 4776 1662 4832 descensiones
1693 4792 1824 4832 suas
1853 4778 2071 4848 magni-

493 4873 617 4938 ﬁce,
703 4875 990 4929 humiliter
1036 4888 1170 4928 vero
1247 4871 1601 4927 ascensiones
1690 4870 1889 4925 anima:
1959 4885 2072 4925 suae

493 4965 759 5036 disponit.

561 5056 651 5109 22.
680 5055 814 5126 Apis
863 5065 1013 5126 prata
1039 5056 1396 5126 pervolitans,
1430 5055 1556 5109 inde
1607 5053 1905 5126 generandi
1939 5053 2074 5106 mel-

493 5148 562 5203 lis
611 5150 892 5204 materiam
937 5149 1179 5220 colligit:
1215 5149 1398 5202 anima
1435 5164 1565 5202 vero
1625 5149 1827 5202 saecula
1883 5145 2073 5215 perlu-

493 5251 675 5296 strans
705 5257 768 5296 ac
813 5240 1282 5312 circurnSpiciens,
1311 5241 1517 5294 variam
1545 5239 1669 5294 inde
1719 5237 2069 5292 dulcedinem

497 5331 669 5387 menti
725 5340 1026 5402 comparat.

567 5425 658 5478 25.
687 5423 898 5479 Cervus
934 5423 1027 5477 ubi
1082 5433 1366 5493 serpentes
1426 5421 1749 5486 comederit,
1782 5419 1850 5474 ad
1893 5418 2075 5474 fontes

497 5529 767 5586 aquarum
803 5515 1002 5570 veneni
1038 5515 1418 5587 restinguendi
1445 5525 1619 5572 curnt
1646 5557 1660 5582 ,
1693 5513 1876 5569 anima
1926 5511 2073 5566 divi-

571 5760 615 5793 “
653 5759 809 5817 Rom.
844 5777 916 5824 vi,
954 5760 1008 5816 6.

2187 3068 2294 3138 φὴν
2319 3067 2408 3120 τὸν
2424 3067 2771 3136 νηστεύοντα.

2258 3165 2347 3228 ιη’.
2395 3159 2482 3211 Ἐν
2511 3161 2622 3221 τοῖς
2656 3157 2822 3219 θείοις
2852 3156 2956 3218 ἕως
2989 3155 3222 3223 ὑπάρχει
3261 3156 3290 3206 6
3309 3154 3432 3216 νοῦς
3459 3193 3474 3215 ,
3508 3151 3667 3215 σώζει
3688 3150 3746 3204 τι

2186 3249 2310 3303 καθ’
2340 3249 2615 3319 ὁμοίωσιν,
2658 3248 2861 3316 ἀγαθός
2909 3265 2966 3300 τε
3015 3247 3110 3299 καὶ
3169 3246 3462 3314 συμπαθὴς
3509 3243 3750 3312 εὑρισκό-

2189 3357 2368 3411 μενος,
2392 3340 2520 3393 ὲνδὲ
2543 3342 2652 3402 τοῖς
2673 3339 2794 3392 κατ’
2817 3338 3069 3406 αἴσθησιν
3087 3336 3344 3405 γεγονὼς,
3368 3339 3413 3388 εἰ
3439 3336 3538 3404 μὲν
3565 3336 3754 3388 εὐκαί-

2189 3450 2317 3504 ρως,
2337 3432 2431 3485 καὶ
2463 3431 2846 3502 προσηκόντως
2875 3428 3220 3497 κατέρχεται,
3242 3429 3438 3495 πεῖραν
3464 3426 3635 3486 διδοὺς
3658 3425 3752 3475 καὶ

2185 3523 2497 3591 λαμϐάνων,
2518 3521 2804 3592 εὑρωστῶν
2834 3516 3012 3582 αὖθις,
3053 3519 3190 3588 πρὸς
3233 3518 3423 3570 έαυτδν
3454 3517 3754 3583 ἐπανέρχε-

2184 3631 2294 3667 ται.
2335 3613 2492 3682 Παρά
2539 3613 2597 3665 δὲ
2639 3612 2730 3664 τὸν
2789 3611 3000 3680 καιρὸν,
3031 3610 3128 3661 καὶ
3173 3608 3271 3677 τὴν
3299 3607 3520 3677 χρείαν,
3563 3606 3620 3666 ὅς
3669 3620 3754 3665 τις

2185 3704 2508 3774 στρατηγὸς.
2524 3703 2924 3773 ἀπερίσκεπτος
2946 3701 3320 3771 εὑρεθήσεται,
3345 3699 3406 3750 τὸ
3429 3697 3561 3750 πολὺ
3589 3694 3752 3748 αὑτοῦ

2184 3796 2620 3865 ὑποτεμνόμενος
2647 3796 2749 3864 τῆς
2773 3794 3076 3862 δυνάμεως,
3105 3794 3166 3843 ἐν
3193 3790 3269 3859 τῷ
3296 3788 3564 3859 μάχεσθαι
3593 3804 3610 3852 ;

2257 3882 2341 3938 t0'.
2384 3885 2440 3937 '0
2473 3887 2530 3937 ἐν
2558 3887 2689 3955 ἡμῖν
2729 3883 3174 3954 ἐγκεκρυμμένος
3204 3884 3301 3950 τῆς
3326 3878 3594 3939 ἀπαθείας
3639 3877 3754 3929 [ἰα-

2186 3975 2448 4047 ράδεισος,
2506 3965 2668 4028 εἰκῶν
2709 3980 2826 4027 ἐστι
2850 3974 2943 4026 τοῦ
2990 3973 3272 4042 μέλλοντος
3331 3970 3459 4032 τοὺς
3511 3966 3752 4027 δικαίους

2184 4066 2561 4136 ὑποδέχεσθαι.
2587 4066 2735 4136 Πλὴν
2768 4066 2827 4118 οὐ
2863 4064 3062 4128 πάντες
3085 4063 3292 4116 ἐκείνου
3323 4061 3482 4123 ἐκτὸς
3528 4056 3754 4128 εὑρεθηο

2185 4173 2386 4223 σονται,
2411 4158 2526 4210 ὅσοι
2557 4156 2706 4219 ἐντὸς
2738 4156 2832 4208 τοῦ
2855 4153 3320 4224 ἐμπεριεχομένου
3353 4150 3601 4220 γενέσθαι
3650 4149 3752 4201 οὐκ

2184 4247 2306 4319 ῐσχυ
2315 4267 2434 4303 σαν.

2252 4347 2322 4394 κ’.
2367 4339 2426 4392 Ὅ
2473 4339 2572 4408 μὲν
2624 4337 2880 4408 αἰσθητὸς
2927 4337 3116 4407 ἥλιος,
3177 4335 3336 4400 ξένας
3402 4332 3499 4393 τὰς
3558 4327 3751 4382 ἑαυτοῦ

2181 4433 2404 4495 ἀκτῖνας
2423 4431 2485 4494 ἐξ
2505 4429 2682 4493 οἰκίας
2702 4429 3099 4498 κεκλεισμένης
3147 4425 3454 4493 καθίστησι.
3518 4423 3631 4474 οὐκ
3685 4420 3752 4474 ἂν

2179 4522 2237 4576 δὲ
2267 4523 2364 4584 τὰς
2398 4522 2658 4589 γλυκείας
2686 4523 2714 4574 6
2739 4519 2927 4588 νοητὸς
2957 4518 3213 4586 ἐπαφήσῃ
3245 4519 3310 4583 τῇ
3349 4512 3751 4584 προσδεχομένη

2184 4612 2304 4684 μὲν,
2335 4611 2408 4682 μὴ
2437 4611 2827 4680 κεκλεισμένας
2863 4609 2921 4662 δὲ
2950 4607 3145 4677 ἐχούσῃ
3175 4608 3273 4668 τὰς
3315 4605 3596 4673 αἰσθήσεις
3645 4603 3750 4653 ἀπὸ

2179 4704 2287 4758 τῶν
2309 4704 2616 4775 ὁρωμένων,
2648 4704 2813 4772 ψυχῇ.

2251 4801 2353 4849 καθ.
2383 4795 2684 4856 Γνωστικὸς
2721 4796 2865 4844 ἐστιν
2897 4794 2924 4845 6
2955 4792 3054 4853 τὰς
3093 4791 3188 4860 μὲν
3220 4788 3553 4847 καταϐάσεις
3580 4781 3748 4837 αὑτοῦ

2182 4886 2630 4958 μεγαλοπρεπῶς,
2672 4883 3128 4954 ταπεινοπρεπῶς
3170 4881 3225 4933 δέ
3279 4881 3379 4948 τῆς
3421 4875 3601 4946 ψυχῆς
3649 4873 3747 4934 τὰς

2179 4975 2472 5036 ἀναϐάσεις
2506 4973 2894 5042 διατιθέμενος.

2251 5060 2354 5130 κβ’.
2393 5061 2632 5114 Μέλιττα
2672 5060 2767 5129 μὲν
2795 5057 3066 5128 λειμῶνας
3095 5054 3508 5124 περινοστοῦσα,
3538 5050 3747 5103 ἐκεῖθεν

2180 5151 2256 5221 τῷ
2302 5152 2478 5222 μέλιτι
2525 5153 2623 5214 τὰς
2686 5151 2938 5222 ἀφορμὰς
2989 5145 3450 5219 προσπορίζεται·
3500 5143 3646 5212 ψυχὴ
3690 5139 3745 5191 δέ

2180 5243 2383 5306 αἰῶνας
2413 5242 2801 5311 περινοστοῦσα
2826 5241 3125 5303 ποικίλους,
3155 5237 3379 5291 αὐτόθεν
3407 5234 3500 5287 τὸν
3542 5233 3743 5301 γλυκα-

2181 5333 2319 5402 σμὺν
2345 5335 2412 5402 τῇ
2441 5332 2651 5403 διανοίᾳ
2667 5332 2891 5401 ἐνίησιν.

2251 5422 2358 5489 κγ’.
2401 5423 2464 5474 Ἦ
2490 5423 2813 5492 ἐμφαγοῦσα
2858 5423 2956 5492 μὲν
3008 5421 3203 5488 ἔλαφος
3265 5419 3438 5487 (φεις,
3499 5416 3613 5475 ἰὸν,
3654 5410 3746 5462 τιιῦ

2186 5513 2390 5577 σϐέσαι,
2421 5513 2551 5582 πρὸς
2579 5513 2784 5566 ὑδάτων
2801 5513 2981 5584 τρέχει
3015 5511 3195 5581 πηγάς
3220 5527 3232 5541 ·
3261 5509 3407 5580 ψυχὴ
3432 5507 3490 5560 δέ
3519 5507 3553 5576 ἡ
3573 5505 3755 5573 βέλεσι
