4032 6198
324 316 463 380 1153

1491 317 1889 378 ΟΝΟΞΤῘΠᾸΞ
1931 321 2408 386 ΒΕΝΤΕΝΤΙΕ.

3448 329 3590 397 1154

311 447 478 506 θείοις
501 447 792 516 τρωθεῖσα,
823 447 1098 500 ἄπαυστον
1133 446 1282 500 ’ἐλκει
1334 445 1424 499 τὸν
1455 449 1591 517 πρὸς
1620 448 1709 498 τὸν
1742 446 1884 518 τρώ-

2014 437 2090 493 ιιίε
2117 440 2314 507 jaculis
2349 440 2560 504 saucia,
2599 441 2899 512 irrequicto
2945 458 3133 500 amore
3157 444 3212 500 in
3239 460 3368 502 eum
3398 463 3428 503 a
3480 466 3589 519 quo

313 557 483 592 σαντα
513 539 712 606 ἔρωτα.

382 629 663 684 κδ’.Ψιλοἰ
717 629 813 696 μὲν
866 629 1134 699 λογισμοὶ,
1188 633 1252 700 τῇ
1296 630 1556 699 μοναδικῇ
1614 629 1725 699 ζωῇ
1763 631 1885 680 ἐπι-

311 723 534 790 φύονται
562 736 576 750 ο
608 719 955 789 ἐπιλογισμο¹ι
978 722 1031 773 δὲ
1053 724 1116 791 τῇ
1149 721 1372 792 δυαδικῇ
1406 737 1420 750 °
1451 723 1517 790 τῇ
1539 721 1594 772 δὲ
1620 720 1885 789 πολυσχε-

308 815 388 866 δεῖ
410 813 577 882 ψυχῇ,
620 813 872 881 λογισμοὶ
903 813 1001 879 μὲν
1025 811 1431 882 ἀπελήλανται·
1467 813 1583 873 νόες
1626 811 1684 862 δὲ
1723 812 1884 880 μόνον

308 907 508 974 γυμνοὶ
551 905 823 974 σωμάτιον
861 905 997 972 αὐτῇ
1052 904 1526 972 προσπελάζοντες
1577 903 1704 964 τοὺς
1755 903 1885 972 περὶ

309 995 568 1068 προνοίας
594 997 687 1049 καὶ
712 995 944 1065 κρίσεως
972 995 1184 1061 λόγους,
1226 993 1300 1057 ὥς
1333 1011 1456 1047 τινα
1501 994 1730 1064 θεμέλια
1781 995 1885 1062 γῆς

309 1089 785 1148 ἀνακαλύπτοντες
808 1087 945 1156 αὑτῇ
976 1087 1389 1155 ἐμφανίζουσιν.

383 1187 482 1235 κε’.
529 1181 618 1233 Ἐν
646 1182 710 1249 τῇ
741 1178 966 1247 δυαδικῇ
1014 1177 1232 1248 ζωῇ,τὸ
1278 1177 1446 1250 ἄῤῥεν
1474 1181 1569 1231 καὶ
1615 1177 1675 1230 τὸ
1723 1177 1878 1247 θῆλυ,

311 1272 495 1332 ἀτελῶς
525 1269 750 1340 ὁρᾶσθαι
770 1268 829 1320 οὑ
864 1269 1097 1335 πέφυκε,
1131 1271 1290 1322 τοῦτο
1309 1271 1417 1340 γὰρ
1439 1270 1496 1321 ἐν
1522 1271 1587 1339 τῇ
1616 1269 1878 1338 μοναδικῇ

311 1361 686 1432 εὑρεθήσεται,
709 1359 829 1412 καθ’
862 1360 927 1430 ἥν
957 1360 1208 1431 ἀρῤενος,
1245 1364 1335 1414 καὶ
1369 1360 1590 1426 θηλείας
1625 1359 1879 1427 διαφορὰ,

315 1450 400 1503 διὰ
430 1449 488 1500 τὸ
517 1447 636 1499 καθ’
665 1447 941 1513 ὁμοίωσιν,
968 1449 1024 1498 ἐν
1058 1446 1277 1516 Χριστῷ
1327 1448 1497 1516 Ἰησοῦ
1545 1448 1605 1498 ού
1644 1449 1882 1520 γνωσθή.

316 1555 486 1591 σεται.

386 1635 500 1690 κς’.
529 1630 591 1680 Oi
623 1628 872 1696 λογισμοὶ
904 1627 1028 1680 οὔτε
1057 1626 1152 1681 τοῦ
1175 1628 1370 1697 ἀλόγου
1403 1630 1603 1700 μέρους
1643 1631 1750 1682 sic!
1792 1631 1889 1698 τῆς

2003 529 2289 583 vulnerata
2325 539 2411 584 est
2468 532 2663 586 fet-tm.

2073 622 2143 675 94
2192 624 2326 678 Vitae
2352 625 2656 679 monadiae
2686 642 2852 684 merae
2903 630 3266 697 cogitationes
3298 632 3590 690 innasrun-

2002 723 2111 776 tur.
2165 715 2407 786 dyadica:
2448 733 2601 781 vero,
2637 718 3005 783 reﬂexioncs;
3041 721 3110 775 ab
3161 725 3340 777 anima
3400 734 3584 780 autem

2001 807 2056 860 in
2090 809 2260 862 multa
2305 808 2484 863 divisa
2532 811 2790 865 exsulant
2824 812 3138 879 ratiocinia,
3175 818 3269 869 sed
3307 818 3468 872 nuda:
3499 836 3590 873 so-

1997 904 2282 960 lummodo
2307 920 2603 976 corporum
2654 907 2791 962 ideae
2821 909 2887 963 ad
2933 925 3055 964 eam
3086 913 3438 970 accedentes.
3469 931 3588 969 ser-

2001 1010 2195 1051 mones
2221 997 2290 1052 de
2321 999 2761 1066 providentia'et
2795 1002 3028 1071 judicio,
3062 1005 3218 1072 quasi
3274 1016 3433 1062 terra:
3461 1008 3586 1062 fitn-

2001 1089 2260 1144 damenla
2293 1093 2623 1157 rcvelanles,
2660 1095 2761 1162 ipsi
2801 1097 3161 1165 patefaciunt.

2072 1176 2161 1230 ‘25.
2197 1174 2253 1229 In
2289 1176 2512 1246 dyadica
2551 1179 2685 1238 vita,
2746 1181 3110 1234 masculinum
3162 1193 3216 1237 ct
3264 1183 3588 1240 femininum

2002 1281 2110 1323 neu
2150 1270 2477 1340 simpliciter
2510 1273 2810 1338 videntur;
2861 1275 2966 1330 hoc
2994 1277 3141 1331 enim
3185 1279 3241 1333 in
3300 1281 3590 1336 mouadica

2003 1362 2332 1430 reperietur,
2371 1365 2424 1418 in
2463 1381 2570 1435 qua
2632 1368 2861 1422 masculi
2896 1377 2951 1423 et
3009 1369 3224 1425 feminae
3265 1373 3587 1440 discrimen,

2002 1457 2134 1525 quia
2169 1473 2367 1524 nempe
2398 1459 2715 1514 consimiles
2741 1469 2873 1516 sunt
2919 1462 2972 1516 in
2994 1463 3216 1520 Christo
3259 1465 3420 1532 Jcsu,
3479 1483 3588 1523 non

2003 1559 2395 1618 cognoscatur.
2902 1593 2906 1598 -

2073 1632 2162 1686 9.6.
2203 1633 2514 1688 Ratiocinia
2545 1650 2655 1689 non
2687 1645 2816 1691 sunt
2852 1637 2906 1691 in
2935 1647 3093 1708 parte
3137 1639 3336 1695 animae
3365 1642 3590 1697 irratio-

309 1719 488 1790 ψυχῆς
552 1719 645 1789 (ού
675 1718 784 1788 γάρ
802 1721 917 1771 ἐστι
942 1719 1200 1789 λογισμὸς
1234 1721 1292 1772 ἐν
1317 1721 1530 1787 ἀλόγοις
1558 1721 1599 1789 ),
1639 1719 1763 1773 οὑτε
1797 1720 1884 1773 τοῦ

2014 1725 2115 1779 nali
2152 1727 2285 1798 (non
2319 1727 2468 1780 enim
2505 1738 2591 1782 est
2620 1729 2978 1784 ratiocinium
3035 1731 3091 1785 in
3122 1731 3586 1805 irrationalibus).

311 1813 497 1885 νοεροῦ
536 1813 677 1883 (ἐπεὶ
715 1813 849 1882 μηδὲ
874 1814 930 1864 ὲν
958 1814 1213 1880 ἀγγέλοις
1241 1816 1256 1873 )
1285 1831 1300 1845 ο
1334 1815 1502 1883 αὑτῆς
1562 1814 1619 1866 δὲ
1653 1815 1751 1884 τῆς
1801 1814 1885 1868 λο-

312 1907 475 1974 γικῆς
509 1905 660 1965 δντες
695 1905 1042 1974 γεννήματα,
1077 1903 1151 1968 ὡς
1183 1904 1434 1974 κλίμακι,
1494 1908 1561 1975 τῇ
1619 1905 1891 1977 φαντασίᾳ

313 1997 607 2068 χρώμενοι,
639 1995 990 2048 ἀναϐαίνουσι
1035 1995 1134 2061 μὲν
1170 1995 1304 2065 πρὸς
1337 1995 1429 2047 τὸν
1473 1996 1596 2048 νοῦν
1650 1996 1761 2049 ἀπὸ
1791 1996 1890 2065 τῆς

317 2088 640 2156 αἰσθήσεως,
676 2087 745 2138 τὰ
781 2087 995 2157 ἐκείνης
1031 2087 1181 2156 αὑτῷ
1215 2087 1672 2155 ἀπαγγέλλοντες,
1721 2104 1891 2140 κατα-

315 2180 561 2232 (αίνουσι
588 2180 644 2232 δὲ
676 2180 808 2248 πρὸς
845 2179 1010 2250 αὐτὴν
1037 2180 1097 2244 ὲξ
1129 2179 1320 2246 αὑτοῦ,
1349 2181 1417 2232 τά
1451 2180 1660 2233 ἐκείνου
1705 2181 1893 2234 ὑποτι-

317 2271 552 2338 θέμενοι.

384 2363 485 2424 γε’.
521 2362 616 2424 ’Ὡς
636 2378 778 2422 τινες
832 2363 894 2414 ὲκ
953 2361 1115 2431 βυθοῦ
1155 2362 1574 2430 ἀναφερόμενοι,
1619 2363 1713 2416 καί
1745 2380 1891 2426 τινος

313 2455 392 2513 εἰς
436 2454 687 2522 βοήθειαν
744 2453 1102 2507 ἐπιλαϐέσθαι
1151 2453 1519 2522 πειρώμενοι,
1564 2457 1611 2507 oi
1666 2455 1891 2524 πονηροὶ

311 2545 562 2614 λογισμοὶ
615 2545 1024 2615 εὑρεθήσονται,
1102 2545 1325 2607 ὁλκάδος
1381 2545 1633 2614 καθάπερ
1710 2546 1890 2598 κινδυ-

311 2637 573 2706 νευούσης
620 2637 720 2706 τῆς
752 2636 981 2700 κακίας,
1030 2637 1281 2708 δακρύων
1310 2637 1700 2706 κατακλυσμῷ.

382 2736 488 2797 κη’.
518 2730 672 2783 Κατὰ
693 2730 792 2800 τὴν
825 2730 1192 2799 ὑποκειμένην
1223 2729 1484 2795 ποιότητα
1513 2730 1608 2798 τῆς
1633 2729 1831 2798 ψυχῆς,
1856 2728 1888 2799 ἢ

308 2819 384 2883 ὡς
411 2821 667 2889 πειραταὶ
693 2821 1129 2883 καταποντίζειν,
1157 2819 1187 2888 ἦ
1213 2820 1287 2882 ὠς
1338 2821 1524 2888 ἐρεται
1561 2820 1887 2889 συμϐοηθείν

310 2910 731 2981 κινδυνευούσῃ,
780 2913 826 2962 οἱ
878 2913 1003 2980 περὶ
1029 2911 1198 2978 αυτὴν
1245 2916 1568 2978 συνάγονται
1614 2911 1887 2980 λογισμοὶ,

309 3002 486 3071 οἱμὲν
513 3003 647 3072 πρδς
673 3003 904 3067 πέλαγος
955 3001 1204 3064 ἕλκοντε-ς
1265 3003 1374 3054 τῶν
1428 3001 1694 3072 ἀπρεπῶν
1740 3004 1888 3070 λογι-

311 3092 488 3161 σμῶν,
521 3095 574 3144 oi
596 3092 768 3160 δὲτὴν
801 3090 930 3145 ἆσον
988 3092 1473 3161 παρεκλεγόμενοι,
1531 3093 1667 3162 πρὸς
1717 3093 1888 3163 γαλη-

306 3185 455 3245 νίους
481 3183 650 3246 ἀκτὰς
672 3185 767 3254 τὴν
797 3183 928 3236 ναῦν
954 3184 1366 3238 ἀποκείλουσιν.

379 3273 483 3328 κθ’.
518 3275 783 3345 Ἐσδομον
818 3277 908 3328 τὸν
933 3277 1029 3346 τῆς
1052 3276 1360 3340 κενοδηξίας
1395 3275 1654 3344 λογισμον
1688 3275 1888 3346 δντα,ή

309 3368 570 3437 ὲφιεμένη
599 3368 927 3437 ὡς’ἐσχατον
957 3366 1511 3436 ἀποϐαλέσθαιψυχὴ,
1554 3369 1602 3419 εἰ
1656 3367 1730 3436 μὴ
1765 3367 1888 3429 τοὺς

309 3460 417 3529 πρὸ
467 3458 630 3511 αὑτοῦ
689 3458 1077 3520 ἀπεκδύσεται,
1103 3458 1162 3509 οὑ
1194 3457 1488 3524 δυνήσεται
1522 3456 1613 3507 τὸν
1645 3455 1761 3524 μετ’
1791 3456 1888 3507 αὑ-

308 3548 431 3608 τ-›ὑ;
455 3547 639 3612 ὃγδοον
663 3546 1059 3598 ἐπενδύσασθαι
1085 3561 1097 3574 ⁶
1158 3545 1218 3597 ὃν
1242 3543 1334 3597 καὶ
1393 3546 1708 3613 οἰκητήριον
1728 3545 1888 3614 οὐρά-

308 3655 420 3689 νιον
456 3639 637 3690 καλεῖν
651 3635 791 3690 οἶδεν
817 3641 844 3690 ὁ
864 3639 1002 3696 θεῖος
1048 3635 1393 3696 Ἀπόστολος.
1425 3636 1534 3687 Καὶ
1563 3634 1649 3686 διά
1696 3651 1891 3686 στενα-

307 3731 465 3799 γμῶν
489 3732 846 3785 ὲπενδύεσθαι
877 3731 1135 3783 δύνασθαι
1166 3731 1276 3790 τοίς
1311 3727 1380 3780 δι’
1399 3727 1530 3780 αὐτὸ
1554 3726 1662 3779 τῶν
1689 3725 1890 3779 ὑλικῶν

306 3841 376 3891 γυ
385 3825 758 3893 μνητεύουσιν.

381 3913 442 3968 λ’.
473 3916 549 3985 Τῇ
584 3917 681 3985 μὲν
705 3914 848 3967 τελεῖ
859 3933 886 3984 α
917 3915 1048 3984 εὐχῇ
1074 3912 1358 3982 ἀγγελικοὶ
1393 3910 1758 3981 παραϐάλλειν
1789 3926 1889 3961 πε-

311 4007 519 4076 φύκασι
551 4008 804 4076 λογισμοί
832 4021 845 4035 ·
889 4009 956 4076 τῇ
986 4007 1040 4058 δὲ
1067 4007 1231 4076 μέσῃ,
1259 4004 1643 4074 πνευματικοί.
1673 4003 1752 4072 Τῇ
1777 4003 1892 4054 είσ-

312 4103 566 4169 αγωγικῇ
599 4100 676 4164 δὲ,
715 4101 765 4151 oi
801 4097 1193 4167 φυσιολογικοί.

383 4191 486 4244 λα’.
521 4192 732 4262 Ὥσπερ
770 4191 830 4244 τὸ
880 4191 1098 4257 εὐγενὲς
1150 4188 1242 4242 τοῦ
1280 4191 1482 4241 κόκκου
1525 4187 1613 4240 διὰ
1635 4186 1729 4238 τοῦ
1762 4187 1893 4239 στά-

309 4300 462 4355 χυος,
494 4284 636 4338 οὑτω
660 4286 753 4337 καὶ
783 4285 842 4337 τὸ
879 4282 1166 4351 εἱλικρινὲς
1189 4282 1290 4349 τῆς
1317 4282 1570 4349 θεωρίας,
1606 4279 1694 4332 διὰ
1725 4295 1894 4346 προσ-

311 4380 479 4446 ευχῆς
536 4375 930 4446 ἐμφανίζεσθαι
969 4373 1150 4426 εἴωθε.
1180 4371 1461 4439 Κέκτηται
1502 4370 1558 4422 δὲ
1614 4373 1642 4422 ὁ
1686 4369 1786 4438 μὲν
1816 4369 1894 4428 είς

2009 1833 2112 1873 nec
2148 1819 2200 1872 in
2234 1819 2595 1874 intellectuali
2627 1821 2926 1892 (siquidem
2963 1832 3181 1880 nonest
3220 1825 3276 1880 in
3307 1828 3588 1898 angelis);

2007 1911 2104 1966 sed
2129 1913 2198 1966 ab
2221 1912 2336 1982 ipsa
2360 1913 2618 1968 rationali
2639 1921 2922 1984 generata,
2945 1925 3000 1970 et
3032 1916 3423 1985 imaginatione
3441 1919 3592 1974 velut

2007 1997 2152 2052 scala
2193 1998 2430 2063 utentia,
2454 1998 2762 2053 ascendunt
2799 1999 3021 2068 quidem
3061 2016 3092 2054 a
3123 2001 3383 2056 sensibus
3405 2001 3474 2056 ad
3509 2001 3590 2056 in-

2007 2089 2313 2152 tellectum.
2343 2091 2432 2144 cui
2464 2091 2836 2145 sensationem
2862 2091 3218 2156 annuntiant,
3247 2092 3589 2149 descendunt

2007 2199 2140 2238 vero
2186 2184 2255 2238 ab
2315 2183 2595 2241 intellectu
2648 2185 2714 2240 ad
2766 2200 2999 2250 sensus,
3044 2185 3165 2240 idea
3216 2186 3272 2241 in
3319 2187 3592 2258 principio

2007 2285 2530 2415 poggfllominibus
2582 2374 2649 2414 ex
2700 2359 2898 2430 abysso
2939 2360 3354 2430 emergentibus
3407 2369 3466 2417 et
3493 2361 3592 2416 ali-

2005 2453 2136 2522 quid
2169 2454 2414 2531 arripere
2444 2453 2511 2506 ad
2548 2453 2778 2507 salutem
2812 2453 3149 2507 tentantihus
3182 2453 3390 2509 similes
3437 2455 3591 2510 iuve-

2007 2547 2232 2600 nientur
2257 2547 2412 2600 mala:
2439 2547 2830 2617 cogitationes,
2867 2547 3016 2615 quia,
3085 2549 3239 2602 navis
3287 2548 3482 2614 instar,
3511 2549 3593 2603 vi—

2007 2639 2143 2693 tium
2173 2638 2520 2708 periclitatur
2563 2639 2928 2708 lacrymarum
2965 2639 3197 2694 diluvio.

2073 2731 2162 2787 28.
2192 2733 2297 2787 Pro
2328 2733 2593 2802 qualitate
2630 2733 2828 2787 anima:
2862 2733 3045 2796 insita,
3079 2734 3162 2788 vel
3199 2734 3344 2788 sicut
3401 2735 3593 2804 pirata:

2005 2840 2127 2878 eam
2179 2825 2517 2889 immersuri,
2575 2826 2657 2879 vel
2712 2826 2856 2878 sicut
2915 2826 3150 2896 remiges
3225 2826 3593 2895 periclitantis

2004 2917 2320 2980 auxiliares,
2374 2927 2777 2986 congregantur
2830 2918 2977 2972 circa
3020 2917 3168 2972 illam
3205 2918 3589 2987 cogitationes,

2005 3010 2126 3064 alia:
2156 3010 2380 3078 quidem
2407 3012 2578 3080 ipsam
2615 3011 2957 3064 attrahentes
2999 3011 3049 3066 in
3101 3026 3249 3064 mare
3294 3027 3588 3082 pravorum

2005 3103 2393 3170 cogitatorum,
2428 3103 2557 3155 dum
2597 3104 2718 3157 alia:
2777 3141 2792 3154 .
2828 3144 2840 3157 .
2871 3142 2884 3155 .
2921 3143 2934 3156 .
2967 3144 2981 3157 .
3017 3142 3032 3155 .
3058 3143 3071 3157 .
3109 3143 3123 3156 .
3162 3145 3175 3156 .
3217 3143 3229 3157 .
3260 3143 3275 3157 .
3309 3143 3323 3156 .
3359 3105 3425 3158 ad
3474 3115 3588 3160 tuta

2005 3193 2020 3245 l
2050 3203 2189 3246 ttora
2243 3210 2436 3246 navem
2472 3195 2776 3262 appellunt.

2076 3276 2165 3330 $29.
2219 3277 2464 3345 Septima
2517 3292 2641 3329 cum
2703 3277 2772 3329 sit
2833 3277 3013 3330 inanis
3065 3277 3250 3347 gloria:
3306 3278 3587 3347 cogitatio,

2005 3369 2147 3422 hanc
2191 3380 2246 3422 ut
2281 3370 2530 3422 ultimam
2560 3370 2802 3440 abjiccre
2834 3371 3066 3438 cupiens
3095 3372 3299 3436 anima,
3361 3372 3466 3428 nisi
3492 3389 3589 3429 eas

2005 3463 2100 3528 qui
2152 3461 2326 3529 ipsam
2389 3463 2714 3529 prmcetlunt
2758 3477 2867 3514 non
2919 3463 3155 3524 exuerit,
3213 3479 3325 3516 non
3386 3463 3591 3530 poterit

2006 3561 2322 3620 sequentem
2357 3553 2575 3606 easdem
2599 3561 2845 3606 octavam
2876 3554 3219 3622 superindui,
3277 3571 3438 3624 quam
3492 3556 3590 3610 ha-

2005 3644 2328 3698 bitationem
2384 3645 2667 3700 C(Plestcm
2722 3656 2880 3701 vocat
2937 3647 3096 3700 divus
3152 3648 3466 3717 Apostolus.
3523 3648 3591 3701 Et

2005 3730 2146 3782 lianc
2173 3744 2272 3798 per
2301 3729 2536 3799 gemitus
2569 3731 2892 3800 superintlui
2945 3747 3102 3800 posse
3137 3747 3329 3785 eorum
3375 3740 3461 3786 cst
3495 3733 3588 3802 qui

2005 3829 2231 3889 propter
2253 3837 2372 3874 eam
2398 3821 2780 3875 matcrialibus
2811 3837 2934 3875 sese
2973 3822 3305 3892 cxspoliant.

2076 3913 2432 3997 30.9rationi
2464 3914 2723 3984 perfecta:
2765 3913 3128 3982 cogitationes
3172 3914 3452 3982 angelicae,
3481 3929 3590 3969 me-

2002 4005 2128 4067 diae,
2153 4007 2490 4075 spirituales,
2521 4005 2959 4069 introductorim,
2991 4021 3087 4058 seu
3113 4005 3335 4058 novitia:
3381 4005 3586 4068 adlmc,

2003 4099 2286 4152 naturales
2313 4099 2623 4166 comparari
2655 4098 2854 4151 solent.

2073 4190 2165 4244 51.
2205 4190 2682 4255 Quemadmodum
2710 4189 2862 4257 graui
2896 4187 3213 4258 praestantia
3235 4203 3266 4242 e
3313 4190 3485 4258 spica,
3515 4189 3590 4244 ita

2002 4283 2214 4336 sincera
2250 4281 2662 4348 comtemplatio
2694 4295 2790 4349 per
2819 4281 3126 4334 orationem
3148 4280 3414 4335 declarari
3455 4297 3590 4336 cou-

2005 4373 2204 4427 suevit.
2222 4371 2400 4425 Habet
2420 4380 2605 4425 autem
2618 4374 2770 4440 spica
2788 4371 3011 4439 quidem
3037 4372 3445 4425 circumdantes
3466 4387 3589 4426 sese

311 4470 632 4538 ἀποτροπὴν
677 4467 880 4536 ὀρνέων
923 4465 1031 4518 τῶν
1081 4463 1496 4531 σπερμολόγων,
1523 4457 1616 4514 οἷά
1649 4478 1770 4512 τινα
1813 4459 1889 4510 δό·

2014 4465 2226 4527 aristas,
2263 4463 2414 4516 velut
2444 4461 2708 4532 quasdam
2743 4460 3011 4520 hastulas.
3053 4460 3119 4512 ad
3161 4461 3428 4513 arcendas
3459 4474 3590 4514 aves

315 4579 477 4632 ρατα.
505 4563 628 4623 τοὺς
656 4557 1132 4629 περιστοιχούντας
1163 4555 1454 4624 ἀνθέρικας
1479 4569 1494 4583 ⁸
1526 4555 1554 4606 ὁ
1579 4552 1632 4604 δὲ
1648 4554 1772 4614 τοὺς
1807 4569 1896 4618 φι-

311 4652 677 4719 λςσοιξοῦντας
727 4653 785 4704 ὲν
834 4650 1164 4720 πειρασμοῖς
1225 4645 1555 4714 λογισμοὺς,
1610 4644 1743 4712 πρὸς
1799 4641 1895 4711 τὴν

313 4746 538 4797 ἐκείνων
562 4744 842 4812 ἀναίρεσιν

385 4833 487 4904 λβ’.
521 4836 601 4887 Τὰ
644 4836 741 4904 μὲν
772 4833 1025 4904 ὁρώμενα
1062 4831 1161 4902 τῆς
1185 4831 1365 4900 ψυχῆς
1404 4828 1493 4881 διά
1534 4827 1632 4893 τὴν
1675 4823 1894 4893 πρᾶξιν,

315 4921 816 4994 περιηργυρωμὲνα
886 4923 1156 4990 πτέρυγες
1220 4916 1581 4987 περιστερᾶς,
1645 4911 1897 4980 καθάπερ

313 5016 422 5068 εἰσί
455 5031 469 5045 ·
503 5017 571 5069 τὰ
599 5017 653 5068 δὲ
684 5013 972 5083 νοούμενα,
993 5011 1135 5080 φημὶ
1163 5008 1227 5079 δὴ
1243 5009 1310 5061 τά
1346 5006 1658 5078 μετάφρενα
1682 5004 1772 5056 διὰ
1800 5001 1895 5072 τὴν

313 5107 570 5175 θεωρίαν,
608 5108 680 5170 ὡς
698 5110 754 5160 ὲν
778 5105 1081 5176 χλωρότητι
1111 5101 1336 5171 χρυσίου
1357 5142 1372 5166 ,
1408 5098 1786 5152 καθίστανται.
1831 5095 1894 5148 Ἦ

312 5200 424 5268 γὰρ
469 5202 541 5268 μὴ
570 5197 914 5266 ὼραιωθεῐσα
959 5195 1126 5264 ψυχὴ,
1174 5191 1530 5261 πετασθῆναι,
1579 5191 1672 5244 καὶ
1725 5206 1891 5242 κατα-

316 5293 526 5344 παῦσαι
554 5292 612 5342 οὐ
644 5290 865 5342 δύναται
898 5287 1026 5340 ἔνθα
1062 5289 1283 5347 πάντων
1311 5285 1418 5338 τῶν
1448 5282 1890 5354 εὐφραινομένων

316 5386 350 5452 ἡ
383 5401 518 5434 κατ’)
545 5384 635 5434 κία
669 5381 837 5437 ἐστίν.

386 5545 486 5609 λγ¹.
523 5543 800 5612 ’Δπαρχᾶς
831 5544 1054 5606 ἅλωνος,
1095 5546 1184 5596 καὶ
1213 5544 1398 5613 ληνοῦ,
1440 5545 1608 5596 πάλαι
1649 5546 1747 5614 μὲν
1782 5547 1892 5606 τοῖς

313 5634 567 5694 παλαιοῖς
591 5635 923 5703 προσφέρειν
951 5635 1008 5684 ὲν
1034 5633 1110 5702 τῷ
1145 5634 1258 5703 ναῷ
1297 5636 1713 5701 προσετέτακτο.
1762 5635 1892 5685 Νυνὶ

311 5726 369 5779 δὲ
409 5727 556 5796 ἡρεῖς
591 5729 900 5796 πρακτικῆς
928 5725 1028 5795 μὲν
1067 5727 1347 5794 ἀπαρχὰς,
1409 5726 1737 5794 ἐγκράτειαν
1789 5725 1892 5794 χρὴ

389 5861 402 5889 ¹
463 5859 620 5911 Deut.
655 5875 762 5911 λινε.

2008 4553 2360 4623 seminilegas
2394 4571 2407 4607 :
2437 4553 2843 4620 contemplator
2874 4566 3006 4605 vero
3029 4551 3312 4619 sapientes
3341 4552 3589 4605 rationes

2009 4645 2063 4698 in
2101 4647 2520 4710 tentationibus,
2547 4646 2748 4714 quibus
2775 4659 2870 4699 eas
2899 4645 3141 4714 perimit.

2078 4809 2170 4863 5‘2.
2225 4809 2356 4875 Qua:
2423 4818 2552 4864 sunt
2604 4808 2842 4862 visibilia
2897 4808 3095 4862 anima:
3155 4824 3254 4877 per
3319 4808 3584 4878 praxim,

2005 4912 2137 4958 sunt
2163 4905 2310 4956 velut
2338 4903 2706 4971 deargentata:
2745 4918 2940 4970 penna:
2969 4901 3272 4966 columba);
3307 4918 3430 4968 qua:
3457 4917 3588 4953 vero

2005 4995 2264 5063 cogitata,
2317 4993 2460 5046 sicut
2515 4992 2818 5060 posteriora
2874 4991 3025 5046 dorsi
3079 4991 3133 5044 in
3167 4991 3376 5060 pallore
3441 4991 3586 5045 auri.

2003 5087 2199 5140 Anima
2255 5086 2402 5138 enim
2460 5101 2568 5137 non
2609 5084 2868 5136 decorata
2915 5083 3101 5137 volare
3132 5093 3188 5136 et
3235 5082 3587 5151 requiescere

2005 5195 2118 5232 non
2147 5187 2350 5248 potest,
2385 5176 2476 5230 ubi
2501 5176 2802 5230 laztantium
2849 5177 3096 5229 omnium
3162 5173 3429 5228 habitatio
3477 5182 3584 5229 est.

2082 5531 2173 5585 55.
2202 5528 2342 5584 Olim
2375 5535 2592 5581 veteres
2621 5524 2689 5578 de
2720 5539 2847 5578 arca
2881 5533 2936 5579 et
2993 5523 3256 5578 torculari
3313 5525 3587 5595 primitias

2005 5623 2058 5676 in
2093 5621 2293 5690 templo
2323 5617 2526 5674 olferre
2561 5616 2898 5686 jubebantur
2933 5617 3014 5670 ’τε
3050 5633 3193 5672 nunc
3221 5633 3320 5672 nos
3363 5619 3584 5672 virtutis

2006 5715 2259 5784 practiczc
2282 5712 2554 5782 primitias
2580 5710 2980 5765 continentiam
3004 5719 3058 5766 et
3087 5713 3376 5765 veritatem
3403 5727 3417 5763 :
3452 5725 3588 5763 con-
