3958 6204
473 325 610 388 1155

1854 321 2050 374 ιςιιιος
2087 320 2339 376 Ευυιοι

3600 321 3752 380 ιιδε

469 435 802 506 templatim
833 442 1015 487 autem
1077 429 1406 484 charitatem
1463 439 1519 486 ct
1576 431 1883 486 orationem
1937 433 2028 486 Det

2165 437 2274 505 Βεῷ
2307 435 2656 506 προσφέρειν,
2691 433 2783 488 καὶ
2829 434 2924 505 τὴν
2953 433 3233 504 ἀλήθειαν,
3291 435 3646 506 Θεωρητικῆς
3693 441 3757 493 δὲ

466 530 670 585 offerre
691 535 910 598 oportet
936 543 952 579 :
982 535 1040 580 et
1062 541 1161 597 per
1185 527 1307 581 illas
1328 523 1732 580 irrationabilis
1764 525 2046 594 cupidita-

467 623 537 676 tis
562 631 726 690 atque
757 620 850 672 irae
882 618 1123 686 impetus
1175 615 1472 671 retundere
1496 657 1511 682 ,
1543 631 1644 686 per
1699 616 1800 670 has
1862 625 2046 671 autem

464 714 832 787 cogitationes
869 711 1062 766 inanes
1090 710 1582 781 proximorumque
1619 708 1869 764 insidias.

535 901 626 956 54.
665 897 943 954 Practices
971 895 1192 950 initium
1216 906 1300 950 est
1327 893 1687 964 temperantia
1711 904 1770 948 et
1791 893 1998 947 veritas
2025 909 2040 955 ;

461 993 728 1054 medium,
760 991 1052 1057 prudentia
1087 998 1141 1044 et
1180 989 1497 1054 humilitas;
1548 987 1693 1053 linis,
1747 985 2039 1058 cogitatio—

461 1101 595 1140 num
624 1101 728 1155 pax
751 1094 805 1139 et
835 1083 1179 1138 consecratio
1209 1085 1477 1152 corporis.

531 1269 620 1324 55.
654 1268 844 1324 Praxis
873 1277 977 1332 est,
1012 1282 1121 1322 non
1172 1274 1382 1321 tantum
1408 1266 1552 1321 bona
1576 1280 1738 1336 posse
1765 1265 1904 1321 bene
1961 1262 2044 1320 fa-

460 1377 607 1425 cere,
641 1361 735 1415 sed
785 1361 950 1414 etiam
978 1376 1039 1413 ea
1076 1366 1136 1413 ut
1174 1368 1391 1429 oportet
1432 1358 1612 1413 facere
1662 1376 1676 1413 :
1714 1373 1837 1412 cum
1879 1357 2043 1411 nimi-

464 1467 586 1505 rum
651 1451 697 1504 is
757 1450 851 1520 qui
927 1449 1077 1514 facit,
1135 1449 1604 1518 opportunitatem
1651 1446 1935 1517 temporis,
1985 1455 2041 1501 et

462 1545 708 1606 modum,
741 1542 855 1596 sive
886 1556 1199 1595 mensuram
1234 1540 1460 1610 agendis
1509 1539 1756 1594 adhibet.

535 1634 622 1687 56.
647 1633 882 1687 'l‘beoria
912 1647 1020 1686 non
1047 1633 1300 1688 consistit
1324 1641 1532 1686 tantum
1562 1632 1616 1685 in
1639 1630 2040 1687 considerando

459 1724 644 1794 qualia
663 1725 774 1780 sint
829 1740 1082 1794 corpora,
1114 1723 1210 1779 sed
1236 1725 1401 1779 etiam
1431 1740 1626 1780 eorum
1686 1725 1930 1780 rationes
1969 1724 2036 1778 ad

461 1818 592 1886 quid
628 1818 874 1871 tendant.

531 1909 620 1962 57.
637 1908 755 1961 Non
779 1916 863 1962 est
883 1915 996 1961 tuta
1012 1907 1195 1977 praxis
1212 1909 1420 1979 absque
1444 1909 1676 1974 theoria,
1691 1925 1868 1978 neque
1887 1909 2034 1963 theo‘

462 2000 539 2054 ria
555 2015 681 2054 vera
701 2000 821 2054 sine
838 2001 1011 2069 praxi.
1030 1999 1258 2070 Oportet
1277 2003 1492 2057 enimet
1515 2001 1724 2071 praxim
1748 2001 2037 2055 rationabi-

458 2091 564 2146 lem
583 2107 724 2156 esse,
739 2102 792 2146 et
817 2093 1081 2147 theoriam
1101 2091 1397 2155 eiﬁcacem.
1414 2093 1803 2148 utdebilitetur
1817 2093 2032 2158 vitium,

456 2183 626 2240 altera
662 2201 795 2240 vero
827 2185 1191 2241 conﬁrmetur
1219 2186 1399 2241 virtus
1437 2185 1492 2240 in
1526 2186 1687 2240 bonis
1716 2183 2031 2240 desideriis.

525 2371 614 2426 58.
660 2372 954 2428 Terminus
989 2374 1380 2444 practicorum,
1421 2375 1770 2430 mortiﬁcatio
1814 2371 2031 2444 cupidi-

457 2471 662 2531 tatum;
693 2464 817 2520 [inis
848 2466 1244 2537 gnosticorum,
1283 2467 1492 2522 theoria
1522 2467 1812 2522 virtutum.

524 2647 614 2702 59.
639 2647 794 2714 Quod
819 2647 1048 2702 materia
1069 2656 1153 2703 est
1177 2647 1384 2714 formae,
1416 2648 1522 2702 hoc
1550 2648 1733 2718 praxis
1767 2647 2026 2712 theorim;

454 2751 510 2794 ct
538 2742 684 2810 quod
715 2741 911 2796 oculus
939 2741 1142 2807 vultui,
1171 2742 1277 2796 hoc
1311 2741 1522 2796 theoria
1552 2741 1729 2811 praxi.

525 2923 612 2978 1.0.
646 2923 703 2977 In
747 2923 927 2978 stadio
971 2923 1191 2978 virtutis
1237 2923 1377 2978 duce
1419 2925 1660 2994 practica
1705 2925 1864 2980 multi
1903 2941 2030 2981 cur-

455 3023 626 3077 runt,
686 3029 829 3068 unus
887 3023 1068 3067 autem
1123 3013 1374 3068 bravium
1435 3015 1678 3084 accipit,
1729 3015 1776 3071 is
1830 3032 2029 3087 nempe

453 3108 548 3176 qui
595 3107 662 3161 ad
715 3105 867 3162 illius
920 3107 1213 3161 terminum
1268 3106 1409 3162 duce
1469 3107 1680 3162 theoria
1742 3111 2029 3179 pervenire
2058 3144 2101 3205 ρ

450 3200 623 3269 cupit.

522 3291 612 3344 41.
647 3288 1099 3360 Compunctionis
1120 3291 1342 3360 quidem
1377 3292 1633 3362 poculum
1666 3291 1803 3347 bibit
1831 3292 2032 3362 practi-

451 3398 549 3438 cus
580 3384 634 3437 in
662 3385 933 3450 oratione,
966 3385 1135 3440 calice
1163 3395 1347 3441 autem
1375 3387 1695 3441 dulcissimo
1724 3387 2032 3442 inebriatur

451 3478 830 3545 theoreticus;
889 3479 981 3533 hic
1033 3479 1100 3534 de
1155 3480 1321 3535 rebus
1360 3480 1708 3536 naturalibus
1751 3482 2030 3551 sapienter

450 3572 697 3635 disserit,
733 3572 823 3626 ille
859 3573 1214 3641 semetipsum
1253 3573 1468 3642 ignorat
1499 3573 1553 3627 in
1587 3575 1817 3628 orando.

524 3663 618 3716 49..
667 3663 787 3716 Non
823 3671 1004 3731 potest
1043 3664 1320 3732 practicus
1370 3664 1425 3717 in
1488 3664 1762 3733 spirituali
1816 3665 2030 3720 theoria

450 3754 544 3807 diu
577 3770 938 3823 permanere;
971 3757 1169 3808 similis
1199 3763 1284 3808 est
1309 3755 1689 3809 enimhomini
1722 3757 2027 3825 hOSpitanti

451 3847 595 3916 apud
624 3846 884 3916 aliquem,
913 3855 968 3900 et
997 3861 1065 3902 ex
1094 3847 1260 3916 hujus
1286 3847 1450 3900 domo
1491 3846 1645 3902 brevi
1677 3849 1920 3904 exeunti.

520 4017 610 4071 45.
646 4013 811 4081 Quasi
849 4011 1048 4084 januas
1083 4010 1466 4066 mandatorum
1502 4013 1596 4067 Dei
1645 4013 2028 4084 ingrediuntur

449 4108 677 4180 practici
730 4109 784 4162 in
831 4108 1104 4171 oratione,
1145 4105 1624 4162 theoretici-vero
1678 4108 1834 4176 quasi
1884 4109 2025 4162 atria

446 4204 669 4256 virtutis
722 4202 779 4256 in
827 4201 1044 4272 hymnis
1083 4207 1140 4255 et
1189 4199 1489 4268 gratiarum
1545 4201 1892 4267 actionibus;
1948 4203 2026 4256 illi

445 4291 691 4360 quidem,
723 4291 852 4361 quia
881 4291 1118 4345 vinculis
1150 4290 1312 4344 soluti
1361 4299 1529 4354 sunt;
1563 4289 1620 4344 bi
1655 4301 1862 4358 autem,
1898 4293 2025 4362 quia

446 4384 694 4454 captivos
726 4383 1077 4437 abduxerunt
1114 4383 1265 4451 ipsos
1295 4381 1502 4437 hostes.

514 4551 603 4606 44.
634 4549 864 4620 Oportet
901 4547 1115 4602 viribus
1144 4547 1403 4616 practicze
1435 4550 1768 4618 respondere
1797 4552 2023 4609 theoriw

444 4644 611 4708 vires,
637 4657 726 4705 ne,
762 4640 920 4696 navis
953 4640 1128 4693 instar
1159 4657 1270 4695 non
1306 4641 1586 4709 parallelis
1616 4645 2022 4700 circuincinctae

443 4737 602 4801 velis,
638 4736 724 4791 vel
754 4734 1100 4805 periclitetur
1135 4735 1307 4790 nimio
1346 4745 1638 4791 ventorum
1675 4737 1904 4806 impetui
1949 4737 2021 4792 ob

445 4830 666 4885 illorum
712 4828 1062 4883 immodicam
1115 4831 1559 4899 amplitudinem,
1603 4832 1689 4887 vel
1730 4832 2018 4902 penuriam

443 4931 730 4976 ventorum
767 4921 1029 4990 patiatur,
1065 4920 1192 4990 quia
1241 4923 1432 4977 eadem
1480 4935 1608 4978 sunt
1654 4940 1752 4995 pro
1800 4926 2020 4996 navigio

442 5015 780 5084 angustiora.

512 5107 601 5164 45.
631 5107 698 5163 Ut
724 5108 958 5177 remiges
991 5107 1291 5177 Spiritualis
1322 5108 1523 5179 navigii
1552 5109 1692 5164 habe
1723 5110 1841 5180 pias
1872 5112 2022 5182 cogi-

445 5201 707 5265 tationes;
743 5210 801 5255 ut
841 5217 1023 5256 remos
1069 5217 1221 5264 vero,
1255 5201 1448 5256 vitales
1489 5202 1684 5256 anima:
1722 5203 2016 5272 p0tentias,

444 5294 774 5349 irascibilem
805 5303 862 5348 et
893 5293 1405 5362 concupiscibilem,
1439 5293 1776 5348 voluntatem
1808 5303 1864 5349 et
1902 5295 2016 5348 ele-

442 5388 704 5442 ctionem.
735 5387 829 5440 His
851 5387 1128 5456 practicus
1151 5403 1368 5458 semper
1398 5387 1627 5458 indiget,
1659 5403 1767 5441 non
1800 5402 2018 5457 semper

441 5489 626 5534 autem
674 5481 1036 5536 theoreticus.
1089 5480 1189 5535 Hic
1237 5483 1384 5535 enim
1444 5489 1690 5551 tempore
1747 5481 2017 5535 orationis

441 5574 699 5628 omnibus
733 5574 1064 5637 valediccns,
1096 5584 1150 5628 et
1177 5575 1438 5645 gnosticze
1470 5575 1715 5630 insidens
1739 5574 2015 5645 guberna-

439 5667 588 5731 culo,
618 5684 715 5737 per
743 5675 910 5722 totam
945 5677 1161 5722 noctem
1197 5669 1499 5722 theoricam
1534 5669 1738 5738 vigilat,
1767 5673 2011 5722 omnium

439 5765 630 5825 laudes
655 5763 722 5818 ad
741 5762 1112 5818 continentem
1133 5763 1413 5826 ιιριιριιυιιε
1435 5779 1449 5826 ;
1472 5771 1526 5815 ut
1552 5762 1706 5823 quasi
1740 5765 2008 5818 eroticum

2157 529 2377 598 ἀρετῆς,
2428 529 2665 596 ἀγάπην,
2725 527 2818 580 καὶ
2875 529 3202 596 προσευχήν.
3238 528 3314 580 Δι’
3350 530 3588 582 ἐκείνων
3625 539 3754 596 μὲν,

2155 619 2450 690 ἐπιθυμίας
2488 619 2683 686 ἀλόγου
2718 620 2810 671 καὶ
2839 617 2932 670 τοῦ
2965 619 3138 688 θυμοῦ
3173 619 3272 680 τὰς
3321 619 3504 690 ὁρμὰς
3540 623 3758 673 ἀνακόο

2155 728 2355 764 πτοντα
2389 727 2402 740 '
2434 710 2520 763 διὰ
2550 709 2756 762 τούτων
2791 709 2874 774 δὲ,
2905 709 3116 771 ἐννοίας
3149 709 3332 772 κενὰς.
3387 711 3483 764 καὶ
3522 713 3637 775 τὰς
3689 714 3759 765 ἐκ

2153 803 2244 857 τοῦ
2279 802 2504 871 πλησίον
2534 801 2846 862 ἐπιϐουλάς.

2221 895 2314 948 λδ’.
2348 893 2666 964 Πρακτικῆς
2704 893 2801 961 μὲν
2829 892 2990 963 ἀρχὴ,
3025 893 3322 960 ἐγκράτεια
3342 895 3433 946 καὶ
3458 895 3709 966 difﬂata.
3735 917 3755 928 ο

2155 982 2383 1052 μεσότης
2408 981 2485 1046 δὲ,
2523 980 2866 1051 σωφροσύνη,
2900 983 2995 1032 καὶ
3019 983 3496 1054 ταπεινοφροσύνη
3531 1003 3548 1017 ο
3589 987 3757 1050 τέλος

2149 1075 2206 1127 δὲ
2271 1072 2481 1142 αὐτῆς,
2539 1071 2816 1141 λογισμῶν
2882 1074 3096 1142 εἰρήνη,
3156 1075 3249 1126 καὶ
3289 1074 3569 1144 ἁγιασμὸς
3638 1082 3756 1131 σὼ-

2151 1183 2337 1235 ματος.

2219 1277 2313 1325 λε’.
2337 1269 2541 1342 Πρᾶξις
2575 1269 2742 1330 ἐστιν,
2769 1267 2829 1319 οὐ
2859 1267 2919 1320 τδ
2949 1266 3210 1337 πράττειν
3242 1266 3428 1328 ἁπλῶς
3459 1266 3756 1321 δύνασθαι

2150 1368 2214 1419 τὰ
2239 1363 2397 1429 κα-λὰ,
2433 1360 2568 1415 ἀλλὰ
2610 1360 2703 1411 καὶ
2734 1357 2794 1410 τὸ
2840 1357 2915 1420 ὡς
2948 1357 3030 1409 δεῖ
3080 1356 3343 1426 πράττειν
3404 1358 3550 1410 αὐτὰ
3581 1399 3601 1423 ,
3660 1360 3762 1411 τὸν

2147 1455 2359 1525 καιρὸν,
2395 1451 2569 1506 καὶτὸ
2597 1449 2793 1519 μέτρον
2824 1447 2960 1516 πρὸς
2992 1447 3058 1502 τὰ
3099 1449 3318 1516 πρακτὰ
3357 1464 3751 1520 συνεπιφερς-

2151 1550 2309 1620 μένου
2346 1545 2437 1598 τοῦ
2473 1543 2826 1614 πράττοντος.

2217 1637 2325 1701 λς’.
2355 1634 2568 1705 Θεωρία
2594 1633 2762 1699 ἐστὶν,
2811 1632 2870 1684 οὑ
2910 1630 2968 1682 τὸ
2999 1631 3224 1698 θεωρεῖν
3253 1629 3412 1700 μόνον
3439 1633 3524 1695 ὡς
3553 1631 3759 1701 ἔχουσι

2147 1732 2213 1784 τὰ
2245 1730 2493 1798 σώματα,
2519 1725 2654 1780 ἀλλὰ
2683 1723 2778 1778 καὶ
2803 1723 2862 1777 τὸ
2893 1724 3019 1786 τοὺς
3042 1722 3233 1791 λόγους
3270 1723 3470 1786 αὐτῶν,
3509 1725 3661 1794 πρὸς
3703 1724 3762 1776 τί

2150 1823 2462 1892 βλέπουσιν.

2218 1909 2314 1975 λζ’.
2341 1909 2454 1963 Οὐκ
2473 1906 2620 1960 ἐστιν
2647 1904 2770 1959 οὕτε
2795 1903 2991 1974 πρᾶξις
3009 1902 3277 1974 ἀσφαλὴς,
3298 1903 3531 1973 θεωρίας
3554 1907 3684 1957 gn.
3702 1930 3756 1966 ς’

2149 2001 2268 2056 οὔτε
2303 2001 2507 2069 Θεωρία
2546 1996 2774 2067 ἀληθὴς,
2811 1995 2940 2050 ἄνευ
2994 1994 3269 2064 πράξεως.
3307 1995 3425 2064 Χρὴ
3477 1995 3592 2064 γὰρ
3653 2005 3758 2048 aut

2151 2092 2350 2163 πρᾶξν
2377 2089 2661 2158 ἐλλόγιμον
2684 2083 2849 2148 εἶναι,
2876 2086 2970 2138 καὶ
3002 2084 3236 2154 Θεωρίαν
3261 2085 3607 2155 ἔμπρακτον,
3662 2087 3760 2138 ἵνα

2151 2187 2214 2254 τῇ
2243 2183 2363 2251 μὲν,
2396 2180 2685 2249 ἀνίσχυρος
2707 2177 3030 2248 εὑρίσκηται
3055 2177 3086 2246 ἠ
3120 2176 3312 2242 κακία,
3338 2179 3405 2245 τῇ
3424 2177 3505 2240 δὲ,
3533 2176 3758 2244 δυνατὴ

2151 2277 2183 2345 ὴ
2216 2275 2383 2345 ἀρετὴ
2425 2275 2480 2324 ἐν
2512 2270 2782 2330 εὐδοκίαις
2813 2268 3180 2339 χρηστότητος

2217 2383 2320 2446 λη’.
2387 2379 2567 2446 Πέρας
2621 2379 2720 2447 μὲν
2780 2377 3135 2448 πρακτικῶν,
3190 2395 3222 2448 η
3287 2379 3560 2448 νέκρωσις
3627 2381 3752 2432 τῶν

2152 2469 2334 2522 παθῶν
2367 2489 2379 2500 ·
2417 2467 2568 2530 τέλος
2612 2467 2668 2519 δὲ
2725 2466 3039 2534 γνωστικῶν
3069 2508 3083 2531 ,
3137 2470 3169 2538 ἡ
3227 2468 3426 2538 Θεωρία
3456 2468 3571 2522 τῶν
3603 2470 3752 2540 ἀρε-

2151 2560 2276 2614 τῶν.

2217 2651 2316 2707 λΘ’.
2355 2653 2444 2714 Ὠς
2467 2651 2568 2721 ὕλη
2597 2649 2674 2720 τῷ
2703 2648 3015 2714 εἰδει,οὖτω
3046 2650 3243 2721 πρᾶξις
3268 2654 3332 2722 τῇ
3361 2651 3593 2723 Θεωρία,
3640 2654 3750 2706 καὶ

2145 2744 2217 2806 ὡς
2270 2742 2551 2812 ὀφθαλμὸς
2605 2740 2906 2811 προσώπῳ,
2944 2739 3086 2794 οὓτω
3133 2741 3337 2812 Θεωρία
3393 2745 3460 2812 τῇ
3524 2743 3744 2811 πράξει

2148 2835 2468 2903 ὀφθήσεται.

2218 2923 2290 2991 μ’.
2337 2924 2424 2976 Ἐν
2459 2921 2537 2992 τῷ
2565 2923 2664 2992 τῆς
2693 2922 2834 2975 κατὰ
2861 2921 2958 2991 τὴν
2989 2922 3299 2992 πρακτικὴν
3351 2920 3555 2991 ἀρετῆς
3593 2938 3747 2974 στα-

2145 3016 2261 3086 δίῳ,
2296 3015 2483 3067 πολλοὶ
2513 3013 2612 3083 μὲν
2637 3016 2941 3083 τρέχουσιν,
2983 3007 3060 3075 εἷς
3091 3011 3147 3064 δὲ
3188 3011 3455 3080 λαμϐάνει
3499 3011 3563 3064 τὸ
3596 3011 3746 3081 βρα-

2147 3108 2311 3168 ϐεῖον,
2337 3107 2365 3159 6
2393 3105 2529 3177 πρὸς
2561 3104 2622 3158 τὸ
2650 3106 2825 3176 πέρας
2847 3104 3014 3174 αὐτῆς
3045 3103 3219 3156 ἐλθεῖν
3247 3105 3312 3172 τῇ
3357 3103 3562 3174 Θεωρία
3594 3106 3737 3158 επι-

2147 3199 2353 3270 θυμῶν.

2218 3297 2327 3360 μα’.
2364 3288 2722 3357 Κατανύξεως
2756 3289 2854 3357 μὲν
2891 3288 3040 3357 πόμα
3094 3286 3239 3340 πίνει
3271 3288 3299 3339 6
3328 3287 3632 3356 πρακτικὸς
3667 3291 3738 3341 ἐν

2146 3384 2277 3454 εὐχῇ
2311 3400 2323 3412 ·
2357 3382 2600 3452 ποτηρίῳ
2643 3381 2698 3432 δὲ
2727 3380 3002 3452 κρατίστῳ
3033 3378 3367 3449 μεθύσκεται
3399 3381 3427 3433 6
3453 3378 3739 3450 θεωρητι-

2145 3475 2236 3536 κός
2277 3490 2288 3503 ·
2323 3477 2350 3528 6
2379 3473 2476 3544 μὲν
2507 3475 2564 3526 ἐν
2603 3473 2714 3532 τοῖς
2750 3473 2894 3524 κατὰ
2919 3471 3082 3539 φύσιν
3113 3470 3443 3538 φιλοσοφῶν,
3476 3473 3503 3523 6
3533 3471 3590 3522 δὲ
3625 3472 3734 3524 καὶ

2145 3565 2334 3616 ἑαυτὸν
2363 3563 2571 3630 ἀγνοῶν
2593 3564 2650 3614 ἐν
2673 3562 2749 3631 τῷ
2779 3560 3052 3630 εὔχεσθαι.

2219 3656 2324 3724 μιβῆ
2359 3657 2433 3708 Οὐ
2459 3656 2822 3724 συγχωρείται
2849 3655 2877 3706 6
2909 3653 3213 3722 πρακτικὸς
3236 3652 3313 3711 εἰς
3340 3650 3733 3718 πνευματικὴν

2147 3746 2381 3814 Θεωρίαν
2425 3746 2515 3797 ἐπὶ
2548 3744 2684 3798 πολὺ
2722 3746 3075 3813 ἐγκαρτερεῖν
3104 3761 3118 3774 δ
3151 3742 3467 3810 εὑρίσκεται
3495 3740 3604 3810 γὰρ
3648 3739 3735 3804 ὡς

2147 3837 2495 3901 ἐπιξενωθείς
2525 3854 2651 3900 τινι,
2689 3837 2782 3889 καὶ
2815 3838 2878 3890 ἐκ
2906 3837 3004 3906 τῆς
3035 3835 3244 3887 ἐκείνου
3286 3833 3464 3896 οἰκίας
3512 3833 3733 3902 ταχέως

2146 3929 2595 4000 ύπεξερχόμενος.

2219 4028 2328 4093 μγ’.
2372 4022 2460 4083 Ὠς
2487 4022 2544 4074 ἐν
2573 4021 2771 4082 πύλαις
2801 4021 2898 4090 μὲν
2943 4020 3284 4088 εἰσέρχονται
3335 4020 3386 4071 οἰ
3419 4020 3724 4088 πρακτικοὶ

2144 4113 2252 4165 τῶν
2281 4111 2506 4165 ἐντολῶν
2531 4112 2626 4165 τοῦ
2660 4112 2816 4171 Θεοῦ,
2855 4113 2912 4164 ἐν
2961 4111 3038 4180 τῷ
3069 4109 3326 4180 εὔχεσθαι
3355 4127 3368 4140 ·
3401 4111 3476 4173 ὡς
3527 4111 3586 4162 ἐν
3625 4111 3730 4164 a6-

2145 4204 2262 4266 λαῖς
2293 4203 2350 4256 δὲ
2379 4204 2590 4272 ἀρετῶν
2621 4205 2678 4255 ἐν
2713 4202 2923 4268 ὕμνοις,
2961 4203 3010 4254 οἰ
3074 4201 3398 4270 Θεωρητικοί
3423 4241 3438 4264 ,
3501 4202 3728 4270 εὐχαρι-

2147 4293 2396 4356 στοῦντες
2429 4308 2444 4323 ·
2480 4294 2527 4344 oi
2563 4293 2680 4362 μὲν,
2721 4293 2802 4345 ὅτι
2830 4291 3098 4360 ἐλύθησαν
3129 4292 3238 4345 τῶν
3269 4290 3508 4361 δεσμῶν,
3556 4294 3606 4343 οἰ
3643 4293 3723 4348 δὲ.

2143 4385 2226 4437 ὅτι
2261 4387 2356 4436 κα)⁸
2382 4383 2759 4453 αἰχμαλώτους
2791 4385 3046 4455 εἰλήφασι
3074 4385 3200 4447 τοὺς
3222 4383 3590 4454 πολεμοῦντας
3622 4386 3725 4436 αὑ·-

2143 4473 2285 4537 τούς.

2218 4566 2324 4637 μδ’.
2362 4569 2483 4638 Χρὴ
2513 4568 2656 4621 κατὰ
2688 4568 2746 4620 τὸ
2784 4567 2880 4637 τῆς
2911 4567 3221 4636 πρακτικῆς
3263 4566 3481 4636 κράτος,
3516 4582 3610 4618 και
3664 4566 3722 4618 τὸ

2142 4660 2242 4727 τῆς
2268 4660 2499 4730 θεωρίας
2536 4658 2914 4729 εὑρίσκεσθαι,
2969 4659 3056 4711 ἵνα
3108 4657 3184 4728 μὴ
3250 4657 3373 4711 καθ’
3426 4657 3722 4726 ὁμοιότητα

2143 4750 2328 4803 πλοίου
2358 4750 2450 4802 τοῦ
2493 4751 2567 4820 μὴ
2599 4749 2908 4818 κατάλληλα
2961 4750 3028 4802 τὰ
3066 4749 3213 4802 ίστία
3265 4748 3722 4820 περιφερομένου,

2143 4840 2175 4911 ἢ
2205 4840 2446 4893 κίνδυνον
2472 4840 2740 4910 ὑπομείνῃ
2763 4842 2980 4909 ἀνέμων
3003 4840 3323 4908 σφοδρότητι
3346 4839 3434 4892 διὰ
3460 4838 3559 4907 τὴν
3579 4839 3720 4908 ἁμε-

2148 4932 2305 5002 τρίαν
2331 4931 2532 4996 αὐτῶν,
2566 4933 2598 5002 ἢ
2637 4931 2839 5001 ζημίαν
2869 4932 3194 5002 πνευμάτων
3223 4930 3312 4983 διὰ
3359 4930 3458 5000 τὴν
3501 4929 3638 5000 πρὸς
3664 4931 3721 4982 τδ

2141 5024 2344 5090 σκάφος
2367 5024 2723 5093 σμικρότητα.

2210 5119 2311 5182 με’.
2357 5113 2578 5184 Ἐρέτας
2615 5113 2711 5182 μὲν
2744 5112 2836 5165 τοῦ
2866 5113 3056 5182 νοητοῦ
3083 5112 3266 5165 πλοίου
3297 5112 3428 5176 νόει,
3459 5113 3585 5172 τοὺς
3619 5111 3715 5161 εὐ-

2141 5204 2321 5266 σεϐεῖς
2345 5203 2641 5272 λογισμούς
2671 5219 2684 5232 ·
2717 5204 2907 5266 κώπας
2945 5204 3022 5266 δέ,
3055 5205 3154 5266 τὰς
3182 5204 3418 5267 ζωτικάς
3455 5203 3721 5272 δυνάμεις

2139 5295 2235 5363 τῆς
2261 5295 2461 5364 ψυχῆς,
2481 5294 2652 5363 θυμὸν
2686 5295 2780 5353 καὶ
2810 5294 3128 5363 ἐπιθυμίαν,
3179 5295 3434 5363 βούλησιν
3464 5295 3559 5347 καὶ
3591 5309 3721 5362 προσ

2145 5383 2373 5451 αἰρεσιν.
2430 5383 2668 5449 Τούτων,
2726 5385 2754 5437 6
2799 5384 2899 5451 μὲν
2948 5385 3249 5452 πρακτικὸς
3308 5388 3367 5437 ἐν
3395 5387 3554 5456 χρείᾳ
3603 5386 3721 5437 ἐστὶ

2148 5479 2373 5531 πάντοτε
2410 5494 2423 5505 ·
2455 5479 2513 5530 οὐ
2553 5479 2781 5532 πάντοτε
2811 5477 2868 5533 δέ
2900 5479 2993 5532 καὶ
3030 5478 3441 5550 ό⁴θεωρητικός.
3484 5480 3573 5530 ‘Ev
3609 5479 3720 5546 γὰρ

2141 5566 2220 5636 τῷ
2272 5566 2448 5636 καιρῷ
2495 5567 2596 5635 τῆς
2645 5567 2810 5635 εὐχῆς
2839 5567 3051 5636 χαίρειν
3110 5562 3266 5629 οὗτος
3308 5570 3476 5620 πᾶσιν
3525 5564 3716 5624 εἰπὼν,

2141 5657 2303 5722 αὐτὸς
2335 5658 2526 5710 ἑαυτὸν
2557 5659 2651 5709 ἐπὶ
2689 5659 2797 5709 τῶν
2821 5659 2917 5727 τῆς
2959 5658 3306 5724 διαγνώσεως
3337 5660 3537 5712 οἰάκων
3579 5655 3713 5709 καθ-

2144 5746 2290 5815 ίζων,
2341 5746 2426 5800 διὰ
2476 5747 2653 5818 πάσης
2705 5748 2974 5818 ἐγρήγορε
3014 5743 3111 5815 τῆς
3163 5748 3304 5800 κχτὰ
3360 5748 3593 5814 Θεωρίαν
3623 5763 3705 5798 νυ-
