4032 6198
339 291 473 354 i157

1494 310 1894 378 GNOSTIC/E
1936 322 2408 393 SENTENTL/E.

3411 350 3581 415 .1158

350 424 497 477 κτος,
525 416 761 481 αὶνὲσεις
793 422 1085 490 προτάγων
1138 426 1215 497 τῷ
1258 435 1472 502 συνοχεί
1528 438 1621 489 τοῦ
1674 447 1871 506 παντός

1987 481 1990 489 ,
2024 436 2198 488 melos
2244 435 2531 500 inclinans.
2562 455 2674 498 sua:
2721 443 2896 515 ipsius
2939 448 3183 506 concinit
3212 445 3441 518 anima};
3465 460 3598 516 salsi

349 503 442 554 καί
471 519 571 555 που
614 506 667 557 τί
697 507 793 560 καὶ
847 510 1008 576 μέλος
1043 514 1311 585 ἐρωτικὸν
1370 522 1795 594 ἀναλαϐόμενος,
1849 503 1913 601 τῇ

343 596 537 648 ἑαυτοῦ
580 601 913 671 προσεπᾴδει
966 606 1135 678 ψυχῇ,
1163 612 1291 675 τοὺς
1317 613 1414 682 τῆς
1461 615 1596 686 ἄλης
1640 596 1915 693 θαλάσσης

338 688 668 741 ἀποσκοπῶν
719 699 1150 766 μετεωρισμούς,
1226 706 1322 755 καὶ
1376 705 1596 774 ροθέους
1646 688 1908 782 κινήσεις,

340 777 404 829 τὰ
435 776 556 831 θεῖα
605 782 1120 855 καταπληττόμενος
1167 790 1410 859 κρίματα
1448 814 1505 849 τε
1539 801 1633 852 καὶ
1685 799 1908 856 δικαιώ-

335 885 503 937 ματα.

405 958 524 1029 μς’.
574 961 633 1014 ὐ
669 962 851 1032 μέσως
901 966 1039 1037 ἔχων
1092 972 1221 1041 περὶ
1250 974 1444 1042 πρᾶξιν
1497 980 1591 1032 καὶ
1646 980 1897 1054 θεωρίαν,

331 1047 450 1102 οὔτε
477 1052 656 1125 πάντῃ
674 1057 794 1117 ταῖς
812 1057 1025 1121 κώπαις
1051 1064 1191 1115 κατὰ
1210 1065 1334 1134 τοὺς
1357 1072 1638 1134 ναυτικοὺς
1667 1076 1897 1128 ποιεῖται

265 1180 268 1184 .
327 1142 417 1192 τὸν
447 1143 639 1207 πλοῦν,
670 1145 785 1199 οὐθ’
808 1150 945 1214 ὅλως
972 1156 1086 1217 τοῖς
1127 1133 1336 1223 νοητοῆ
1370 1159 1581 1226 ἱστίοις,
1624 1133 1777 1218 αλλὰ
1825 1166 1894 1220 δι’

337 1236 664 1307 ἀμφοτέρων
709 1237 813 1308 τὴν
862 1240 1052 1311 χρείαν
1103 1245 1204 1314 τῆς
1252 1246 1504 1313 εὐπλοῖας
1584 1255 1893 1323 ἐργάζεται,

339 1326 506 1395 ἡδέως
536 1327 717 1396 φέρων
770 1329 865 1381 καὶ
912 1332 1037 1394 τοὺς
1066 1332 1259 1396 πόνους
1290 1339 1387 1402 τῆς
1412 1340 1685 1408 πράξεως,
1720 1345 1810 1399 διὰ
1833 1349 1894 1402 τδ

336 1417 534 1486 μέτρον
568 1419 663 1487 τῆς
685 1420 938 1488 θεωρίας,
982 1425 1077 1476 καὶ
1127 1426 1251 1489 τοὺς
1295 1428 1484 1497 λόγους
1518 1433 1615 1503 τῆς
1669 1437 1893 1504 ἀτελοῦς

334 1506 586 1576 θεωρίας,
610 1509 695 1562 διὰ
718 1509 779 1563 τὸ
807 1510 1114 1581 βοηθεῖσθαι
1154 1517 1258 1570 ὑπὸ
1279 1520 1376 1588 τῆς
1407 1525 1676 1590 πράξεως.

403 1595 513 1665 μζ.
553 1597 613 1651 Ὀ
640 1600 739 1669 μὲν
763 1601 1089 1692 θεωρητικὸς
1120 1610 1186 1678 τῇ
1220 1609 1413 1683 γνώμῃ
1438 1613 1535 1683 τὴν
1570 1619 1730 1686 φύσιν
1749 1621 1890 1692 ἔχων

327 1690 743 1760 συντρέχουσαν,
773 1694 848 1757 ὡς
877 1689 987 1748 οἷόν
1013 1714 1062 1749 τι
1103 1698 1279 1768 ῥεῦμα
1327 1702 1541 1768 ἀπόνως
1572 1689 1888 1767 ποιεῖταιντδ

326 1776 587 1848 πλώϊμον,
616 1781 644 1833 ὁ
684 1781 740 1834 δὲ
770 1786 1069 1853 πρακτικὸς
1090 1789 1505 1861 ἐναντιουμένην
1527 1798 1794 1867 εὑρίσκων
1818 1806 1882 1874 τῦ
1940 1774 1978 1828 Β

324 1870 639 1939 προαιρέσει
667 1871 766 1941 τὴν
802 1873 1007 1942 σχίσιν,
1044 1877 1211 1930 πολὺν
1262 1879 1537 1952 λογισμῶν
1591 1870 1883 1954 ὑφίσταται

322 1958 589 2019 κλύδωνα.
644 1962 740 2014 καὶ
770 1965 850 2027 είς
885 1966 1233 2035 ἁπευδοκίαν,
1271 1973 1473 2043 μικροῦ
1520 1976 1654 2040 δεῖν,
1704 1983 1883 2036 κινδυ-

321 2048 465 2103 νεύει
491 2050 577 2104 διὰ
611 2052 671 2105 τὸ
700 2053 865 2123 βάρος
895 2055 1088 2111 ἐλθεῖν.

391 2159 499 2229 μη’.
532 2161 664 2215 οὐτε
716 2166 866 2235 χώρα
900 2167 975 2238 μὴ
1012 2169 1190 2234 καλῶς
1220 2178 1665 2246 κατεργασοεῖσα,
1718 2186 1880 2241 πολύ-

319 2265 446 2319 χουν
473 2254 564 2305 καὶ
594 2254 834 2325 καθαρὸν
865 2259 1248 2331 ἀντιπαρέχειν
1274 2266 1334 2317 τὸ
1368 2268 1587 2339 σπέρμα
1617 2272 1694 2343 τῷ
1725 2278 1875 2329 σπεί-

317 2356 462 2409 ροντι
497 2343 710 2410 εἴωθεν,
739 2343 861 2399 οὔτε
911 2351 940 2400 ὀ
969 2350 1066 2417 τὴν
1099 2356 1407 2426 πρακτικὴν
1460 2365 1875 2435 μετερχόμενοςι

307 2431 360 2484 εί
391 2432 466 2503 μὴ
499 2435 775 2505 ἐπιμελῶς
799 2439 1023 2511 ταύτην,
1066 2445 1159 2497 καὶ
1192 2449 1460 2516 φανητίας
1493 2431 1659 2517 ἄνευ,
1679 2431 1869 2530 μετέρ-

300 2539 484 2591 χεται,
538 2526 630 2579 τὸν
686 2528 745 2595 ἐξ
802 2531 969 2601 εὐχῆς
1022 2533 1215 2604 ὄψεται
1244 2541 1454 2611 καρπὸν
1502 2546 1668 2601 πολύν
1696 2565 1756 2601 τε
1782 2526 1875 2605 καὶ

304 2614 564 2683 καθαρόν.

376 2706 483 2778 μθ¹.
517 2710 595 2779 Τῇ
648 2714 957 2787 πατουμένη
992 2720 1199 2788 συχνῶς
1253 2720 1396 2775 ἔοικε
1449 2727 1540 2796 γῇ,
1589 2727 1793 2784 διάνοια
1838 2736 1892 2801 ἡ·

301 2797 666 2865 ἀδιαλείπτοις
697 2804 858 2873 εὐχῆς
886 2806 1056 2877 ἴχνεσι
1078 2810 1390 2881 τριδομένη.
1442 2816 1654 2890 Ἐκείνη
1677 2838 1736 2875 τε
1765 2797 1873 2894 γὰρ

300 2888 420 2942 λεία
443 2890 617 2954 ἔσται,
650 2895 743 2946 καὶ
774 2896 910 2966 αὕτη
942 2898 1124 2954 εὐθεῖα
1158 2902 1292 2971 πρὸς
1329 2904 1595 2977 ὑποδοχήν
1626 2888 1652 2939 ο.
1689 2888 1869 2986 ἐκείνη

300 2980 401 3050 μὲν
480 2983 657 3037 ποδῶν
713 2989 1042 3058 τρυφερῶν,
1106 2994 1199 3045 καὶ⁵
1260 2994 1397 3065 αὕτη
1459 2999 1639 3069 εὐχῶν
1696 2980 1869 3057 καθα.-ἰ

301 3086 433 3141 ρων.

367 3170 434 3217 ν.
470 3164 596 3220 Ἐπὶ
629 3167 726 3235 μὲν
756 3168 864 3222 τῶν
912 3171 1134 3237 ὲνύ).ων,
1196 3176 1224 3227 ὁ
1276 3174 1402 3239 νοῦς
1442 3180 1703 3249 συνεργὸν
1756 3182 1869 3251 ἔχει

294 3255 389 3307 τὸν
445 3256 723 3327 λογισμὸν,
784 3264 876 3315 ἐπὶ
940 3263 999 3317 δὲ
1054 3266 1162 3318 τῶν
1218 3267 1439 3335 ἀΰλων,
1491 3271 1541 3324 εί
1604 3273 1679 3342 μὴ
1706 3275 1870 3327 αὐ;δν

298 3350 740 3420 παραιτήσεται,
800 3354 877 3418 ὡς
965 3356 1208 3411 σκόλοπα
1274 3358 1386 3425 ἕξει
1475 3362 1566 3415 τὸν
1647 3364 1868 3431 κολαφί-

292 3436 476 3501 ζοντα.

364 3535 465 3585 ναθ.
498 3532 776 3604 Κάλυμμα
813 3536 910 3605 μὲν
939 3536 1049 3607 ἔχει
1086 3539 1115 3591 ό
1139 3539 1439 3608 πρακτικὸς
1470 3541 1563 3594 ἐπὶ
1603 3543 1702 3612 τῆς
1734 3562 1867 3616 καρο

288 3613 408 3680 δίας
440 3619 604 3673 αὐτοῦ
635 3623 695 3674 ἐν
723 3624 881 3694 εὐχῇ,
914 3625 1014 3694 τὴν
1042 3626 1242 3693 γνῶσιν
1270 3627 1378 3681 τῶν
1406 3631 1699 3699 αἰσθητῶν,
1736 3613 1864 3689 ἀνα-

287 3707 628 3780 καλυφθῆναι
664 3712 752 3767 διὰ
784 3715 883 3785 τὴν
912 3717 1101 3785 σχέσιν
1135 3718 1208 3788 μὴ
1258 3719 1578 3791 δυνάμενον,
1616 3726 1783 3794 μόνος.
1806 3728 1861 3780 δὲ

286 3793 317 3847 ὐ
342 3795 672 3870 θεωρητικὸς
687 3802 774 3858 διὰ
799 3805 859 3857 τὸ
885 3805 1131 3876 ἄσχετον,
1170 3793 1675 3888 ἀνακεκαλυμμένῳ
1696 3837 1863 3890 προσ-

287 3886 423 3956 ώπῳ
492 3892 625 3962 όρᾷν
676 3893 786 3947 ἀπὸ
856 3895 1057 3965 μέρους
1116 3897 1343 3954 δύναται
1396 3903 1496 3973 τὴν
1546 3886 1705 3971 δόξαν
1739 3886 1858 3965 -τοῦ

285 3975 441 4032 Θεοῦ.

2026 528 2194 581 maris
2240 534 2622 603 contemplans
2665 537 2937 595 elationes
2982 540 3342 614 fragososque
3386 559 3590 618 motus,

2025 618 2229 690 Deique
2265 632 2495 693 stupens
2514 627 2723 698 judicia
2754 642 2810 687 et
2827 633 3272 704 justiﬁcationes.

2014 1155 2240 1211 omnino
2291 1160 2676 1229 spiritualibus
2734 1170 2927 1234 remis,
2974 1172 3069 1226 sed
3131 1175 3422 1231 amborum
3485 1194 3590 1247 ope

2014 1243 2225 1299 felicem
2258 1251 2472 1320 peragit
2501 1269 2745 1321 cursum,
2773 1258 3017 1328 jucunde
3044 1261 3229 1319 ferens
3266 1275 3323 1320 et
3367 1243 3586 1324 labores

2012 1338 2216 1406 praxis.
2251 1342 2454 1411 quippe
2487 1361 2627 1414 quos
2661 1351 2979 1408 moderatur
3022 1356 3258 1422 theoria,
3286 1369 3343 1414 et
3371 1376 3585 1416 sermo-

2010 1446 2108 1486 nes
2173 1434 2505 1505 imperfectas
2569 1441 2815 1511 tlteorite,
2869 1447 3075 1519 quippe
3133 1467 3296 1521 quam
3361 1456 3585 1527 adjuvat

2010 1539 2219 1592 praxus.

2080 1616 2167 1671 47.
2211 1619 2575 1680 Theoreticus
2602 1629 2867 1686 voluntati
2917 1643 3164 1689 naturam
3208 1636 3419 1692 habens
3444 1653 3583 1694 con-

2007 1719 2349 1779 sentam-am,
2412 1716 2604 1774 ﬂuenti
2674 1725 2850 1779 instar
2906 1727 3025 1782 sine
3084 1728 3278 1784 labore
3340 1732 3584 1802 navigat,

2007 1804 2289 1871 practicus
2344 1818 2531 1864 autem
2590 1814 2906 1883 oppositum
2966 1818 3252 1887 reperiens
3308 1821 3581 1876 voluntati

2005 1895 2277 1965 habitum,
2313 1903 2540 1957 multam
2581 1905 2729 1960 subit
2774 1908 3169 1979 cogitationum
3203 1913 3580 1981 perturbatio-

2002 2000 2153 2051 nem,
2180 2002 2243 2043 ac
2267 2004 2406 2058 pene
2426 1992 2771 2059 periclitatur
2792 2012 2860 2051 ne
2883 1997 2937 2051 in
2962 1999 3403 2068 reprobationcm
3431 2012 3578 2060 tanta

2004 2076 2147 2131 mole
2177 2078 2412 2135 obrutus
2448 2083 2825 2158 demergatur.

2069 2170 2159 2225 48.
2188 2171 2345 2228 Sicut
2383 2192 2513 2246 ager
2547 2179 2686 2234 male
2727 2181 2909 2238 cultus
2948 2184 3307 2256 multiplicem
3345 2204 3575 2259 purum-

2000 2273 2110 2329 que
2164 2261 2401 2320 reddere
2459 2280 2649 2323 semen
2704 2272 2909 2326 serenti
2961 2288 3073 2329 non
3123 2277 3286 2340 solet,
3343 2278 3419 2333 ita
3478 2278 3574 2349 qui

1998 2355 2295 2420 practicam
2329 2360 2625 2427 percurrit,
2662 2361 2767 2416 nisi
2798 2363 3091 2436 diligenter
3119 2383 3242 2423 eam
3275 2379 3331 2425 et
3360 2371 3574 2442 absque

2000 2446 2147 2500 inani
2178 2446 2349 2517 gloria
2383 2463 2657 2523 peragret,
2690 2456 2921 2512 multum
2952 2475 3268 2532 purumque
3304 2480 3414 2520 non
3449 2481 3577 2535 per-

1996 2536 2164 2607 cipiet
2195 2555 2261 2595 ex
2291 2544 2539 2601 oratione
2568 2546 2828 2604 fructum.

2064 2721 2156 2778 49.
2186 2721 2371 2779 Terra:
2400 2726 2720 2797 frequenter
2753 2733 2975 2789 calcatae
3001 2735 3201 2792 similis
3233 2747 3321 2793 est
3349 2740 3572 2797 animus

1993 2815 2273 2872 continuis
2310 2821 2580 2877 orationis
2609 2825 2773 2880 tritus
2799 2827 3068 2898 vestigiis.
3101 2830 3195 2886 Illa
3225 2835 3375 2887 enim
3405 2835 3567 2905 plana

1990 2915 2076 2962 est
2109 2917 2167 2962 et
2193 2909 2284 2965 hic
2310 2919 2516 2978 rectus,
2546 2923 2606 2968 ut
2637 2918 2925 2989 suscipiat,
2956 2920 3046 2975 illa
3079 2922 3250 2991 pedes
3279 2925 3569 2995 delicatos,

1990 2997 2083 3055 hic
2111 3016 2307 3071 preces
2333 3020 2517 3074 puras.

2059 3165 2148 3220 50.
2197 3167 2257 3222 In
2318 3171 2704 3228 materialibus
2756 3176 2946 3242 rebus,
3004 3178 3332 3249 adiutricem
3397 3183 3565 3241 habet

1987 3258 2209 3314 animus
2267 3262 2578 3328 rationem;
2634 3265 2690 3318 in
2742 3266 3199 3325 immaterialibus
3249 3288 3401 3339 vero,
3454 3276 3562 3330 nisi

1985 3364 2105 3405 eam
2137 3362 2439 3418 removeat,
2464 3355 2520 3408 in
2546 3357 2663 3425 ipsa
2685 3371 2908 3412 crucem
2933 3359 3179 3417 inveniet
3199 3370 3255 3417 et
3275 3364 3559 3435 colaphos.

2054 3534 2143 3589 51.
2176 3534 2458 3591 Practicus
2490 3537 2546 3591 in
2590 3537 2849 3609 precibus
2890 3541 3141 3598 velamen
3187 3544 3356 3602 habet
3391 3562 3561 3620 super

1982 3643 2081 3684 cor
2132 3644 2325 3693 suum,
2374 3645 2574 3701 nempe
2629 3631 2881 3688 notitiam
2945 3649 3132 3692 rerum
3177 3639 3558 3706 sensibilium,

1982 3722 2132 3793 quod
2186 3724 2409 3794 quidem
2465 3726 2579 3780 tolli
2632 3741 2697 3781 ac
2747 3729 2980 3785 revelari
3031 3742 3261 3802 propter
3309 3733 3554 3790 habitum

1980 3830 2091 3868 non
2140 3823 2344 3885 potest.
2383 3816 2453 3871 At
2498 3820 2978 3890 contemplativus,
3024 3823 3286 3893 quoniam
3335 3841 3403 3882 eo
3444 3843 3553 3883 non

1981 3914 2225 3972 tenetur,
2260 3908 2357 3963 Dei
2398 3909 2586 3981 glorias
2619 3913 2859 3968 revelata
2890 3913 3029 3970 facie
3060 3925 3274 3985 partem
3312 3917 3553 3988 aliquant

1981 3998 2170 4055 videre
2200 4009 2403 4071 potest.

357 4067 454 4136 νβ’.
497 4070 561 4124 Ἦ
581 4090 718 4140 μετα
743 4082 1119 4147 πνευματικῆς
1141 4082 1372 4155 θεωρίας
1394 4089 1549 4160 εὐχὴ.
1584 4092 1617 4161 ἡ
1648 4093 1719 4162 γῆ
1758 4096 1855 4165 τῆς

2050 4092 2140 4147 52.
2168 4067 2356 4149 Dratio
2389 4110 2515 4150 cum
2558 4096 2831 4165 spirituali
2874 4097 3107 4164 tlteoria,
3139 4110 3225 4154 est
3255 4109 3399 4155 terra
3428 4118 3555 4170 pro-

283 4157 611 4227 ἐπαγγελίας
635 4166 773 4229 ἐστὶ,
806 4169 928 4222 καθ’
950 4171 1016 4241 ἢν
1039 4174 1172 4242 ῥέει,
1222 4178 1299 4242 ὡς
1332 4157 1778 4253 γάλακαὶῇμὲλι,
1812 4157 1853 4256 ’ὴ

283 4248 488 4314 γνῶσις
510 4254 618 4306 τῶν
649 4259 776 4323 περὶ
806 4264 1082 4329 προνοίας,
1111 4267 1201 4318 καὶ
1226 4270 1457 4338 κρίσεως
1483 4248 1656 4342 λόγων
1694 4248 1849 4332 Θεοῦ.

296 4339 364 4393 Ἠ
396 4340 452 4393 δὲ
484 4344 620 4413 μετά
653 4364 797 4412 τινος
836 4354 1092 4424 φυσικῆς,
1145 4357 1172 4427 ἡ
1204 4360 1494 4429 Αἴγυπτος,
1547 4339 1606 4417 εν
1742 4367 1852 4420 τῶν

1976 4183 2279 4248 missionis,
2342 4185 2397 4238 in
2451 4201 2557 4254 qua
2600 4185 2745 4250 ﬂuit,
2800 4186 2876 4241 uti
2924 4187 3011 4241 lac
3062 4196 3119 4243 et
3152 4189 3280 4253 mel,
3322 4193 3552 4246 scientia

1975 4288 2293 4329 sermonum
2337 4273 2407 4328 de
2458 4273 2801 4343 providentia
2847 4284 2905 4330 et
2941 4276 3154 4347 judicio
3199 4279 3318 4335 Dei.
3360 4281 3553 4336 Oratio

1975 4382 2100 4420 cum
2131 4366 2311 4437 aliqua
2341 4365 2585 4438 physica,
2623 4378 2711 4423 est
2736 4367 3023 4440 Egyptus,
3071 4373 3165 4428 ubi
3212 4378 3549 4432 crassiorum

281 4435 607 4503 παχυτέρων
631 4440 936 4511 ἐπιθυμιῶν
960 4448 1145 4519 μνήμη
1195 4454 1310 4514 τοῖς
1354 4435 1852 4528 εὐχομένοις-’ἐγγί-

1987 4435 2381 4515 desideriorum
2418 4435 2431 4438 ν
2462 4461 2774 4517 recordatio
2830 4466 3189 4533 precantibus
3250 4470 3547 4524 succurrit.

279 4539 451 4577 ντται.
487 4527 554 4579 Ἦ
576 4527 633 4581 δέ
659 4547 723 4597 γε
752 4533 918 4603 ἁπλῆ,
943 4535 1000 4588 τὺ
1027 4538 1202 4606 μάννα
1221 4543 1339 4593 ἐστὶ
1367 4544 1428 4595 τὸ
1455 4546 1514 4595 ἑν
1536 4549 1598 4615 τῇ
1625 4549 1844 4620 ἐρήμῳ.

277 4612 342 4663 τὸ
370 4613 458 4666 διὰ
486 4617 547 4668 τδ
576 4622 847 4687 μονοειδὲς
867 4664 879 4687 ,
908 4628 1019 4688 τοῖς
1062 4628 1159 4695 μὲν
1193 4612 1611 4702 ἀκαρτερήτοιςν,

273 4702 459 4756 κλεῖον
485 4707 556 4759 τὰ
579 4708 649 4761 δι’
676 4710 971 4782 ἐπιθυμίας
1022 4716 1133 4769 τῶν
1179 4720 1602 4792 ἐπηγγελμένων
1660 4727 1800 4783 καλά
1827 4746 1843 4761 ο

273 4795 394 4857 τοῖς
447 4794 503 4849 δὲ
558 4798 950 4873 ἔγκαρτεροῦσι
1007 4810 1071 4876 τῇ
1126 4811 1348 4884 τοιαύτῃ
1413 4815 1843 4895 ἀπεστενωμένῃ

272 4890 474 4959 τροφῇ,
499 4892 789 4961 προξενοῦν
831 4898 930 4967 τὴν
959 4900 1190 4969 κρείττω
1222 4903 1444 4972 γεῦσιν,
1500 4909 1594 4961 καὶ
1646 4890 1841 4983 μένουῖ

275 4995 400 5033 σαν.

355 5076 448 5137 η’.
475 5073 676 5143 Πρᾶξις
711 5078 806 5132 σύν
834 5078 1035 5151 θεωρίᾳ
1061 5082 1180 5147 μὲν,
1204 5084 1280 5148 ὡς
1316 5085 1475 5156 σῶμα
1511 5090 1649 5156 μετὰ
1682 5095 1836 5147 ττνεύ-

273 5178 448 5230 ματος
477 5166 823 5236 ἡγεμονικοῦ,
866 5172 994 5226 ἄνευ
1022 5173 1079 5226 δὲ
1119 5174 1369 5244 θεωρίας,
1401 5178 1477 5242 ὡς
1528 5181 1663 5249 σὰρξ
1698 5188 1837 5253 μετὰ

268 5251 584 5322 πνεύματος
615 5260 997 5328 προαιρετικοῦ
1030 5261 1426 5335 λογισθήσεται.

343 5360 578 5456 νδπ-Ϊΐῆς
605 5365 838 5456 λογικῆς
886 5370 1086 5442 ψυχῆς,
1138 5374 1275 5446 αὐλὴ
1332 5379 1432 5446 μὲν
1486 5382 1518 5452 ἡ
1570 5383 1841 5456 αἴσθησις.

269 5450 402 5512 ναὸς
436 5451 492 5504 δὲ
542 5454 575 5522 ἡ
598 5454 824 5517 διάνοια.
854 5460 1143 5531 ἀρχιερεὺς
1170 5463 1228 5516 δὲ
1263 5464 1293 5516 ό
1316 5466 1439 5530 νοῦς
1473 5450 1579 5524 (εν
1607 5478 1670 5543 τῇ
1704 5450 1840 5547 alma

232 5550 239 5555 ‘
272 5542 376 5612 μὲν
403 5542 635 5610 ἵσταται,
669 5547 696 5599 ό
725 5548 816 5600 ὑπ’
838 5550 1076 5621 ἀκαίρων
1110 5553 1232 5618 νοῦς
1257 5542 1715 5629 περικοπτόμενος
1754 5542 1843 5618 lo:-

271 5634 491 5702 γισμῶν
516 5650 529 5663 ·
555 5638 613 5690 ὲν
640 5638 718 5708 τῷ
745 5640 856 5710 ναῷ
878 5641 957 5703 δὲ,
988 5645 1016 5696 ό
1041 5643 1132 5699 ὑπ’
1160 5645 1434 5716 εὐκαίρων
1463 5665 1477 5678 ·
1512 5651 1603 5702 ὐπ’
1631 5653 1842 5718 οὐδενὸς

268 5720 330 5772 δὲ
355 5721 584 5790 τούτων,
624 5727 651 5778 ό
692 5728 773 5791 είς
810 5729 871 5782 τὸ
901 5730 1041 5784 θεῖον
1072 5733 1336 5806 ίερατεῖον
1379 5737 1630 5803 ἀξιωθεὶς
1668 5742 1842 5796 εἰσελ-

273 5812 414 5867 θεῖν.

1973 4554 2166 4610 Oratio
2199 4556 2429 4623 simplex
2458 4564 2544 4610 est
2572 4555 2779 4612 deserti
2811 4572 3031 4621 manna,
3066 4560 3237 4628 quod,
3270 4560 3548 4615 uniforme

1972 4660 2099 4701 cum
2137 4646 2228 4703 sit.
2276 4660 2373 4701 eos
2410 4646 2635 4716 quidem
2684 4647 2778 4717 qui
2829 4664 2896 4704 eo
2945 4650 3188 4704 contenti
3236 4665 3348 4706 non
3394 4661 3547 4715 sunt,

1970 4739 2149 4809 privat
2190 4738 2406 4795 deliciis
2446 4756 2516 4795 ex
2550 4740 2980 4809 promissionum
3009 4742 3286 4798 desiderio
3314 4759 3546 4798 nascen-

1972 4831 2140 4897 tibus,
2176 4830 2244 4886 iis
2258 4846 2393 4886 vero
2422 4832 2515 4901 qui
2541 4832 2696 4887 cibos
2723 4831 2797 4886 ita
2822 4833 3050 4903 exiguos
3064 4833 3358 4900 suﬂ'erunt,
3382 4835 3546 4891 aﬂert

1968 4932 2188 4994 gustum
2220 4924 2530 4979 suaviorem
2560 4940 2626 4980 ac
2652 4936 3089 4994 permanentem.

2036 5083 2125 5137 55.
2168 5081 2361 5139 Praxis
2413 5098 2537 5138 cum
2581 5083 2793 5138 theoria
2831 5091 2915 5139 est
2959 5084 3129 5139 veluti
3175 5100 3377 5155 corpus
3413 5102 3536 5140 cum

1965 5173 2159 5243 spiritu
2192 5173 2533 5245 imperante;
2566 5176 2685 5232 sine
2717 5177 2954 5241 theoria,
2987 5179 3141 5234 velut
3176 5194 3380 5250 corpus
3410 5196 3535 5236 cum

1964 5267 2164 5337 spiritu
2197 5284 2346 5323 mere
2376 5269 2552 5324 libero
2586 5269 2901 5326 habebitur.

2036 5360 2125 5415 54.
2179 5361 2485 5416 Rationalis
2540 5362 2739 5417 animas
2792 5363 2997 5417 atrium
3045 5372 3131 5419 est
3181 5364 3533 5430 sensorium,

1963 5453 2226 5521 templum
2264 5453 2595 5516 intellectus,
2626 5466 2680 5509 et
2712 5470 2961 5510 summus
2990 5456 3250 5511 sacerdos
3283 5456 3530 5526 spiritus.

1960 5544 2019 5597 In
2054 5545 2201 5598 atrio
2232 5554 2342 5599 stat
2381 5546 2608 5615 spiritus
2638 5548 2731 5618 qui
2762 5548 3168 5619 intempestivis
3206 5550 3534 5605 debilitatur

1959 5636 2420 5705 cogitationibus;
2451 5639 2505 5692 in
2550 5640 2752 5710 templo
2786 5651 2995 5703 autem,
3027 5642 3123 5712 qui
3152 5644 3528 5713 tempestivis;

1961 5726 2175 5782 neutris
2206 5743 2336 5782 vero
2379 5729 2703 5787 debilitatur
2744 5732 2838 5803 qui
2872 5732 3122 5789 divinum
3151 5733 3529 5789 sanctuarium

1945 5818 2153 5873 meruit
2177 5819 2414 5889 ingredi.
