3958 6204
523 283 661 347 1159

1912 286 2110 345 ELl/E
2151 283 2401 345 ECDiCl

3660 277 3806 345 iis}

588 396 682 452 55.
716 396 1086 460 Lamentatio,
1110 407 1165 451 et
1191 405 1511 463 carmen,et
1534 412 1616 453 vae
1641 396 1684 429 ¹⁸
1709 396 1765 452 in
1790 396 1956 452 domo
1977 397 2091 452 ani-

2276 395 2366 451 νέ,
2397 397 2602 467 Θρῆνος
2637 398 2754 467 μὲν,
2798 398 2890 451 καὶ
2923 398 3106 468 μέλος,
3142 400 3238 454 καὶ
3274 400 3400 454 οὐαι
3432 399 3492 453 ὲν
3518 403 3661 473 οἴκῳ
3698 408 3799 471 τῆς

519 504 623 543 ma:
648 488 907 562 praetiea:
930 495 1158 557 propter
1180 487 1425 543 laborem
1450 486 1817 544 inveniuntur
1845 498 2096 552 :contra,

518 599 618 640 vox
653 580 1041 636 exsultationis
1070 591 1126 636 et
1150 580 1518 636 confessionis
1546 581 1614 648 ¹⁹,
1648 592 1876 653 propter
1907 581 2099 652 cegui-

516 677 720 731 tionem
758 675 811 728 in
839 673 1198 729 tabernaculo
1236 674 1668 744 contemplantis
1696 674 2096 729 exaudiuntur.

581 789 669 844 56.
701 790 990 845 Practicus
1021 788 1247 858 quidem
1290 788 1647 845 hortantibus
1684 789 1958 845 molestiis
1984 790 2100 844 dis-

511 879 652 933 solvi
676 880 721 911 ²⁰
753 880 928 949 cupit,
961 889 1017 933 et
1045 894 1170 934 esse
1196 894 1323 935 cum
1363 877 1624 947 Christo;
1657 881 2098 949 contemplativo

513 969 775 1040 placitum
800 978 882 1024 est
914 970 1087 1041 magis
1111 970 1163 1024 iu
1190 985 1352 1025 carne
1379 985 1704 1041 permanere
1729 971 1795 1037 “,
1823 981 1937 1029 tum
1960 986 2098 1043 pro-

512 1072 638 1132 pter
655 1062 917 1134 gaudium
942 1061 1087 1131 quod
1114 1078 1181 1117 ex
1207 1063 1467 1134 precibus
1492 1070 1799 1133 exspectat,
1830 1073 1944 1117 tum
1970 1079 2099 1132 pro-

513 1165 637 1226 pter
655 1156 1101 1227 utilitatem,qu:e
1119 1172 1218 1227 per
1236 1157 1391 1211 illum
1405 1156 1472 1210 ad
1492 1156 1773 1226 proximos
1790 1158 2094 1213 derivatur.

584 1250 673 1303 57.
694 1249 856 1320 Apud
886 1249 1174 1319 peritiores
1194 1249 1408 1307 theoria
1433 1251 1646 1321 praxin,
1672 1251 1815 1321 apud
1844 1251 2098 1307 rudiores

513 1344 700 1414 praxis
726 1344 995 1399 theoriam
1021 1344 1319 1410 antecedit,
1347 1356 1403 1400 et
1429 1346 1605 1401 ambae
1624 1347 1681 1401 in
1703 1346 1865 1401 tinent
1893 1348 2095 1402 bonum

513 1437 777 1492 desinunt
818 1455 832 1491 :
874 1437 926 1491 id
986 1438 1135 1507 quod
1189 1438 1503 1507 promptius
1547 1448 1633 1494 est
1670 1438 1863 1494 videre
1908 1438 1965 1493 iu
2012 1439 2097 1494 his

513 1531 716 1600 quibus
751 1529 1143 1600 contemplatio
1179 1530 1396 1587 actione
1429 1531 1583 1601 prior
1615 1540 1724 1586 est.

584 1691 672 1747 58.
713 1691 917 1749 Hortus
953 1692 1179 1762 quidem
1213 1704 1272 1749 et
1308 1693 1598 1765 paradisus
1628 1703 1716 1751 est
1744 1695 2097 1751 intellectua-

513 1784 647 1838 lium
707 1785 1123 1855 contemplatio,
1179 1786 1234 1840 in
1283 1800 1406 1855 qua:
1461 1786 1797 1857 cognitionis
1854 1796 2098 1843 sectator

512 1893 638 1932 cum
675 1878 938 1948 precibus
973 1889 1033 1933 ut
1064 1877 1121 1931 in
1154 1877 1381 1933 domum
1422 1878 1735 1951 ingreditur
1764 1895 1778 1932 :
1817 1881 2099 1949 practicus

511 1978 696 2024 autem
749 1969 973 2024 videtur
1032 1977 1292 2040 tanquam
1349 1964 1532 2025 viator
1580 1970 1908 2040 praeteriens
1952 1970 2097 2026 velle

511 2061 806 2131 inspicere,
846 2061 943 2117 sed
971 2078 1081 2116 non
1117 2062 1387 2133 permitti,
1415 2065 1545 2134 quia
1571 2063 1627 2119 id
1662 2061 1801 2118 ultra
1830 2062 2096 2132 spiritua-

511 2153 580 2209 lis
604 2154 782 2209 aetatis
810 2155 930 2225 ejus
962 2169 1148 2223 sepem
1175 2164 1280 2209 est.

580 2248 669 2303 59.
703 2248 995 2302 Passiones
1025 2263 1306 2318 corporea:
1339 2248 1471 2304 feris
1500 2248 1715 2312 bestiis,
1743 2248 1811 2304 ad
1849 2247 2092 2303 animam

510 2354 643 2395 vero
682 2341 1055 2410 pertinentes,
1093 2341 1421 2396 volucribus
1454 2350 1586 2395 sunt
1621 2341 1855 2395 similes.
1892 2338 2096 2395 Verum

511 2431 634 2485 illas
664 2447 695 2485 a
725 2440 945 2486 terrena
979 2433 1141 2488 vinea
1167 2433 1356 2503 fugare
1388 2449 1452 2487 ac
1482 2428 1782 2503 dispellere
1815 2431 2095 2502 practictts

510 2531 833 2594 potest,non
848 2526 1016 2580 etiam
1038 2541 1215 2595 genus
1232 2526 1474 2591 volatile,
1497 2526 1600 2581 nisi
1622 2525 1851 2581 theoriae
1868 2540 2093 2595 posses-

509 2618 722 2673 sionem
757 2618 978 2683 adierit,
1001 2619 1255 2688 quamvis
1293 2618 1363 2672 ad
1397 2618 1617 2673 interna
1638 2633 1738 2674 sua
1768 2617 2095 2673 custodien-

510 2709 577 2764 da
613 2725 892 2766 summum
925 2711 1170 2765 studium
1191 2711 1649 2781 diligentiamque
1680 2710 2025 2767 adhibuerit.

581 2802 674 2857 60.
716 2803 977 2857 Moralem
1032 2804 1379 2859 honestatem
1437 2820 1701 2874 superare
1747 2819 1860 2858 non
1909 2811 2095 2872 potest

510 2895 811 2965 practicus,
835 2894 939 2950 nisi
970 2905 1025 2951 et
1060 2896 1198 2966 ipse,
1220 2905 1282 2950 ut
1301 2896 1616 2966 patriarcha
1638 2894 1942 2959 Abraham,
1968 2903 2093 2950 tan-

509 3002 676 3056 quam
699 3002 766 3042 ex
785 2986 1009 3057 propria
1043 2995 1209 3052 terra,
1231 3002 1298 3042 ex
1315 2987 1435 3057 lege
1457 2988 1728 3052 naturali;
1748 2998 1806 3043 et
1829 2999 2091 3058 tanquam

507 3096 576 3135 ex
600 3079 951 3150 cognatione,
979 3094 1045 3134 ex
1074 3078 1142 3134 iis
1171 3079 1263 3149 qui
1296 3080 1543 3134 consocii
1567 3087 1696 3136 sunt
1715 3081 1841 3139 vita:
1870 3081 2088 3143 habitu.
2117 3087 2160 3143 C

507 3172 602 3228 Sic
632 3173 779 3231 enim
806 3182 862 3228 et
892 3174 1007 3243 ipse
1033 3175 1089 3227 in
1108 3173 1325 3243 signum
1342 3173 1576 3244 accipiet
1604 3174 2091 3230 circumcisionem

507 3266 764 3337 genitalis
808 3266 1132 3335 voluptatis,
1171 3281 1316 3336 quae,
1358 3275 1418 3321 ut
1458 3267 1789 3339 praaputium
1822 3282 1852 3321 a
1886 3266 2091 3329 nativi—

508 3366 620 3414 tate
672 3359 1140 3421 circumductum,
1193 3361 1376 3415 obstat
1435 3361 1571 3430 quin
1624 3359 1873 3430 perfecta
1928 3359 2091 3415 nobis

507 3460 800 3520 praestetur
829 3449 1077 3504 libertas.

579 3612 669 3667 6|.
702 3612 859 3666 Sicut
905 3613 1091 3682 pullus
1136 3621 1385 3682 tempore
1431 3629 1607 3669 verno
1652 3614 1792 3671 intra
1844 3632 2088 3686 praesepe

509 3719 735 3757 manere
767 3703 822 3756 in
851 3719 1032 3772 eoque
1069 3704 1333 3759 mandere
1367 3721 1480 3759 non
1514 3715 1717 3776 potest,
1750 3707 1824 3761 ita
1861 3709 2089 3777 spiritus

508 3794 565 3849 in
598 3793 803 3847 virtute
827 3792 1072 3846 novitius
1094 3793 1361 3848 orationis
1387 3796 1695 3865 angustiam
1723 3796 1817 3850 diu
1843 3797 2088 3867 perferre

507 3882 725 3951 nequit,
754 3880 930 3935 multo
958 3882 1135 3936 satius
1160 3882 1441 3939 arbitrans
1474 3884 1531 3939 in
1559 3899 1812 3955 campum
1846 3887 2088 3959 physica;

508 3973 735 4029 theoriaz
763 3972 945 4045 egredi
983 3989 1107 4044 qua:
1143 3974 1196 4029 in
1234 3975 1537 4041 psalmodia
1570 3986 1628 4033 et
1659 3978 1900 4034 lectione
1935 3980 2089 4035 inve-

507 4070 679 4124 uitur.

571 4232 665 4287 62.
697 4232 861 4300 Quasi
890 4234 1111 4290 lumbos
1140 4234 1308 4291 habet
1336 4235 1548 4291 cinctos
1569 4236 1782 4305 jejunio
1811 4246 1869 4292 et
1899 4237 2084 4309 vigilia

501 4328 747 4398 practice
796 4328 991 4384 vitales
1029 4344 1159 4384 suas
1212 4330 1527 4399 potentias;
1600 4331 1847 4386 theorica
1899 4342 2081 4387 autem

2206 491 2515 560 πρακτικῆς
2539 489 2717 559 ψυχῆς
2742 490 2828 545 διὰ
2859 490 2949 543 τὸν
2998 492 3167 546 κόπον
3213 492 3541 563 εὑρίσκεται
3579 510 3596 523 ⁸
3646 498 3804 567 φωνὴ

2205 580 2264 634 δὲ
2294 580 2666 648 ἀγαλλιάσεως
2698 581 2792 635 καὶ
2824 581 3263 653 ἐξομολογήσεως
3305 584 3393 638 διὰ
3430 584 3534 659 τὴν
3570 588 3802 654 γνῶσιν,

2209 673 2270 728 ὲν
2302 672 2380 742 τῷ
2418 674 2515 743 τῆς
2541 672 2881 745 θεωρητικῆς
2914 674 3255 739 ἐξακούεται.

2282 791 2393 848 νς·’.
2425 784 2484 837 Ὀ
2518 785 2816 854 πρακτικὸς
2838 787 2957 856 μὲν,
2981 788 3241 859 ἐπιθυμεῖ
3264 789 3535 845 ἀναλῦσαι
3563 792 3659 845 διὰ
3681 792 3809 855 τοὺς

2213 874 2429 939 πόνους,
2468 876 2562 929 καὶ
2591 877 2947 944 συγγενέσθαι
2978 881 3198 951 Χριστῷ
3226 896 3241 910 ·
3280 883 3309 934 ὁ
3337 882 3395 935 δὲ
3429 882 3813 953 θεωρητικὸς.

2214 966 2423 1020 εὐδοκεῖ
2455 967 2654 1032 μᾶλλον
2685 971 2851 1038 σαρκὶ
2895 972 3257 1041 παραμένειν,
3288 975 3383 1027 καὶ
3419 974 3509 1028 διὰ
3567 976 3675 1045 τὴν
3713 994 3814 1044 κιο

2213 1047 2419 1121 phum
2445 1051 2658 1122 δέχεται
2692 1055 2749 1121 ἐξ
2789 1056 2990 1127 εὐχῆς,
3027 1060 3119 1113 καὶ
3150 1061 3241 1115 διὰ
3271 1063 3373 1133 τὴν
3410 1064 3508 1118 τοῦ
3569 1068 3814 1139 πλησίω

2208 1145 2641 1216 προσγινομένην
2686 1145 2973 1215 ὠφέλειαν.

2277 1231 2374 1297 νζ.
2422 1234 2545 1288 Ἐπὶ
2578 1237 2678 1305 μὲν
2706 1237 2817 1292 τῶν
2854 1240 3257 1315 λογικωτέρων,
3314 1247 3347 1316 ἠ
3402 1246 3623 1318 θεωρία
3668 1265 3809 1320 ερο-

2205 1326 2428 1394 ηγεῖται
2458 1327 2559 1397 τῆς
2586 1327 2860 1398 πράξεως·
2895 1332 2988 1385 ἐπὶ
3012 1332 3068 1386 δὲ
3098 1334 3208 1388 τῶν
3230 1336 3672 1408 ἀγροικοτέρων,
3709 1343 3811 1412 τῆς

2207 1416 2437 1486 θεωρίας
2466 1420 2499 1489 ἠ
2524 1419 2742 1490 πρᾶξις.
2773 1423 2866 1486 Ei;
2884 1422 2942 1475 ἓν
2965 1424 3022 1477 δὲ
3051 1424 3205 1490 τέλος
3226 1427 3807 1503 χρηστὺνάμφότεραι

2206 1508 2609 1579 καταλήγουσαι
2640 1526 2656 1542 ο
2712 1514 3122 1586 συντομώτερον
3148 1516 3208 1568 δὲ
3266 1517 3422 1571 τοῦτο
3464 1520 3809 1591 ὀφθήσεται,

2204 1594 2287 1663 οἷς
2315 1601 2347 1671 ἡ
2374 1601 2577 1672 Θεωρία
2606 1607 2933 1674 προηγεῖται
2954 1607 3053 1677 τῆς
3082 1608 3358 1678 πράξεως.

2275 1690 2377 1761 νῆ’.
2412 1693 2745 1764 Παράδεισός
2770 1697 2939 1763 ἐστιν,
2968 1700 3001 1768 ὴ
3029 1698 3233 1769 Θεωρία
3265 1700 3376 1753 τῶν
3403 1704 3645 1773 νοητῶν.
3708 1704 3812 1758 ἐν

2213 1782 2389 1853 τούτῳ
2416 1786 2442 1837 ὀ
2483 1784 2582 1854 μὲν
2614 1788 2938 1855 γνωστικδς,
2971 1789 3048 1853 ὡς
3076 1791 3135 1843 ὲν
3163 1792 3351 1864 οίκείῳ
3387 1795 3525 1863 οἴκῳ
3574 1795 3809 1849 ἔνδοθεν

2206 1873 2511 1944 εἰσέρχεται
2562 1878 2621 1930 ὲν
2670 1878 2824 1949 εὐχῇ,
2857 1881 2886 1933 ὁ
2914 1878 2971 1933 δὲ
3004 1884 3312 1951 πρακτικὸς
3334 1923 3350 1947 ,
3380 1884 3457 1947 ὡς
3489 1885 3815 1957 παροδίτης

2202 1963 2524 2035 ὀφθήσεται,
2574 1966 2862 2038 ἐπιθυμῶν
2903 1970 3003 2040 μὲν
3033 2010 3049 2035 ,
3103 1971 3318 2026 ἔνδοθεν
3374 1976 3809 2044 παρακύπτειν,

2206 2055 2281 2125 μὴ
2342 2057 2794 2129 συγχωρούμενος
2849 2059 2945 2123 δὲ,
3006 2060 3094 2115 διὰ
3163 2064 3225 2115 τὸ
3282 2064 3811 2136 ὐπερανεστηκέναι

2198 2148 2292 2202 τὸν
2319 2151 2573 2219 φραγμὸν
2594 2150 2695 2221 τῆς
2721 2154 3095 2222 πνευματικῆς
3127 2153 3345 2222 ἡλικίας
3380 2154 3573 2210 αὐτοῦ.

2274 2238 2371 2295 νϐ’.
2429 2241 2512 2294 Τὰ
2558 2241 2656 2311 μὲν
2720 2241 3007 2311 σωματικὰ
3068 2242 3214 2313 πάθη
3274 2242 3485 2314 θηρίοις
3527 2244 3760 2299 ἐοίκασι
3788 2288 3807 2309 ,

2205 2332 2428 2399 πτηνοῖς
2451 2330 2510 2383 δὲ
2538 2331 2607 2391 τὰ
2624 2330 2834 2400 ψυχικά
2863 2348 2876 2362 ·
2910 2330 3047 2384 ἀλλὰ
3083 2330 3155 2384 τὰ
3186 2333 3285 2402 μὲν
3313 2329 3666 2402 ἀποτειχίζει
3686 2336 3811 2388 ἀπὺ

2186 2420 2298 2474 ,τοῦ
2327 2419 2545 2488 λογικοῦ
2587 2421 2911 2489 ἀμπελῶνος
2938 2424 2967 2475 ὁ
2998 2424 3324 2493 πρακτικὸς,
3358 2424 3459 2493 οὐκ
3480 2424 3567 2477 ἔτι
3601 2424 3666 2477 δὲ
3700 2428 3810 2479 καὶ

2205 2510 2538 2570 τάπετεινὰ.
2586 2512 2636 2563 εἰ
2678 2509 2753 2580 μὴ
2797 2512 2855 2563 ὲν
2904 2512 3109 2583 θεωρίᾳ
3134 2517 3478 2584 πνευματικῇ
3508 2515 3751 2585 γένηται
3785 2533 3805 2546 ·

2204 2600 2307 2655 κᾶν
2339 2602 2421 2655 ὅτι
2455 2601 2692 2671 μάλιστα
2723 2600 2924 2673 πολλὴν
2950 2607 3184 2657 ποιεῖται
3237 2604 3475 2675 σπουδὴν
3516 2606 3663 2676 πρὸς
3695 2609 3807 2678 τὴν

2203 2692 2311 2745 τῶν
2342 2692 2487 2745 ἔνδον
2513 2690 2780 2761 φυλακήν.

2278 2781 2339 2847 ξ’.
2378 2783 2603 2851 Ἡθικῆς
2635 2783 2970 2853 εὐπρεπείας
3000 2782 3284 2853 κρείττων,
3312 2785 3614 2855 πρακτικὸς
3636 2789 3804 2855 τεκέ-

2214 2874 2341 2927 σθαι
2372 2874 2432 2926 οὐ
2469 2873 2714 2933 δύναται,
2761 2875 2810 2926 εί
2850 2873 2925 2945 μὴ
2978 2874 3072 2927 καὶ
3118 2874 3319 2939 αὐτὸς,
3362 2876 3505 2930 κατὰ
3556 2877 3655 2930 τὸν
3687 2897 3804 2931 πα-

2202 2963 2468 3034 τριάρχην
2512 2963 2762 3035 Ἀϐραὰμ
2792 2966 2896 3029 ἔξω
2935 2964 3181 3033 γένηται.
3213 2966 3288 3029 ὡς
3311 2968 3408 3035 μὲν
3422 2967 3528 3035 γῆς
3555 2969 3799 3030 οἰκείας-

2204 3056 2296 3107 τοῦ
2339 3054 2570 3123 φυσικοῦ
2602 3056 2764 3124 νόμου
2799 3070 2812 3086 ·
2866 3055 2941 3117 ὡς
2989 3056 3047 3108 δὲ
3081 3055 3423 3124 συγγενείας,
3462 3058 3563 3128 τῆς
3594 3059 3803 3129 ἥλικος

2203 3147 2352 3217 αὐτῷ
2384 3146 2525 3200 κατὰ
2576 3148 2764 3216 σχέσιν
2827 3146 2997 3215 ζωῆς.
3042 3146 3200 3201 Οὕτω
3234 3148 3344 3219 γὰρ
3378 3150 3473 3202 καὶ
3502 3145 3665 3210 οὗτος
3716 3150 3800 3212 ὡς

2206 3237 2477 3306 σφραγῖδα
2504 3236 2731 3307 λήψεται
2753 3237 2853 3306 τῆς
2868 3237 3089 3308 γενικῆς
3119 3239 3311 3308 ἡδονῆς
3342 3240 3439 3310 τὴν
3468 3240 3795 3311 ἀφαίρεσιν,

2204 3328 2326 3381 καθ’
2359 3329 2425 3400 ἣν
2456 3329 2516 3381 τὸ
2562 3330 2669 3385 ἀπὸ
2711 3328 2978 3396 γενέσεως
3037 3332 3308 3402 κάλυμμα
3361 3333 3793 3403 περικείμενον,

2204 3419 2304 3490 τὴν
2330 3419 2568 3488 παντελῆ
2596 3419 2910 3489 ἐλευθερίαν
2946 3421 3004 3474 οὐ
3048 3424 3324 3492 συγχωρεῖ
3355 3423 3794 3494 παρασχεθῆναι

2207 3514 2360 3583 ἡμῖν.

2274 3604 2373 3669 ξω.
2406 3603 2543 3657 Οὐτε
2569 3604 2750 3667 πῶλος
2785 3606 2843 3658 ὲν
2908 3604 3053 3675 ἔαρι,
3103 3605 3251 3660 ἔνδον
3307 3606 3518 3675 φάτντς
3575 3609 3786 3678 μένειν,

2202 3697 2383 3749 καὶτὰ
2419 3696 2633 3765 ἐκείνης
2665 3697 2869 3751 ἐσθίειν
2899 3697 3175 3767 ἀνέχεται,
3209 3695 3332 3752 οὐτε
3376 3698 3643 3768 ⁵νεοτελὴς
3662 3701 3788 3763 νοῦς

2199 3786 2259 3840 τὸ
2285 3787 2734 3857 ἁπεστενωμένον
2768 3788 3004 3842 ἐπιπολύ
3036 3792 3326 3860 καρτερεῖν
3371 3789 3469 3859 τῆς
3506 3791 3681 3860 εὐχῆς
3724 3793 3785 3846 οὐ

2199 3878 2449 3944 δύναται,
2485 3880 2656 3948 ἡδέως
2702 3880 2903 3949 μᾶλλον
2967 3880 3089 3934 κατ’
3126 3881 3336 3934 ἐκεῖνον
3374 3882 3541 3953 ἔχων,
3598 3883 3701 3936 ἐπὶ
3727 3883 3787 3937 τὺ

2200 3969 2401 4033 πλάτος
2480 3972 2581 4041 τῆς
2651 3973 2888 4042 φυσικῆς
2955 3970 3190 4043 θεωρίας
3262 3971 3588 4042 ἔξέρχεσθαι
3687 3975 3787 4044 τῆς

2199 4062 2342 4115 κατά
2374 4060 2475 4132 τὴν
2504 4060 2828 4133 ψαλμῳδίαν
2857 4062 3283 4134 εὐρισκομένης,
3337 4063 3436 4117 καὶ
3491 4063 3597 4135 τὴν
3652 4066 3787 4118 ava-

2196 4171 2417 4223 γνωσιν.
2598 4160 2603 4165 ’

2266 4244 2365 4313 ξβ¹⁶
2409 4244 2496 4306 Ὠς
2530 4244 2628 4314 μὲν
2681 4245 2889 4312 ὀσφύας
2920 4245 3032 4315 ἔχει
3070 4246 3518 4318 περιεζωσμένας
3554 4248 3790 4319 vr;ch

2198 4334 2293 4386 καὶ
2328 4332 2667 4403 ἁγρυπνίᾳή
2715 4337 3025 4404 πρακτικὴ,
3073 4336 3173 4400 τὰς
3229 4335 3471 4401 ζωτικάς
3518 4337 3789 4407 δυνάμεις

503 4423 680 4478 virtus
702 4421 1106 4477 intellectuales
1128 4423 1277 4477 vires
1298 4421 1468 4477 habet
1489 4432 1550 4477 ut
1574 4423 1835 4479 lucernas
1854 4424 2080 4479 silentio

2216 4421 2405 4492 ιύτῆς-’
2449 4422 2526 4486 ὡς
2574 4423 2801 4494 λύχνους
2851 4425 2909 4478 δὲ
2962 4428 3309 4495 καιομένους,
3344 4429 3522 4498 σιωπῇ
3576 4445 3637 4482 τε
3690 4430 3790 4481 καὶ

500 4524 556 4571 et
599 4515 850 4570 oratione
884 4528 1152 4570 accensas
1189 4531 1203 4565 :
1236 4529 1345 4568 una
1384 4513 1608 4584 quidem
1650 4516 1760 4571 illis
1807 4515 2077 4586 praeponit

502 4610 854 4665 ratiocinium
893 4618 952 4662 ut
993 4609 1372 4678 paedagogum,
1406 4608 1577 4663 altera
1627 4626 1760 4664 vero
1800 4608 1889 4664 his
1935 4625 2075 4679 pra:-

499 4702 613 4757 ﬁcit
655 4702 932 4757 intentam
980 4702 1251 4757 rationem
1305 4709 1365 4755 ut
1402 4716 1663 4770 sponsam
1719 4717 1820 4772 pro
1867 4716 2076 4771 sponso

498 4803 676 4850 ornet.

567 4888 658 4944 65.
691 4888 844 4944 Mens
885 4889 1128 4944 nondum
1178 4889 1425 4960 perfecta
1466 4889 1522 4943 in
1569 4888 1913 4946 fruetiferam
1945 4906 2076 4947 ora-

498 4981 668 5038 tionis
718 4981 938 5038 vineam
993 4983 1202 5039 intrare
1247 4999 1358 5039 non
1415 4982 1643 5048 sinitur,
1689 4984 1787 5039 sed
1832 4983 1884 5038 ei
1926 4983 2079 5039 velut

497 5075 753 5131 mendico
807 5078 1114 5132 racemario
1173 5078 1289 5138 sola
1338 5087 1395 5132 et
1435 5078 1606 5144 nuda,
1643 5085 1700 5135 et
1743 5078 1837 5134 vix
1883 5079 2075 5147 etiam,

497 5167 834 5236 psalmorum
863 5169 1181 5226 decantatio
1210 5172 1562 5228 conceditur.

512 5318 517 5323 ι
565 5283 655 5339 64.
683 5283 1158 5351 Quemadmodum
1195 5304 1306 5345 non
1339 5304 1535 5345 omnes
1564 5290 1658 5360 qui
1693 5290 1761 5345 ad
1789 5289 1935 5361 regis
1967 5290 2084 5345 col-

496 5374 746 5445 loquium
791 5377 1184 5444 admittuntur,
1231 5395 1356 5435 cmn
1396 5395 1465 5436 eo
1498 5378 1776 5450 prandere
1820 5388 2079 5450 possunt,

494 5465 579 5521 sic
637 5482 817 5537 neque
871 5469 966 5538 qui
1014 5485 1139 5525 cum
1185 5471 1436 5526 oratione
1490 5472 1728 5526 miscent
1777 5469 2080 5540 colloquia,

493 5572 689 5613 omnes
720 5559 785 5612 ad
815 5575 935 5615 eam
976 5577 1139 5631 quam
1184 5563 1350 5617 habet
1384 5564 1653 5619 tlteoriam
1681 5564 1951 5635 aSpirant.

574 5792 617 5823 ”
647 5789 845 5850 Ezeclt.
875 5809 935 5857 ll,
973 5796 1024 5849 ἔ).
1108 5796 1150 5827 ¹⁹
1177 5794 1325 5851 Psal.
1358 5811 1527 5865 cxvn,
1570 5796 1655 5854 iii.
1731 5796 1778 5828 “
1805 5794 2005 5864 Philip.
2037 5810 2075 5861 ι,
2109 5794 2198 5850 25.

2197 4515 2470 4585 προσευχῇ
2500 4514 2599 4577 τὰς
2636 4516 2943 4583 γνωστικάς
2989 4518 3024 4586 ἡ
3070 4516 3377 4587 θεωρητικὴ
3429 4517 3602 4588 ἁρετὴ
3659 4520 3788 4586 apto

2197 4601 2380 4655 στῶσα
2407 4604 2438 4673 ἡ
2467 4603 2564 4672 μὲν
2593 4603 2855 4667 ἐκείναις,
2885 4605 2976 4658 τὸν
3007 4604 3268 4675 λογισμὸν
3294 4606 3370 4668 ὡς
3399 4606 3781 4675 παιδαγωγόν·

2192 4693 2227 4763 ἡ
2281 4692 2337 4745 δὲ
2373 4731 2390 4757 ,
2422 4694 2650 4758 ταύταις
2695 4695 2771 4758 ὡς
2817 4695 3190 4766 νυμφοστόλον
3242 4696 3399 4767 λόγον
3457 4697 3552 4750 τὸν
3604 4698 3784 4753 ἐνδιά-

2200 4782 2375 4836 θετον.

2269 4895 2369 4964 ξγτ.
2400 4895 2544 4960 Νοῦς
2578 4897 2770 4966 ἀτελὴς
2817 4902 2899 4962 είς
2948 4900 3039 4953 τὸν
3090 4901 3449 4972 κατάκαρπον
3480 4901 3783 4970 ἀμπελῶνα

2194 4985 2286 5038 τὸν
2318 4985 2418 5055 τῆς
2474 4986 2660 5056 εὐχῆς.
2712 4986 2774 5039 οὐ
2833 4990 3201 5058 συγχωρείται
3250 4989 3597 5060 είσέρχεσθαι
3630 5005 3647 5022 ⁸
3700 4992 3785 5054 εἰς

2199 5076 2338 5146 μόνα
2363 5077 2419 5129 δὲ
2443 5077 2536 5130 καὶ
2563 5077 2736 5147 μόλις,
2766 5077 2841 5140 ὡς
2871 5077 3005 5148 πρὸς
3064 5078 3414 5148 ἐπιφυλλίδας
3442 5072 3683 5149 πτωχὸς,
3708 5079 3782 5133 τὰ

2193 5168 2323 5239 ψιλὰ
2350 5168 2460 5222 τῶν
2487 5166 2719 5238 ψαλμῶν
2769 5169 2956 5237 ἁπηχή
2967 5185 3133 5239 ματα.

2265 5279 2360 5345 ξδ’.
2393 5280 2604 5348 Ὠσπερ
2635 5280 2694 5332 οὐ
2724 5279 2925 5344 πάντες
2945 5282 2993 5334 οἱ
3022 5280 3103 5344 είς
3135 5280 3400 5351 βασιλέως
3425 5281 3644 5352 ὁμιλίαν
3675 5282 3775 5351 sp-

2194 5370 2413 5441 χόμενοι
2442 5372 2775 5442 συναριστᾷν
2808 5371 2959 5442 αὐτῷ
2989 5371 3264 5438 δύνανται,
3317 5371 3492 5436 οὕτως
3548 5372 3671 5425 οὐδὲ
3720 5370 3773 5424 οι

2195 5463 2276 5526 είς
2301 5462 2552 5531 ἐντυχίαν
2573 5463 2739 5535 εὐχῆς
2764 5463 3013 5535 ἥκοντες,
3039 5466 3099 5519 ὲν
3128 5463 3336 5537 θεωρίᾳ
3360 5467 3427 5535 τῇ
3485 5464 3610 5519 κατ’
3628 5462 3777 5518 ἑκεί-

2196 5569 2293 5625 νην
2319 5552 2670 5623 ὀφθήσονται.

2277 5798 2318 5828 ⁹¹
2348 5795 2485 5852 ibid.
2516 5797 2604 5851 ει.
