4032 6198
376 224 511 290 1161

1546 215 1938 277 GNCSTICAE
1981 210 2453 275 SENTENTI/E.

3487 208 3624 274 1162

440 342 531 409 53'.
557 338 741 409 Θυμοῦ
767 336 862 405 μὲν
888 333 1120 404 χαλινὸς.
1148 333 1180 401 ὴ
1214 332 1463 400 εὔκαιρος
1482 331 1689 396 γίνεται
1712 327 1894 394 σιωπή
1920 336 1935 352 ·

2119 319 2208 375 65.
2240 319 2481 374 Fremim
2515 319 2629 377 iraa.
2663 325 3034 389 opportunum
3074 316 3391 385 silentium;
3414 319 3629 389 cupidi-

374 433 667 505 ἐπιθυμίας
701 432 756 484 δὲ
799 428 1018 495 ἀλόγου,
1048 427 1082 496 ἡ
1118 428 1431 494 σύμμετρος
1476 418 1642 489 ἐδωδὴ
1675 431 1689 447 ·
1716 414 1942 470 δυσκαθ-

375 530 533 582 ἐκτου
562 524 619 575 δὲ
647 517 926 587 λογισμοῦ,
961 518 994 586 ἡ
1040 514 1410 585 μονολὸγιστος
1440 507 1736 581 προσευχὴ.

448 632 553 700 ξςν,
586 631 693 686 Καὶ.
722 629 749 680 ὁ
781 629 859 690 εἰς
890 627 980 680 τὸν
1019 625 1169 678 κάτω
1204 620 1365 694 βυθὸν
1392 617 1648 672 είσδύνων
1702 616 1790 669 διὰ
1850 613 1943 668 τὸν

2053 414 2180 469 tatis
2203 429 2233 468 a
2255 413 2470 468 ratione
2496 427 2727 475 aversae,
2748 411 2909 467 cibus
2932 402 3284 476 moderatus;
3310 410 3632 482 impotentis

2050 498 2255 573 animi,
2276 506 2457 561 oratio
2491 506 2855 562 distractione
2877 520 3095 562 carens.

2122 599 2214 654 66.
2240 599 2307 654 Et
2332 599 2428 670 qui
2462 598 2633 654 altum
2664 599 2808 657 infra
2832 610 2890 656 et
2921 602 3015 672 qui
3051 601 3226 657 altum
3253 618 3420 674 supra
3447 604 3637 661 subire

376 695 656 796 αἰσθητδν,
694 722 789 777 καὶ
829 721 858 774 ὁ
911 722 991 783 είς
1043 717 1135 770 τὸν
1192 713 1489 782 γνωστικδν
1520 711 1609 764 διὰ
1640 709 1732 762 τον
1757 706 1946 800 νοητὺν

2083 695 2189 759 ult,
2222 695 2314 750 ille
2353 705 2413 750 ut
2443 695 2790 763 sensibilem,
2815 698 2909 753 hic
2934 708 2996 754 ut
3022 699 3455 757 intellectualem
3485 717 3637 759 mar-

380 789 751 892 μαργαρίτην,
787 812 874 864 ἵνα
903 806 1067 862 αὑτὸν
1103 807 1458 892 ἀνιμξισηται,
1492 802 1540 854 εί
1573 801 1649 872 μὴ
1686 797 1945 892 γυμνωθῇ

2083 789 2285 852 [οι-ἱιοηι
2320 789 2592 858 acquirat,
2627 789 2739 845 nisi
2766 790 3071 867 nudentur,
3105 809 3253 849 unus
3289 802 3466 862 veste,
3497 794 3640 850 alter

379 886 587 968 ἐκεῖνος
621 904 722 975 μὲν
757 901 861 969 τῆς
913 897 1161 966 ἐσθῆτος,
1198 886 1353 955 οὗτος
1398 894 1456 946 δὲ
1502 892 1601 961 τῆς
1624 889 1944 957 αἰσθήσεως,

379 999 680 1073 ἀμφότεροι
700 991 797 1047 τοῦ
826 986 1253 1059 ὲπιζητουμένου
1289 984 1768 1053 διαμαρτήσονται.

446 1102 545 1172 ξεν.
574 1105 635 1158 '0
671 1104 767 1174 μὲν
806 1097 1016 1153 ἔνδοθεν
1044 1097 1143 1166 τῆς
1172 1093 1414 1156 διανοίας
1465 1092 1631 1147 αὑτοῦ
1666 1090 1954 1161 γινόμενος

377 1198 525 1262 νοῦς,
556 1198 614 1244 ἐν
645 1194 723 1264 τῷ
757 1189 1033 1262 εὔχεσθαι,
1079 1188 1152 1255 ὡς
1185 1186 1325 1256 μετὰ
1373 1183 1591 1254 νύμφης
1618 1182 1849 1253 νυμφίος
1893 1183 1953 1235 ἐν

380 1289 458 1360 τῷ
478 1286 723 1357 νυμφῶνι
745 1282 1147 1349 διαλεγόμενος,
1175 1276 1556 1348 εὑρεθήσεται,
1585 1274 1615 1327 ὁ
1640 1272 1695 1326 δὲ
1716 1273 1791 1343 μὴ
1820 1287 1953 1339 συγ-

383 1378 726 1452 χωρούμενος
757 1373 1036 1436 εἰσελθεῖν,
1084 1367 1284 1434 ἔξωθεν
1331 1367 1621 1440 ἱστάμενος
1676 1361 1955 1425 στενάζων

386 1474 505 1544 βοᾷ·
527 1489 545 1522 ι
584 1468 675 1532 Τίς
710 1466 905 1529 ἀπάξει
938 1480 1000 1533 με
1032 1464 1112 1523 είς
1153 1461 1309 1513 πόλιν
1331 1456 1623 1531 περιοχῆς;
1661 1475 1678 1506 ι
1705 1455 1739 1525 ἢ
1770 1452 1850 1518 τίς
1874 1453 1957 1509 ὁδ-

386 1565 583 1634 ηγήσει
621 1578 687 1630 με
726 1558 830 1619 ἕως
861 1554 954 1609 τοῦ
983 1554 1057 1623 μὴ
1090 1551 1307 1622 βλέπειν
1339 1552 1417 1612 εις
1445 1547 1833 1622 ματαιότητας,
1861 1544 1956 1600 καὶ

387 1654 582 1725 μανίας
608 1647 819 1719 ψευδεῖς
858 1647 916 1698 ιν
942 1643 1019 1712 τῷ
1048 1639 1299 1711 εὔχεσθαι
1325 1658 1341 1704 ;

455 1744 560 1811 ξη’.
609 1739 806 1793 ὐποία
835 1737 868 1806 ἡ
897 1735 1067 1806 χωρὶς
1098 1733 1222 1795 ἁλὸς
1254 1732 1332 1802 τῷ
1365 1730 1600 1800 λάρυγγι
1632 1728 1956 1798 λογιζομένη

383 1833 578 1904 τροφὴ,
609 1828 855 1896 τοιαύτη,
886 1828 982 1879 καὶ
1014 1827 1047 1896 ἡ
1081 1822 1236 1885 ἐκτὸς
1270 1820 1612 1885 κατανύξεως
1636 1817 1955 1889 λογισθήσε-

388 1942 478 1977 ται
506 1922 583 1991 τῷ
614 1919 689 1989 νῷ
716 1917 1085 1989 μετερχομένη
1119 1914 1272 1983 εὑχή.

461 2009 558 2076 ξθ’.
598 2008 664 2061 Ἠ
696 2006 795 2075 μὲν
828 2003 907 2056 ἔτι
945 2001 1357 2056 καταδιώκουσι
1386 1998 1534 2069 ψυχὴ
1557 1998 1655 2066 τὴν
1676 1996 1863 2066 εὑχὴν,
1890 1997 1959 2066 τῇ

392 2096 653 2167 ώδινούσῃ
680 2094 915 2162 ὑπάρχει
947 2091 1328 2163 παρεμφερής.
1384 2091 1452 2142 Ἢ
1474 2088 1529 2143 δὲ
1558 2085 1959 2150 καταλαϐοῦσα,

392 2194 459 2260 τῇ
525 2187 790 2258 κυησάσῃ,
855 2185 949 2238 καὶ
997 2184 1190 2254 πλήρει
1224 2181 1487 2253 γενομένῃ
1534 2179 1622 2235 διὰ
1668 2179 1758 2233 τὸν
1804 2177 1960 2249 τόκον

393 2282 583 2351 χαρᾶς.

462 2379 521 2425 o'.
560 2372 729 2426 Πάλαι
761 2371 860 2441 μὲν
893 2370 922 2420 ὁ
990 2365 1314 2436 Ἀμορραῖος
1376 2364 1434 2416 ὲν
1483 2360 1559 2434 τῷ
1605 2361 1723 2432 ὄρει
1771 2357 1960 2424 οἰκῶν,

390 2464 715 2533 ἐτίτρωσκεν
738 2462 1087 2531 ἐξερχόμενος
1122 2455 1243 2515 τοὺς
1270 2451 1778 2522 παραϐιαζομένους
1815 2449 1961 2520 διέρ-

390 2556 580 2625 χεσθαι
611 2572 625 2586 σ
658 2554 773 2605 νυνὶ
797 2553 855 2605 δὲ
886 2553 919 2620 ἡ
944 2549 1151 2619 πονηρὰ
1173 2545 1310 2617 λήθη
1339 2545 1523 2598 διώκει
1555 2545 1681 2605 τοὺς
1729 2541 1836 2629 πρὸ
1861 2542 1963 2611 τῆς

389 2645 610 2713 ἁγνείας
636 2644 728 2698 ἐπὶ
749 2643 845 2713 τὴν
869 2639 1205 2711 ὑψηλοτέραν
1260 2633 1673 2706 ἐπιχειροῦντας
1737 2630 1964 2686 ἀναϐαί-

389 2752 501 2789 νειν
523 2733 686 2803 εὑχὴν
718 2733 818 2803 τῆς
849 2730 1171 2800 ἁπλότητος.

459 2823 558 2879 οα’.
585 2825 696 2894 Τῆς
720 2822 962 2893 καθαρᾶς
980 2821 1165 2893 εὐχῆς,
1197 2821 1254 2872 ἐν
1276 2818 1444 2892 ἔχθρᾳ
1466 2814 1634 2889 πολλῇ
1656 2813 1962 2884 πεφύκασιν

389 2910 530 2969 εἶναι
564 2915 614 2967 οἱ
660 2913 912 2985 δαίμονες
944 2928 959 2941 ο
1002 2909 1379 2979 καταπλήττει
1411 2908 1467 2962 δὲ
1500 2906 1740 2972 τούτους,
1798 2904 1895 2973 οὑχ
1928 2903 1963 2972 ἡ

2055 896 2246 944 sensu,
2276 880 2440 936 ambo
2466 897 2570 937 suo
2598 890 2729 937 voto
2755 882 3199 940 frustrabantur.

2128 1064 2218 1118 67.
2247 1064 2349 1131 Qui
2374 1065 2520 1134 apud
2553 1081 2611 1122 se
2635 1075 2721 1121 est
2742 1067 2890 1123 inter
2918 1069 3189 1125 orandum
3214 1069 3455 1136 animus,
3485 1070 3642 1127 velut

2059 1169 2296 1224 sponsus
2335 1171 2461 1210 cum
2510 1171 2715 1226 sponsa
2754 1159 2812 1212 in
2846 1159 3091 1215 thalamo
3137 1160 3499 1231 colloquitur.
3537 1160 3643 1227 Qui

2059 1258 2242 1302 autem
2277 1247 2489 1318 ingredi
2520 1264 2630 1304 non
2654 1250 2883 1315 sinitur,
2910 1262 3066 1308 stans
3097 1252 3256 1319 foris,
3279 1269 3405 1309 cum
3434 1253 3644 1324 gemitu

2060 1340 2260 1396 clamat
2292 1355 2306 1394 :
2339 1358 2381 1407 ι,
2422 1341 2559 1407 Quis
2597 1358 2687 1399 me
2739 1343 2983 1400 deducet
3014 1346 3073 1401 in
3121 1347 3403 1403 civitatem
3447 1347 3648 1402 muni-

2063 1443 2171 1489 tam
2202 1435 2283 1489 "?
2332 1454 2351 1487 ι
2399 1445 2494 1491 aut
2535 1437 2663 1507 quis
2703 1452 2793 1492 me
2837 1436 3025 1502 ducet,
3064 1438 3243 1495 donec
3287 1440 3343 1494 in
3384 1439 3649 1511 precibus

2063 1527 2200 1582 meis
2218 1526 2487 1585 faciendis
2509 1526 2567 1583 in
2587 1527 2866 1586 vanitates
2884 1539 2941 1586 et
2959 1530 3208 1587 insanias
3229 1530 3395 1588 falsas
3411 1531 3650 1601 amplius

2063 1635 2174 1674 non
2203 1619 2532 1691 respiciam?

1995 1689 2042 1748 Β
2140 1709 2227 1764 68.
2278 1689 2470 1777 Qualis
2501 1719 2591 1766 est
2633 1712 2820 1781 palato
2865 1712 3029 1769 cibus
3064 1714 3187 1770 sine
3230 1716 3368 1782 sale,
3399 1715 3526 1774 talis
3565 1724 3653 1771 est

2069 1801 2255 1855 animo
2298 1800 2420 1856 sine
2466 1801 2955 1858 animadversione
2984 1812 3043 1858 et
3079 1804 3444 1877 intelligentia
3487 1821 3653 1863 usur-

2068 1901 2197 1960 pata
2222 1891 2422 1948 oratio.

2144 1986 2233 2043 69.
2285 1986 2484 2043 Anima
2534 2003 2658 2059 que
2700 1960 3010 2045 orationem
3064 1991 3249 2047 adhuc
3300 1999 3655 2048 consectatur

2070 2091 2127 2135 et
2158 2081 2534 2151 persequitur,
2558 2082 2826 2151 parientis
2848 2085 2993 2153 gerit
3016 2086 3310 2157 imaginem
3337 2105 3352 2141 :
3376 2101 3499 2155 quae
3520 2100 3655 2141 vero

2070 2189 2191 2227 eam
2236 2175 2678 2244 comprehcndit,
2712 2192 3025 2247 puerpera,
3069 2193 3236 2249 quam
3284 2187 3477 2249 partus
3521 2193 3657 2234 suus

2072 2266 2277 2338 gaudio
2307 2268 2577 2339 implevit.

2148 2360 2236 2416 70.
2288 2360 2432 2416 Olim
2492 2364 2847 2420 Amorrhaeus
2911 2365 2966 2420 in
3029 2366 3313 2422 montibus
3377 2366 3657 2429 habitans,

2075 2466 2336 2522 egressus
2392 2454 2696 2510 ascendere
2758 2456 3159 2512 contendentes
3225 2456 3550 2512 vulnerabat
3587 2456 3659 2511 ”.

2076 2544 2236 2600 Nunc
2263 2545 2590 2616 improbitas
2622 2562 2721 2603 eos
2750 2548 2972 2618 repellit
2999 2549 3095 2620 qui
3126 2558 3253 2604 ante
3282 2549 3656 2620 expiationem

2077 2638 2432 2708 simplicitate
2490 2655 2590 2695 sua
2636 2639 2891 2697 altiorem
2952 2641 3222 2698 orationis
3275 2642 3508 2716 gradum
3567 2656 3663 2697 co-

2080 2740 2284 2785 nantur
2310 2733 2636 2789 ascendere.

2153 2823 2241 2878 7i.
2281 2825 2482 2880 Puram
2525 2828 2833 2885 orationem
2861 2828 3141 2886 daemones
3166 2837 3368 2885 natura
3400 2827 3662 2895 oderunt,

2081 2930 2221 2987 quos
2236 2918 2610 2987 pereeliitnon
2627 2920 2965 2991 psalmorum
2987 2923 3308 2988 multitudo,
3332 2932 3665 2978 utexternos

391 3006 600 3076 πληθὺς
638 3004 745 3059 τῶν
769 3002 1001 3075 ψαλμῶν
1047 3001 1119 3066 ὡς
1154 3002 1279 3065 τοὺς
1322 2998 1521 3064 ἔξωθεν
1563 2995 1859 3105 πολεμίους
1903 2994 1966 3046 τὸ

2083 3008 2272 3066 hostes
2324 3010 2543 3084 integer
2584 3012 2865 3070 exercitus
2899 3032 2914 3068 :
2947 3014 3045 3071 sed
3090 3015 3289 3070 horum
3325 3015 3493 3071 trium
3527 3030 3665 3070 con-

393 3099 730 3167 στράτευμα,
749 3094 862 3147 ἀλλ⁹
901 3096 934 3164 ἡ
965 3093 1131 3163 τριῶν
1156 3089 1463 3163 συμφωνία,
1493 3086 1585 3144 νοῦ
1622 3086 1756 3158 πρὸς
1782 3085 1963 3154 λόγον,

392 3188 489 3238 καὶ
526 3184 685 3251 λόγου
717 3184 852 3254 πρὸς
883 3183 1157 3252 αἴσθησιν.

464 3272 562 3343 οβ’.
614 3274 679 3328 Ἦ
702 3276 801 3346 μὲν
838 3274 968 3345 ψιλὴ
1006 3274 1140 3345 εὐχὴ
1183 3273 1258 3337 ὡς
1307 3273 1469 3345 ἄρτος
1534 3268 1829 3342 ὀφθήσεται
1859 3267 1966 3327 τοῖς

394 3366 730 3436 εὐχομένοις,
795 3365 1148 3436 στηρίζουσα,
1183 3366 1217 3435 ἡ
1258 3363 1315 3417 δὲ
1356 3362 1497 3433 μετά
1531 3377 1674 3422 τινος
1709 3355 1965 3427 θεωρίας,

393 3456 471 3519 ώς
543 3456 722 3509 ἔλαιον
772 3454 1091 3508 πιαίνουσα·
1142 3455 1175 3524 ὴ
1241 3452 1298 3506 δὲ
1352 3451 1626 3514 ἁνείδεως,
1692 3448 1767 3510 ὡς
1826 3443 1965 3507 οἶνος

395 3545 603 3615 εὐώδης
632 3559 644 3573 ·
670 3537 733 3598 οὑ
755 3545 803 3597 οἱ
846 3543 1245 3616 ἔμ’ξορούμενοι
1291 3542 1581 3610 ἀπλήστως
1628 3539 1962 3606 ἐξίστανται.

446 3801 573 3863 νοτ.
614 3796 840 3864 ’Δγριος
898 3795 996 3862 μὲν
1058 3794 1198 3855 ὕνος,
1254 3792 1461 3854 πόλεως
1533 3789 1750 3856 λέγεται
1803 3786 1969 3840 πολυ-

403 3885 593 3954 οχλίας
645 3884 976 3953 καταγελᾷν,
1021 3884 1118 3937 καὶ
1165 3882 1474 3953 μονόκερως
1530 3880 1585 3933 δὲ
1616 3879 1707 3932 ὑπ’
1757 3876 1973 3939 οὐδενὸς

405 3976 725 4045 δεσμεῖσθαι
787 3975 1109 4044 δυνάμενος.
1136 3973 1282 4037 Νοῦς
1339 3973 1394 4025 δὲ
1446 3971 1684 4042 φύσεως,
1740 3970 1835 4023 καὶ
1866 3966 1973 4021 τῶν

407 4068 562 4138 παρὰ
599 4068 762 4135 φύσιν
795 4066 1124 4138 βασιλεύσας
1154 4063 1450 4134 λογισμῶν,
1486 4062 1842 4133 ματαιότητος
1876 4060 1977 4131 μὲν

406 4159 687 4227 καταγελᾷ
755 4158 1051 4227 λογισμῶν,
1126 4155 1600 4228 προσευχόμενος,
1691 4150 1823 4222 παρ’
1888 4150 1977 4203 οὑ-

404 4248 555 4312 δενδς
597 4250 653 4301 δὲ
707 4249 930 4304 δύναται
982 4249 1091 4304 τῶν
1146 4250 1251 4303 ὑπὸ
1304 4247 1558 4316 αἴσθησιν
1619 4242 1975 4309 κατεξουσιά-

407 4339 618 4405 ζεσθαι.

2081 3116 2298 3168 sensus,
2324 3109 2490 3173 atque
2517 3104 2814 3162 concordia
2847 3106 3019 3161 animi
3057 3121 3184 3162 cum
3218 3096 3456 3175 ratione,
3498 3105 3668 3162 ratio-

2085 3193 2171 3247 nis
2216 3209 2341 3248 eum
2387 3210 2575 3250 sensu.

2155 3286 2243 3340 72.
2289 3286 2480 3342 Oratio
2505 3288 2652 3343 nnda
2674 3297 2902 3345 orantes
2949 3297 3209 3359 tanquam
3251 3290 3412 3360 panis
3459 3291 3665 3347 conﬁr-

2087 3389 2217 3435 mat.
2244 3381 2377 3446 Quae
2402 3396 2529 3434 cum
2556 3381 2739 3452 aliqua
2763 3380 3537 3453 contemplationeconjuncta
3557 3395 3666 3449 est,

2088 3472 2415 3543 impingunt.
2463 3473 2597 3541 Qua:
2644 3484 2804 3530 vacat
2847 3476 3033 3545 specie
3073 3483 3130 3531 et
3167 3476 3504 3542 simulacris,
3549 3477 3668 3533 vini

2084 3566 2303 3622 odorati
2330 3567 2506 3621 instar
2526 3576 2631 3632 est,
2659 3583 2772 3639 quo
2795 3568 3016 3639 repleti,
3056 3567 3451 3625 insatiabiliter
3489 3569 3671 3626 admi-

2087 3669 2283 3716 rantur
2306 3671 2366 3717 et
2387 3662 2813 3733 obstupescunt.

2159 3755 2249 3810 75.
2275 3754 2496 3828 Onager
2518 3755 2725 3813 dicitur
2746 3757 2966 3814 turbam
2993 3757 3274 3824 deridere.
3302 3771 3360 3816 et
3386 3761 3672 3818 unicornis

2087 3868 2118 3908 a
2144 3854 2370 3911 nemine
2392 3854 2556 3926 ligari
2594 3870 2779 3925 posse.
2826 3854 3069 3927 Spiritus
3103 3866 3290 3912 autem
3336 3867 3592 3913 naturam
3616 3867 3674 3913 et

2088 3955 2303 4003 naturae
2326 3947 2637 4004 contrarias
2665 3962 2907 4018 regnans
2946 3948 3333 4020 cogitationes,
3356 3964 3498 4003 vana
3544 3950 3674 4019 qui-

2090 4038 2217 4094 dem
2248 4038 2394 4095 ridet
2415 4040 2657 4111 cogitata
2681 4038 2742 4094 in
2765 4039 3042 4107 oratione,
3069 4054 3103 4094 a
3143 4038 3297 4095 nullo
3321 4055 3455 4096 vero
3492 4040 3676 4095 sensi-

2092 4130 2288 4185 bilium
2316 4141 2502 4202 potest
2523 4132 2799 4202 superari.

479 4431 573 4486 06'.
610 4432 830 4485 Ῥάσδον
859 4432 956 4502 μὲν
985 4434 1013 4485 ὁ
1038 4431 1195 4484 κυσὶν
1237 4430 1512 4493 ὶπισείων,
1559 4429 1796 4497 ὴγρίωσε
1854 4423 1967 4479 καθ¹

2169 4409 2263 4469 74.
2304 4407 2484 4478 Super
2524 4407 2762 4464 canibus
2805 4408 3016 4480 virgam
3072 4410 3326 4479 quatiens
3371 4425 3468 4466 eos
3511 4412 3566 4466 in
3619 4426 3681 4466 se

409 4520 639 4581 ἑαυτοῦ,
716 4521 978 4591 δαίμονας
1039 4521 1120 4583 δὲ,
1198 4523 1226 4574 ὁ
1284 4519 1537 4589 καθαρῶς
1593 4513 1978 4587 ἐκϐιαζόμενος

409 4607 685 4677 εὖχεσθαι.

483 4705 575 4751 οε’.
634 4699 752 4769 Χρὴ
796 4700 886 4752 τὸν
950 4698 1370 4769 ἀγωνιζόμενον.
1436 4699 1534 4769 τὴν
1572 4699 1671 4768 μὲν
1728 4696 1979 4761 αἴσθησιν

410 4788 597 4851 αὑτοῦ,
630 4790 709 4851 είς
741 4789 839 4858 τὴν
885 4789 1132 4858 μονοειδῆ
1183 4788 1492 4841 συστέλλειν
1531 4786 1758 4858 τροφὴν,
1804 4786 1895 4838 τὸν
1925 4785 1980 4838 δὲ

412 4877 557 4940 νοῦν,
590 4879 669 4940 είς
724 4879 824 4948 τὴν
884 4879 1262 4947 μονολόγιστον
1299 4879 1626 4948 προσευχήν.
1666 4876 1822 4930 Οὕτω
1874 4876 1981 4945 γὰρ

411 4964 641 5035 ἄσχετος
660 4966 899 5034 γεγονὼς
924 4969 988 5019 ἐκ
1024 4966 1230 5027 παθῶν,
1258 4968 1351 5018 καὶ
1387 4966 1481 5017 ἐπὶ
1526 4965 1587 5017 τὸ
1643 4963 1983 5034 ἁρπάζεσθαι

417 5056 553 5125 πρὸς
583 5057 787 5128 Κύριον
815 5058 936 5127 ἡξει
968 5060 1024 5110 ὲν
1071 5056 1149 5126 τῷ
1182 5056 1600 5129 προσεύχεσθαι.

485 5142 594 5209 ος’.
622 5148 685 5199 Ol
715 5147 814 5216 μὲν
841 5148 1137 5217 ήδυπαθεῖς
1166 5147 1614 5215 προσευχόμενοι,
1647 5146 1741 5199 ατε
1765 5142 1988 5207 ὑλώδεις

412 5235 586 5298 ὄντες,
619 5237 694 5300 ώς
744 5237 1047 5307 βατράχους
1097 5237 1278 5307 ἔχουσι
1322 5239 1446 5300 τοὺς
1489 5237 1780 5307 λογισμοὺς
1833 5253 1988 5306 περι-

418 5325 671 5388 σπῶντας
694 5327 892 5389 αύτούς
924 5342 937 5355 ·
974 5328 1021 5380 οἱ
1071 5327 1127 5381 δὲ
1153 5328 1559 5396 μετριοπαθεϊς,
1610 5330 1711 5391 τὰς
1757 5328 1989 5398 θεωρίας

415 5415 755 5490 ώςῠὰηδόνας
788 5419 1237 5491 κατατερπούσας
1284 5420 1499 5486 αὐτοὺς,
1559 5423 1648 5491 τῇ,
1683 5420 1778 5474 ἀπ’
1818 5420 1989 5474 ἄλλων

419 5514 503 5590 εις
529 5511 722 5577 ἄλλους
761 5513 1100 5584 ἀκρέμονας,
1131 5516 1396 5580 τουτέστι,
1442 5516 1693 5578 ποικίλας
1740 5517 1986 5586 θεωρίας,

498 5724 543 5757 ¹¹
573 5723 720 5781 l’sal.
755 5741 883 5793 cm,
920 5729 1009 5782 ll.
1084 5731 1130 5763 ³⁸
1161 5728 1276 5784 Jos.
1309 5745 1364 5783 Χ.

792 5821 1070 5885 Ριτιιοι..
1114 5824 1231 5885 Gn.
1276 5824 1594 5885 CXXVII.

2097 4505 2305 4572 irritat,
2355 4507 2636 4561 daemones
2693 4513 2876 4560 autem
2916 4504 3012 4577 qui
3059 4519 3255 4575 puram
3296 4504 3501 4561 oﬂerre
3552 4521 3678 4560 ora-

2100 4600 2305 4655 tionem
2329 4597 2546 4653 nititur.

2172 4694 2259 4747 75.
2316 4691 2662 4747 Certatorem
2710 4705 2940 4747 necesse
2984 4698 3072 4746 est
3125 4704 3351 4749 sensum
3395 4705 3562 4749 suum
3610 4690 3676 4747 ad

2098 4785 2407 4857 simplicem
2455 4795 2513 4840 et
2568 4783 2899 4840 uniformem
2959 4784 3276 4839 alimoniam
3325 4783 3679 4846 contrahere,

2099 4889 2343 4935 mentem
2370 4886 2555 4934 autem
2580 4877 2651 4933 ad
2672 4878 3009 4943 orationem,
3046 4876 3137 4933 cui
3162 4892 3223 4933 se
3249 4876 3541 4933 distractio
3567 4891 3679 4930 non

2101 4972 2422 5029 admisceat.
2453 4971 2548 5028 Sic
2575 4971 2725 5031 enim
2758 4970 3111 5042 passionibus
3132 4971 3427 5041 expeditus
3455 4985 3521 5025 ac
3539 4968 3684 5025 liber

2098 5081 2168 5121 eo
2196 5065 2406 5128 veniet.
2440 5072 2501 5120 ut
2532 5065 2677 5119 inter
2700 5078 2897 5135 preces
2924 5063 2994 5119 ad
3020 5061 3316 5119 Dominum
3348 5062 3618 5132 rapiatur.

2170 5160 2257 5215 76.
2288 5156 2600 5213 Libidinosi
2644 5157 2703 5212 in
2749 5155 2983 5222 orando,
3019 5165 3213 5226 utpote
3261 5155 3602 5219 materiales,
3647 5170 3681 5211 a

2095 5247 2531 5321 cogitationibus
2573 5247 2728 5304 velut
2757 5262 2789 5302 a
2821 5245 2972 5303 ranis
3007 5246 3370 5303 divelluntur.
3400 5245 3514 5309 Eos
3544 5260 3682 5302 vero

2095 5341 2191 5411 qui
2217 5339 2490 5397 moderati
2513 5347 2644 5395 sunt
2666 5339 2722 5394 in
2747 5339 3169 5410 cupiditatibus,
3187 5338 3687 5410 contemplationes

2098 5444 2159 5488 ut
2206 5432 2455 5489 luscinia:
2508 5432 2807 5498 delectant,
2840 5431 2911 5488 de
2958 5433 3128 5490 ramis
3172 5433 3230 5488 in
3273 5447 3481 5497 ramos,
3511 5431 3568 5487 id
3599 5439 3688 5485 est

2102 5527 2163 5581 in
2219 5527 2405 5583 varias
2460 5526 2963 5596 contemplationes
3017 5524 3383 5582 transeundo.
3437 5522 3689 5594 Denique

3270 5822 3352 5886 3'1
