3958 6204
326 134 462 198 1163

1732 127 1927 185 ΕΙ.ῐῶ
1967 124 2214 185 ECDiCl

3459 120 3616 187 liti

323 244 758 318 impassibilibus
820 252 961 296 mest
1011 241 1294 296 silentium
1341 250 1397 294 et
1447 239 1617 293 multa
1659 237 1818 307 quies
1866 252 1896 291 a

2048 235 2336 289 ιεταϐἀσει.
2369 236 2501 305 Σιγὴ
2527 235 2584 287 δὲ
2622 233 2877 305 πρόσεστι
2900 236 3010 297 τοῖς
3042 234 3298 298 ἀπαθέσι,
3338 234 3435 287 καὶ
3462 235 3603 303 ἠρε-

321 340 540 396 cunctis
584 337 983 408 cogitationum
1028 331 1488 389 distractionibus
1517 331 1574 386 in
1620 329 1893 386 oratione.

392 527 479 579 77.
536 525 678 580 Olim
730 521 889 578 seror
935 519 1136 591 Moysis
1196 517 1385 579 Maria.
1442 516 1688 571 hostium
1745 513 1900 570 clade

319 619 460 673 visa.
501 626 818 686 tympanum
875 626 1121 676 sumens,
1176 608 1570 664 cantatricibus
1610 606 1902 678 prtecinuit

319 708 563 762 victoriae
607 706 918 769 canticum;
954 719 1101 758 nunc
1146 716 1279 755 vero
1323 702 1389 755 ad
1437 698 1656 754 laudem
1705 698 1901 754 animae

319 799 682 869 cupiditatum
709 796 975 859 victricis,
997 793 1282 849 ardentior
1303 791 1358 845 in
1379 789 1678 845 virtutibus
1701 788 1902 844 caritas

318 892 578 955 excitata,
622 888 883 944 manibus
931 886 1168 942 assumit
1216 883 1494 939 theoriam
1538 882 1692 937 velut
1720 880 1897 936 citita-

319 1000 455 1043 ram,
477 998 544 1037 eo
582 982 952 1052 pulchriorem
986 978 1131 1049 quod
1165 977 1376 1047 magnis
1419 982 1600 1045 empta
1631 982 1717 1029 est
1744 974 1901 1029 labo-

321 1076 496 1141 ribus,
534 1074 699 1143 eique
751 1082 975 1127 cantum
1027 1069 1315 1133 maritans,
1368 1082 1478 1122 non
1534 1056 1738 1122 desinit
1775 1081 1899 1121 cum

318 1167 485 1220 sociis
517 1166 801 1221 exsultans
848 1165 1075 1220 laudare
1107 1163 1299 1218 Deum.

391 1260 481 1314 78.
547 1258 778 1325 Quando
842 1256 1106 1312 continua
1182 1255 1433 1309 oratione
1501 1260 1903 1308 conservantur

323 1356 660 1423 psalmorum
697 1352 921 1407 oracuta
972 1351 1026 1404 in
1063 1349 1231 1405 corde
1278 1347 1509 1412 orantis,
1559 1356 1711 1412 tunc,
1753 1346 1904 1400 velut

324 1450 465 1501 bona
516 1457 684 1513 terra,
723 1446 826 1499 hoc
867 1445 1061 1514 incipit
1093 1443 1241 1497 ultro
1274 1444 1603 1512 producere,
1644 1448 1703 1493 ut
1749 1454 1902 1493 rosas

321 1537 847 1609 contemplationem
908 1552 1095 1592 rerum
1151 1535 1618 1606 incorporalium;
1661 1543 1720 1586 ut
1763 1533 1898 1595 lilia,

323 1631 593 1699 fulgorem
625 1645 959 1699 corporum;
1000 1636 1061 1683 ut
1088 1628 1286 1694 violas,
1319 1626 1635 1681 divinorum
1662 1624 1901 1697 judicio-

326 1721 446 1774 rum
476 1721 799 1775 varietatem
831 1729 887 1774 et
918 1719 1337 1775 obscuritatem.

397 1887 480 1941 79.
503 1887 561 1940 in
587 1884 811 1941 materia
838 1885 1095 1954 alligatus
1131 1882 1273 1954 ignis
1295 1883 1518 1937 Lucifer
1545 1881 1813 1949 efﬁcitur;
1838 1898 1903 1938 cx

326 1978 557 2033 tnateria
574 1985 761 2032 autem
781 1979 997 2032 solutus
1024 1978 1244 2030 animus
1265 1975 1453 2030 Deifer
1477 1974 1779 2028 invenitur.
1812 1974 1905 2029 ille

323 2072 763 2141 ascenditusque
792 2070 858 2124 ad
888 2069 1350 2132 combustionem,
1378 2068 1469 2121 hic
1486 2080 1658 2137 usque
1680 2067 1746 2121 ad
1773 2081 1907 2122 con-

326 2162 748 2218 summationem
772 2160 977 2216 amoris
1005 2158 1200 2214 divini.

397 2324 485 2380 80.
509 2327 706 2382 Anima
731 2340 853 2394 quae
881 2337 1003 2379 sese
1030 2320 1275 2392 perfecte
1300 2319 1616 2390 abnegavit,
1641 2333 1706 2373 ac
1737 2326 1905 2374 totam

325 2436 386 2479 se
415 2419 653 2475 orationi
685 2417 857 2483 dedit,
887 2430 1013 2470 cum
1049 2413 1305 2483 superior
1344 2411 1417 2466 sit
1460 2410 1763 2471 creatione,
1799 2422 1907 2461 non

325 2513 547 2583 quando
580 2511 687 2567 sibi
715 2510 899 2580 placet
926 2505 1157 2561 inferior
1197 2503 1277 2569 fit,
1313 2503 1407 2558 sed
1438 2500 1661 2572 quando
1687 2513 1906 2569 aequum

325 2605 547 2659 videtur
588 2602 668 2658 illi
702 2602 799 2672 qui
841 2596 1025 2655 omnia
1066 2606 1254 2653 nostra
1283 2595 1339 2650 in
1374 2593 1618 2664 pondere
1648 2599 1705 2648 et
1748 2605 1907 2645 men-

327 2713 456 2751 sura
486 2695 754 2764 disponit.
1904 2688 1908 2692 ’

400 2785 488 2839 8|.
532 2783 671 2840 Cum
716 2799 781 2839 ex
831 2784 1014 2838 anima
1073 2780 1303 2851 expulsa
1358 2786 1445 2832 est
1495 2775 1706 2839 acedia,
1742 2783 1800 2829 et
1841 2789 1908 2829 ex

330 2888 516 2934 mente
553 2877 764 2933 malitia
820 2884 906 2932 est
957 2888 1208 2936 excussa,
1259 2882 1391 2928 tunc
1444 2869 1675 2939 Spiritus
1725 2867 1910 2922 nudus

330 2972 568 3027 eﬂ‘ectus
623 2968 981 3040 simplicitate
1030 2966 1267 3034 vitaeque
1314 2962 1576 3025 candore,
1608 2967 1662 3015 et
1709 2969 1913 3016 exutus

331 3063 612 3118 destinato
651 3058 927 3131 pudendis
964 3056 1223 3128 tegmine,
1254 3062 1441 3109 cantat
1488 3053 1603 3124 ipse
1634 3052 1911 3107 canticum

331 3139 538 3211 novum
583 3154 720 3221 Deo,
754 3162 812 3208 et
842 3151 1047 3224 gratias
1084 3149 1218 3220 agit,
1254 3155 1584 3205 concentum
1619 3145 1675 3200 in
1723 3144 1913 3200 laetitia

250 3314 257 3317 _
332 3242 626 3302 modulans
680 3243 747 3300 ad
797 3241 1183 3299 celebrandam
1236 3240 1363 3296 vitae
1422 3237 1622 3294 futurae
1684 3236 1913 3293 dedica-

334 3345 560 3396 tionem.
1084 3350 1087 3353 ‘

401 3433 491 3489 82.
529 3434 666 3489 Cum
690 3432 745 3488 in
778 3430 1082 3487 diviniores
1114 3427 1349 3484 virtutes
1382 3423 1720 3480 invalescere
1746 3421 1914 3493 coepit

331 3529 513 3582 anima
534 3540 719 3587 orans.
740 3533 871 3578 tunc
897 3533 952 3579 et
979 3522 1117 3591 ipsa,
1143 3520 1284 3575 sicut
1313 3532 1512 3586 sponsa
1534 3514 1912 3581 Canticorum,

331 3617 397 3671 ad
439 3617 565 3670 vitae
604 3615 783 3668 socias
817 3610 954 3665 dicit
988 3627 1002 3663 :
1039 3629 1056 3660 ι
1097 3609 1338 3663 Dilectus
1395 3623 1549 3663 meus
1596 3605 1749 3662 misit
1799 3620 1916 3659 ma-

334 3725 464 3764 num
496 3722 651 3763 suam
685 3722 783 3775 per
818 3704 1091 3769 foramen,
1126 3710 1182 3759 et
1212 3712 1404 3758 venter
1436 3717 1593 3757 meus
1628 3698 1915 3756 intremuit

277 3842 285 3847 ι
331 3800 399 3856 ad
440 3807 642 3855 tactum
675 3798 794 3869 ejus
823 3795 914 3851 ¹¹⁶.
953 3815 973 3849 ι

403 3965 494 4021 85.
538 3964 611 4021 Ut
661 3963 822 4019 miles
862 3978 893 4018 e
926 3959 1071 4017 bello
1132 3960 1308 4016 redux
1359 3974 1644 4015 armorum
1694 3957 1916 4029 pondus

333 4061 508 4124 exuit,
552 4059 625 4113 ita
679 4057 958 4128 practicus
1011 4055 1325 4121 ratiocinia,
1377 4053 1469 4109 ubi
1522 4052 1590 4108 ad
1645 4051 1916 4121 theoriam

332 4152 609 4223 pervenit.
639 4149 833 4219 Neque
859 4148 1006 4202 enim
1042 4147 1157 4214 ille,
1186 4147 1293 4202 nisi
1325 4146 1379 4201 in
1421 4143 1586 4210 bello,
1617 4145 1789 4200 armis
1831 4143 1917 4198 in-

333 4242 506 4314 diget,
564 4256 745 4311 neque
797 4240 889 4295 hic
936 4238 1265 4303 ratiociniis,
1301 4236 1407 4291 nisi
1460 4237 1517 4291 in
1565 4236 1909 4292 sensibilium
1945 4264 1988 4319 ο

333 4334 482 4406 fuga.

405 4519 495 4575 84.
546 4516 793 4573 Practici
831 4528 1127 4586 corporum
1160 4511 1491 4584 positionem
1537 4513 1907 4576 considerant,

332 4627 398 4667 ac
443 4606 737 4668 theoretici
785 4622 979 4665 eorum
1028 4615 1311 4671 naturam;
1364 4603 1658 4674 utriusque
1726 4610 1911 4657 autem

333 4701 581 4758 rationes
615 4699 719 4756 soli
753 4698 944 4753 vident
988 4695 1245 4768 gnostici.

410 4887 501 4943 85.
552 4887 612 4941 in
663 4883 973 4941 rationibus
1020 4894 1316 4951 corporum
1371 4885 1748 4951 agnoscuntur
1794 4891 1916 4946 qtue

335 4994 465 5043 sunt
488 4978 856 5049 incorporalia
875 4995 891 5045 ;
909 4977 965 5031 in
990 4974 1433 5044 incorporalibus
1450 4979 1657 5031 autem,
1674 4967 1912 5024 Verbum

334 5075 892 5148 supersubstantiale,
928 5072 998 5127 ad
1040 5070 1186 5142 quod
1220 5075 1479 5140 properat
1510 5064 1691 5120 omnis
1734 5065 1915 5118 anima

334 5173 565 5242 cupiens
589 5168 839 5225 dissolvi.

406 5264 497 5317 86.
534 5261 799 5318 Rationes
843 5256 1269 5327 incorporalium
1319 5260 1450 5309 sunt
1485 5252 1640 5306 velut
1688 5265 1811 5306 ossa
1859 5250 1915 5305 in
1984 5293 1990 5297 ‹

336 5354 698 5410 sensibilibus
750 5349 1109 5413 absconditae,
1142 5357 1199 5402 et
1242 5346 1434 5401 oculos
1480 5343 1698 5414 fugiunt
1721 5357 1913 5397 eorum

332 5447 429 5517 qui
459 5461 573 5501 non
594 5446 851 5500 exierunt
875 5459 942 5499 ex
969 5440 1272 5512 cupiditate
1293 5438 1661 5495 sensibilium.

409 5630 476 5665 ”'
506 5630 667 5687 Cant.
697 5641 749 5697 ν,
778 5628 835 5685 4.

2028 328 2125 397 μία
2149 325 2312 380 πολλὴ
2344 327 2407 379 ἐκ
2445 325 2743 395 λογισμῶν,
2774 323 2870 377 καὶ
2896 322 3182 394 νοημάτων
3213 324 3268 376 ἐν
3301 321 3381 391 τῷ
3414 338 3596 375 uoco-

2023 415 2294 488 εὐχεσθαι.

2095 509 2190 576 οζθ.
2222 509 2395 563 Πάλαι
2420 510 2519 578 μέν
2536 509 2568 579 ή
2586 506 2677 561 τοῦ
2701 506 2942 569 Μωσέως
2980 506 3166 577 Μαρία
3189 504 3296 560 τῶν
3320 505 3606 574 πολεμίων

2026 600 2125 674 τὴν
2191 600 2397 654 πτῶσιν
2457 598 2809 668 θεασαμένη,
2866 598 2929 650 τὸ
2977 598 3261 667 τύμπανον
3316 596 3602 667 ἀραμένη,

2026 694 2223 764 ἐξῆρχε
2249 694 2367 753 ταῖς
2398 689 2647 762 ᾀδούσαις
2678 689 2746 742 τὰ
2770 688 3007 740 ἐπινίκια
3039 702 3054 717 ⁶
3090 691 3207 741 νυνὶ
3229 685 3284 739 δὲ
3318 688 3396 747 είς
3424 687 3605 755 εὐφη-

2032 786 2159 856 μίαν
2181 785 2278 856 τῆς
2316 783 2617 853 νικησάσης
2647 780 2716 833 τὰ
2740 779 2886 850 πάθη
2912 779 3111 850 ψυχῆς,
3163 781 3196 849 ἡ
3240 779 3507 849 κρείττων
3542 779 3606 829 ἐν

2029 876 2249 947 ἀρεταῖς
2276 873 2465 942 ἀγάπη
2497 869 2855 941 διεγερθεῖσα,
2884 869 2980 940 τὴν
3022 869 3140 938 μετ’
3171 867 3313 938 ᾠδῆς
3361 868 3605 936 κιθάραν

2027 967 2105 1032 ὥς
2134 983 2258 1021 τινα
2286 965 2518 1034 Θεωρίαν
2551 959 3035 1032 μεταχειριζομένη
3060 960 3251 1030 ταύτῃ,
3284 959 3451 1012 πάλαι
3496 960 3607 1027 τὴν

2026 1058 2352 1130 πονηθεϊσαν
2377 1055 2455 1118 είς
2485 1052 2712 1113 κάλλους
2743 1049 3083 1121 περιουσίαν,
3115 1050 3175 1102 οὐ
3213 1050 3449 1102 παύεται
3494 1052 3603 1102 σὺν

2024 1152 2148 1216 ταις
2179 1147 2306 1219 περὶ
2331 1144 2429 1200 αὐτ
2440 1145 2504 1215 ὴν
2532 1141 2914 1212 ἀγαλλιωμένη
2938 1142 3105 1195 αἰνεῖν
3133 1141 3222 1195 τὸν
3249 1140 3403 1193 Θεόνο

2099 1262 2202 1319 οην.
2245 1247 2477 1300 Ὀπόταν
2503 1249 2786 1316 συνεχείας
2808 1245 2907 1315 τῆς
2931 1244 3069 1299 κατὰ
3111 1242 3211 1314 τὴν
3237 1245 3400 1316 εὐχὴν
3435 1263 3611 1301 κατα-

2033 1340 2195 1411 σχεθῇ
2228 1338 2293 1392 τά
2318 1338 2476 1405 λόγια
2494 1336 2603 1390 τῶν
2633 1335 2865 1405 ψαλμῶν
2890 1337 2947 1388 ἐν
2974 1337 3039 1405 τῇ
3078 1336 3273 1406 καρδίᾳ
3305 1335 3399 1389 τοῦ
3442 1338 3612 1407 εὐχο-

2033 1431 2214 1501 μένου,
2245 1429 2366 1481 τότε
2391 1428 2483 1481 καὶ
2515 1426 2652 1498 αὐτὴ
2695 1428 2728 1497 ἡ
2754 1426 2824 1495 γῆ
2850 1424 3097 1497 καθάπερ
3121 1425 3321 1495 ἀγαθὴ,
3372 1426 3612 1498 ἄρχεται

2030 1519 2310 1590 αὐτομάτη
2339 1517 2630 1587 ἀναφέρειν
2655 1532 2669 1546 ⁶
2702 1517 2778 1580 ὡς
2801 1516 2897 1585 μὲν
2927 1516 3075 1586 ῥόδα,
3098 1517 3196 1585 τὴν
3224 1515 3455 1586 θεωρίαι
3490 1519 3609 1570 τῶν

2031 1610 2358 1681 ἀσωμάτων,
2388 1609 2461 1672 ὡς
2490 1610 2548 1662 δέ
2577 1609 2757 1678 κρίνα,
2797 1608 2865 1661 τὰ
2896 1607 3140 1678 τηλαυγῆ
3164 1607 3273 1660 τῶν
3301 1607 3604 1676 σωμάτων,

2029 1701 2103 1765 ὡς
2131 1701 2188 1754 δὲ
2221 1700 2299 1765 ἴα,
2325 1700 2385 1752 τδ
2401 1699 2641 1753 ποικίλον
2668 1699 2773 1750 τῶν
2802 1697 2960 1751 θείων
2986 1697 3267 1769 κριμάτων
3306 1699 3401 1752 καὶ
3454 1697 3595 1751 δυσ-

2034 1790 2330 1862 θεώρητον.

2100 1880 2198 1934 οθν.
2233 1882 2321 1933 Ἐν
2342 1880 2441 1952 ὕλῃ
2457 1881 2553 1950 μὲν
2569 1880 2924 1950 δεσμευθεῖσα
2948 1879 3098 1948 φλὸξ,
3122 1878 3430 1950 φωτοφόρος
3456 1877 3601 1934 καθ-

2034 1974 2266 2028 ίσταται.
2307 1972 2396 2039 Ἐξ
2431 1972 2560 2043 ὕλης
2605 1974 2662 2025 δὲ
2714 1973 2933 2025 λυθεῖσα
2987 1970 3168 2041 ψυχὴ,
3206 1970 3461 2042 θεοφόρος
3507 1974 3604 2024 εὐ-

2033 2067 2299 2136 ρίσκεται,
2332 2065 2559 2135 κάκείνη
2584 2064 2835 2134 αἴρεσθαι
2860 2062 3120 2130 πέφυκεν,
3152 2061 3279 2132 ἄχρι
3306 2061 3398 2114 τοῦ
3430 2062 3607 2114 ὑπεκ-

2039 2155 2350 2225 καύματος,
2378 2154 2519 2224 αὕτη
2545 2154 2624 2219 δὲ,
2661 2152 2821 2224 μέχρι
2842 2150 2934 2205 τοῦ
2977 2150 3119 2203 κατά
3146 2149 3237 2202 τὸν
3258 2149 3397 2202 θεῖον
3421 2148 3607 2221 ἔρωτα

2033 2249 2516 2319 συμπεράσματος.

2103 2344 2176 2391 π’.
2214 2338 2285 2391 Ἥ
2322 2336 2540 2400 τελείως
2570 2335 2766 2407 ἑαυτὴν
2794 2332 3148 2407 ἀρνησαμίνη
3174 2331 3341 2402 ψυχὴ,
3368 2332 3463 2383 καὶ
3484 2328 3602 2382 ὀλι-

2033 2431 2142 2495 κῶς
2164 2429 2489 2484 ἀναταθεῖσα
2519 2428 2654 2499 πρὸς
2684 2426 3009 2498 προσευχὴν,
3054 2424 3192 2496 αὕτη
3222 2424 3321 2492 οὐχ
3347 2422 3434 2475 ὅτε
3466 2421 3561 2490 βού
3579 2448 3603 2459 ο

2033 2521 2181 2576 λεται
2252 2522 2403 2578 κάτω
2482 2521 2725 2589 γίνεται,
2785 2520 2988 2573 ἄνωθεν
3078 2515 3436 2588 εὐρισκομένη
3498 2516 3605 2584 τῆς

2032 2615 2280 2682 κτίσεως,
2349 2614 2462 2667 ἀλλ’
2508 2616 2596 2667 ὅτε
2658 2613 2864 2666 δίκαιον
2895 2607 3034 2666 εἶναι
3082 2612 3246 2679 δόξει,
3299 2610 3377 2681 τῷ
3419 2610 3602 2664 πάντα

2035 2701 2258 2773 σταθμῷ
2290 2703 2386 2755 καὶ
2415 2700 2599 2772 μέτρῳ
2627 2699 2929 2769 διεξάγοντι
2962 2701 3030 2754 τὰ
3057 2700 3318 2771 ἡμέτερα.

2100 2797 2209 2846 aut!
2251 2793 2417 2846 Ὂταν
2455 2793 2518 2845 ἐκ
2541 2791 2719 2862 ψυχῆς
2739 2791 2837 2862 μὲν
2856 2789 3055 2861 ἀκηδία
3078 2789 3322 2860 ἀπελαθῇ
3345 2828 3360 2855 ,
3392 2788 3455 2842 ἐκ
3478 2786 3603 2841 δια-

2033 2885 2180 2945 νοίας
2209 2884 2262 2937 δὲ
2292 2884 2325 2952 ἠ
2370 2883 2604 2953 πονηρία
2635 2882 2947 2953 ἐκτιναχθῇ,
3004 2882 3123 2935 τότε
3153 2881 3181 2935 6
3219 2882 3343 2943 νοῦς
3391 2878 3600 2948 γυμνὸς

2033 2973 2321 3041 γενόμενος
2347 2974 2413 3042 τῇ
2436 2971 2716 3041 ἁπλότητι,
2739 2971 2851 3043 ζωῇ
2876 2988 2933 3023 τε
2967 2973 3032 3041 τῇ
3067 2970 3296 3042 ἀτέχνῳ,
3332 2969 3425 3021 καὶ
3471 2967 3600 3038 δίχα

2034 3063 2231 3125 παντὸς
2281 3063 2373 3115 τοῦ
2450 3063 2589 3117 κατὰ
2645 3061 2744 3131 τὴν
2793 3062 3053 3133 αίσχύνην
3126 3058 3596 3129 ἐπικαλύμματος,

2033 3148 2184 3223 ᾆσμα
2216 3152 2313 3224 μὲν
2340 3152 2455 3224 ᾅδει
2480 3154 2576 3206 καὶ
2601 3148 2753 3216 οὗτος
2780 3152 2962 3205 καινὸν
2994 3151 3070 3221 τῷ
3092 3149 3230 3220 Θεῷ,
3288 3148 3601 3220 εὐχαριστεῖ

2033 3243 2090 3295 δέ
2121 3242 2284 3312 μέλος
2318 3243 2754 3311 ἀνακρουόμενος
2784 3244 2842 3295 ἐν
2865 3242 3169 3312 εὐφροσύνῃ
3199 3238 3278 3309 τῷ
3326 3241 3424 3309 τῆς
3467 3241 3599 3310 μελ-

2033 3330 2230 3399 λούσης
2256 3330 2323 3384 τά
2355 3332 2605 3399 ἐγκαίνια
2643 3330 2918 3400 ἑορτάζειν
2953 3331 3212 3399 βιώσεως.

2107 3420 2214 3491 πβ’.
2244 3421 2415 3475 ’Θταν
2456 3423 2535 3486 είς
2595 3420 2871 3492 θειοτέρας
2927 3421 3202 3489 ἐνεργείας
3255 3418 3599 3489 ἐνεργεῖσθαι

2035 3510 2288 3581 ἄρξηται,
2320 3513 2353 3582 ἠ
2386 3512 2651 3582 εὐχομένη
2687 3512 2854 3583 ψυχὴ,
2882 3512 3000 3565 τότε
3024 3513 3116 3564 καὶ
3144 3511 3303 3581 αὐτὴ,
3335 3500 3475 3563 κατά
3497 3510 3604 3577 τὴν

2036 3602 2094 3656 ἐν
2122 3603 2361 3675 ’ᾼσματι
2394 3603 2631 3673 νύμφην,
2668 3605 2802 3674 πρὸς
2834 3604 2930 3666 τάς
2956 3602 3346 3674 ὁμοιοτρόπους
3372 3600 3605 3655 τοιαῦτα

2038 3694 2334 3762 ὐποφωνεῖ,
2385 3711 2402 3743 ι
2452 3691 2793 3761 Ἀδελφιδοῢς
2846 3709 2946 3761 μου
2996 3691 3279 3745 ἀπέστειλε
3312 3692 3410 3762 τὴν
3445 3693 3610 3761 χεῖρα

2038 3783 2201 3839 αὐτοῦ
2239 3778 2344 3838 ἀπὸ
2364 3784 2460 3855 τῆς
2506 3785 2665 3854 όπῆς,
2713 3782 3057 3852 καὶὴκοιλία
3107 3799 3210 3852 μου
3257 3781 3485 3853 ἐθροήθη
3509 3782 3605 3836 ἐπ’

2036 3875 2216 3929 αὐτόν.
2246 3894 2264 3926 ι

2111 3971 2219 4032 πγ’.
2262 3966 2372 4019 Καὶ
2397 3966 2732 4036 στρατιώτης
2755 3966 2820 4018 ἐκ
2848 3965 2941 4018 τοῦ
2965 3964 3201 4034 πολέμου
3231 3963 3605 4029 ἐπαναλύσας,

2036 4054 2095 4108 τὺ
2126 4054 2289 4127 βάρος
2313 4055 2418 4108 τῶν
2443 4055 2623 4110 ὅπλων
2653 4054 3105 4120 ὰποσκευάξεται,
3153 4056 3247 4109 καὶ
3298 4056 3604 4125 πρακτικὸς

2035 4139 2161 4209 τοὺς
2193 4146 2506 4217 λογισμοὺς,
2556 4148 2636 4209 είς
2684 4144 2917 4216 θεωρίαν
2968 4146 3277 4216 ἐρχόμενος.
3329 4145 3465 4199 Οὔτε
3493 4147 3608 4216 γὰρ

2037 4240 2261 4303 ἐκεῖνος,
2299 4242 2347 4291 εί
2375 4238 2448 4308 μὴ
2481 4241 2536 4291 ἐν
2570 4239 2810 4309 πολέμῳ,
2868 4239 3055 4310 χρείαν
3092 4239 3201 4309 ἔχει
3252 4241 3359 4293 τῶν
3401 4240 3605 4300 ὃπλων.

2036 4326 2159 4380 οὐτε
2186 4321 2335 4390 οὗτοε,
2356 4326 2463 4379 τῶν
2489 4327 2781 4396 λογισμῶν,
2814 4329 2863 4381 εί
2888 4328 2963 4398 μὴ
2986 4327 3347 4399 ὑποχωριάζει
3368 4330 3478 4391 τοῖς
3500 4328 3606 4382 ὑπὸ

2038 4416 2309 4485 αἴσθησιν.

2107 4503 2210 4557 πδ’.
2235 4506 2296 4559 Oi
2326 4505 2424 4575 μὲν
2456 4507 2749 4575 πρακτικοὶ
2777 4506 2852 4568 ὡς
2882 4505 3062 4576 ἔχουσι
3091 4504 3288 4569 θέσεως
3337 4505 3604 4575 θεωροῦσι

2033 4598 2103 4650 τὰ
2135 4595 2392 4667 σώματα,
2444 4596 2490 4646 οί
2545 4594 2601 4646 δέ
2657 4592 2980 4663 θεωρητικοὶ
3006 4593 3080 4657 ὡς
3119 4594 3302 4664 ἔχουσι
3337 4593 3551 4661 φύσεως
3581 4611 3597 4624 ο

2040 4686 2192 4756 μόνοι
2239 4684 2295 4737 δὲ
2337 4682 2463 4744 τοὺς
2501 4681 2691 4748 λόγους
2740 4679 3064 4750 ἀμφοτέρων
3107 4678 3308 4749 ὁρῶσιν
3362 4680 3410 4731 οι
3461 4694 3606 4745 γνω-

2037 4778 2228 4831 στικοί.

2107 4899 2210 4946 πε’.
2253 4893 2339 4944 Ἐν
2369 4891 2467 4960 μὲν
2494 4892 2603 4952 τοῖς
2634 4889 2813 4955 λόγοις
2842 4888 2949 4941 τῶν
2980 4887 3271 4954 σωμάτων,
3311 4883 3600 4951 γινώσκονο

2038 5001 2126 5037 ται
2154 4984 2221 5037 τὰ
2245 4981 2536 5050 ἀσώματα,
2562 4982 2621 5032 ἐν
2651 4980 2967 5049 ἀσωμάτοις
2989 4978 3066 5041 δὲ,
3090 4978 3118 5029 6
3147 4977 3300 5043 λόγος
3317 4977 3345 5027 ό
3367 4975 3604 5043 ὐπερού-

2038 5094 2171 5141 σιος,
2207 5075 2343 5147 πρὸς
2392 5075 2451 5127 ὃν
2502 5071 2784 5140 ἐπείγεται
2810 5071 2959 5125 πᾶσα
3023 5068 3287 5122 σπουδαία
3337 5068 3602 5121 ἀναλῦσαι

2036 5165 2205 5236 iuxti-

2105 5253 2223 5320 πς’.
2260 5255 2323 5308 Οί
2354 5254 2501 5323 λόγοι
2521 5251 2630 5306 τῶν
2673 5250 2999 5321 ἀσωμάτων,
3038 5248 3115 5312 ὡς
3171 5248 3304 5301 ὀστᾶ
3349 5248 3455 5300 εἰσι
3492 5248 3606 5308 τοῖς

2036 5346 2314 5414 αἰσθητοῖς
2362 5341 2882 5409 ἐπικαλυπτόμενοι,
2937 5337 3029 5402 οὓς
3086 5338 3175 5410 ῐδῃ
3229 5332 3441 5404 οὐδεὶς,
3495 5338 3607 5389 τῶν

2035 5436 2140 5501 ἔξω
2172 5435 2246 5505 μὴ
2302 5432 2612 5503 γενομένων
2671 5431 2770 5502 τῆς
2818 5428 3188 5497 προσπαθείας
3247 5428 3357 5481 τῶν
3416 5426 3603 5497 αἰσθηι

2034 5546 2138 5580 των
2145 5567 2158 5581 ο
