4032 6198
407 394 542 460 lim

1569 371 1960 432 GNOSTICAZ
2003 365 2469 427 SENTENTIE.

3497 354 3642 422 1170

408 507 779 583 θεωρητικῶν,
842 500 1174 576 περιπεζίων
1240 498 1540 568 ὑπερόπται
1594 491 1960 563 θεωρημάτων

2102 477 2434 547 agitationes
2493 471 2804 542 despiciunt
2849 471 3061 542 objecta
3096 467 3221 525 sub
3268 468 3503 541 pedibus
3557 472 3643 536 ia-

409 605 785 661 καθίστανται.

480 691 587 763 ρςν,
644 688 799 742 Βάλοι
841 686 941 756 μὲν
996 682 1209 751 δρόσου,
1249 681 1352 747 γῆς
1390 676 1750 747 μεθύσκουσιν
1786 668 1966 724 ἀὐλα-

2073 572 2275 627 centia.

2146 662 2268 719 106.
2298 662 2479 717 Guttae
2530 659 2674 715 roris
2727 668 2888 715 terra:
2940 657 3124 713 sulcos
3183 656 3482 721 inebriant,
3515 657 3648 712 οπο-

409 751 542 847 καςἶ
580 751 852 840 διαθέσεις
895 775 954 829 δὲ
978 773 1157 843 ψυχῆς
1198 773 1257 825 ὲν
1288 771 1444 840 εὐχῇ,
1492 766 1748 837 ἔμϐροχοι
1782 778 1969 816 στενα-

2102 757 2288 812 tiones
2344 766 2532 810 autem
2602 753 2820 820 animm,
2876 754 3020 808 inter
3077 752 3347 807 orandum
3399 765 3431 805 e
3477 751 3646 806 corde

408 878 537 945 γμοὶ
566 874 673 926 ἀπὸ
702 867 929 942 καρδίας
959 863 1351 933 ᾁναδιδόμεναι.

484 964 583 1037 ρξ’.
624 964 740 1030 Τῆς
771 963 829 1013 ὲν
878 958 1074 1029 mea:
1108 954 1404 1023 νοουμένης
1462 950 1736 1018 θεότητος,
1797 944 1971 1006 οὐδεὶς

411 1066 470 1115 ἐν
499 1058 703 1128 θεωρία
734 1054 1057 1122 ὀφθήσεται,
1089 1048 1277 1117 ὑλικῆς
1307 1045 1519 1110 δυάδος,
1553 1043 1648 1096 καὶ
1679 1042 1774 1110 τῆς
1798 1038 1973 1128 γείτο-

413 1171 500 1216 νος
544 1127 768 1221 μονάδος
799 1143 1008 1199 ἄνωθεν
1037 1142 1112 1211 μὴ
1143 1138 1363 1208 ὀφθείς·
1404 1135 1526 1188 οὐδὲ
1560 1132 1766 1200 ταύτης
1817 1127 1973 1197 γενή-

419 1260 571 1297 σεται
601 1237 950 1308 ὑψηλότερος,
996 1232 1068 1303 μὴ
1101 1228 1384 1301 μοναδικὸν
1412 1226 1502 1279 τὸν
1534 1222 1726 1278 ἑαυτοῦ
1751 1224 1807 1272 ὲν
1825 1234 1974 1271 νοου-

420 1337 600 1406 μένοις
634 1329 1004 1400 ἐργασάμενος
1027 1323 1169 1375 νοῦν.

496 1420 600 1493 ρη’.
654 1398 730 1473 οὐ
795 1416 1047 1470 τοσοῦτον
1103 1411 1360 1482 δυσχερὲς
1428 1406 1819 1478 εὑρεθήσεται,
1881 1398 1976 1454 τοῦ

419 1510 669 1581 ποταμοῦ
710 1507 981 1575 ἀνακόψαι
1005 1505 1124 1557 ὁδὸν
1167 1504 1258 1556 ἐπὶ
1292 1500 1361 1553 τὰ
1402 1499 1551 1552 κάτω
1584 1498 1658 1567 μὴ
1697 1493 1977 1564 φέρεσθαι,

416 1607 539 1658 ὅσον
570 1601 662 1654 νοῦ
701 1598 883 1672 ῥύμην
918 1594 1284 1666 ἀναχαιτίσαι.
1325 1591 1400 1661 μὴ
1428 1591 1486 1642 ὲν
1511 1590 1622 1650 τοῖς
1683 1584 1979 1658 ὁρωμένοις

422 1690 847 1754 σκεδάννυσθαι,
885 1689 1021 1759 πρὸς
1070 1686 1127 1739 δὲ
1188 1684 1279 1737 τδν
1330 1682 1464 1747 ἀνω,
1527 1680 1623 1733 καὶ
1720 1673 1977 1743 συγγενῆ,

411 1792 500 1828 oss
538 1777 810 1845 βούλεται,
849 1775 927 1846 τῷ
958 1772 1238 1842 εὐχομένῳ
1292 1770 1664 1838 συνάγεσθαιο
1689 1769 1795 1823 κᾶν
1828 1769 1985 1823 τοῦτο

2075 848 2264 903 emissi
2304 847 2543 919 gemitus
2575 847 2796 918 irrigui.

2149 940 2273 995 l07.
2331 938 2505 994 Nemo
2570 939 2839 994 Deitatcm
2894 938 2947 993 in
3006 938 3279 995 Trinitate
3329 949 3648 1010 conceptam

2078 1030 2441 1101 contemplari
2506 1032 2735 1100 poterit,
2789 1031 2895 1086 nisi
2950 1032 3419 1101 supercminucrit
3472 1040 3652 1086 mate-

2083 1123 2203 1178 riali
2256 1122 2443 1195 dyadi,
2473 1132 2531 1178 ct
2580 1123 2775 1178 vicinae
2817 1124 2938 1194 ejus
2993 1125 3213 1179 monadi
3249 1143 3263 1179 :
3306 1126 3410 1182 hac
3466 1137 3649 1183 autem

2084 1216 2336 1286 superior
2366 1230 2476 1270 non
2520 1215 2633 1280 θοι,
2663 1210 2769 1270 nisi
2804 1215 3110 1287 simplicem
3139 1214 3196 1271 in
3224 1219 3655 1290 cogitationibus

2084 1320 2244 1360 suum
2276 1305 2585 1360 reddiderit
2609 1305 2876 1359 animum.

2156 1397 2279 1453 108.
2335 1397 2457 1452 Non
2515 1403 2625 1451 tam
2681 1396 2904 1454 dichile
2962 1411 3045 1455 est
3094 1404 3355 1459 cohibere
3412 1405 3656 1459 ﬂuminis

2108 1497 2380 1561 mpetum,
2423 1504 2494 1544 ne
2543 1489 2800 1545 deorsum
2845 1490 3076 1558 feratur,
3108 1508 3270 1563 quam
3322 1496 3656 1565 praecipitem

2091 1583 2375 1638 retrahere
2398 1590 2456 1637 et
2483 1596 2839 1652 compescere
2865 1585 3131 1649 animum,
3166 1601 3235 1639 nc
3266 1601 3323 1640 sc
3357 1590 3410 1640 in
3443 1602 3505 1641 ea
3538 1603 3659 1657 quae

2091 1674 2268 1729 oculis
2309 1682 2615 1728 cernuntur
2647 1673 2895 1730 eﬂ'undat
2928 1690 2993 1731 ac
3036 1675 3335 1747 dispergat,
3367 1688 3423 1732 et
3465 1679 3532 1731 ad
3565 1694 3661 1731 su-

2095 1777 2265 1835 perna
2303 1771 2646 1835 cognataque
2681 1778 2805 1819 cum
2838 1766 3077 1820 voluerit
3105 1782 3163 1821 se
3200 1769 3478 1837 precando
3507 1769 3662 1820 colli-

415 1865 516 1937 μὲν
544 1867 689 1921 κατὰ
715 1866 901 1936 φύσιν,
932 1867 1111 1927 ἐκεῖνο
1143 1862 1201 1916 δὲ
1242 1858 1395 1932 παρὰ
1420 1859 1582 1929 φύσιν
1617 1857 1983 1928 καθέστηκεν.

2102 1872 2225 1927 gere
2260 1873 2276 1911 :
2306 1856 2526 1913 tametsi
2577 1857 2686 1913 hoc
2713 1857 3041 1925 secundum,
3077 1858 3210 1913 illud
3244 1870 3427 1913 autem
3465 1866 3662 1929 praeter

487 2094 584 2168 90'.
617 2095 720 2149 Τὸν
749 2095 869 2146 νοῦν
901 2094 950 2145 οἱ
973 2091 1370 2166 ¹καθαιρςῐμενοι
1394 2090 1525 2140 εἴπω
1551 2085 1656 2137 τῶν
1687 2084 1977 2152 ὁρωμένων

416 2186 895 2258 παραπέμποντες,
922 2181 1176 2235 τοσούτου
1214 2178 1552 2249 πίμπλανται
1581 2173 1845 2243 θάμϐους,
1886 2171 1981 2224 καὶ

415 2276 677 2347 τοσαύτης
710 2269 1044 2347 πληροῦνται
1079 2273 1277 2345 χαρᾶς,
1309 2271 1384 2335 ὡς
1432 2269 1596 2339 μηδὲν
1645 2266 1729 2319 Et:
1743 2282 1831 2335 ρον
1872 2282 1979 2333 χω-

413 2374 577 2441 ρῆσαι
628 2369 735 2423 τῶν
792 2367 1053 2435 ἐπιγείων
1078 2362 1361 2428 δύνασθαι,
1423 2360 1547 2432 μηδ’
1604 2356 1669 2412 ἂν
1717 2357 1766 2410 εἰ
1806 2356 1982 2410 πάντα

413 2464 547 2532 πρὸς
570 2461 769 2524 αὐτοὺς
798 2458 1119 2532 συρρεύσιιε
1149 2455 1217 2509 τὰ
1257 2453 1631 2526 περιμάχητα.

484 2559 573 2623 ρι’.
615 2550 938 2621 Ἐξαρκοῦσι
971 2549 1065 2603 καὶ
1094 2548 1257 2619 μόνον
1288 2547 1340 2599 οἰ
1365 2545 1519 2615 νόμοι
1547 2542 1829 2614 ῥηθέντες,
1886 2541 1984 2610 τῆς

414 2646 629 2712 φύσεως
668 2643 804 2711 πρὸς
836 2641 898 2695 τὸ
935 2639 1057 2694 λίαν
1102 2636 1481 2709 θαυμάζεσθαι
1505 2652 1519 2667 ο
1567 2633 1985 2704 κατανοούμενοι

413 2734 492 2798 δὲ,
522 2731 789 2804 λειμῶνες
829 2729 1178 2800 εὑρίσκονται
1209 2726 1477 2790 εὐανθεῖς,
1507 2724 1583 2787 ὡς
1617 2723 1676 2789 ἐξ
1732 2720 1985 2794 οὐρανίου

413 2826 694 2893 νέκταρος,
740 2821 999 2894 ἀκράτοις
1036 2819 1291 2891 βρύοντες
1322 2816 1507 2871 ἄνθεσι
1555 2813 1657 2886 τῆς
1686 2829 1987 2885 πνευματι-

417 2919 518 2984 κῆς
551 2913 871 2975 πανδαισίας
901 2911 992 2965 τὸν
1018 2908 1355 2979 γλυκασμόν.

485 3013 609 3075 ρια’.
665 3006 752 3058 Ἐν
783 3003 1061 3075 δροσεροῖς
1098 3000 1197 3071 μὲν
1229 2999 1417 3053 ἄνθεσι
1442 2998 1729 3068 λειμώνων
1758 2995 1858 3068 τὴν
1887 2995 1987 3067 βα·

418 3094 595 3148 σιλίδα
626 3093 717 3147 τοῦ
768 3095 1005 3164 σμήνους
1038 3091 1390 3162 περιζανουσι
1434 3087 1706 3160 μέλιτται.
1750 3087 1840 3140 Ἐν
1891 3103 1989 3141 κα·

415 3185 632 3252 τανύξει
654 3186 706 3238 δὲ
720 3188 783 3255 τῇ
808 3183 1064 3254 γινομένῃ
1092 3182 1450 3243 ἀδιαλείπτως
1476 3179 1645 3250 ψυχῇ,
1674 3179 1749 3241 ὡς
1768 3180 1987 3241 οἰκεῖαι,

417 3279 472 3327 αἱ
504 3277 683 3345 νοεραὶ
710 3276 963 3345 δυνάμεις
1018 3270 1471 3343 περικυκλοῦσαι,
1499 3267 1890 3325 συνεκπονοῦσι
1923 3268 1991 3322 τὰ

418 3365 749 3434 καταθύμια.

492 3453 615 3526 ριβ’.
664 3456 755 3507 Ἐν
812 3454 912 3525 μὲν
943 3453 1018 3524 τῷ
1047 3453 1308 3525 ὁρωμένῳ
1333 3451 1545 3522 κόσμῳ,
1576 3452 1651 3513 ὡς
1696 3449 1853 3512 ἄλλος
1907 3466 1991 3512 τις

416 3548 610 3617 δρᾶται
640 3547 863 3616 κέσμος,
901 3549 929 3599 ὁ
959 3545 1056 3599 ἄνθ
1069 3561 1253 3615 ροπως
1279 3559 1294 3574 ⁸
1332 3547 1390 3597 ὲν
1419 3543 1476 3595 δὲ
1501 3542 1580 3612 τῷ
1613 3541 1909 3611 νοουμένῳ,
1964 3542 1993 3595 ὁ

417 3639 696 3709 λογισμος.
723 3635 972 3708 Οὐρανοῦ
1037 3635 1136 3707 μὲν
1188 3637 1318 3704 γὰρ,
1360 3635 1455 3687 καὶ
1484 3635 1613 3703 γῆς,
1672 3634 1764 3685 καὶ
1791 3631 1900 3686 τῶν
1934 3634 1993 3685 ὲν

423 3730 595 3801 μέσῳ,
631 3724 784 3792 οὗτος
817 3729 1040 3782 ἐκείνων
1074 3726 1480 3795 καταγγελεύς·
1522 3724 1614 3779 νοῦ
1669 3726 1749 3789 δὲ,
1786 3724 1879 3779 καὶ
1906 3725 1994 3778 ai-

422 3821 689 3889 σθήσεως,
720 3820 814 3874 καὶ
845 3818 955 3872 τῶν
991 3820 1118 3889 περὶ
1177 3818 1367 3889 αὐτὴν,
1429 3817 1709 3886 ὑποφήτης
1759 3815 1995 3887 ὑπάρχει

420 3914 452 3969 δ
502 3911 782 3982 λογισμὸς,
838 3904 912 3964 ὧν
959 3910 1107 3977 ἄνευ,
1141 3910 1440 3981 ἀμφότεροι
1498 3908 1695 3977 κόσμοι
1750 3906 1994 3961 ἐκκεκὼ-

427 4018 608 4072 ιρωντο
638 4003 726 4056 ἄν.

500 4095 625 4169 ριγ’.
662 4098 775 4166 Οὐχ
808 4096 951 4149 οὕτω
980 4097 1120 4165 μετὰ
1150 4094 1325 4163 χαρᾶς
1390 4092 1683 4155 ἀπολυθεὶς
1716 4089 1995 4159 αἰχμάλω-

425 4205 519 4252 τος
553 4187 641 4241 διὰ
672 4188 889 4258 χρόνου,
924 4184 1244 4256 πορεύεται,
1273 4183 1347 4246 ὡς
1383 4182 1505 4246 νοῦς
1548 4182 1788 4252 σχέσεως
1838 4180 1993 4232 ἐλευ-

428 4280 693 4351 θερωθεὶς
724 4280 859 4350 πρὸς
889 4280 957 4331 τὰ
989 4278 1217 4347 οὐράνια
1248 4274 1322 4338 ὡς
1359 4275 1495 4345 πρὸς
1534 4275 1713 4328 οἰκεῖα
1767 4271 1997 4343 πορεύε-

426 4389 538 4437 ται,
562 4372 915 4443 ἀγαλλομένῳ
943 4371 1083 4424 ποδί.

502 4464 624 4536 ριδ¹.
660 4463 750 4534 Τῷ
778 4464 853 4533 μὴ
888 4464 1031 4532 μετὰ
1054 4463 1329 4532 προσοχῆς
1384 4456 1687 4529 εὐχομένῳ,
1718 4454 1855 4509 ἁλλὰ
1886 4454 2000 4507 δια-

428 4555 711 4629 χεομένῳ,
775 4554 1049 4627 βάρϐαρος
1102 4553 1202 4624 μὲν
1244 4556 1273 4605 ὁ
1327 4550 1541 4620 ψαλμὸς
1579 4548 1997 4618 λογισθήσεται·

427 4648 591 4711 αὐτὸς
619 4648 676 4700 δὲ
710 4646 785 4717 τῷ
811 4647 1010 4717 ψαλμῷ
1048 4647 1123 4709 ὡς
1158 4643 1455 4716 βάρϐαρος,
1490 4642 1587 4694 καὶ
1627 4639 1702 4704 ὡς
1745 4639 2003 4709 μαινόμε-

429 4756 511 4793 νοι
534 4739 834 4810 ἀμφότεροι
855 4740 1127 4810 δαίμοσιν.

503 4838 621 4902 ριεθ.
656 4831 732 4884 Οὐ
783 4831 981 4884 ταύτόν
1032 4832 1204 4892 ἑστιν,
1236 4826 1319 4892 οἷς
1341 4824 1663 4896 ἐσταυρώθη
1696 4825 1725 4877 ὁ
1773 4823 2000 4891 κόσμος,

430 4921 528 4974 καὶ
568 4921 624 4976 οἵ
668 4938 815 4983 τινες
868 4920 945 4991 τῷ
995 4920 1186 4991 κόσμῳ
1240 4918 1655 4988 ἐσταύρωνταιο
1710 4917 1823 4977 τοῖς
1870 4915 2001 4982 γὰρ,

429 5009 553 5082 ἧλοι
575 5051 591 5077 ,
626 5012 869 5083 νηστεία,
898 5013 994 5065 καὶ
1025 5010 1303 5081 ἀγρυπνία
1324 5026 1338 5039 ’
1372 5010 1485 5071 τοῖς
1518 5007 1598 5072 δὲ,
1626 5004 2003 5074 ἁκτημοσύνη,

431 5103 527 5152 καὶ
552 5101 901 5165 ὲξουδένωσις
924 5117 938 5130 ·
970 5101 1079 5154 τῶν
1109 5100 1166 5153 δὲ
1206 5100 1474 5168 δευτέρων
1532 5097 1721 5167 χωρὶς,
1753 5096 1801 5146 οἱ
1855 5094 2005 5146 πόνοι

434 5192 543 5242 τῶν
574 5193 855 5262 προτέρων
881 5190 1198 5261 ἀνωφελεῖς.
1886 5181 1891 5187 ’

505 5283 641 5347 ρις’.
701 5279 890 5341 Οὐδεὶς
947 5277 1202 5348 καθαρῶς
1254 5276 1512 5342 εὔξασθαι
1557 5275 1803 5338 δύναται,
1854 5274 2005 5343 φιλο-

432 5366 586 5436 κάλῳ
640 5365 805 5419 πάθει
883 5367 978 5420 κα)⁴
1061 5364 1330 5435 φιλοτίμῳ
1396 5363 1812 5433 κρατούμενοςο
1881 5362 2008 5433 περὶ

432 5458 607 5510 ταῦτα
641 5458 751 5529 γὰρ
772 5459 828 5511 αί
861 5457 1074 5528 σχέσεις
1100 5459 1195 5510 καὶ
1219 5458 1269 5509 oi
1302 5457 1396 5527 τῆς
1430 5455 1796 5525 ματαιότητος
1857 5455 2007 5523 λογι-

436 5549 567 5616 σμοὶ
589 5548 686 5620 τὴν
715 5549 1027 5619 οἰκειότητα
1055 5549 1291 5619 έχοντες,
1316 5548 1524 5619 σχοινία
1544 5547 1792 5616 καθάπερ
1817 5544 2009 5615 ἐκείνῳ

436 5638 888 5709 περιπλεκόμενα
948 5639 1226 5708 γίνονταιο
1300 5638 1692 5702 κατασπῶντες
1765 5637 1843 5702 ὡς
1919 5631 2003 5690 οἷο

438 5731 718 5802 στρουθίῳ
739 5730 1010 5801 δεδεμένῳ
1035 5731 1339 5801 ἀναπτῆναι
1364 5728 1691 5798 πειρωμένῳ
1716 5726 1791 5798 τῷ
1822 5728 1916 5798 νῷ,
1949 5731 2006 5781 ἐν

437 5823 517 5891 τῷ
544 5821 724 5892 καιρῷ
752 5821 857 5892 τῆς
880 5821 1069 5892 εὐχῆς.
1736 5830 1739 5835 ‘

2092 1960 2345 2004 naturam
2389 1958 2498 2005 681.

2168 2064 2586 2124 lO9.Puriﬁcati
2623 2076 2864 2123 mentem
2908 2066 3054 2123 intro
3084 2066 3325 2122 visibilia
3359 2070 3662 2134 mittentes,

2097 2167 2247 2214 tanta
2309 2161 2597 2231 replentur
2667 2160 3034 2221 admiratione
3092 2176 3156 2215 ac
3215 2168 3361 2215 tanta
3435 2161 3664 2231 perfun-

2095 2252 2302 2306 duntur
2349 2252 2560 2318 laetitia,
2595 2260 2656 2307 ut
2685 2252 2822 2307 nihil
2871 2251 3021 2307 aliud
3068 2256 3419 2308 terrestrium
3464 2268 3667 2323 capere

2096 2343 2329 2416 possint,
2347 2344 2563 2400 etiamsi
2589 2344 2654 2399 ad
2678 2360 2777 2401 eos
2809 2344 3147 2401 conﬂuerent
3168 2361 3401 2417 quaeque
3430 2347 3666 2402 maxime

2096 2436 2576 2506 coucupiscibilia.

2173 2529 2292 2584 lto.
2333 2529 2537 2587 Pascua
2580 2547 2701 2601 quac
2754 2528 3024 2584 naturalia
3051 2530 3335 2597 dicuntur,
3360 2532 3473 2588 sola
3519 2531 3672 2589 outli-

2100 2621 2254 2675 ciunt
2298 2622 2365 2676 ad
2406 2638 2656 2694 magnam
2700 2624 3126 2680 admirationem
3180 2624 3667 2689 commovendam;

2034 2716 2037 2719 ’
2102 2724 2257 2783 prata
2304 2724 2489 2770 autem
2540 2716 2852 2786 spirituaiia
2892 2725 3025 2772 sunt
3066 2716 3349 2791 ﬂoridula,
3375 2726 3433 2772 et
3463 2733 3496 2772 e
3522 2717 3676 2787 puris

2105 2809 2357 2875 tioribus,
2401 2814 2555 2866 velut
2584 2826 2615 2866 e
2650 2812 2861 2867 caelesti
2912 2821 3158 2878 nectare,
3207 2811 3512 2881 spiritualis
3546 2827 3679 2867 con-

2105 2904 2237 2959 vivii
2264 2904 2476 2960 stillant
2505 2905 2858 2960 suavitatem.
3520 2898 3521 2901 “

2178 3001 2301 3057 ill.
2335 3002 2395 3056 lu
2428 3000 2631 3058 roridis
2659 3010 2943 3073 pratorum
2986 3001 3217 3056 tioribus
3253 3001 3500 3068 reginam
3545 3015 3680 3055 exa-

2106 3094 2270 3150 minis
2290 3094 2736 3150 circnmvolitaut
2764 3110 2927 3163 apes;
2954 3095 3191 3148 animam
3225 3102 3409 3147 autem
3444 3094 3499 3146 in
3527 3107 3677 3147 com-

2033 3211 2075 3267 ο
2109 3185 2404 3254 punctione
2438 3184 2815 3238 indesinenter
2848 3185 3182 3238 irrorantem
3234 3183 3551 3252 spiritualcs
3576 3197 3680 3251 po-

2113 3276 2298 3331 tentia
2332 3276 2484 3330 velut
2535 3275 2851 3330 domestica:
2890 3277 3413 3344 circumcingentes,
3458 3289 3583 3328 cum
3618 3288 3682 3327 ea

2111 3367 2403 3422 elaborant
2429 3366 2695 3436 quidquid
2719 3368 2770 3422 ei
2801 3366 3097 3421 succurrit.

2185 3459 2307 3512 119...
2343 3459 2397 3513 In
2429 3459 2637 3513 mundo
2681 3458 2788 3514 hoc
2836 3457 3181 3528 aSpcctabili,
3211 3458 3361 3512 velut
3389 3457 3527 3511 alius
3559 3457 3682 3525 qui-

2113 3550 2237 3603 dam
2271 3548 2511 3603 mundus
2543 3548 2762 3603 videtur
2792 3549 2978 3610 homo,
3016 3548 3070 3601 in
3112 3548 3470 3602 intellectuali
3500 3558 3684 3602 autem

2115 3641 2322 3697 mundo
2350 3641 2501 3697 velut
2547 3641 2691 3695 alius
2734 3640 2958 3711 quidam
2991 3638 3235 3694 mundus
3283 3640 3440 3695 ratio.
3475 3640 3686 3694 Etenim

2114 3732 2263 3793 cmli,
2293 3742 2349 3788 et
2370 3741 2553 3796 terrae,
2578 3740 2636 3787 et
2658 3746 2850 3787 eorum
2875 3747 2999 3802 qua
3020 3731 3074 3785 in
3096 3731 3283 3786 medio
3298 3740 3427 3785 sunt
3450 3731 3538 3785 ille
3561 3730 3690 3785 huic

2113 3825 2338 3894 quidam
2358 3825 2588 3880 nuntius
2604 3833 2693 3903 est
2706 3842 2719 3879 :
2738 3824 2907 3879 animi
2928 3836 3113 3880 autem
3135 3833 3191 3879 et
3215 3837 3476 3879 sensuum
3497 3831 3549 3877 et
3569 3838 3691 3893 qua:

2116 3932 2239 3972 cum
2282 3918 2364 3972 eis
2407 3919 2701 3988 conjuncta
2738 3926 2889 3979 sunt,
2924 3917 3196 3987 interpres
3242 3924 3299 3969 ct
3344 3914 3691 3984 explanatrix

2117 4020 2203 4065 est
2241 4010 2403 4075 ratio,
2438 4011 2556 4065 sine
2583 4010 2788 4079 quibus
2818 4010 3013 4064 mundi
3042 4009 3206 4064 ambo
3232 4008 3385 4064 surdi
3416 4016 3621 4063 essent.

2193 4099 2313 4153 115.
2347 4100 2467 4154 Non
2504 4100 2575 4154 ita
2608 4099 2860 4169 gaudens
2892 4099 3105 4155 incedit
3130 4101 3387 4170 captivus
3421 4107 3548 4168 post
3575 4098 3696 4153 lon-

2120 4206 2247 4263 gum
2287 4200 2504 4260 tempus
2540 4192 2681 4246 liber
2733 4191 2930 4255 factus,
2980 4203 3039 4245 ut
3085 4208 3241 4246 mens
3286 4192 3357 4246 ab
3403 4188 3698 4245 alfectibus

2121 4282 2414 4345 vindicata,
2449 4282 2516 4336 ad
2544 4283 2812 4343 ctelestia.
2840 4293 3098 4351 tanquam
3128 4283 3374 4353 propria.
3401 4280 3697 4338 cxsultauti

2122 4373 2262 4442 pede
2290 4374 2561 4443 graditur.

2199 4466 2322 4520 114.
2363 4466 2467 4532 Qui
2512 4481 2623 4521 non
2669 4474 2812 4530 orat,
2846 4466 2940 4521 sed
2988 4465 3159 4536 magis
3203 4464 3439 4537 orando,
3471 4472 3699 4532 vagatur

2050 4538 2096 4595 θ
2125 4558 2331 4621 animo,
2354 4560 2407 4614 ei
2437 4563 2678 4629 psalmus
2699 4560 2966 4615 barbarus
2994 4567 3242 4629 apparet,
3262 4569 3318 4611 ct
3345 4557 3459 4626 ipse
3486 4557 3695 4627 psalmo

2125 4650 2391 4707 barbarus
2430 4671 2442 4706 :
2473 4653 2639 4707 ambo
2671 4666 2854 4707 autem
2894 4652 3086 4707 furiosi
3121 4651 3483 4707 daemonibus.

2201 4839 2323 4892 115.
2343 4840 2461 4893 Non
2491 4839 2634 4893 idem
2662 4847 2766 4899 est.
2786 4836 2991 4907 quibus
3015 4834 3313 4891 cruciﬁxus
3330 4842 3415 4888 cst
3444 4832 3703 4890 mundus,

2128 4939 2185 4983 ct
2235 4931 2328 4998 qui
2370 4930 2577 4984 mundo
2611 4928 2856 4985 cruciﬁxi
2891 4936 3042 4983 sunt.
3080 4928 3192 4983 illis
3216 4925 3363 4980 enim
3398 4923 3536 4978 clavi
3579 4933 3706 4975 sunt

2123 5022 2392 5091 jejunium
2439 5032 2495 5076 et
2528 5022 2745 5093 vigilite.
2774 5022 2860 5076 his
2904 5022 3088 5091 inopia
3122 5026 3178 5074 et
3223 5022 3575 5084 contemptus
3608 5030 3620 5066 :
3654 5022 3709 5066 ct

2126 5113 2338 5181 absque
2366 5112 2452 5167 his
2476 5113 2695 5168 labores
2723 5115 2968 5183 priorum
3008 5122 3136 5168 sunt
3164 5108 3408 5165 inutiles.

2207 5279 2331 5351 116.
2367 5279 2542 5334 Nemo
2597 5293 2736 5348 pure
2791 5293 2951 5334 orare
3005 5286 3206 5348 potest,
3257 5278 3313 5332 in
3354 5292 3465 5347 quo
3517 5284 3713 5346 regnat

2138 5370 2578 5442 pulchritudinis
2617 5380 2673 5425 et
2703 5370 2934 5425 honoris
2970 5386 3147 5425 amor.
3182 5371 3279 5425 His
3308 5371 3452 5424 cnim
3491 5369 3714 5423 habitus

2134 5480 2399 5535 vameque
2451 5463 2817 5535 cogitationes
2861 5464 3338 5535 circumligantur,
3367 5463 3531 5534 eique
3573 5461 3713 5515 ﬁunt

2134 5559 2293 5629 quasi
2337 5558 2493 5630 junci
2553 5559 2730 5628 ipsum
2792 5556 3303 5628 circumplicantcs,
3351 5572 3420 5613 ac
3468 5566 3714 5625 tempore

2135 5653 2404 5707 orationis
2444 5651 2817 5708 distrahentes
2842 5660 3083 5707 mentem
3112 5650 3347 5723 alligata:
3380 5651 3558 5704 instar
3586 5647 3706 5702 avis

2136 5744 2324 5800 volare
2360 5751 2682 5817 tentantem.
