3958 6204
524 356 653 418 1271
1896 359 2093 419 ELI/E
2129 358 2380 423 ECDICI

595 466 716 520 H7.
777 461 1121 532 lmpossibile
1178 470 1263 519 est
1322 471 1568 533 tempore
1626 467 1899 523 orationis
1959 485 2092 539 pace
2120 479 2168 539 Α

518 558 623 611 l‘rui
645 556 889 611 animum
914 554 1006 624 qui
1030 569 1142 608 non
1166 554 1397 608 amicam
1420 554 1651 625 adeptus
1676 568 1760 613 est
1784 568 2095 630 temperan-

518 649 652 701 tiam
693 655 751 700 et
794 645 1117 700 charitatem
1153 662 1166 699 :
1199 645 1291 700 illa
1336 646 1481 700 enim
1522 648 1709 704 odium
1760 653 1956 707 animae
1993 669 2094 724 per

2281 475 2405 543 ριζ’.
2449 476 2735 532 Ἀδύνατον
2764 481 2820 533 ὲν
2852 479 2929 552 τῷ
2968 481 3173 554 καιρῷ
3210 485 3322 554 τῆς
3373 485 3557 558 εὐχῆς,
3598 492 3749 563 εἰρηνι-

2208 568 2302 619 κὸν
2327 568 2580 635 γενέσθαι
2603 570 2694 623 τὸν
2724 572 2871 637 νοῦν,
2909 572 2999 626 τὸν
3034 574 3120 643 μὴ
3163 575 3272 645 τὴν
3324 576 3491 648 φίλην
3534 584 3750 654 κτησάμε.

2207 672 2295 709 νον
2315 657 2675 727 Ἐγκράτειαν,
2701 661 2796 714 καὶ
2823 662 3052 732 ἀγάπην
3075 678 3093 694 ο
3128 666 3166 733 ἠ
3196 664 3303 735 μὲν
3352 668 3466 737 γὰρ
3516 669 3607 739 τήν
3649 676 3749 727 κατὰ

2200 748 2298 815 τῆς
2327 748 2504 818 ψυχῆς
2528 751 2593 803 ὲκ
2632 751 2724 804 τοῦ
2769 752 3021 823 σώματος
3082 754 3303 825 ἔχθραν
3366 758 3641 814 καθαλύειν
3682 767 3750 817 ἐπ-

2200 839 2545 906 αγωνίζεται,
2574 842 2690 917 ast
2714 843 2814 913 τὴν
2842 844 2975 913 πρὸς
3001 846 3103 899 τὸν
3135 846 3376 916 πλησίον
3400 849 3489 903 διά
3523 851 3609 904 τὸν
3637 855 3746 908 Θεὸν.

2202 929 2511 984 Κάντεῦθεν
2542 933 2574 997 ἠ
2603 933 2945 1004 ὑπερέχουσα
2978 937 3176 990 πάντα
3229 938 3364 991 νοῦν
3427 942 3613 1013 εἰρήνη
3660 948 3747 997 ἐπι-

516 741 695 808 ipsum
721 754 944 809 corpus,
967 738 1080 793 hate
1108 748 1292 792 autem
1319 738 1505 794 odium
1535 741 1769 809 proximi
1797 759 1896 813 per
1917 745 2089 800 Deum

515 829 803 885 destruere
861 836 1116 885 conatur.
1151 832 1219 885 Et
1262 831 1462 887 exinde
1515 833 1796 903 proﬂuens
1846 852 1950 907 pax
1999 839 2090 894 illa

513 938 634 990 qum
665 932 961 992 exsuperat
993 938 1210 977 omnem
1244 927 1491 986 sensum,
1530 925 1872 980 mansionem
1910 929 2090 986 facere

512 1016 723 1069 dicitur
768 1015 913 1085 apud
947 1032 1072 1070 eum
1120 1017 1216 1086 qui
1265 1017 1429 1071 talem
1481 1017 1744 1086 acquisiit
1777 1022 2087 1091 tranquilli-

512 1115 705 1164 tatem.

582 1200 706 1256 1ἰ8.
755 1199 810 1255 Si
855 1202 981 1271 quis
1028 1202 1084 1256 in
1136 1219 1365 1273 regnum
1413 1206 1509 1261 Dei
1554 1208 1781 1263 enititur
1828 1208 2083 1273 introire,

508 1308 735 1348 necesse
769 1303 853 1348 est
889 1296 1346 1362 superabundare
1400 1299 1452 1352 in
1493 1300 1653 1355 bonis
1685 1316 1825 1370 opus
1855 1301 2081 1370 iustitiae

503 1385 625 1451 ejus
660 1401 674 1440 :
711 1387 763 1439 in
821 1388 1188 1458 elcemosynis
1230 1389 1474 1456 quidem,
1512 1407 1610 1460 per
1653 1392 1973 1462 largitiones
2011 1393 2079 1447 de

504 1475 810 1544 superﬂuo;
855 1477 909 1530 in
946 1477 1229 1532 laboribus
1259 1490 1439 1535 autem
1470 1496 1574 1550 pro
1619 1498 1753 1552 pace
1783 1500 1909 1540 susc
1932 1485 2075 1554 ptis,

502 1581 603 1634 per
635 1569 1099 1637 exspectationem
1134 1571 1471 1640 judiciorum
1506 1574 1746 1629 Domini.

572 1749 697 1803 119.
732 1750 843 1807 Nec
888 1755 977 1807 cui
1012 1754 1235 1811 virtutis
1275 1772 1470 1825 parum
1515 1768 1619 1825 est,
1652 1768 1877 1830 propter
1924 1760 2075 1831 igna-

2198 1019 2470 1088 δημοῦσα,
2503 1023 2669 1093 μονὴν
2698 1024 2970 1078 ποιεῖσθαι
3015 1027 3168 1099 πρὸς
3230 1028 3327 1084 τὸν
3357 1031 3554 1085 οὑτωσὶ
3606 1052 3746 1088 κατει-

2197 1109 2541 1179 ρηνεύσαντα
2570 1114 2986 1182 ἐπαγγέλλεται.

2267 1205 2397 1269 ριη¹.
2456 1203 2694 1275 ’Δνάγκη
2720 1206 2811 1279 τὸν
2860 1208 2940 1270 εἰς
2987 1206 3295 1277 βασιλειαν
3354 1210 3492 1266 Θεοῦ
3535 1215 3745 1282 ἀγωνιζό-

2199 1307 2355 1359 μενον
2387 1294 2671 1358 εἰσελθεῖν,
2712 1300 3062 1364 περισσεύειν
3121 1304 3186 1355 ὲν
3226 1304 3481 1370 ἀγαθοῖς,
3527 1307 3586 1359 τὸ
3621 1307 3744 1377 ἔργον

2193 1383 2358 1436 αὐτοῦ
2394 1386 2493 1454 τῆς
2526 1385 2904 1458 δικαιοσύνης·
2955 1393 3012 1443 ἐν
3077 1392 3495 1463 ὲλεημοσύναις
3531 1398 3637 1465 μὲν,
3680 1398 3744 1450 5:1

2192 1475 2291 1543 τῆς
2319 1478 2383 1528 ὲκ
2414 1476 2507 1529 τοῦ
2533 1479 2911 1550 ὑστερήματος
2936 1485 3228 1554 παροχῆς,
3272 1487 3335 1539 ἑν
3370 1487 3550 1550 πόνοις
3592 1488 3641 1540 δὲ
3662 1492 3744 1551 τοῖς

2193 1566 2331 1638 ὑπὲρ
2364 1569 2607 1640 εἰρήνης,
2635 1571 2722 1624 διὰ
2767 1571 2861 1625 τοῦ
2895 1575 3304 1645 ἀποκρίματος
3365 1577 3462 1648 τῆς
3507 1582 3561 1631 ὲν
3592 1580 3740 1648 Κυρίῳ

2195 1657 2492 1729 ὑπομονῆς.

2262 1751 2384 1810 ριθ’.
2417 1751 2603 1805 Dii-cae
2630 1754 2823 1817 ἐνδεῶς
2871 1756 3009 1824 πρὸς
3068 1758 3292 1827 ἀρετὴν
3328 1758 3467 1829 ἔχων
3521 1761 3583 1812 δι’
3631 1763 3735 1828 ἀμέ-

499 1841 664 1905 viam,
694 1859 796 1897 nec
845 1844 930 1899 cni
975 1846 1206 1903 nimium
1255 1861 1361 1915 est,
1400 1862 1629 1922 prepter
1675 1856 2064 1924 arrogantiam,

2191 1836 2360 1900 λειαν,
2399 1838 2519 1891 οὔτε
2546 1839 2576 1890 ὁ
2603 1842 2869 1909 περιττῶς
2897 1842 2986 1897 διὰ
3014 1845 3123 1913 τὴν
3154 1846 3368 1915 οἴησιν,
3402 1848 3531 1901 εῐσω
3555 1848 3739 1918 λιμένος

496 1935 735 2002 apathiae
776 1949 996 2007 portum
1030 1924 1276 1996 tenebit.
1321 1943 1458 2009 Quia
1505 1946 1653 2000 enim
1696 1945 1772 2000 ibi
1821 1946 2064 2011 emissio|

2189 1927 2283 1981 τοῦ
2321 1930 2461 1984 κατά
2507 1930 2603 2000 τὴν
2639 1933 2910 1988 ἀπάθειαν
2958 1936 3398 2008 εὑρεθήσονται,
3432 1940 3542 1992 οὐδ’
3584 1940 3735 2009 ἕτερος

496 2025 586 2079 bie
613 2031 999 2097 exsuperantia
1018 2032 1542 2099 intercedit,neuter
1575 2040 1733 2093 bonis
1762 2055 1827 2094 ex
1853 2039 2064 2110 justitia

2189 2019 2295 2089 γὰρ
2330 2020 2439 2073 τῶν
2471 2023 2533 2073 ὲκ
2562 2024 2910 2094 δικαιοσύνης
2939 2027 2998 2078 ὲν
3037 2028 3364 2083 ἀπολαύσει
3390 2030 3602 2097 γέγονεν
3628 2033 3733 2096 ἀγα-

2190 2108 2298 2135 ﬂf’...
2354 2110 2624 2135 ..-_!...£--
2656 2112 3011 2135 -.'.----c-__L__A
3038 2133 3050 2135 -
3104 2134 3109 2135 ,
3143 2118 3157 2135 ο
3240 2121 3264 2135 ν
3349 2119 3425 2135 u\\
3473 2119 3512 2135 Il
3715 2119 3724 2135 |

495 2116 699 2173 debilis
729 2119 964 2177 ιἰ-υειυι»,
1857 2108 1871 2110 “
2190 2108 2319 2172 θῶν,
2352 2110 2624 2178 μεσίτιδος
2654 2112 3052 2186 εὖρισκομένης
3091 2118 3293 2182 αὐτοῖς
3343 2119 3634 2189 ἐλλείψεως,
3662 2119 3730 2171 καὶ

2187 2200 2292 2252 ὗπε
2302 2200 2517 2271 ρὸολῆς.
2716 2230 2721 2236 ~
3246 2265 3250 2269 .
3416 2206 3419 2209 ἱ

2259 2291 2361 2364 ρκ’.
2393 2293 2529 2347 Οὔτε
2554 2296 2588 2366 ή
2618 2296 2711 2366 γῆ,
2749 2299 2796 2350 εἰ
2853 2298 2929 2369 μὴ
2971 2300 3397 2356 πολυπλασίονα
3425 2302 3499 2373 τῷ
3540 2301 3725 2371 γεωργῷ

2183 2385 2274 2439 τδν
2328 2387 2531 2457 σπόρον
2566 2390 2872 2460 χαρίσεται,
2936 2392 3205 2447 πλούσιον
3246 2396 3473 2449 δύναται
3518 2394 3721 2462 ἀπεργά-

2186 2476 2384 2530 σασθαι
2413 2478 2598 2545 αὑτὸν,
2635 2481 2794 2550 μόνον
2821 2482 2913 2535 τὸν
2944 2484 3156 2554 σπόρον
3188 2485 3610 2556 παρεχομένηά
3651 2484 3719 2535 καὶ

2186 2572 2387 2641 μικράν
2432 2590 2550 2625 τινα
2602 2574 2960 2645 προσθήκην,
3019 2576 3154 2630 οὔτε
3217 2580 3300 2650 τῷ
3353 2576 3624 2650 πρακτικῷ
3674 2575 3718 2626 τὸ

2181 2663 2499 2731 ἀνυόμενονι
2553 2665 2601 2717 εί
2639 2666 2713 2735 μὴ
2750 2667 3012 2733 κρείττων
3040 2669 3147 2738 τῆς
3178 2670 3543 2739 προαιρέσεως
3586 2661 3713 2719 αὑτοῦ

2182 2754 2213 2822 ή
2242 2755 2446 2824 σπουδὴ
2477 2757 2611 2828 πρὸς
2637 2758 2727 2810 τὸν
2754 2757 2884 2810 Θεὸν
2916 2758 3145 2829 εὑρεθῇ,
3178 2761 3394 2815 δίκαιον
3441 2755 3712 2829 ἀπεργάσα-

2181 2841 2303 2894 σθαι
2360 2843 2603 2898 δύναται.

555 2911 678 2968 121.
698 2913 812 2967 Nec
835 2926 1030 2969 omnes
1055 2915 1150 2985 qui
1172 2932 1287 2972 non
1311 2919 1548 2989 diligunt
1571 2923 1904 2994 proximum,
1928 2942 2055 2985 eum

2251 2932 2392 3003 ρκα⁶.
2435 2933 2573 2987 Οὔτε
2609 2937 2807 3000 πάντες
2833 2940 2882 2990 οἱ
2913 2938 2987 3009 μὴ
3018 2939 3359 3008 ἀγαπῶντες
3388 2941 3474 2993 τὸν
3504 2939 3705 3009 πλησίον,

481 3004 666 3059 odisse
695 3013 950 3074 possunt,
981 3019 1086 3060 nec
1113 3008 1208 3075 qui
1238 3023 1366 3063 eum
1398 3011 1661 3075 oderunt.
1692 3014 1921 3086 diligere
1953 3035 1967 3070 :
2000 3027 2058 3075 et

2181 3026 2358 3092 μισεῖν
2374 3024 2648 3081 δύνανται⁹
2667 3026 2789 3081 οὒτε
2809 3031 2854 3082 οἶ
2884 3004 2958 3101 μὴ
2976 3004 3281 3101 μισοῦντες
3305 3034 3487 3098 αὐτὸν,
3503 3004 3699 3101 ἀγαπᾷν.

480 3096 629 3151 aliud
656 3105 741 3151 est
766 3095 1019 3152 invidere
1041 3098 1164 3169 ejus
1190 3104 1529 3173 progressui,
1548 3104 1720 3171 aliud,
1750 3117 1807 3163 et
1830 3110 2054 3178 quidem

2174 3115 2279 3167 Καὶ
2308 3115 2438 3169 ἄλλο
2473 3116 2572 3184 μέν
2604 3120 2741 3180 ἐστι,
2789 3120 2851 3172 τὸ
2885 3095 3211 3190 βασκαίνειν
3235 3095 3446 3177 ἐκείνου
3602 3095 3702 3191 προ-

478 3203 751 3260 supremar.
797 3189 1061 3260 nequitiae
1094 3192 1317 3261 gradus,
1361 3209 1475 3249 non
1508 3197 1684 3252 solum
1718 3202 1953 3256 cruciari
1984 3203 2056 3258 ob

2174 3207 2367 3275 κοπὴν,
2416 3207 2605 3280 ἕτερον
2666 3210 2721 3262 δὲ
2773 3211 2836 3264 τὸ
2870 3189 2961 3282 ’μὴ
3008 3214 3275 3283 ἐμποδὼν
3318 3213 3464 3282 αὐτῷ
3500 3189 3696 3281 γίνεσθαι

477 3294 539 3333 ea
567 3279 770 3349 quibus
797 3279 889 3336 ille
918 3283 1187 3353 praecellit
1226 3299 1291 3339 ac
1329 3287 1587 3356 superior
1627 3299 1730 3355 est,
1763 3292 1859 3346 sed
1883 3293 2052 3350 etiam

2174 3299 2303 3365 πρὸς
2339 3299 2436 3370 τὴν
2500 3303 2805 3372 προκοπήν.
2878 3279 3150 3375 (Εσχάτης
3189 3308 3245 3359 δὲ
3306 3279 3695 3373 κακίαςνβαθμδς

476 3369 621 3425 bona
646 3372 788 3442 ejus,
821 3373 979 3442 quasi
1005 3374 1132 3431 talia
1168 3391 1280 3432 non
1306 3377 1440 3446 sint,
1468 3381 1815 3439 calumniari.

2174 3369 2557 3459 εὑρεθήσεται,
2580 3391 2639 3444 τὸ
2680 3369 2755 3463 μή
2791 3394 2948 3462 μόνον
2975 3369 3280 3450 δάκνεσθαι
3315 3399 3374 3449 ὲν
3403 3397 3506 3456 τοῖς
3525 3369 3693 3444 ἐκείνου

2162 3480 2598 3550 προτερήμασιν,
2627 3483 2761 3537 ἀλλά
2782 3486 2876 3537 καὶ
2908 3485 3223 3541 διαϐάλλειν
3244 3489 3313 3540 τὰ
3343 3486 3537 3539 ἐκείνου
3565 3481 3691 3545 καλὰ,

2159 3568 2235 3631 ὡς
2271 3569 2346 3640 μὴ
2377 3571 2601 3625 τοιαῦτα
2627 3574 2964 3644 τυγχάνοντα

2233 3660 2376 3729 ρκβ’.
2435 3663 2605 3716 Ἀλλα
2663 3665 2731 3717 τὰ
2786 3668 3073 3735 σωματικᾶ
3142 3670 3318 3740 πάθη,
3363 3668 3452 3721 καὶ
3497 3664 3613 3717 ἄλλα
3639 3657 3688 3708 τὰ

2159 3751 2300 3804 κατά
2333 3754 2515 3820 φύσιν,
2552 3756 2646 3807 καὶ
2679 3756 2813 3810 ἄλλα
2842 3759 2909 3810 τὰ
2948 3759 3099 3829 παρὰ
3126 3763 3315 3828 φύσιν.
3361 3759 3416 3812 '0
3444 3758 3494 3808 δὲ
3524 3753 3582 3805 τὰ
3609 3748 3686 3819 μὲν

2157 3840 2565 3911 ἀπωθούμενος,
2627 3845 2736 3898 τῶν
2791 3846 2847 3898 δὲ
2915 3851 3179 3918 πρόνοιαν
3244 3852 3319 3921 μὴ
3368 3845 3653 3913 ποιούμενος
3668 3876 3682 3900 ο

2156 3930 2338 4002 ὅμοιός
2373 3938 2519 3987 ὲστιν
2544 3935 2843 4007 ἀνθρώπῳ,
2902 3941 3157 4010 φραγμὸν
3227 3942 3326 4012 μὲν
3374 3935 3561 4017 ὑψηλὸν
3609 3928 3682 3984 καὶ

2156 4027 2435 4096 συνηρεφῆ
2477 4028 2619 4080 κατὰ
2653 4029 2761 4080 τῶν
2809 4030 3011 4099 Θηρίων
3068 4035 3331 4087 ἱστῶντι·
3386 4023 3680 4097 συνηδομένη)

2150 4114 2208 4167 δὲ
2238 4118 2348 4180 τοῖς
2380 4121 2602 4187 πτηνοῖς
2630 4120 2869 4174 ἐσθίουσι
2901 4122 2997 4185 τὰς
3026 4124 3120 4177 τοῦ
3149 4124 3372 4195 λογικοῦ
3404 4114 3677 4193 ἀμπελῶνος

2154 4209 2451 4276 σταφυλὰς,
2483 4211 2580 4274 τὰς
2610 4213 2778 4275 ὅντως
2810 4218 3157 4282 περιφανεῖς.

543 4269 660 4325 125.
678 4268 878 4323 Malum
899 4268 957 4324 in
979 4272 1218 4327 animam
1232 4290 1492 4346 irrepens
1509 4279 1688 4347 primo
1713 4294 1960 4340 versatur
1987 4286 2039 4341 in

2222 4268 2365 4369 ρκγ’.
2410 4268 2519 4353 ’ξεν
2559 4268 2800 4373 πρῶτοῖς
2847 4268 3068 4376 '1).thin
3209 4305 3473 4379 φαντασίᾳ
3503 4299 3670 4379 γίνεταε

467 4361 890 4431 imaginatione,
946 4372 1136 4432 postea
1194 4365 1251 4419 in
1301 4371 1783 4439 concupiscentia,
1822 4370 1956 4429 tum
1988 4378 2041 4431 in

2174 4361 2242 4441 τού
2269 4361 2465 4456 κακοῦ,
2502 4361 2623 4444 εἶτα
2651 4392 2710 4444 ὲν
2738 4361 3032 4465 ὲπιθνμίᾳῖ
3057 4361 3278 4452 ’ἔπειτα
3327 4399 3383 4450 ὲν
3640 4376 3665 4449 ἦ

465 4453 831 4509 delectatione
873 4456 959 4510 Vel
994 4458 1242 4522 tristitia,
1272 4459 1474 4516 deinde
1520 4462 1580 4516 in
1617 4467 1954 4533 sensatione,
1986 4479 2043 4523 et

2174 4479 2312 4552 ύπῃ,
2345 4453 2644 4546 εἷθ’γοῦτως
2675 4485 2734 4535 ὲν
2803 4453 3075 4557 αἰσθήσει,
3123 4492 3218 4544 καὶ
3249 4487 3370 4560 μετ’
3423 4453 3588 4547 αδτὴᾷν
3622 4473 3667 4560 ἐν

462 4554 587 4614 post
618 4547 759 4600 lianc
790 4547 847 4602 in
881 4555 1028 4603 tactu
1067 4550 1275 4607 visibili
1324 4560 1381 4606 et
1427 4553 1691 4611 invisibili
1723 4576 1736 4611 :
1770 4569 1936 4630 atque
1983 4562 2037 4615 in

2174 4541 2352 4642 εφῇᾨῇ
2385 4541 2685 4647 φαινομένῃ
2722 4573 2817 4630 καὶ
2846 4541 3074 4645 ἀφανεῖ,
3414 4559 3662 4632 συνεπομέ⁸

463 4641 722 4697 «minibus
745 4641 832 4697 his
856 4644 1191 4699 comitantur
1218 4647 1601 4716 cogitationes,
1633 4654 1851 4709 secluso
1885 4666 2039 4711 metu

2176 4677 2251 4713 ων
2294 4641 2404 4714 τῶν
2455 4641 2759 4734 λογισμῖὸν,
2815 4641 2957 4736 πλήν
2982 4641 3082 4738 τῆς
3107 4669 3377 4740 προτέρας
3417 4658 3658 4740 κινήσεοξςο

461 4748 495 4799 p
530 4732 661 4795 imo,
693 4733 787 4803 qui
818 4734 863 4788 si
901 4736 1204 4807 rejiciatur,
1230 4753 1392 4793 omne
1415 4741 1620 4796 malum
1653 4759 1721 4799 ex
1749 4760 1817 4800 eo
1849 4762 2041 4803 conse-

2174 4748 2210 4821 lG
2238 4752 2315 4822 μὴ
2374 4732 2830 4825 παραδεχθείσης,
2875 4732 2984 4810 πᾶν
3029 4732 3090 4811 τὸ
3153 4732 3478 4829 μετ”αὐτὴν
3522 4738 3656 4797 κακὸν

459 4840 636 4894 quens
661 4825 907 4880 inefﬁcax
928 4827 1262 4886 invenietur.

2174 4842 2504 4914 νενὲργητον
2536 4845 2912 4915 εὑρεθήσεται.

536 4917 661 4971 124.
698 4917 805 4986 Qui
831 4919 1266 4991 impassibilitati
1308 4926 1703 4996 propinquant,
1744 4929 1877 4985 Solis
1918 4941 2035 4985 tur-

2212 4932 2346 5003 ρκδ’.
2384 4934 2447 4987 Ol
2480 4936 2579 5004 μὲν
2610 4939 2676 5007 τῇ
2704 4937 2942 5008 ἀπαθείᾳ
2993 4940 3323 5009 ἐγγίζοντες,
3376 4922 3650 5033 φανταξῑῖῗ

463 5008 663 5065 ιιιιιιιιιι·
693 5010 1208 5082 imaginationibus;
1242 5016 1535 5073 desideriis
1559 5034 1690 5075 vero
1719 5020 1814 5091 qui
1849 5024 2037 5078 mode-

2174 5025 2332 5088 ,όναις
2364 5025 2709 5081 σαλεύονταισ
2745 5008 3162 5099 ὲπιθυμὶαιςδὲ,
3192 5035 3240 5086 οἱ
3280 5014 3619 5100 μετριοπαθεῖς

563 2287 683 2340 120.
732 2286 888 2342 Sicut
937 2299 1082 2345 terra
1132 2292 1178 2346 si
1229 2293 1407 2347 solum
1466 2310 1672 2361 semen,
1706 2308 1801 2353 aut
1851 2300 2068 2355 modico

490 2393 614 2433 cum
641 2379 830 2435 fenore
853 2382 1066 2447 reddat,
1091 2392 1146 2437 et
1164 2386 1418 2455 agricolae
1445 2388 1616 2443 labori
1643 2406 1750 2445 non
1775 2391 2066 2461 multiplici

491 2482 760 2541 proventu
792 2475 1148 2544 respondeat,
1178 2493 1286 2533 non
1326 2479 1505 2549 ipsum
1536 2484 1821 2552 capiosum
1852 2493 1908 2540 et
1935 2486 2066 2542 bea-

491 2570 606 2618 tum
634 2565 771 2620 facit
801 2584 817 2619 :
846 2565 916 2620 ita
949 2583 1051 2623 nec
1074 2571 1378 2639 practicum
1423 2588 1583 2642 opus,
1619 2576 1726 2631 nisi
1767 2578 2065 2635 voluntatis

484 2669 614 2725 erga
645 2655 815 2712 Deum
837 2656 1118 2728 singulare
1146 2675 1210 2717 ac
1239 2674 1503 2731 praestans
1535 2668 1781 2723 studium
1813 2686 2062 2727 accesse-

488 2746 578 2811 rit,
604 2750 919 2818 quempiam
958 2751 1169 2821 justum
1197 2754 1412 2812 elIicere
1444 2770 1632 2827 queat.

548 3643 673 3698 122.
701 3642 838 3700 Aliae
869 3654 999 3700 sunt
1030 3648 1321 3717 passiones
1351 3666 1652 3723 corporeae,
1685 3657 1806 3712 alia:
1831 3661 2047 3726 animae,

470 3734 591 3787 aliae
610 3736 912 3789 secundum
944 3747 1220 3807 naturam,
1250 3742 1371 3796 alia:
1400 3754 1599 3811 praeter
1631 3758 1909 3806 naturam.
1942 3753 2047 3818 Qui

477 3825 648 3896 igitur
670 3827 809 3881 alias
830 3828 1053 3898 quidem
1076 3832 1312 3901 repellit,
1332 3834 1470 3889 alias
1488 3851 1599 3892 non
1621 3850 1799 3904 curat,
1820 3845 2049 3911 perinde

470 3917 627 3985 facit,
656 3927 718 3974 ut
746 3920 839 3990 qui
885 3936 1071 3991 sepem
1104 3923 1270 3979 altam
1309 3940 1375 3980 ac
1407 3926 1634 3984 densam
1666 3942 1856 3989 contra
1902 3935 2049 3994 feras

471 4012 712 4076 excitat,
765 4013 1089 4070 volucribus
1137 4024 1323 4071 autem
1382 4021 1713 4090 conspicuos
1764 4026 2049 4085 rationalis

472 4105 648 4161 vineae
676 4106 870 4162 botros
898 4106 1325 4177 depaseeutibus
1348 4111 1675 4169 collaetatur.

462 5103 564 5155 rati
633 5110 763 5156 sunt
814 5103 870 5159 in
924 5106 1353 5176 cupiditatibus;
1390 5111 1704 5167 seusatione
1755 5115 1904 5180 mali,
1939 5118 2032 5186 qui

462 5192 769 5249 abutuntur
793 5197 960 5252 rebus
992 5192 1373 5269 ttescessariis,
1400 5212 1589 5273 postea
1620 5215 1802 5260 autem
1833 5208 1900 5263 de
1930 5209 2034 5264 hoc

461 5279 680 5347 dolent;
722 5283 776 5337 in
818 5294 967 5341 taetu
998 5287 1243 5354 demum,
1283 5306 1425 5360 quos
1458 5292 1653 5347 iisdem
1690 5294 1895 5351 abusos
1920 5313 2029 5353 non

464 5384 714 5428 υωηιιει.

536 5506 658 5560 123.
708 5510 768 5563 ln
817 5511 1076 5567 omnibus
1140 5516 1406 5573 membris
1463 5523 1714 5590 corporis
1778 5524 2028 5594 voluptas

461 5598 647 5653 sedem
694 5599 878 5664 habet,
915 5603 1012 5658 sed
1053 5619 1164 5659 non
1204 5623 1398 5663 omnes
1451 5626 1608 5680 mque
1650 5615 1854 5670 turbat.
1895 5618 2030 5672 Aliis

459 5691 663 5761 quippe
716 5694 890 5765 magis
939 5697 1244 5753 secundum
1295 5704 1776 5772 concupiscentem
1832 5712 2024 5769 anitum:

460 5794 675 5852 partem
723 5789 952 5845 molesta
999 5800 1105 5859 est,
1153 5792 1275 5849 aliis
1318 5799 1623 5854 secundum
1676 5801 2023 5871 irascentem,

2137 5117 2197 5168 ὲν
2227 5115 2479 5186 αἰσθήσει
2507 5116 2562 5170 δὲ
2592 5118 2832 5185 γίνονται
2862 5120 2957 5172 τοῦ
2988 5122 3180 5189 κακοῦ,
3210 5124 3255 5175 οξ
3281 5108 3643 5189 παραχρώμενθξ

2140 5208 2239 5276 μὲν
2275 5209 2344 5261 τὰ
2365 5209 2464 5278 τῆς
2517 5209 2728 5279 χρείας,
2777 5210 3106 5283 λυπούμενοι
3135 5188 3226 5269 δέ’
3274 5217 3330 5266 ὲν
3383 5209 3433 5260 δὲ
3461 5201 3574 5269 ﬂii,
3605 5188 3642 5242 θί

2135 5299 2356 5360 ἀλύπως
2384 5301 2521 5371 αὐτῇ
2550 5303 2957 5373 συγγινόμενοι.

2211 5523 2343 5595 pxe'.
2396 5525 2462 5581 'H
2493 5528 2653 5601 ἡδονὴ
2710 5535 2768 5587 ἐν
2819 5538 2952 5592 πᾶσι
3004 5546 3102 5610 μὲν
3139 5545 3251 5607 τοῖς
3300 5537 3384 5592 τοῦ
3432 5528 3634 5599 σώματος

2138 5617 2525 5688 ἐγκαθίδρυται
2557 5623 2800 5691 μέλεσιν,
2832 5629 2895 5680 οὐ
2926 5634 3058 5686 πᾶσι
3088 5634 3145 5687 δὲ
3177 5632 3420 5690 ὡσαύτως
3464 5630 3631 5687 παρίψ

2142 5703 2375 5773 οχλοῦσα
2417 5710 2689 5777 φαίνεται,
2756 5716 2894 5770 ἀλλὰ
2938 5722 3051 5782 τοῖς
3101 5724 3202 5793 μὲν
3252 5718 3429 5792 μᾶλλον
3472 5696 3628 5793 sic,“

2136 5795 2525 5868 ἐπιθυμητικὸν
2571 5804 2665 5872 τῆς
2710 5804 2887 5877 ψυχῆς
2923 5790 3322 5881 μέροςξτοῖς-δὲ
3354 5807 3426 5867 εἰς
3463 5800 3506 5853 τθ
3554 5790 3623 5842 ον’
