4032 6198
474 310 610 375 1173

1643 309 2036 372 GNOSTICIE
2077 309 2548 373 SENTENTI/E.

3572 314 3602 380 1
3618 316 3721 383 174

463 425 642 494 μικδν,
677 425 883 496 ἑτέροις
910 423 988 491 δὲ,
1035 425 1114 490 είς
1164 425 1227 479 τδ
1282 428 1483 497 ταύτης
1532 428 1873 495 λογιστικόν·
1944 434 2004 486 διε

2151 421 2273 477 aliis
2294 421 2599 476 secundum
2622 419 3180 494 ratiocinantem,'per
3201 424 3468 482 malitiam
3490 424 3723 493 scilicet,

460 518 926 587 γαστριμαργίας,
955 517 1241 589 ὀξυχολίας
1256 520 1353 572 καὶ
1378 521 1661 591 πονηρίας,
1690 523 1786 594 τῆς
1815 525 2032 580 πάντων

458 612 636 673 αίτὶας
665 611 776 662 τῶν
795 613 1025 664 ἀνοσίων
1055 612 1263 667 παθῶν.

528 708 674 772 ρκς¹.
732 703 972 775 Ἀνάγκη
1000 705 1098 773 μὲν
1118 704 1187 757 τὰ
1206 704 1555 777 αίσθητήρια,
1578 706 1653 771 ὡς
1678 708 1854 772 πύλας
1878 710 2023 766 ἀνοί-

451 810 568 860 γειν
598 794 804 856 πόλεως
823 809 839 825 ⁸
871 794 1084 864 ἀνάγκη
1112 795 1169 847 δὲ
1192 796 1267 865 μὴ
1302 801 1605 867 συγχωρεῖν
1636 797 1693 851 ὲν
1725 817 1791 871 τῃ
1822 801 2023 867 ἀνοίξει

449 882 556 935 τῶν
574 882 912 950 ἀναγκαίων,
936 884 1375 954 συνεισέρχεσθαι
1390 886 1516 956 ἔθνη
1528 888 1596 940 τά
1611 890 1739 952 τοὺς
1757 892 2023 962 πολέμους

451 973 697 1040 θέλοντα,
744 975 839 1026 καὶ
871 978 1051 1044 μάχης
1091 974 1241 1029 αῐτια
1268 976 1667 1048 καθιστάμενα.

438 1130 448 1217 ί
536 1159 684 1229 ρκζν.
730 1158 922 1228 Ἦδονὴ
984 1161 1104 1231 μὲν,
1139 1163 1322 1234 μήτηρ
1361 1165 1657 1237 ἐπιθυμίας
1681 1183 1697 1198 ο
1739 1167 1912 1239 θυμοῦ
1950 1171 2029 1238 δὲ,

461 1253 735 1322 ὀξυχολία,
769 1253 1068 1321 βασκανίας
1098 1254 1176 1318 δὲ,
1224 1257 1458 1327 πονηρία
1518 1258 1858 1317 καθίσταται.
1917 1265 2030 1318 Οὐκ

438 1318 728 1427 ξεῐρηννεύει
851 1343 989 1412 μετά
1027 1345 1134 1398 τῶν
1159 1318 1406 1416 ἐσχάτω-ν
1434 1349 1461 1401 6
1497 1352 1572 1421 μὴ
1612 1351 1753 1405 κατά
1774 1352 1881 1406 τῶν
1924 1355 2027 1427 ἀρ-

436 1392 444 1450 ’
456 1392 656 1502 χσντων
674 1392 1075 1505 ἀγωνιξόμενος
1094 1453 1107 1466 '
1131 1392 1256 1491 οὐδὲ
1263 1440 1343 1502 είς
1361 1440 1454 1493 τὸν
1478 1392 1576 1511 τξέ
1603 1392 2025 1513 μετριοπαθείας

452 1524 676 1577 δύναται
730 1524 923 1595 λιμένα
1000 1528 1363 1600 είσέρχεσθαι,
1420 1535 1448 1585 6
1505 1533 1596 1605 βίᾳ
1659 1536 1756 1599 τὰς
1809 1539 2027 1603 ἐντολὰς

457 1616 881 1685 μετερχόμενος.

524 1704 662 1777 ρκη’.
693 1707 806 1789 Τάς
845 1710 1153 1779 προσϐολὰς
1184 1714 1234 1766 el
1266 1715 1723 1787 ἀποκρουόμενοι,
1775 1722 1836 1773 ού
1887 1739 2019 1792 συγοο

2144 528 2266 583 quae
2296 513 2480 584 passio
2508 522 2593 570 est
2625 514 2873 569 omnium
2905 515 3227 573 deterrima.

2219 697 2341 753 ηδ.
2394 697 2634 755 Necesse
2681 699 2905 769 quidem
2953 710 3038 755 est
3078 703 3324 757 sensoria
3358 718 3456 759 seu
3514 720 3720 776 organa

2144 804 2407 846 sensuum
2450 798 2713 861 tanquam
2759 791 2917 847 urbis
2946 793 3183 864 alicujus
3228 806 3421 865 portas
3462 797 3717 866 aperire;

2144 898 2375 939 necesse
2401 892 2487 940 est
2510 892 2717 951 autem,
2741 885 2870 940 dum
2901 887 3217 943 necessario
3239 888 3587 958 aperiuntur,
3610 906 3720 945 nou

2144 974 2359 1045 ingredi
2414 991 2632 1043 causas,
2676 977 2881 1048 quibus
2927 978 3071 1034 bella
3114 986 3174 1034 et
3203 995 3400 1051 pugnae
3440 982 3496 1037 in
3535 982 3722 1038 anima
3823 1016 3829 1022 ι

2144 1066 2477 1122 excitantur.

2214 1157 2340 1212 127.
2369 1157 2521 1227 Opus
2561 1157 3025 1227 concupiscentiae
3054 1160 3310 1231 voluptas
3352 1170 3459 1228 est,
3490 1163 3721 1219 iracun-

2144 1249 2249 1304 dia:
2296 1250 2589 1320 repentina
2632 1259 2692 1304 et
2724 1249 2869 1305 acris
2919 1250 3022 1316 ira,
3073 1253 3455 1320 perversitatis
3490 1254 3718 1311 invidia.

2142 1343 2259 1399 Nec
2298 1356 2432 1398 vero
2479 1343 2651 1398 estin
2694 1358 2829 1413 pace
2872 1359 2999 1399 cum
3042 1344 3267 1411 intimis,
3297 1346 3393 1415 qui
3432 1362 3545 1402 non
3591 1364 3719 1403 eum

2142 1436 2377 1493 summis
2443 1436 2726 1503 decertat;
2777 1451 2882 1491 nec
2940 1437 2996 1490 in
3044 1446 3264 1506 portum
3320 1438 3719 1495 mediocritatis

2143 1529 2462 1599 passionum
2488 1529 2671 1583 invehi
2696 1535 2900 1599 potest,
2920 1528 3015 1599 qui
3044 1529 3096 1583 vi
3121 1537 3180 1585 et
3201 1539 3426 1587 coactus
3441 1530 3537 1586 Dei
3565 1546 3719 1586 man-

2141 1621 2267 1675 data
2309 1626 2513 1673 servat.

2215 1712 2339 1766 128.
2371 1712 2475 1779 Qui
2523 1714 2855 1768 tentationes
2896 1714 3192 1782 repellunt,
3225 1729 3334 1769 non
3386 1716 3715 1785 permittunt

446 1798 718 1868 χωροῦσιν
740 1786 963 1854 ἔνδοθεν
999 1802 1093 1856 τοῦ
1122 1803 1341 1873 λογικοῦ
1381 1786 1722 1879 ἀμπελῶνος,
1755 1813 1830 1878 ὡς
1853 1786 2004 1883 θηρία

2140 1806 2289 1861 intro
2317 1806 2535 1861 vineam
2566 1804 2914 1875 spiritualem
2953 1804 3255 1860 bestiarum
3292 1807 3467 1862 instar
3498 1807 3713 1878 cogita-

448 1889 574 1951 τοὺς
628 1889 921 1959 λογισμοὺς
976 1894 1344 1965 είσέρχεσθαι,
1404 1902 1501 1953 καὶ
1560 1904 1666 1954 τῶν
1702 1905 1910 1959 ἐκείνου
1955 1907 2015 1959 ἐν

439 1980 587 2053 λύμῃ
609 1982 989 2039 καθίστασθαι.
1017 1989 1081 2039 Oi
1111 1988 1168 2040 δὲ
1209 1988 1583 2056 συνδιάξοντες
1630 1995 1752 2063 μὲν,
1784 1993 1857 2066 μὴ
1882 2011 2008 2047 συν-

416 2086 427 2091 “
446 2069 701 2141 ηδόμενοι
733 2074 810 2139 δὲ,
834 2076 1021 2138 ἀπλῶς
1046 2077 1392 2150 είσέρχεσθαι
1418 2080 1615 2144 αὐτοὺς
1644 2084 2006 2154 συγχωροῦσι,

444 2163 520 2233 μὴ
548 2163 818 2217 ἅπτεσθαι
843 2166 898 2218 δὲ
929 2167 1161 2236 μηδενὸς
1198 2167 1307 2222 τῶν
1330 2172 1496 2224 αὐτοῦ
1515 2188 1527 2203 ·
1556 2173 1607 2225 οί
1626 2165 1681 2226 δὲ
1705 2175 1873 2244 ῆδέως
1913 2177 2010 2245 μὲν

442 2254 859 2324 συνομιλοῦντες
906 2259 1021 2321 τοῖς
1067 2259 1267 2313 πάθεσι
1310 2261 1400 2315 διὰ
1427 2262 1536 2315 τῶν
1574 2264 1878 2335 λογισμῶν,
1927 2269 2009 2332 είς

442 2345 835 2412 συγκατάθεσιν
892 2347 947 2400 δὲ
1009 2347 1083 2419 μὴ
1133 2350 1439 2421 ἐρχόμενοι,
1494 2355 1852 2426 ὡμοιώθησαν
1895 2361 2009 2422 τοῖς

438 2435 631 2488 ὲάσασι
672 2436 764 2488 τὸν
800 2439 981 2506 μονιδν
1011 2438 1223 2493 ἔνδοθεν
1252 2441 1346 2495 τοῦ
1379 2445 1577 2511 ἀγροῦ,
1612 2448 1705 2501 καὶ
1733 2446 1828 2501 τοῦ
1873 2467 2010 2520 φρα-

432 2526 577 2596 γμοῦ
606 2528 887 2592 εἰσελθεῖν,
917 2531 977 2583 ὲν
1002 2531 1149 2601 κόρῳ
1171 2532 1226 2585 δὲ
1248 2534 1409 2588 αὑτὸν
1432 2537 1543 2590 τῶν
1563 2536 1658 2591 τοῦ
1684 2539 2009 2608 ἀμπελῶνος

434 2618 686 2684 γενέσθαι
713 2619 955 2689 βοτρύων
984 2622 1060 2690 μὴ
1090 2629 1511 2695 συγχωρήσασιν
1533 2644 1549 2695 τ
1575 2628 1691 2684 εἶτα
1721 2628 1878 2703 εὗρον
1907 2636 2006 2687 αὒ-

434 2708 523 2760 τδν
550 2710 648 2778 τῆς
673 2710 882 2762 ἑαυτῶν
908 2711 1192 2781 δυνάμεως
1224 2717 1594 2788 ἰσχυρότερον,
1639 2723 1696 2773 ὲν
1730 2740 2006 2793 συγκατα-

437 2794 583 2849 θέσει
607 2797 867 2861 πολλάκις
896 2801 1087 2853 παθῶν
1115 2804 1520 2874 εὑρισκόμενοι.

512 2886 645 2955 ρκθ’.
673 2887 839 2940 Οὔπω
861 2889 1095 2957 ἔφθασεν
1143 2895 1221 2955 εἰς
1255 2895 1560 2967 ἁπλότητα,
1593 2902 1621 2953 6
1655 2900 1735 2955 ἔτι
1757 2903 2006 2974 δεόμενος

433 2978 744 3047 ἐπιμελείας
779 2983 1034 3051 φραγμοῦ
1060 2984 1153 3037 τοῦ
1184 2987 1324 3040 κατὰ
1339 2989 1437 3058 τὴν
1467 2992 1818 3060 ἐγκράτειαν*
1853 2998 1881 3047 ὁ
1913 2997 2004 3050 τέο

435 3067 575 3131 λειος
596 3071 723 3138 γὰρ,
754 3074 941 3139 φησὶν,
974 3074 1073 3127 οὐκ
1103 3077 1519 3147 ἐγκρατεύεται,
1552 3083 1667 3134 ἀλλ’
1691 3085 1719 3136 ὁ
1740 3085 1820 3137 ἐτι
1853 3087 2003 3154 ἀγω-

434 3160 730 3229 νιζόμενος.
765 3165 945 3217 Ἕοικε
975 3167 1031 3219 δὲ
1057 3167 1133 3237 τῷ
1161 3169 1337 3238 ἐχοντι
1380 3170 1646 3240 ἄμπελον,
1699 3175 1732 3246 ἢ
1763 3178 2001 3248 ἄρουραν

434 3252 497 3302 ού
524 3251 686 3321 μέσον
707 3254 916 3308 πολλῶν
942 3255 1116 3309 ἄλλων
1141 3260 1478 3326 ἀμπελώνων
1500 3262 1532 3332 ἢ
1567 3263 1777 3335 χώρων,
1807 3267 1921 3319 ἀλλ’
1943 3271 2001 3321 ὲν

430 3340 602 3411 γωνίᾳ
634 3358 734 3393 που
756 3357 769 3371 ·
802 3343 897 3396 καὶ
925 3343 1015 3397 διὰ
1042 3346 1202 3398 τοῦτο
1230 3348 1483 3417 δεόμενον
1514 3352 1711 3423 πολλῆς
1742 3355 1843 3423 τῆς
1900 3374 1998 3425 φυ-

429 3428 621 3500 λακῆς,
652 3433 864 3501 καὶτῆς
895 3435 1132 3504 νήψεως.
1165 3436 1272 3490 Τοῦ
1309 3440 1415 3510 γὰρ
1450 3442 1529 3503 είς
1557 3443 1836 3514 ἁπλότητα
1861 3445 1999 3516 φθά·

431 3538 642 3587 σαντος,
674 3526 738 3577 ἐκ
791 3527 987 3590 παντὸς
1042 3529 1075 3597 ἡ
1132 3529 1380 3597 ἄμπελος
1428 3534 1703 3603 ἀνέπαφος
1755 3537 1997 3606 γίνεται·

429 3614 675 3684 καθάπερ
708 3616 972 3683 βασιλέως
998 3619 1030 3689 ἢ
1059 3621 1201 3684 τινος
1228 3622 1405 3675 ἄλλου¹
1434 3626 2000 3695 παραδυναστεύοντος

424 3703 682 3772 φοϐεροῦ,
712 3708 804 3759 καὶ
843 3710 1009 3780 μόνης
1038 3710 1099 3774 ἐξ
1138 3711 1328 3781 ἀκοῆς,
1362 3714 1486 3777 τούς
1524 3732 1581 3769 τε
1629 3718 1866 3784 κλέπτας
1907 3724 1998 3775 καὶ

428 3795 740 3863 παροδίτας,
772 3798 1013 3868 φρίττειν
1052 3801 1327 3867 ποιοῦντος
1365 3806 1463 3875 τὴν
1496 3808 1855 3878 ἐπιχείρησιν.

500 3883 597 3954 ρλ’.
628 3887 819 3940 Πολλοὶ
861 3891 960 3959 μὲν
1007 3894 1085 3955 είς
1120 3893 1212 3947 τὸν
1243 3895 1343 3964 τῆς
1375 3899 1744 3963 κακοπαθείας
1769 3904 1997 3973 σταυρὸν

427 3978 764 4048 ἁνέρχονται,
797 3980 968 4047 ὀλίγοι
993 3982 1047 4034 δὲ
1074 3984 1167 4037 καὶ
1195 3987 1318 4049 τοὺς
1344 3987 1508 4057 ἥλους
1558 3989 1724 4042 αὐτοῦ
1766 3993 1994 4046 καταδέ-

430 4084 631 4135 χονταιν
698 4072 808 4123 τῶν
855 4072 955 4139 μὲν
992 4073 1100 4143 γὰρ
1126 4076 1266 4129 κατά
1324 4079 1641 4149 προαίρεσιν
1698 4083 1877 4135 πόνων
1903 4085 1996 4137 καὶ

429 4158 700 4225 θλίψεων,
771 4161 1002 4231 ὑπήκοοι
1068 4165 1281 4219 πολλοί·
1354 4169 1462 4221 τῶν
1519 4162 1902 4242 ἀπροαιρέτως
1937 4175 1995 4226 δὲ

425 4248 754 4319 ἐρχομένων,
795 4256 946 4320 μόνοι
973 4256 1022 4306 oi
1052 4257 1130 4326 τῷ
1165 4259 1353 4329 κόσμῳ
1389 4260 1560 4331 τούτῳ
1589 4262 1810 4327 τελείως
1854 4266 1992 4319 ἀπο-

428 4338 679 4406 θανόντες
716 4346 809 4397 καὶ
836 4349 902 4417 τῇ
938 4349 1242 4402 ἀναπαύσει
1276 4352 1461 4407 αὐτοῦ.

499 4430 634 4499 pla’.
676 4434 892 4500 Πάντας
920 4438 1019 4504 μὲν
1056 4440 1181 4503 τοὺς
1222 4441 1575 4513 δερματίνους
1603 4449 1834 4517 χιτῶνας
1866 4451 1994 4505 πολ-

424 4522 508 4575 λοὶ
537 4524 884 4592 ἐξεδύσαντο,
913 4529 1007 4582 τὸν
1028 4530 1253 4601 ἔσχατον
1280 4534 1337 4587 δὲ
1394 4535 1485 4588 τὸν
1510 4538 1607 4606 τῆς
1666 4542 1988 4609 κενοδοξίας,

424 4614 576 4682 μόνοι
603 4616 661 4668 οἱ
699 4616 798 4688 τὴν
828 4618 1000 4690 αὐτῆς
1033 4623 1242 4693 μητέρα
1267 4623 1362 4695 τὴν
1389 4626 1784 4696 αὑταρὲσκειαν
1814 4631 1994 4701 βδελυ-

420 4704 663 4772 ξάμενοι.

494 4798 630 4869 ρλβ’.
674 4801 941 4857 Ἐπαινον
971 4804 1294 4877 ἀνθρώπων,
1332 4808 1423 4863 καὶ
1454 4811 1635 4864 ἄνεσιν
1668 4813 1937 4883 σώματος,
1964 4818 1992 4868 6

417 4890 819 4961 ἀποδεχόμενος
858 4894 977 4962 μὲν,
1014 4898 1091 4965 μὴ
1141 4899 1572 4971 καταδεχόμενος
1601 4903 1678 4968 δὲ,
1711 4898 1867 4969 οὗτος
1896 4907 1990 4960 τοῦ

418 4979 647 5048 ἐσχάτου
684 4983 783 5051 τῆς
821 4985 1127 5052 κενοδοξίας
1195 4987 1418 5057 χιτῶνος
1469 4992 1672 5062 γυμνὸς
1728 4997 1988 5062 γεγονὼς,

368 5103 382 5127 ,
417 5070 513 5124 τοῦ
528 5074 587 5125 ἐν
613 5075 825 5141 πολλοῖς
851 5081 1178 5149 στεναγμοίς
1198 5079 1461 5151 ὲπιζητού
1469 5101 1628 5153 μενος
1649 5087 1839 5156 οίκητη
1849 5090 1985 5157 ρίου,

417 5166 512 5214 τοῦ
544 5163 604 5229 ἐξ
633 5166 862 5237 οὐρανοῦ
890 5170 987 5240 τὴν
1011 5171 1387 5242 λαμπρότητα,
1412 5176 1505 5229 ἀπ’
1521 5176 1769 5232 ἐντεῦθεν
1784 5180 1990 5252 ἠξιώθη

418 5253 764 5311 ἐνδύσασθαι.

490 5340 627 5410 ρλγ’.
664 5345 828 5398 Ἀλλο
860 5349 1130 5420 ἐνέργεια,
1163 5355 1257 5408 καὶ
1291 5355 1420 5411 ἄλλο
1439 5360 1749 5435 ἐνέργημα’
1786 5365 1880 5420 καὶ
1931 5369 1991 5421 τὸ

421 5430 544 5525 μεν,
571 5435 853 5506 ἁμαρτίας
884 5440 1306 5517 ἀπηρτισμένης
1330 5451 1448 5503 ἐστὶ
1471 5430 1771 5507 δεικτικόν·
1818 5455 1851 5525 ἡ
1910 5455 1988 5521 δὲ,

418 5520 752 5616 ήόυπαθείας
788 5530 956 5601 μάνης
1001 5534 1101 5602 τῆς
1166 5536 1376 5593 ἔνδοθεν
1429 5520 1851 5616 ἐνεργουμένης,
1874 5520 1988 5602 ἁλλά

416 5612 518 5709 οῦκ
549 5616 706 5709 ἐκτός
727 5637 741 5649 ·
773 5621 848 5685 ὡς
882 5624 931 5676 oi
971 5624 1072 5692 τῆς
1115 5626 1248 5691 ίδίας
1280 5631 1376 5699 μὲν
1431 5612 1988 5709 μὴμετακινούμενοι

2134 1898 2319 1954 tiones
2371 1896 2588 1967 ingredi
2631 1910 2868 1965 eamque
2908 1902 3150 1951 vastare.
3199 1896 3306 1962 Qui
3360 1906 3545 1953 autem
3605 1900 3713 1954 illis

2135 1990 2457 2055 connivent,
2481 2003 2587 2045 nec
2622 1997 2805 2044 tamen
2853 1988 2935 2043 eis
2962 1987 3344 2053 delectantur.
3384 1989 3712 2059 simpliciter

2135 2085 2281 2154 ipsas
2307 2083 2515 2138 intrare
2539 2083 2752 2149 sinunt,
2782 2096 2847 2137 ea
2865 2070 2985 2153 lege
3012 2091 3074 2136 ut
3097 2081 3234 2136 nihil
3258 2081 3314 2136 in
3342 2082 3433 2139 illa
3461 2092 3709 2154 tangant.

2134 2176 2238 2244 Qui
2279 2175 2499 2231 tandem
2536 2183 2724 2229 amant
2756 2188 2883 2229 cum
2929 2173 3326 2243 cupiditatibus
3372 2188 3471 2242 per
3504 2175 3713 2245 cogita-

2134 2268 2315 2323 tiones
2359 2268 2622 2337 colloqui,
2674 2267 2805 2321 licet
2856 2281 3035 2335 usque
3081 2265 3150 2320 ad
3206 2281 3542 2323 consensum
3597 2284 3708 2322 non

2134 2359 2453 2421 deveniant,
2503 2357 2713 2413 similes
2747 2365 2878 2411 sunt
2928 2356 3039 2411 illis
3083 2356 3178 2426 qui
3214 2358 3488 2427 patientes
3528 2358 3707 2414 feram

2134 2449 2367 2505 introire
2400 2464 2592 2519 agrum
2642 2448 2726 2503 vel
2760 2463 2970 2517 sepem,
2996 2463 3116 2503 eam
3150 2448 3338 2502 satiari
3370 2449 3544 2504 vineae
3586 2450 3711 2505 uvis

2131 2558 2240 2598 non
2267 2542 2481 2604 sinunt,
2510 2541 2607 2596 sed
2653 2549 2844 2611 postea
2876 2556 2995 2595 eam
3032 2540 3323 2595 inveniunt
3353 2540 3553 2611 seipsis
3588 2541 3709 2599 Ior-

2132 2633 2352 2694 tiorem,
2395 2643 2452 2687 et
2494 2648 2553 2687 se
2592 2632 2992 2703 cupiditatibus
3041 2634 3243 2702 saepius
3295 2634 3708 2690 consentientes

2127 2723 2571 2794 deprehendunt.

2202 2912 2325 2968 199.
2372 2909 2627 2965 Nondum
2689 2908 2757 2963 ad
2809 2908 3218 2977 simplicitatem
3284 2910 3558 2980 pervenit,
3614 2912 3703 2967 cui

2129 3004 2313 3061 adhuc
2364 3019 2508 3073 opus
2542 3009 2627 3055 est
2674 3008 2735 3054 ut
2783 3015 2913 3069 sepe
2955 3001 3331 3070 temperantia;
3367 3004 3651 3058 muniatur
3686 3022 3701 3059 :

2050 3133 2093 3191 ο
2130 3114 2255 3154 nam
2288 3113 2347 3153 se
2380 3097 2663 3152 continere
2707 3109 2819 3147 non
2868 3102 2954 3147 est
2999 3092 3253 3161 perfecti.
3295 3093 3391 3147 sed
3435 3094 3560 3163 ejus
3603 3096 3699 3164 qui

2127 3192 2309 3246 adhuc
2336 3188 2555 3242 militat.
2582 3185 2674 3238 llic
2700 3194 2883 3237 autem
2908 3183 3103 3237 similis
3130 3191 3214 3237 est
3244 3183 3451 3237 homini
3479 3186 3699 3241 habenti

2126 3283 2344 3337 vineam
2397 3279 2481 3333 vel
2530 3292 2721 3346 agrum
2782 3276 2940 3337 sitos,
2971 3290 3079 3327 non
3130 3274 3277 3328 inter
3320 3276 3525 3330 multos
3562 3276 3703 3332 alios

2128 3385 2356 3441 campos
2385 3377 2442 3423 et
2472 3367 2681 3429 vincas,
2711 3364 2807 3419 sed
2848 3365 2903 3417 in
2931 3364 3132 3433 angulo
3172 3363 3433 3431 quodam,
3462 3364 3698 3434 ideoque

2122 3463 2439 3533 indigentes
2485 3458 2656 3512 multa
2699 3454 2947 3510 custodia
2978 3464 3034 3509 et
3081 3453 3384 3523 vigilantia.
3411 3453 3517 3522 Qui
3548 3457 3697 3511 enim

2122 3553 2189 3607 ad
2242 3550 2650 3622 simplicitatem
2702 3544 2975 3616 pervenit,
3027 3544 3255 3598 omnino
3306 3552 3478 3598 tutam
3533 3545 3699 3601 habet

2124 3645 2363 3705 vineam.
2400 3652 2459 3697 ut
2495 3656 2587 3695 rex
2624 3637 2708 3693 vel
2749 3637 2890 3690 alius
2927 3636 3186 3706 princeps
3235 3634 3605 3691 formidabilis
3637 3648 3696 3693 et

2121 3737 2235 3792 sola
2266 3751 2399 3791 voce
2430 3734 2582 3788 fures
2608 3740 2665 3786 et
2701 3729 2938 3785 viatores
2972 3730 3039 3784 ab
3067 3728 3351 3785 invasione
3382 3730 3691 3787 deterrens.

2191 3900 2312 3957 l30.
2336 3897 2486 3954 Multi
2514 3896 2566 3950 in
2592 3909 2814 3950 erucem
2842 3891 3153 3945 aﬂlictionis
3178 3897 3504 3957 ascendunt,
3533 3897 3691 3962 pauci

2115 3993 2361 4065 ejusdem
2383 3990 2567 4045 clavos
2589 3983 3261 4041 admittunt.Voluntariis
3280 3991 3339 4037 et
3354 3983 3524 4038 animi
3544 3986 3694 4054 judi-

2115 4088 2203 4142 cio
2264 4081 2536 4150 susceptis
2596 4074 2968 4131 incommodis
3031 4089 3096 4128 ac
3162 4073 3691 4133 mortiﬁcationibus

2114 4178 2274 4234 multi
2298 4190 2356 4230 se
2389 4171 2717 4241 subjiciunt.
2746 4184 2858 4222 non
2881 4165 3210 4221 voluntariis
3239 4174 3422 4221 autem
3461 4176 3520 4222 et
3542 4168 3689 4224 ultro

2112 4267 2313 4325 oblatis
2350 4263 2386 4318 ii
2420 4270 2633 4316 tantum
2659 4261 2755 4328 qui
2784 4256 3010 4312 honoris
3044 4255 3381 4311 desiderium
3408 4272 3475 4312 ex
3504 4258 3688 4315 animo

2110 4365 2420 4434 ejecerunt.

2041 4462 2083 4516 ι)
2184 4453 2308 4506 151.
2350 4450 2547 4506 Omnes
2594 4446 2852 4518 pellieeas
2905 4442 3120 4497 tunicas
3173 4441 3328 4494 multi
3389 4449 3685 4506 exuerunt,

2114 4547 2206 4602 sed
2250 4559 2403 4597 vana:
2449 4540 2637 4610 gloria:
2694 4549 2948 4606 tanquam
3006 4533 3250 4587 ultimam
3296 4532 3370 4585 illi
3421 4533 3687 4587 duntaxat

2112 4640 2205 4709 qui
2239 4638 2323 4693 sui
2353 4634 2809 4705 complacentiam
2840 4630 2989 4685 velut
3019 4630 3138 4698 ejus
3169 4635 3400 4683 matrem
3430 4628 3683 4682 detestati

2111 4738 2258 4789 sunt.

2182 4822 2305 4878 159..
2335 4819 2440 4889 Qui
2469 4818 2687 4875 laudem
2728 4813 3012 4869 hominum
3052 4819 3110 4865 et
3156 4810 3402 4880 corporis
3440 4813 3683 4879 quietem

2108 4913 2327 4983 accipit,
2354 4927 2465 4965 non
2498 4922 2628 4965 vero
2650 4912 2920 4974 acceptat,
2945 4902 3037 4956 hic
3063 4901 3258 4955 ultimo
3287 4899 3467 4955 inanis
3494 4900 3681 4970 gloriae

2105 5004 2436 5060 vestimento
2464 4998 2753 5069 spoliatus,
2784 4995 2840 5048 in
2876 4992 3172 5062 multisque
3200 4990 3500 5061 gemitibus
3528 5005 3677 5060 quae-

2105 5112 2232 5151 rens
2253 5090 2609 5148 habitationis
2628 5102 2750 5159 quae
2769 5086 2838 5142 de
2868 5087 3008 5141 cmlo
3028 5092 3111 5140 est
3132 5083 3503 5153 splendorem,
3527 5082 3675 5137 illam

2104 5187 2308 5243 meruit
2338 5184 2685 5256 superindui.

2174 5348 2296 5405 135.
2322 5345 2485 5401 Aliud
2519 5345 2603 5398 vis
2632 5355 2890 5412 operans.
2917 5338 3063 5393 aliud
3107 5353 3265 5408 opus.
3300 5338 3415 5393 Hoc
3461 5338 3671 5408 peccati

2099 5437 2467 5498 consummati
2490 5445 2576 5491 est
2606 5431 2791 5498 index,
2816 5431 2908 5487 illa
2932 5438 3145 5485 tantum
3176 5430 3497 5500 cupiditatis
3522 5431 3671 5486 intus

2098 5516 2333 5605 agentis.
2368 5545 2477 5585 non
2512 5542 2646 5584 vero
2684 5525 2750 5581 ad
2796 5533 2951 5580 extra
2980 5541 2994 5577 :
3029 5524 3219 5593 quales
3254 5523 3332 5578 illi
3363 5522 3456 5592 qui
3487 5536 3515 5575 a
3548 5535 3671 5588 pro-

2099 5625 2216 5696 pria
2245 5634 2391 5680 terra
2419 5637 2529 5677 non
2572 5619 2869 5691 pelluntur,
2903 5614 2998 5671 sed
3029 5613 3373 5685 principibus
3410 5613 3464 5666 in
3495 5610 3667 5664 tribu-

418 5703 547 5771 γῆς.
572 5702 1042 5782 δασμοφοροῦντες
1063 5715 1118 5767 δὲ
1150 5718 1298 5786 ὅμως
1320 5723 1430 5785 τοῖς
1462 5702 1984 5785 καταδυναστεύουσι

2121 5730 2213 5772 um
2245 5716 2465 5773 solvunt
2495 5712 2725 5786 quaehis
2752 5711 2991 5781 placent.

418 5792 488 5848 τὰ
514 5794 698 5861 αὐτοῖς
731 5804 1062 5875 καταθύμια.
