3958 6204
435 335 574 400 11³15

504 445 628 500 154.
657 442 833 500 Gustu
873 443 931 497 in
975 439 1350 510 voluptatibus
1382 440 1722 507 dominante,
1756 442 2004 510 impossi-
2040 445 2080 500 Α

430 537 542 593 bile
557 545 640 592 est
659 551 768 590 non
785 533 1031 591 comitari
1049 542 1278 588 caeteros
1295 547 1519 597 sensus;
1537 533 1639 587 etsi
1662 533 2006 602 frigidiorum

431 633 717 702 quiescere
742 629 1034 682 videantur
1055 625 1371 690 abdomina,
1391 625 1544 680 verbi
1568 627 1764 694 gratia,
1788 641 2006 692 senum,

429 725 526 796 qui
571 723 806 778 calorem
847 735 959 790 ιιι-τε
1001 717 1313 773 maciientia
1353 733 1464 772 non
1507 719 1780 784 subeunt;
1824 727 1900 784 at,
1943 733 2009 773 eo

431 815 576 888 quod
609 830 719 868 non
751 814 919 883 parit,
941 827 1055 866 non
1086 811 1210 866 ideo
1236 810 1434 880 pudica
1467 811 1815 881 reputabitur
1842 813 2007 868 steri-

430 911 502 966 lis
564 909 846 970 meretrix,
899 907 993 962 sed
1049 906 1203 961 illum
1268 907 1520 962 dicemus
1580 905 1864 975 pudicum,
1911 906 2007 974 qui

429 1003 613 1058 animo
641 1017 748 1055 non
779 1002 986 1063 uritur,
1015 1015 1118 1055 nec
1149 1000 1330 1056 oculis
1366 999 1675 1055 seducitur.

496 1186 624 1239 155.
656 1184 830 1247 Cibis,
868 1183 1062 1238 formis
1095 1193 1152 1238 et
1198 1183 1374 1246 souis,
1429 1184 1546 1238 sive
1577 1185 1834 1248 a-mtenis,
1888 1188 2005 1239 sive

427 1278 587 1332 aliter
613 1291 732 1332 sese
747 1276 1102 1337 trahentibus.
1129 1277 1182 1330 in
1205 1284 1390 1345 gustu,
1423 1275 1540 1331 visu
1566 1284 1621 1331 et
1652 1277 1842 1331 auditu
1875 1293 2006 1347 pars

429 1373 628 1426 anima;
671 1367 1125 1440 concupiscibilis
1183 1367 1500 1424 ostenditur
1555 1369 1740 1438 qualis
1791 1369 1884 1433 sit,
1935 1385 2005 1422 an

427 1464 685 1520 videlicet
730 1462 843 1516 illis
895 1468 1108 1527 utatur,
1156 1476 1224 1515 an
1280 1460 1556 1524 abutatur,
1614 1475 1684 1514 an
1762 1460 2005 1515 medium

432 1556 578 1612 inter
601 1563 900 1624 utrumque
934 1561 1137 1608 teneat.

499 1739 624 1796 156.
662 1740 722 1794 ln
754 1737 960 1809 quibus
1012 1738 1180 1792 timor
1229 1753 1337 1792 non
1368 1738 1652 1808 praecedit,
1690 1740 1834 1795 sicut
1878 1755 2010 1796 oves

428 1847 538 1887 non
568 1831 838 1887 habentes
869 1839 1149 1899 pastorem
1172 1828 1502 1885 inordinate
1529 1831 1882 1900 reperientur
1912 1847 1981 1887 co

426 1923 753 1994 gitationes;
785 1925 989 1979 siveru
1019 1923 1110 1978 ille
1156 1931 1423 1993 sequatur
1463 1923 1549 1979 vel
1602 1925 1897 1994 prmcedat,
1952 1925 2007 1979 in

429 2015 578 2070 bono
626 2014 982 2085 reperientur
1013 2014 1210 2070 ordine
1257 2025 1315 2070 et
1347 2015 1490 2069 intra
1535 2015 1815 2071 stabulum
1867 2016 2011 2073 laetis

427 2105 630 2176 pingue
656 2105 895 2175 pabulis.

498 2196 621 2251 157.
679 2195 832 2250 Fidei
889 2195 1034 2250 (ilius
1063 2205 1147 2251 est
1192 2197 1386 2263 timor;
1419 2196 1512 2253 hic
1557 2207 1744 2254 autem
1801 2214 2010 2270 praece-

427 2297 646 2357 ptorum
661 2298 848 2358 pastor
869 2307 884 2354 ;
911 2296 1001 2358 qui
1022 2305 1154 2344 vero
1169 2290 1333 2360 huius
1350 2299 1580 2345 matrem
1604 2304 1714 2345 non
1739 2292 2006 2361 possidet,

427 2379 547 2435 ovis
573 2395 791 2450 pascuae
824 2381 1037 2434 Domini
1075 2396 1182 2435 non
1210 2381 1678 2437 merebithaberi.

499 2567 621 2622 158.
654 2565 760 2620 Alii
791 2565 963 2619 solam
999 2564 1204 2618 habent
1252 2564 1518 2620 virtutum
1572 2567 2006 2633 inchoationem,

426 2657 521 2711 alii
557 2655 875 2712 earumdem
907 2656 1174 2721 medium,
1198 2656 1289 2711 alii
1319 2657 1535 2712 illarum
1585 2659 2004 2728 perfectionem.

429 2744 560 2800 Sine
595 2761 700 2814 qua
737 2747 1116 2815 unusquisque
1149 2746 1464 2802 invenietur
1488 2750 1634 2804 sicut
1656 2751 1817 2804 miles
1859 2752 2010 2805 iner-

428 2834 532 2890 mis
574 2835 660 2889 vel
704 2835 962 2904 princeps
993 2851 1134 2904 pane
1179 2837 1454 2906 indigens,
1503 2854 1740 2907 quorum
1776 2841 2009 2909 proinde

431 2940 574 2980 unus
596 2924 865 2980 duntaxat
895 2925 1174 2995 propriam
1212 2925 1436 2980 domum
1480 2928 1548 2981 ab
1585 2929 1846 2985 hostibus
1886 2947 2008 2986 eam

430 3025 644 3071 vastare
671 3016 1019 3072 tentantibus
1049 3017 1313 3079 custodit,
1339 3019 1481 3073 alter
1516 3038 1624 3074 non
1651 3025 2007 3079 convenicnti

429 3108 636 3163 colitur
663 3108 882 3163 honore
913 3109 1058 3164 apud
1089 3125 1187 3166 eos
1216 3111 1548 3181 quibuscum
1584 3127 1861 3171 versatur.

496 3289 762 3346 159-140.
791 3289 896 3356 Qui
945 3305 1047 3346 nos
1077 3292 1262 3348 adhuc
1290 3294 1645 3364 imperfectos
1678 3298 1915 3357 invitant
1947 3313 2010 3358 ut

423 3383 808 3454 voluptatibus
837 3385 979 3454 gulae
1013 3386 1448 3453 consentiamus,
1472 3405 1569 3445 eos
1592 3391 1882 3448 imitantur
1911 3396 2006 3466 qui

426 3477 724 3545 impellunt
743 3475 810 3530 ad
843 3476 1056 3531 urenda
1080 3479 1331 3533 cauterio
1363 3481 1592 3537 vulnera
1644 3485 1756 3554 jam
1792 3497 2004 3554 sanata,

423 3569 511 3622 vel
545 3569 611 3621 ad
641 3569 825 3637 lepras
841 3567 1230 3624 oblectamenti
1271 3573 1444 3639 gratia
1469 3575 1764 3641 radendas,
1817 3580 1902 3633 vel
1934 3580 2004 3634 ad

424 3656 829 3710 comedendum
843 3670 907 3709 ea
928 3673 1050 3725 qua:
1074 3659 1270 3714 febrim
1296 3664 1556 3730 excitant,
1579 3668 1662 3721 vel
1686 3670 1751 3721 ad
1786 3672 2006 3740 sepien-

423 3749 557 3802 dum
611 3747 831 3800 vineam
888 3763 1067 3814 suam,
1123 3751 1400 3822 simulque
1471 3759 1902 3824 permittendum
1945 3771 2006 3818 ut

427 3851 547 3892 eam
595 3837 952 3907 ingrediatur;
981 3839 1134 3908 quasi
1183 3841 1297 3895 fera
1347 3859 1544 3900 sensus
1623 3853 1886 3920 carnalis,
1945 3865 2003 3909 et

429 3931 587 4000 quasi
616 3945 752 3984 uvas
797 3930 1026 3987 devoret
1067 3931 1244 3988 bonas
1287 3935 1669 4008 cogitationes.
1712 3943 1864 4000 lllios
1891 3962 2002 4002 non

423 4031 644 4093 oportet
681 4022 935 4090 credere,
976 4039 1079 4080 nec
1106 4025 1438 4097 importunis
1465 4030 1660 4088 cedere
1713 4035 2001 4095 hominum

423 4114 908 4184 cupiditatumque
962 4117 1390 4185 adulationibus,
1423 4123 1518 4176 sed
1558 4126 1745 4194 potius
1783 4132 2000 4188 munire

423 4219 612 4273 sepem
645 4208 1027 4274 temperantia,
1075 4209 1252 4264 donec
1300 4211 1557 4269 desinant
1601 4215 1842 4274 ferarum
1891 4223 2000 4277 ritu

425 4294 678 4349 carnales
721 4295 1058 4365 cupiditates
1107 4301 1344 4368 ululare,
1419 4316 1474 4360 et
1516 4322 1667 4362 more
1711 4311 2000 4368 volucrum

423 4401 579 4440 vanae
595 4387 956 4458 cogitationes
969 4390 1304 4450 descendere
1323 4396 1391 4450 ad
1409 4397 1802 4457 dcvastandum
1825 4405 2000 4460 vinea:

1337 330 1537 390 ELl/E
1578 331 1832 392 ECDICI
1874 329 2270 392 GNOSTICIE
2309 327 2772 390 SENTENTI/E.

3648 321 3751 390 Μ’ῖῦ

2193 433 2319 504 ρλδ’.
2358 436 2468 503 Τῆς
2497 436 2737 503 γεύσεως
2770 432 3123 505 κρατούσης
3165 433 3236 487 ἐν
3268 431 3530 504 ἡδοναῖς,
3586 434 3744 485 ἀδυνα-

2118 542 2207 579 τον
2237 527 2313 597 μὴ
2350 529 2444 581 καὶ
2476 515 2654 591 πᾶσας
2689 527 2786 591 τὰς
2844 525 3182 596 αἰσθήσεις
3237 523 3596 576 συνέπεσθαι
3618 540 3631 554 ’
3672 528 3750 576 xiv

2116 628 2226 682 τῶν
2259 623 2613 695 ψυχροτέρων
2642 619 2949 690 εἰρηνεύειν
2990 618 3237 670 δοκῶσι
3274 618 3353 670 τὰ
3410 618 3749 689 ὑπογάστρια,

2117 720 2190 782 ὡς
2234 719 2301 770 τὰ
2327 716 2436 770 τῶν
2468 712 2878 785 γεγηρακότων,
2909 711 3217 780 πύρωσιν
3277 709 3364 780 μὴ
3396 711 3750 780 ὑπομενόντων

2119 814 2182 864 ἐκ
2215 807 2541 880 μαρασμοῦο
2579 805 2693 860 ἀλλ’
2723 805 2783 857 οὐ
2817 802 2982 874 παρὰ
3023 803 3098 855 τὸ
3144 801 3234 872 μὴ
3267 803 3749 872 γεννᾷνισὼφρωι

2121 904 2153 972 ἡ
2203 901 2391 971 στείρα
2451 895 2812 968 μοιχευομένη
2871 895 3300 966 κριθήσεται’
3366 897 3667 963 σωφρονεῖν
3711 894 3749 947 δὲ

2121 994 2298 1047 πάντα
2348 991 2440 1042 τὸν
2480 989 2554 1059 μὴ
2612 987 3028 1056 παθαινόμενον
3091 983 3342 1037 ἔνδοθεν
3377 985 3634 1055 εἴποιμεν
3679 986 3746 1045 ἂν.

2126 1083 2259 1154 μηδὲ
2282 1082 2468 1152 ὁράσει
2497 1077 2997 1147 κατακυλούμενον.

2199 1172 2326 1245 ρλε’.
2378 1173 2466 1226 Ἐν
2512 1173 2762 1241 τροφαῖς,
2800 1169 2892 1222 καὶ
2927 1169 3242 1238 μορφαῖς,
3279 1169 3391 1219 καὶ
3445 1171 3672 1235 φωναῖς,
3705 1168 3751 1218 τὸ

2124 1263 2520 1334 ἐπιθυμητικὸν
2548 1262 2647 1331 τῆς
2691 1261 2866 1330 ψυχῆς
2896 1260 3232 1329 ἐλέγχεται
3265 1253 3391 1312 οἷόν
3450 1260 3574 1311 ἐστι
3595 1276 3607 1288 ·
3656 1261 3750 1320 ταῖς

2125 1355 2436 1416 θελκτικαῖς
2472 1371 2528 1406 τε
2560 1354 2655 1406 καὶ
2675 1356 2795 1414 ταῖς
2829 1352 3020 1415 ἄλλως
3083 1351 3400 1421 ἐχούσαις,
3460 1352 3521 1403 ἐν
3566 1351 3746 1418 γεύσει,

2123 1446 2216 1499 καὶ
2251 1446 2393 1514 ὄψει,
2435 1447 2529 1498 καὶ
2561 1445 2721 1516 ἀκοῇ,
2751 1443 2860 1496 εἴτε
2915 1443 3000 1504 ὡς
3039 1443 3376 1512 χρώμενον
3410 1441 3625 1504 αὑταῖς,
3659 1441 3744 1490 εἴτε

2123 1537 2196 1597 ὡς
2225 1535 2681 1606 παραχρώμενον,
2725 1533 2834 1586 εἴτε
2887 1533 3094 1604 μέσως
3161 1533 3322 1603 πρὸς
3355 1533 3431 1584 τὰ
3485 1531 3742 1600 ἀμφότερα

2126 1630 2534 1700 εὑρισκόμενον.

2199 1721 2340 1792 ρλςὀ
2381 1723 2468 1774 Ἐν
2495 1717 2575 1782 οἷς
2597 1724 2624 1775 ὁ
2655 1720 2819 1790 φόϐος
2846 1719 2907 1772 οὗ
2968 1721 3374 1789 προηγεῖται,
3410 1718 3490 1781 ὡς
3521 1716 3737 1787 πρόεατα

2131 1814 2204 1882 μὴ
2238 1813 2432 1882 ἔχοντα
2461 1813 2720 1882 ποιμένα,
2752 1812 2811 1864 ὲν
2839 1809 3132 1880 συγχύσει
3153 1812 3212 1862 οἱ
3239 1808 3513 1876 λογισμοὶ
3541 1803 3737 1876 εὑρεθῇ·

2129 1921 2310 1956 σνινται
2336 1923 2348 1936 ο
2387 1907 2444 1957 ἐν
2473 1901 2698 1972 εὐταξίᾳ
2725 1901 2804 1966 δὲ,
2834 1902 2927 1954 καὶ
2963 1901 3254 1972 μάνδρας
3280 1901 3422 1954 εἴσω
3477 1898 3574 1967 τῆς
3617 1896 3732 1949 κατὰ

2126 1996 2400 2064 εὐνομίαν,
2431 1995 2795 2063 ὲφεπομένου,
2823 1992 2858 2062 ἢ
2887 1994 3356 2064 προηγουμένου
3389 1987 3582 2044 αὐτοῦ.

2203 2192 2333 2265 ρλζῆ
2366 2194 2479 2263 Τῆς
2505 2195 2760 2259 πίστεως,
2791 2197 2820 2248 ὁ
2848 2197 3018 2265 φόϐος
3076 2199 3208 2260 υἱός
3241 2218 3256 2232 ο
3289 2199 3407 2251 τῶν
3443 2199 3657 2252 ἐντολῶν
3681 2196 3725 2250 δὲ

2126 2279 2282 2348 οὗτος
2309 2288 2509 2354 νομεύς
2529 2300 2544 2316 ⁸
2579 2285 2674 2340 καὶ
2701 2288 2728 2338 ὁ
2759 2286 2834 2354 μὴ
2864 2286 2960 2356 τὴν
2991 2290 3244 2357 μητέρα
3303 2288 3503 2341 τούτου
3543 2287 3720 2355 nqua-

2131 2390 2312 2443 μενος,
2373 2374 2644 2444 πρόϐατον
2687 2373 2921 2443 ὀφθῆναι
2943 2391 2956 2403 ·
2989 2373 3110 2445 τῆς
3147 2377 3306 2430 κατὰ
3347 2375 3553 2446 Κύριον
3581 2375 3720 2444 νομῆς

2126 2466 2225 2519 οὐκ
2254 2465 2645 2536 ἀξιωθήσεται.

2199 2559 2337 2629 ρλη’.
2364 2559 2427 2612 Oi
2471 2559 2569 2621 μὲν
2597 2558 2698 2622 τὰς
2728 2559 2902 2629 ἀρχὰς
2954 2560 3138 2630 μόνας
3164 2561 3366 2631 ἔχουσι
3396 2561 3504 2615 τῶν
3539 2557 3708 2620 καλῶν,

2125 2655 2174 2707 οἱ
2200 2653 2256 2706 δὲ
2277 2655 2371 2706 καὶ
2403 2653 2501 2716 τὰς
2531 2652 2734 2707 τούτων
2759 2655 3098 2725 μεσότητας,
3137 2659 3196 2710 οἱ
3241 2658 3304 2711 δὲ
3340 2658 3439 2710 καὶ
3494 2656 3559 2709 τὰ
3595 2653 3701 2720 τέλη

2125 2745 2326 2797 αὐτῶν.
2353 2739 2454 2797 Ὧν
2487 2745 2638 2810 ἄνευ,
2671 2746 2746 2808 ὡς
2779 2746 3136 2818 στρατιώτης
3167 2749 3334 2819 ψιλὸς
3391 2750 3604 2809 ἕκαστος
3629 2747 3702 2797 εὑ·-
3851 2767 3854 2816 j

2129 2844 2437 2914 ρεθήσεται,
2472 2844 2504 2914 ἢ
2541 2845 2933 2915 ἀξιωματικὸς,
2974 2847 3096 2902 τῶν
3162 2849 3502 2918 σιτηρεσίων
3526 2844 3692 2904 mar

2126 2935 2220 2986 καὶ
2249 2935 2339 2988 διὰ
2367 2935 2549 3000 τοῦτο,
2593 2937 2622 2988 ὁ
2659 2937 2758 3005 μὲν
2796 2937 2893 3008 τὴν
2933 2940 3147 2993 ἑαυτοῦ
3207 2943 3381 3011 μόνον
3414 2940 3583 2994 οἰκίαν
3606 2935 3692 2987 ἀπὸ

2125 3025 2230 3078 τῶν
2280 3028 2711 3099 ἐπιχειρούντων
2773 3029 2940 3100 αὐτὴν
2993 3031 3355 3103 ἐπηρεάζειν
3411 3027 3684 3099 συντηρῶψ

2030 3153 2077 3219 C
2117 3116 2268 3219 6,61%,
2302 3117 2402 3169 οὐκ
2434 3120 2490 3170 ὲν
2511 3121 2643 3189 τιμῇ
2693 3121 2759 3190 τῇ
2794 3123 3164 3195 προσηκούσῃ
3235 3123 3615 3195 εὑρισκόμενος
3643 3121 3684 3168 έν

2125 3203 2208 3271 οἷς
2239 3209 2306 3262 ἂν
2337 3213 2687 3280 συνέρχηται.

2199 3301 2312 3370 ρμύ
2351 3303 2416 3354 Οἱ
2441 3305 2561 3364 ταῖς
2610 3303 2820 3372 ἡδοναῖς
2848 3306 2992 3376 ἡμᾶς
3033 3307 3416 3379 συνέρχεσθαι
3461 3319 3677 3372 παρακα-

2123 3392 2342 3456 λοῦντες
2398 3393 2492 3446 τοῦ
2547 3395 2861 3464 φάρυγγος,
2923 3399 3146 3463 ἀτελεῖς
3208 3403 3392 3461 ὄντας,
3447 3395 3609 3467 ὅμοιόν
3636 3407 3672 3442 τι

2123 3485 2337 3538 ποιοῦσι
2365 3487 2476 3550 τοῖς
2517 3487 2858 3558 ἁναθερίζειν
2893 3492 3448 3562 παρακελευομένοις
3475 3487 3566 3549 τὰς
3612 3483 3675 3543 είς

2128 3576 2315 3644 ὑγείαν
2355 3577 2568 3646 πληγὰς
2591 3579 2689 3649 ἤδη
2717 3579 2998 3645 ἐλθούσας,
3032 3583 3064 3654 ἢ
3111 3586 3217 3648 τὰς
3248 3583 3437 3655 ψώρας
3462 3580 3543 3634 διὰ
3591 3575 3670 3643 τὴν

2123 3665 2362 3735 ἡδύτητα
2387 3667 2644 3732 κνίθζειν,
2660 3669 2691 3738 ῆ
2706 3670 2773 3721 τὰ
2793 3671 2883 3723 τον
2897 3673 3135 3741 πυρετὸν
3154 3675 3363 3728 ἐσθίειν
3376 3672 3665 3726 ἀνάπτονται

2123 3755 2156 3825 ἢ
2183 3757 2554 3827 ἀποφράττειν
2587 3761 2676 3814 τὸν
2721 3763 3020 3832 ἀμπελῶνα
3045 3766 3241 3830 αὑτοῦ,
3280 3765 3372 3818 καὶ
3399 3757 3662 3830 συγχωρεῖν

2123 3849 2488 3919 εἰσέρχεσθαι,
2557 3853 2631 3917 ὡς
2674 3856 2857 3924 μονιδν
2914 3858 3133 3926 ἄγριον,
3191 3859 3253 3912 τὸ
3293 3858 3535 3928 φρόνημα
3582 3848 3660 3914 τῆἷ

2125 3940 2348 4008 σαρκὸς,
2385 3943 2477 3995 καὶ
2525 3944 2622 4007 τὰς
2668 3947 2875 4010 ἑννοίας
2931 3950 3030 4011 τὰς
3059 3950 3283 4019 ἀγαθὰς
3319 3929 3654 4010 ώςσταφυλάς

2117 4030 2496 4086 διαϐόσκεσθαι
2517 4052 2530 4065 ο
2564 4029 2644 4098 οἷς
2671 4037 2730 4089 οὐ
2764 4038 3043 4092 πείθεσθαι
3067 4045 3202 4112 χρὴ,
3235 4040 3356 4094 οὐδὲ
3385 4037 3495 4096 ταῖς
3521 4027 3651 4084 ἀκαῖο

2122 4137 2233 4191 ροις
2253 4125 2599 4193 κάμπτεσθαι
2620 4128 2950 4194 κολακείαις,
2965 4130 3061 4184 ἀνθ
3071 4132 3275 4202 ρώπων
3292 4146 3346 4182 τε
3367 4127 3455 4181 καὶ
3475 4117 3644 4175 παθῶν

2122 4216 2461 4284 κατοχυροῦν
2481 4218 2538 4270 δὲ
2571 4219 2768 4288 μᾶλλον
2826 4221 2914 4274 τὸν
2949 4224 3207 4292 φραγμὸν
3249 4222 3318 4274 δι’
3357 4210 3643 4286 ἐγκρατείας

2111 4304 2221 4368 ἕως
2264 4306 2576 4362 παύσωνται
2612 4310 2667 4362 οῖ
2721 4328 2777 4364 τε
2831 4311 3030 4383 θῆρεςο
3079 4316 3156 4368 τὰ
3208 4308 3440 4382 σαρκικά
3485 4301 3636 4366 πάθτΓ

2117 4396 2413 4466 ὠρύεσθαι,
2450 4401 2542 4453 καὶ
2575 4402 2650 4465 ὡς
2691 4405 2930 4467 πετεινὰ,
2959 4405 3006 4457 οἱ
3037 4407 3260 4476 μάταιοι
3285 4397 3532 4470 λογισμοὶ,
3579 4387 3636 4458 μὴ

425 4477 617 4551 instar.
648 4482 888 4537 animam
941 4484 1088 4541 bene
1119 4485 1390 4542 directam
1434 4493 1998 4562 contemplationibus

2133 4489 2465 4544 ιαταδαίνειν
2489 4491 2844 4562 λυμαίνεσθαι
2876 4496 2976 4565 τὴν
3005 4496 3251 4567 ἄμπελον
3283 4482 3631 4555 εύθυνουμένην

419 4583 545 4638 qua:
563 4582 696 4628 sunt
731 4574 786 4628 in
819 4575 1043 4634 Christo
1061 4577 1190 4634 Jesu
1217 4579 1449 4636 Domino
1473 4591 1689 4651 nostro,
1713 4587 1800 4642 cui
1822 4587 1996 4658 gloria

421 4659 480 4713 in
502 4665 719 4720 saecula.
744 4665 939 4724 Amen.

2113 4578 2291 4653 ψυχὴν
2320 4584 2578 4656 θεωρίαις
2603 4590 2725 4651 ταῖς
2759 4589 2817 4642 ἐν
2862 4591 3082 4663 Χριστῷ
3139 4591 3310 4664 Ἰησοῦ
3355 4585 3427 4658 τῷ
3479 4571 3633 4647 Κυρίῳ

2105 4672 2268 4739 ἡμῶν
2295 4692 2308 4706 ⁸
2361 4668 2404 4744 ᾧ
2442 4677 2474 4747 ἠ
2503 4676 2627 4742 δόξα
2663 4680 2742 4744 είς
2764 4682 2887 4746 τοὺς
2918 4684 3141 4749 αἰῶνας.
3188 4684 3372 4754 Ἀμήν.

1197 5729 2346 6101 \
