4032 6198
326 276 460 343 181

1218 280 1545 341 NICETAS
1586 280 1670 341 IN
1709 279 1934 340 ORAT.
1981 279 2291 342 XXXVIII
2332 277 2394 343 S.
2438 280 2668 342 GREG.

3444 281 3591 350 1182

318 399 483 469 ﬁnem
512 398 629 452 vitae
659 394 879 459 habens,
928 394 1259 451 assimilatas
1309 407 1489 451 autem
1531 396 1670 451 Filio
1718 395 1810 448 Dei
1841 395 1907 448 “.
1939 400 1983 457 Α
2012 394 2120 448 alio
2189 395 2353 450 etiam
2424 388 2587 448 modo
2651 407 2951 463 supernum
3029 392 3295 447 mundum
3360 395 3584 463 impleri

326 488 408 541 Ab
461 491 564 545 hoe
644 487 765 541 loco
821 487 1152 541 sententiam
1214 499 1500 543 mutuatus
1557 487 1905 557 Theologus,

325 577 760 641 Melchisedech,
813 576 1016 649 inquit,
1071 579 1380 650 colligitur,
1424 581 1527 634 hoc
1573 592 1677 646 est,
1738 582 1906 651 syllo-

323 671 516 738 gistiee
568 670 882 734 conﬁcitur,
919 671 1291 735 concluditur,
1346 682 1512 742 atque
1563 673 1910 728 demonstra-

324 768 432 813 tur.
490 758 624 813 Nam
675 776 798 815 cum
844 759 1125 827 Christus,
1170 776 1438 833 quantum
1490 764 1558 818 ad
1611 780 1904 834 supernam

322 861 376 905 et
433 852 666 921 primam
742 853 1188 922 generationem,
1243 856 1434 910 matris
1490 871 1685 926 expers
1735 866 1904 921 esset,

323 942 444 998 sine
503 954 659 1013 patre
705 956 925 1012 quoque
973 942 1153 999 factus
1202 955 1327 1011 est,
1370 947 1526 1017 juxta
1586 948 1903 1003 inferiorem

322 1047 387 1085 ac
412 1031 716 1087 secundam
755 1032 1122 1089 nativitatem.
1181 1032 1274 1090 Vel
1323 1037 1621 1107 colligitur,
1664 1039 1769 1092 hoc
1798 1047 1903 1100 est,

322 1124 518 1179 uuitur
547 1128 728 1195 'atque
773 1126 1075 1194 perficitur.
1134 1128 1377 1182 Primum
1416 1131 1559 1185 enim
1594 1129 1768 1185 Filius
1810 1130 1904 1185 Dei

321 1215 550 1269 dimidia
588 1225 798 1270 tantum
850 1233 915 1272 ex
956 1227 1111 1288 parte
1160 1219 1557 1275 Melchisedech
1590 1233 1727 1286 erat,
1755 1236 1906 1291 qua-

323 1317 483 1360 tenus
537 1307 788 1362 videlicet
844 1319 1016 1364 matre
1065 1313 1310 1367 carebat.
1366 1315 1436 1368 At
1491 1324 1679 1384 postea
1733 1316 1906 1383 patris

320 1412 542 1467 quoque
594 1413 788 1468 expers
831 1398 1032 1466 factus,
1072 1403 1350 1473 perfectus
1397 1406 1507 1475 jam
1546 1416 1631 1461 est
1663 1406 1900 1463 Melchi~

322 1488 545 1543 sedeeh.
618 1489 885 1545 Caeterum
942 1493 1049 1548 hoe
1092 1495 1233 1551 inter
1286 1506 1581 1568 utrumque
1651 1499 1905 1561 interest,

318 1581 467 1649 quod
536 1580 933 1639 Melchisedech
1004 1587 1176 1655 patris
1231 1603 1295 1642 ac
1351 1590 1580 1654 matris,
1652 1592 1902 1660 principii

321 1672 449 1725 item
480 1682 542 1727 set
594 1673 721 1729 finis
769 1690 965 1746 expers
1018 1687 1103 1733 est
1161 1692 1376 1745 natura,
1422 1683 1515 1736 sed
1564 1683 1904 1753 ignoratione

319 1778 382 1815 ac
418 1762 640 1817 silentio
698 1763 840 1835 ejus,
900 1769 993 1837 qui
1040 1785 1128 1824 res
1180 1771 1351 1841 ipsius
1398 1775 1755 1843 conscripsit,
1796 1775 1902 1830 Deo

321 1855 584 1908 nimirum
648 1856 723 1909 ita
776 1861 1143 1916 constituente
1198 1880 1212 1916 :
1263 1862 1517 1920 Christus
1567 1876 1747 1921 autem
1803 1882 1905 1921 na-

319 1954 466 2000 tura.
525 1948 742 2003 lleirco
775 1952 920 2005 enim
976 1953 1156 2022 imago
1207 1966 1259 2010 et
1306 1957 1480 2026 ﬁgura
1516 1959 1609 2013 ille
1643 1972 1782 2025 erat,
1818 1962 1905 2014 hic

324 2048 509 2092 autem
550 2040 774 2097 veritas.
807 2041 995 2111 Neque
1030 2045 1175 2099 enim
1211 2047 1353 2101 idem
1386 2060 1466 2102 est
1513 2049 1715 2119 imago,
1756 2053 1902 2120 quod

320 2132 547 2186 veritas.
601 2133 732 2186 Illud
789 2144 967 2190 autem
1019 2138 1163 2191 scire
1196 2140 1449 2193 convenit
1479 2142 1768 2210 imaginem
1803 2145 1902 2197 ali-

320 2225 544 2291 quando
591 2239 652 2278 ea
707 2241 801 2290 re,
853 2227 1014 2298 cujus
1058 2229 1235 2300 imago
1280 2241 1406 2297 est,
1466 2234 1704 2303 priorem
1758 2251 1904 2299 esse,

320 2314 617 2382 aliquando
669 2319 1056 2386 posteriorem.
1110 2319 1271 2377 Prior
1313 2325 1458 2378 enim
1503 2335 1587 2381 est
1639 2328 1694 2380 in
1727 2328 1902 2396 signis

321 2413 377 2456 et
424 2405 635 2475 ﬁguris,
704 2416 763 2463 ut
819 2408 870 2462 in
922 2410 1191 2482 legalibus
1235 2415 1521 2471 sacrificiis
1584 2419 1905 2488 eacterisque

329 2492 544 2553 Veteris
600 2497 935 2556 Testamenti
1001 2508 1382 2573 caeremoniis,
1434 2517 1597 2579 atque
1638 2510 1799 2563 etiam
1850 2513 1901 2563 in

322 2589 426 2641 hoc
468 2586 866 2647 Melchisedech
921 2611 934 2647 :
975 2597 1247 2664 posterior
1278 2608 1458 2654 autem
1490 2600 1543 2653 in
1587 2600 1672 2654 his
1712 2604 1899 2667 rebus,

323 2699 447 2750 quae
480 2686 549 2738 ab
576 2689 878 2757 exemplari
910 2702 1224 2761 sumuntur,
1261 2703 1318 2750 ut
1350 2698 1530 2767 pictus
1557 2699 1760 2755 Paulus
1792 2700 1900 2755 vivi

320 2772 472 2829 Pauli
515 2778 708 2847 imago
734 2790 835 2836 est.

394 2865 514 2920 Col.
543 2869 649 2923 515
681 2869 782 2925 ΒΒ.
806 2870 1034 2928 Natura:
1051 2874 1186 2948 leges
1212 2888 1538 2946 evertuntur,
1558 2891 1664 2938 etc.
1680 2882 1902 2940 Naturae

322 2955 470 3025 leges
522 2957 778 3013 nimirum
835 2965 980 3031 quod
1029 2965 1224 3021 mulier
1270 2967 1388 3023 sine
1433 2970 1533 3023 viri
1596 2986 1895 3042 congressu

2010 495 2246 557 oportet,
2304 487 2564 541 nimirum
2626 496 2686 540 ut
2737 487 2857 540 ovis
2906 485 3021 549 illa,
3067 500 3189 554 qua:
3235 500 3265 539 a
3333 494 3589 542 centena-

2009 580 2095 635 rio
2152 596 2313 651 grege
2371 581 2745 644 aberr-averat,
2790 578 3082 633 reducatur
3129 595 3143 630 :
3181 586 3347 647 atque
3381 578 3588 632 amissa

2009 672 2269 726 drachma
2338 686 2534 726 rursus
2607 669 2830 725 dccadis
2902 684 3190 723 numerum
3246 669 3461 738 expleat
3523 681 3590 723 ac

2009 762 2156 817 ﬁlius
2230 763 2318 816 ille
2375 762 2631 816 decoctor
2704 761 2974 814 biuarium
3044 759 3309 829 perﬁciat.
3385 757 3585 813 Verum

2011 854 2231 908 ubinam
2290 852 2432 907 Deus
2490 867 2788 920 supernum
2834 852 3093 905 mundum
3131 850 3342 918 impleri
3392 850 3590 920 jubet?

2009 945 2263 1000 Fortasse
2321 960 2446 1001 cum
2509 947 2641 999 ait:
2698 944 2765 998 lu
2820 945 2978 998 domo
3033 943 3215 997 Patris
3263 944 3366 997 mei
3403 943 3589 997 multa

2009 1048 2133 1093 sunt
2182 1037 2483 1091 mansiones
2545 1038 2606 1088 ι’.
2672 1037 2892 1101 lmpleri
2966 1035 3110 1089 enim
3168 1050 3200 1089 a
3264 1034 3427 1089 nobis
3488 1035 3588 1088 has

2011 1131 2326 1186 mansiones
2376 1131 2511 1184 vult.
2554 1128 2650 1183 Vel
2702 1130 2864 1183 etiam
2918 1127 3155 1183 fortasse
3198 1143 3324 1182 cum
3359 1128 3426 1181 de
3457 1126 3587 1188 illis,

2010 1225 2102 1292 qui
2157 1224 2222 1276 ad
2278 1238 2491 1278 caedam
2540 1232 2821 1283 vocantur,
2886 1221 3409 1291 inquit:Compelle
3465 1221 3587 1272 illos

2010 1318 2234 1375 intrare,
2271 1325 2326 1367 ut
2357 1316 2645 1383 impleatur
2675 1314 2864 1367 domus
2902 1331 3015 1367 utea
3054 1316 3117 1367 ‘7.

2014 1407 2118 1471 Qui
2162 1417 2335 1476 potest
2388 1421 2596 1475 capere,
2643 1406 2820 1473 capiat
2857 1405 2939 1457 ιη.
2992 1405 3164 1459 Adam
3212 1405 3355 1458 enim
3393 1403 3588 1457 solutis

2011 1515 2074 1553 ac
2113 1499 2326 1551 violatis
2362 1498 2578 1567 legibus
2632 1497 2737 1553 sibi
2792 1496 3065 1564 impositis
3116 1511 3211 1564 per
3267 1494 3589 1548 similitudi-

2010 1606 2133 1644 nem
2197 1588 2655 1659 transgressionis
2711 1603 2827 1643 sua:
2877 1588 2984 1641 dux
3035 1587 3350 1641 hominibus
3412 1585 3590 1638 factus

2009 1692 2112 1737 est.
2163 1682 2418 1736 Christus
2463 1688 2643 1734 autem
2693 1679 3008 1750 hujusmodi
3049 1679 3280 1748 legibus,
3315 1694 3456 1747 quas
3493 1692 3589 1731 ac-

2007 1781 2192 1843 ceptas
2238 1774 2403 1826 Adam
2449 1771 2802 1840 perfregerat,
2868 1786 2929 1824 re
2996 1787 3095 1836 pro
3125 1769 3298 1824 nihilo
3334 1770 3586 1831 duxerat,

2006 1865 2346 1919 confirmatis
2390 1873 2443 1918 et
2495 1863 2866 1918 constabilitis
2931 1863 3268 1931 superiorem
3323 1862 3585 1915 mundum

2006 1956 2217 2026 impleri
2285 1956 2545 2010 ostendit.
2603 1959 2785 2024 Atque
2844 1956 2958 2007 haec
3022 1954 3239 2022 quidem
3309 1954 3375 2007 ad
3439 1953 3588 2007 hunc

2006 2049 2225 2102 modum
2267 2048 2511 2114 exposita
2551 2048 2679 2103 sint.
2718 2046 2856 2100 Illud
2900 2058 3081 2099 autem
3144 2062 3160 2099 :
3219 2045 3411 2098 Omnes
3461 2060 3587 2114 gen-

2005 2146 2102 2198 tes,
2135 2137 2375 2206 plaudite
2396 2137 2660 2200 manibus,
2693 2135 2912 2190 Davidis
2942 2146 3024 2189 est
3058 2137 3101 2168 ¹⁹
3125 2153 3140 2201 ;
3165 2136 3382 2203 signum
3418 2149 3587 2202 porro

2005 2230 2186 2300 gaudii
2241 2244 2501 2283 manuum
2559 2228 2805 2297 plausus.
2859 2226 3058 2281 Verum
3110 2240 3275 2295 quam
3321 2224 3395 2278 ob
3450 2238 3589 2276 cau-

2004 2335 2121 2375 sam
2170 2318 2425 2373 manibus
2476 2315 2840 2386 plaudendum
2899 2317 3014 2370 est?
3054 2316 3339 2384 quoniam,
3385 2324 3445 2368 ut
3496 2314 3588 2367 in-

2005 2413 2123 2483 quit
2155 2412 2325 2467 Isaias
2354 2431 2369 2467 :
2412 2411 2672 2465 Parvulas
2712 2409 2808 2463 Dei
2835 2408 3014 2463 Filius
3049 2411 3194 2462 nobis
3236 2418 3391 2461 natus
3420 2416 3497 2460 est
3515 2406 3585 2471 ’°,

2012 2510 2115 2562 hoc
2151 2515 2259 2567 est,
2306 2515 2489 2560 nostra
2531 2517 2718 2558 causa.
2756 2502 2888 2557 Nam
2928 2517 3029 2556 nos
3066 2509 3289 2569 propter
3343 2506 3587 2552 uosmet-

2012 2600 2163 2667 ipsos
2209 2599 2509 2656 nascimur,
2568 2604 2627 2650 ut
2668 2594 2788 2648 luce
2834 2608 2899 2648 ac
2945 2592 3055 2647 vita
3095 2591 3494 2660 perfruamur:
3532 2597 3589 2643 at

2006 2692 2262 2747 Christus
2315 2701 2503 2744 nostra
2539 2704 2707 2743 causa
2756 2696 2915 2742 natus
2944 2697 3050 2751 est,
3078 2696 3137 2740 ut
3172 2700 3273 2739 nos
3303 2683 3587 2738 beneﬁciis

2007 2764 2223 2849 alliciat,
2257 2799 2320 2838 ac
2368 2784 2524 2839 nobis
2552 2783 2715 2838 datus
2751 2788 2854 2846 est,
2889 2781 3049 2847 cujus
3088 2778 3452 2849 principatus,
3492 2790 3586 2829 se-

2005 2877 2243 2930 cundum
2273 2874 2523 2929 eumdem
2563 2874 2757 2928 Isaiam
2792 2872 2874 2935 ",
2917 2886 3083 2940 super
3115 2870 3407 2923 humerum
3443 2866 3585 2933 ejus.

2007 2968 2271 3038 Egressus
2307 2972 2392 3022 est
2426 2966 2570 3019 enim
2607 2963 2849 3019 humeris
2884 2971 3108 3034 gestans
3138 2940 3587 3026 crueeni'suam;

321 3058 435 3099 ncn
466 3048 759 3118 concipiat,
795 3068 896 3109 nec
933 3055 1053 3109 sine
1096 3056 1381 3112 doloribus
1410 3061 1611 3129 pariat,
1645 3078 1744 3119 nec
1773 3075 1898 3136 post
1924 3081 1967 3138 ο
2004 3073 2127 3127 qua:
2155 3057 2380 3127 quidem
2411 3055 2587 3124 ipsius
2628 3061 2712 3109 est
2753 3053 3115 3122 principatus,
3149 3058 3337 3117 utpote
3370 3047 3587 3117 imperii

324 3145 540 3203 partum
605 3139 932 3208 virginitatis
978 3147 1143 3201 decus
1200 3150 1450 3214 retineat,
1499 3166 1621 3220 qua:
1678 3155 1898 3223 quidem

325 3242 380 3281 ιη
414 3227 508 3283 Dei
538 3229 707 3286 Matre
747 3250 843 3305 per
876 3238 1153 3292 contraria
1202 3243 1462 3296 subversa
1494 3253 1644 3311 sunt,
1680 3255 1741 3300 ut
1782 3263 1903 3316 quae

322 3330 377 3374 ct
412 3324 532 3377 sine
565 3326 684 3381 viro
726 3331 1063 3400 conceperit,
1104 3341 1158 3387 et
1187 3333 1305 3388 sine
1344 3333 1629 3391 doloribus
1673 3353 1905 3407 peperc-

322 3411 417 3476 rit,
457 3423 510 3466 et
566 3424 687 3482 post
735 3428 948 3484 partum
988 3419 1141 3490 virgo
1177 3422 1462 3476 manserit.
1516 3422 1671 3488 Quod
1718 3438 1900 3480 autem

323 3516 622 3570 supernum
686 3509 952 3564 mundum
1008 3511 1343 3580 implendum
1410 3528 1531 3568 esse
1576 3516 1695 3580 ait,
1750 3518 1903 3573 vario

325 3592 489 3645 modo
555 3595 780 3666 intelligi
849 3609 1045 3669 potest.
1102 3599 1199 3657 Vel
1261 3604 1433 3670 enim,
1492 3606 1619 3676 quia
1682 3606 1904 3663 Lucifer

326 3698 451 3735 cum
509 3687 740 3743 subditis
796 3691 901 3746 sibi
949 3693 1340 3751 defeetricibus
1396 3699 1566 3767 copiis
1615 3701 1905 3770 prolapsus

326 3774 505 3828 locum
568 3792 798 3835 vacuum
850 3782 1091 3854 reliquit,
1132 3802 1256 3840 eum
1307 3803 1338 3842 a
1399 3789 1559 3844 nobis
1620 3790 1676 3844 in
1729 3791 1904 3862 ipsius

328 3865 558 3932 gradum
618 3878 785 3939 atque
832 3874 1077 3931 ordinem
1123 3892 1218 3946 per
1252 3878 1501 3934 virtutem
1553 3881 1754 3937 evectis
1802 3883 1906 3936 im-

329 3957 462 4023 pleri
502 3974 725 4017 necesse
774 3974 878 4019 est.
936 3966 1027 4020 Vel
1063 3969 1191 4035 quia
1230 3973 1690 4041 quemadmodum
1727 3975 1902 4031 Adam

331 4055 676 4122 praescriptas
719 4058 820 4111 sibi
856 4074 885 4111 a
921 4061 1029 4115 Deo
1063 4062 1207 4131 leges
1248 4075 1646 4136 transgressus,
1683 4069 1906 4124 inferio-

332 4157 448 4196 rem
511 4145 654 4200 ltuuc
721 4152 983 4204 mundum
1042 4155 1355 4211 hominibus
1416 4173 1510 4226 per
1567 4175 1788 4214 carnem
1839 4163 1903 4215 ad

326 4235 607 4336 interitum
654 4251 707 4295 et
762 4247 1217 4315 corruptionem,
1268 4250 1423 4317 juxta
1485 4251 1662 4320 ipsum
1712 4269 1905 4324 proge-

326 4328 460 4382 nitis
514 4329 790 4400 implevit,
848 4353 943 4405 per
1000 4338 1415 4394 siu‘iilitudiuem
1469 4343 1716 4399 videlicet
1769 4363 1902 4415 pra:-

2007 3165 2073 3204 ac
2105 3147 2412 3217 potestatis,
2462 3160 2566 3214 qua
2600 3144 2858 3196 omnibus
2889 3142 3225 3198 dominatur.
3262 3143 3480 3211 signum
3514 3153 3582 3194 ac

2009 3240 2177 3296 veluti
2229 3247 2527 3306 sceptrum.
2594 3235 2804 3287 Etenim
2862 3233 3115 3287 Christus
3157 3242 3280 3301 post
3328 3244 3582 3294 mortem,

2009 3345 2169 3399 quam
2205 3329 2258 3382 in
2296 3342 2461 3382 cruce
2504 3325 2693 3388 subiit,
2726 3338 3018 3393 resurgens
3048 3322 3188 3376 dixit
3217 3339 3233 3376 :
3280 3321 3425 3375 Data
3456 3322 3585 3375 mihi

2007 3435 2080 3476 est
2107 3421 2276 3474 omnis
2315 3426 2549 3489 potestas
2603 3419 2656 3469 in
2684 3415 2812 3469 ccelo
2858 3423 2910 3468 et
2950 3415 3005 3467 in
3041 3424 3183 3468 terra
3232 3414 3340 3477 ¹¹“,
3387 3423 3445 3465 ut
3487 3413 3586 3466 ho-

2014 3513 2149 3567 mini
2180 3512 2413 3576 scilicet,
2464 3525 2631 3580 quam
2668 3516 2726 3563 ut
2775 3508 2918 3562 Deus
2950 3506 3206 3561 habebat.
3253 3505 3390 3558 Cum
3419 3518 3587 3559 cruce

2006 3606 2179 3671 enim,
2222 3602 2422 3673 inquit,
2469 3600 2633 3656 simul
2685 3598 2991 3663 extollitur,
3043 3598 3147 3653 hoc
3192 3606 3293 3662 est,
3324 3610 3489 3650 cruce
3528 3596 3582 3649 in

2007 3697 2177 3749 altum
2213 3695 2429 3750 sublata
2465 3694 2581 3763 ipse
2614 3706 2833 3763 quoque
2874 3704 3001 3745 eum
3049 3688 3388 3758 infigeretur,
3419 3686 3585 3742 simul

2008 3799 2230 3844 evectus
2283 3787 2578 3857 perfectam
2623 3784 2911 3840 victoriam
2959 3783 3189 3852 adeptus
3233 3789 3354 3846 est,
3394 3795 3459 3834 ac
3489 3794 3583 3848 per

2008 3894 2225 3935 crucem
2269 3877 2607 3949 gloriﬁcatus
2645 3884 2749 3931 est.
2787 3875 2906 3929 Duo
2950 3873 3098 3927 enim
3139 3872 3416 3940 signiﬁcat
3456 3884 3590 3924 eve-

2009 3975 2139 4039 ctio,
2180 3982 2235 4026 et
2279 3970 2581 4040 simplicem
2631 3984 2664 4023 a
2719 3975 2860 4022 terra
2916 3963 3305 4024 sublationem,
3365 3969 3418 4014 et
3465 3959 3586 4033 glo-

2008 4065 2168 4118 riam.
2213 4060 2457 4127 Quorum
2493 4060 2724 4114 alterum
2778 4058 2847 4111 de
2878 4069 3043 4110 cruce
3097 4061 3413 4121 usurpatur,
3443 4052 3586 4105 alte-

2010 4170 2128 4209 rum
2168 4153 2235 4206 de
2278 4151 2487 4205 Christi
2538 4149 2908 4203 humanitate.
2955 4146 3186 4216 Insuper
3234 4144 3584 4200 alllietionem

2009 4253 2063 4298 et
2095 4239 2571 4296 mortiﬁcationem
2626 4250 2761 4290 crux
2810 4235 3082 4304 designat.
3134 4233 3279 4303 Ergo
3326 4231 3584 4286 Christus

2009 4334 2312 4397 extollitur,
2345 4342 2509 4399 atque
2556 4329 2611 4382 in
2652 4328 2811 4382 nobis
2858 4325 3216 4397 glorificatur,
3258 4340 3382 4380 cum
3419 4338 3583 4391 supra

325 4420 680 4478 varicatiouis
733 4429 868 4496 ipsis
926 4428 1033 4482 dux
1093 4439 1144 4482 et
1196 4438 1390 4483 auctor
1444 4433 1618 4489 factus
1662 4413 1902 4492 :eodem

2014 4439 2224 4483 terrena
2297 4425 2624 4487 evehimur,
2682 4430 2736 4477 et
2801 4418 3186 4475 aﬂlietionibus
3244 4415 3582 4485 premimur,

327 4513 491 4566 modo
533 4512 788 4571 Christus
838 4518 1028 4585 Adami
1077 4520 1222 4589 leges
1268 4522 1443 4591 reipsa
1498 4524 1688 4579 delens
1743 4538 1905 4599 atque

330 4602 628 4672 ahrogans,
678 4610 1013 4676 superiorem
1067 4612 1331 4666 mundum
1380 4615 1589 4681 impleri
1639 4620 1904 4685 ostendit,

332 4693 419 4745 his
461 4695 505 4726 "
566 4697 658 4765 qui
715 4701 1015 4755 secundum
1075 4706 1253 4772 ipsum
1311 4706 1377 4758 ad
1434 4706 1902 4777 incorruptionem

329 4785 650 4856 gignuntur,
688 4806 781 4860 per
811 4795 1227 4848 similitudinem
1273 4797 1592 4851 obedientiae
1651 4815 1766 4853 suae
1800 4803 1907 4856 dux

330 4880 533 4935 tactus.
585 4882 896 4952 Supernum
956 4900 1137 4942 autem
1200 4891 1344 4942 hunc
1395 4890 1658 4943 Inundum
1707 4903 1905 4958 vocat,

325 4971 419 5037 qui
473 4976 753 5039 praecessit
810 4989 1117 5044 peccatum,
1173 4981 1316 5047 quod
1364 4981 1586 5049 quidem
1645 4984 1905 5051 ignorau-

328 5063 417 5116 tite
450 5063 595 5134 leges
628 5068 831 5122 invexit
861 5087 876 5125 :
917 5073 1117 5140 quibus
1157 5088 1343 5126 rursus
1377 5090 1406 5126 a
1442 5074 1662 5127 Christo
1703 5077 1910 5130 exstin-

331 5156 435 5209 ctis
465 5156 876 5224 incorruptione
903 5164 1139 5218 mundus
1177 5164 1434 5234 impletus
1472 5175 1575 5219 est.
1609 5163 1705 5220 Vel
1737 5167 1901 5222 etiam

330 5248 462 5315 quia
519 5260 576 5304 ut
635 5255 1049 5310 matrimonium
1096 5256 1450 5324 inferiorem,
1497 5258 1570 5312 ita
1625 5260 1909 5331 virginitas

330 5349 669 5411 superiorem
731 5353 992 5404 mundum
1051 5349 1239 5420 implet
1303 5369 1319 5405 :
1397 5352 1593 5421 quippe
1653 5366 1775 5421 qua:
1822 5350 1907 5405 sui

332 5433 612 5489 studiosos
652 5450 775 5490 eum
819 5438 1124 5506 virginibus
1173 5439 1378 5508 angelis
1426 5444 1724 5495 consociat.
1763 5437 1905 5505 Quin

408 5613 452 5645 “
495 5612 655 5667 "chr.
704 5631 795 5676 vu,
841 5616 895 5671 5.

336 5682 382 5717 ι’
435 5681 580 5738 Psal.
618 5701 760 5749 XLVI,
802 5685 857 5742 2.

1005 5615 1047 5645 ¹⁵
1086 5613 1248 5666 Rom.
1300 5631 1350 5678 v,
1394 5612 1480 5668 M.
1534 5613 1617 5667 I5.

933 5686 978 5717 ¹⁰
1018 5684 1125 5740 Isa.
1165 5699 1239 5749 Ix,
1266 5679 1319 5736 6.
1397 5682 1440 5713 ἰ
1481 5678 1615 5740 Ibid.

1738 5613 1781 5644 "
1818 5610 1977 5666 Joan.
2028 5628 2138 5676 xw,
2182 5614 2235 5667 ‘2.

1692 5684 1737 5716 ἰ
1771 5686 1786 5704 ⁶
1836 5683 2025 5738 Matth.
2087 5700 2275 5745 xxvm,
2332 5684 2417 5738 l8.

2012 4519 2336 4587 vitiosisque
2390 4517 2561 4571 animi
2609 4514 2854 4570 motibus
2908 4511 3230 4566 emorimur.
3294 4505 3403 4561 Nec
3454 4519 3584 4558 vero

2011 4629 2098 4668 me
2150 4611 2287 4681 fugit
2334 4608 2625 4663 nonnullos
2671 4608 2746 4661 ita
2799 4609 2948 4661 hunc
2992 4605 3172 4658 locum
3207 4599 3578 4669 explicuisse:

2010 4705 2176 4774 Cujus
2212 4702 2540 4773 principatus
2592 4714 2749 4768 super
2801 4698 3077 4751 humerum
3123 4694 3260 4764 ejus,
3322 4691 3581 4760 quoniam

2011 4812 2207 4852 omnes
2246 4796 2336 4850 alii
2388 4809 2542 4864 reges
2597 4807 2704 4846 non
2760 4791 2816 4845 in
2866 4788 3107 4860 propriis
3151 4787 3361 4841 viribus
3415 4785 3586 4852 impe-

2008 4891 2151 4945 rium
2184 4904 2343 4944 suum
2370 4902 2433 4942 ac
2475 4899 2703 4955 regnum
2739 4884 2942 4939 habent
2971 4881 3352 4941 constitutum,
3391 4875 3485 4932 sed
3527 4875 3582 4929 in

2008 4983 2222 5047 alienis,
2264 4981 2479 5052 puta‘in
2516 4978 2785 5033 militibus
2821 4986 2875 5031 et
2912 4975 3243 5030 satellitibus
3285 4985 3349 5025 ac
3381 4982 3585 5039 propu-

2013 5077 2383 5148 gnatoribus;
2447 5071 2701 5128 Christus
2754 5077 2937 5123 autem
3005 5066 3156 5121 solus
3216 5063 3581 5133 principatum

2014 5180 2175 5220 suum
2213 5177 2375 5231 super
2424 5161 2710 5214 humerum
2741 5158 2926 5218 habet,
2972 5154 3021 5207 id
3054 5162 3158 5219 est,
3195 5152 3249 5206 in
3279 5167 3376 5207 sua
3410 5148 3584 5219 ipsius

2012 5256 2274 5325 potentia.
2328 5252 2430 5307 Per
2471 5252 2762 5306 humerum
2809 5248 2955 5302 enim
2990 5246 3145 5314 ,vires
3181 5244 3584 5314 signiﬁcantur.

2010 5347 2133 5404 .Iam
2187 5346 2317 5401 illud
2357 5358 2579 5415 quoque
2629 5342 2699 5398 ab
2747 5340 2885 5396 Isaia
2934 5350 3213 5408 sumptum
3256 5346 3361 5399 est,
3416 5334 3588 5391 Voca-

2010 5439 2154 5492 bitur
2187 5451 2372 5491 nomeu
2405 5434 2519 5503 ejus
2553 5433 2731 5503 magni
2784 5431 2998 5487 consilii
3043 5428 3260 5501 angelus
3310 5429 3379 5496 ²²,
3425 5428 3588 5497 cujus

2352 5612 2392 5644 "
2426 5610 2554 5666 Luc.
2599 5627 2708 5677 xiv,
2750 5610 2840 5665 Q3.
2957 5612 3000 5642 ⁸⁸
3039 5608 3227 5663 Matth.
3275 5624 3385 5671 xix,
3428 5604 3516 5661 l2.

2352 5685 2417 5735 .8.
2499 5685 2541 5713 ²²
2579 5683 2683 5735 lsa.
2718 5698 2790 5735 Ix.
2825 5681 2856 5732 6
2889 5697 3000 5735 sec.
3034 5695 3162 5734 LXX.

2599 5699 2683 5736 sa.
2718 5698 2790 5745 Ix,
2825 5695 2856 5732 υ
2889 5697 3000 5735 sec.
3034 5695 3162 5734 ιιι.

3170 1315 3263 1368 Vel
3311 1329 3432 1367 cum
3466 1313 3585 1364 ait:
3675 1354 3688 1366 .
