  <div class='ocr_page' id='page_1' title='image "/cluster/home/n/w/nwhite01/storage/ocr_20150623/127/hvd.32044073502411/597.png"; bbox 0 0 4032 6198; ppageno 0'>
   <div class='ocr_carea' id='block_1_1' title="bbox 454 304 597 368">
    <p class='ocr_par' dir='ltr' id='par_1_1' title="bbox 454 304 597 368">
     <span class='ocr_line' id='line_1_1' title="bbox 454 304 597 368; baseline -0.021 0"><span class='ocrx_word' id='word_1_1' title='bbox 454 304 597 368; x_wconf 68' lang='lat' dir='ltr'><strong>H83</strong></span> 
     </span>
    </p>
   </div>
   <div class='ocr_carea' id='block_1_2' title="bbox 1768 311 2246 396">
    <p class='ocr_par' dir='ltr' id='par_1_2' title="bbox 1768 311 2246 396">
     <span class='ocr_line' id='line_1_2' title="bbox 1768 311 2246 396; baseline -0.006 -16"><span class='ocrx_word' id='word_1_2' title='bbox 1768 390 1774 396; x_wconf 50' lang='grc'>,</span> <span class='ocrx_word' id='word_1_3' title='bbox 1860 311 2246 379; x_wconf 78' lang='lat' dir='ltr'><strong>ADDENDA.</strong></span> 
     </span>
    </p>
   </div>
   <div class='ocr_carea' id='block_1_3' title="bbox 3586 303 3731 371">
    <p class='ocr_par' dir='ltr' id='par_1_3' title="bbox 3586 303 3731 371">
     <span class='ocr_line' id='line_1_3' title="bbox 3586 303 3731 371; baseline 0.021 -3"><span class='ocrx_word' id='word_1_4' title='bbox 3586 303 3731 371; x_wconf 69' lang='lat' dir='ltr'><strong>“Si</strong></span> 
     </span>
    </p>
   </div>
   <div class='ocr_carea' id='block_1_4' title="bbox 458 420 3741 499">
    <p class='ocr_par' dir='ltr' id='par_1_4' title="bbox 458 420 3741 499">
     <span class='ocr_line' id='line_1_4' title="bbox 458 420 3741 499; baseline -0.001 -21"><span class='ocrx_word' id='word_1_5' title='bbox 458 432 640 479; x_wconf 82' lang='lat' dir='ltr'><strong>autem</strong></span> <span class='ocrx_word' id='word_1_6' title='bbox 687 423 900 478; x_wconf 84' lang='lat' dir='ltr'><strong>consilii</strong></span> <span class='ocrx_word' id='word_1_7' title='bbox 931 421 1245 493; x_wconf 80' lang='lat' dir='ltr'><strong>Thcoiogus</strong></span> <span class='ocrx_word' id='word_1_8' title='bbox 1293 422 1560 496; x_wconf 87' lang='lat' dir='ltr'><strong>adjungit,</strong></span> <span class='ocrx_word' id='word_1_9' title='bbox 1599 438 1798 496; x_wconf 80' lang='lat' dir='ltr'><strong>nempe</strong></span> <span class='ocrx_word' id='word_1_10' title='bbox 1828 426 2035 485; x_wconf 86' lang='lat' dir='ltr'><strong>Pa:ris.</strong></span> <span class='ocrx_word' id='word_1_11' title='bbox 2066 429 2298 490; x_wconf 64' lang='grc' dir='ltr'><strong>ΑΡΜιί</strong></span> <span class='ocrx_word' id='word_1_12' title='bbox 2349 438 2433 487; x_wconf 89' lang='lat' dir='ltr'><strong>est</strong></span> <span class='ocrx_word' id='word_1_13' title='bbox 2481 428 2535 485; x_wconf 92' lang='lat' dir='ltr'><strong>iu</strong></span> <span class='ocrx_word' id='word_1_14' title='bbox 2596 426 2840 499; x_wconf 85' lang='lat' dir='ltr'><strong>Epistula</strong></span> <span class='ocrx_word' id='word_1_15' title='bbox 2874 425 2953 481; x_wconf 89' lang='lat' dir='ltr'><strong>&#39;ad</strong></span> <span class='ocrx_word' id='word_1_16' title='bbox 3010 423 3268 480; x_wconf 58' lang='lat' dir='ltr'><strong>Hebraeos</strong></span> <span class='ocrx_word' id='word_1_17' title='bbox 3300 422 3370 476; x_wconf 81' lang='lat'><strong>&quot;.</strong></span> <span class='ocrx_word' id='word_1_18' title='bbox 3431 420 3558 488; x_wconf 86' lang='lat' dir='ltr'><strong>Quo</strong></span> <span class='ocrx_word' id='word_1_19' title='bbox 3612 423 3741 477; x_wconf 88' lang='lat' dir='ltr'><strong>loco</strong></span> 
     </span>
    </p>
   </div>
   <div class='ocr_carea' id='block_1_5' title="bbox 459 514 2035 579">
    <p class='ocr_par' dir='ltr' id='par_1_5' title="bbox 459 514 2035 579">
     <span class='ocr_line' id='line_1_5' title="bbox 459 514 2035 579; baseline 0.003 -10"><span class='ocrx_word' id='word_1_20' title='bbox 459 514 763 572; x_wconf 82' lang='lat' dir='ltr'><strong>Consilium</strong></span> <span class='ocrx_word' id='word_1_21' title='bbox 793 526 977 570; x_wconf 76' lang='lat' dir='ltr'><strong>autem</strong></span> <span class='ocrx_word' id='word_1_22' title='bbox 1020 515 1148 579; x_wconf 92' lang='lat' dir='ltr'><strong>hoc,</strong></span> <span class='ocrx_word' id='word_1_23' title='bbox 1188 516 1471 571; x_wconf 86' lang='lat' dir='ltr'><strong>hominum</strong></span> <span class='ocrx_word' id='word_1_24' title='bbox 1515 517 1844 574; x_wconf 74' lang='lat' dir='ltr'><strong>instauratio</strong></span> <span class='ocrx_word' id='word_1_25' title='bbox 1889 527 2035 574; x_wconf 86' lang='lat' dir='ltr'><strong>erat.</strong></span> 
     </span>
    </p>
   </div>
   <div class='ocr_carea' id='block_1_6' title="bbox 462 610 2042 681">
    <p class='ocr_par' dir='ltr' id='par_1_6' title="bbox 462 610 2042 681">
     <span class='ocr_line' id='line_1_6' title="bbox 462 610 2042 681; baseline 0 -14"><span class='ocrx_word' id='word_1_26' title='bbox 462 614 598 681; x_wconf 63' lang='lat' dir='ltr'><strong>Qua:</strong></span> <span class='ocrx_word' id='word_1_27' title='bbox 632 614 811 676; x_wconf 81' lang='lat' dir='ltr'><strong>enim,</strong></span> <span class='ocrx_word' id='word_1_28' title='bbox 861 613 1077 681; x_wconf 91' lang='lat' dir='ltr'><strong>inquit.</strong></span> <span class='ocrx_word' id='word_1_29' title='bbox 1127 612 1310 666; x_wconf 75' lang='lat' dir='ltr'><strong>audivi</strong></span> <span class='ocrx_word' id='word_1_30' title='bbox 1351 629 1384 665; x_wconf 90' lang='lat' dir='ltr'><strong>a</strong></span> <span class='ocrx_word' id='word_1_31' title='bbox 1444 610 1630 676; x_wconf 84' lang='lat' dir='ltr'><strong>Patre,</strong></span> <span class='ocrx_word' id='word_1_32' title='bbox 1683 614 1796 667; x_wconf 63' lang='lat' dir='ltr'><strong>haec</strong></span> <span class='ocrx_word' id='word_1_33' title='bbox 1832 629 2042 668; x_wconf 84' lang='lat' dir='ltr'><strong>annun-</strong></span> 
     </span>
    </p>
   </div>
   <div class='ocr_carea' id='block_1_7' title="bbox 462 702 2036 760">
    <p class='ocr_par' dir='ltr' id='par_1_7' title="bbox 462 702 2036 760">
     <span class='ocr_line' id='line_1_7' title="bbox 462 702 2036 760; baseline 0.001 -2"><span class='ocrx_word' id='word_1_34' title='bbox 462 705 592 758; x_wconf 78' lang='lat' dir='ltr'><strong>tiavi</strong></span> <span class='ocrx_word' id='word_1_35' title='bbox 638 705 778 758; x_wconf 75' lang='lat' dir='ltr'><strong>vobis</strong></span> <span class='ocrx_word' id='word_1_36' title='bbox 813 705 875 757; x_wconf 78' lang='lat'><strong>“.</strong></span> <span class='ocrx_word' id='word_1_37' title='bbox 915 702 1146 759; x_wconf 78' lang='lat' dir='ltr'><strong>Ubinam</strong></span> <span class='ocrx_word' id='word_1_38' title='bbox 1191 712 1372 758; x_wconf 90' lang='lat' dir='ltr'><strong>autem</strong></span> <span class='ocrx_word' id='word_1_39' title='bbox 1428 713 1681 759; x_wconf 88' lang='lat' dir='ltr'><strong>vocatum</strong></span> <span class='ocrx_word' id='word_1_40' title='bbox 1712 714 1800 759; x_wconf 90' lang='lat' dir='ltr'><strong>est</strong></span> <span class='ocrx_word' id='word_1_41' title='bbox 1832 720 2036 760; x_wconf 86' lang='lat' dir='ltr'><strong>nomen</strong></span> 
     </span>
    </p>
   </div>
   <div class='ocr_carea' id='block_1_8' title="bbox 463 794 2044 866">
    <p class='ocr_par' dir='ltr' id='par_1_8' title="bbox 463 794 2044 866">
     <span class='ocr_line' id='line_1_8' title="bbox 463 794 2044 866; baseline 0.003 -19"><span class='ocrx_word' id='word_1_42' title='bbox 463 796 584 864; x_wconf 80' lang='lat' dir='ltr'><strong>ejus</strong></span> <span class='ocrx_word' id='word_1_43' title='bbox 647 795 831 863; x_wconf 83' lang='lat' dir='ltr'><strong>magni</strong></span> <span class='ocrx_word' id='word_1_44' title='bbox 903 794 1122 851; x_wconf 83' lang='lat' dir='ltr'><strong>consilii</strong></span> <span class='ocrx_word' id='word_1_45' title='bbox 1185 794 1463 865; x_wconf 85' lang='lat' dir='ltr'><strong>angelus?</strong></span> <span class='ocrx_word' id='word_1_46' title='bbox 1525 811 1820 866; x_wconf 80' lang='lat' dir='ltr'><strong>nusquam.</strong></span> <span class='ocrx_word' id='word_1_47' title='bbox 1893 796 2044 852; x_wconf 86' lang='lat' dir='ltr'><strong>Talis</strong></span> 
     </span>
    </p>
   </div>
   <div class='ocr_carea' id='block_1_9' title="bbox 463 890 2040 960">
    <p class='ocr_par' dir='ltr' id='par_1_9' title="bbox 463 890 2040 960">
     <span class='ocr_line' id='line_1_9' title="bbox 463 890 2040 960; baseline 0.002 -17"><span class='ocrx_word' id='word_1_48' title='bbox 463 901 650 945; x_wconf 86' lang='lat' dir='ltr'><strong>tamen</strong></span> <span class='ocrx_word' id='word_1_49' title='bbox 679 900 818 954; x_wconf 87' lang='lat' dir='ltr'><strong>erat,</strong></span> <span class='ocrx_word' id='word_1_50' title='bbox 856 890 984 946; x_wconf 90' lang='lat' dir='ltr'><strong>licet</strong></span> <span class='ocrx_word' id='word_1_51' title='bbox 1011 904 1288 960; x_wconf 86' lang='lat' dir='ltr'><strong>nusquam</strong></span> <span class='ocrx_word' id='word_1_52' title='bbox 1335 891 1409 944; x_wconf 91' lang='lat' dir='ltr'><strong>ita</strong></span> <span class='ocrx_word' id='word_1_53' title='bbox 1455 899 1687 946; x_wconf 88' lang='lat' dir='ltr'><strong>vocatus</strong></span> <span class='ocrx_word' id='word_1_54' title='bbox 1719 890 1813 946; x_wconf 87' lang='lat' dir='ltr'><strong>sit.</strong></span> <span class='ocrx_word' id='word_1_55' title='bbox 1860 890 2040 946; x_wconf 83' lang='lat' dir='ltr'><strong>Fami-</strong></span> 
     </span>
    </p>
   </div>
   <div class='ocr_carea' id='block_1_10' title="bbox 465 982 2046 1053">
    <p class='ocr_par' dir='ltr' id='par_1_10' title="bbox 465 982 2046 1053">
     <span class='ocr_line' id='line_1_10' title="bbox 465 982 2046 1053; baseline 0.002 -18"><span class='ocrx_word' id='word_1_56' title='bbox 465 983 600 1039; x_wconf 90' lang='lat' dir='ltr'><strong>liare</strong></span> <span class='ocrx_word' id='word_1_57' title='bbox 633 993 816 1037; x_wconf 87' lang='lat' dir='ltr'><strong>autem</strong></span> <span class='ocrx_word' id='word_1_58' title='bbox 870 992 955 1038; x_wconf 85' lang='lat' dir='ltr'><strong>est</strong></span> <span class='ocrx_word' id='word_1_59' title='bbox 1003 982 1305 1052; x_wconf 74' lang='lat' dir='ltr'><strong>Scriptum</strong></span> <span class='ocrx_word' id='word_1_60' title='bbox 1353 998 1524 1038; x_wconf 69' lang='lat' dir='ltr'><strong>sacrae</strong></span> <span class='ocrx_word' id='word_1_61' title='bbox 1572 998 1673 1053; x_wconf 92' lang='lat' dir='ltr'><strong>pro</strong></span> <span class='ocrx_word' id='word_1_62' title='bbox 1727 984 2046 1039; x_wconf 86' lang='lat' dir='ltr'><strong>nominibus</strong></span> 
     </span>
    </p>
   </div>
   <div class='ocr_carea' id='block_1_11' title="bbox 468 1075 2046 1146">
    <p class='ocr_par' dir='ltr' id='par_1_11' title="bbox 468 1075 2046 1146">
     <span class='ocr_line' id='line_1_11' title="bbox 468 1075 2046 1146; baseline -0.001 -16"><span class='ocrx_word' id='word_1_63' title='bbox 468 1077 792 1146; x_wconf 86' lang='lat' dir='ltr'><strong>plerumque</strong></span> <span class='ocrx_word' id='word_1_64' title='bbox 814 1078 1064 1131; x_wconf 87' lang='lat' dir='ltr'><strong>actiones</strong></span> <span class='ocrx_word' id='word_1_65' title='bbox 1092 1077 1242 1146; x_wconf 88' lang='lat' dir='ltr'><strong>ipsas</strong></span> <span class='ocrx_word' id='word_1_66' title='bbox 1274 1076 1545 1146; x_wconf 85' lang='lat' dir='ltr'><strong>accipere,</strong></span> <span class='ocrx_word' id='word_1_67' title='bbox 1579 1075 2046 1143; x_wconf 80' lang='lat' dir='ltr'><strong>quemadmodum</strong></span> 
     </span>
    </p>
   </div>
   <div class='ocr_carea' id='block_1_12' title="bbox 471 1164 2048 1236">
    <p class='ocr_par' dir='ltr' id='par_1_12' title="bbox 471 1164 2048 1236">
     <span class='ocr_line' id='line_1_12' title="bbox 471 1164 2048 1236; baseline -0.001 -14"><span class='ocrx_word' id='word_1_68' title='bbox 471 1170 573 1223; x_wconf 89' lang='lat' dir='ltr'><strong>hoc</strong></span> <span class='ocrx_word' id='word_1_69' title='bbox 614 1169 759 1224; x_wconf 91' lang='lat' dir='ltr'><strong>loco.</strong></span> <span class='ocrx_word' id='word_1_70' title='bbox 799 1166 933 1223; x_wconf 85' lang='lat' dir='ltr'><strong>Item</strong></span> <span class='ocrx_word' id='word_1_71' title='bbox 963 1184 1089 1224; x_wconf 90' lang='lat' dir='ltr'><strong>cum</strong></span> <span class='ocrx_word' id='word_1_72' title='bbox 1140 1170 1206 1222; x_wconf 91' lang='lat' dir='ltr'><strong>ad</strong></span> <span class='ocrx_word' id='word_1_73' title='bbox 1248 1167 1574 1236; x_wconf 85' lang='lat' dir='ltr'><strong>Pmphetam</strong></span> <span class='ocrx_word' id='word_1_74' title='bbox 1606 1164 1810 1221; x_wconf 90' lang='lat' dir='ltr'><strong>dicitur</strong></span> <span class='ocrx_word' id='word_1_75' title='bbox 1843 1182 1858 1221; x_wconf 88' lang='lat'>:</span> <span class='ocrx_word' id='word_1_76' title='bbox 1909 1164 2048 1220; x_wconf 81' lang='lat' dir='ltr'><strong>Voca</strong></span> 
     </span>
    </p>
   </div>
   <div class='ocr_carea' id='block_1_13' title="bbox 464 1258 2048 1333">
    <p class='ocr_par' dir='ltr' id='par_1_13' title="bbox 464 1258 2048 1333">
     <span class='ocr_line' id='line_1_13' title="bbox 464 1258 2048 1333; baseline -0.003 -17"><span class='ocrx_word' id='word_1_77' title='bbox 464 1262 770 1331; x_wconf 78' lang='lat' dir='ltr'><strong>puerulum,</strong></span> <span class='ocrx_word' id='word_1_78' title='bbox 800 1262 1096 1333; x_wconf 73' lang='lat' dir='ltr'><strong>Confestim</strong></span> <span class='ocrx_word' id='word_1_79' title='bbox 1120 1262 1317 1332; x_wconf 85' lang='lat' dir='ltr'><strong>spolia,</strong></span> <span class='ocrx_word' id='word_1_80' title='bbox 1358 1259 1603 1314; x_wconf 80' lang='lat' dir='ltr'><strong>celeriter</strong></span> <span class='ocrx_word' id='word_1_81' title='bbox 1622 1275 1800 1328; x_wconf 83' lang='lat' dir='ltr'><strong>pasce,</strong></span> <span class='ocrx_word' id='word_1_82' title='bbox 1831 1272 1879 1313; x_wconf 88' lang='lat' dir='ltr'><strong>et</strong></span> <span class='ocrx_word' id='word_1_83' title='bbox 1920 1258 2048 1312; x_wconf 82' lang='lat' dir='ltr'><strong>Ent-</strong></span> 
     </span>
    </p>
   </div>
   <div class='ocr_carea' id='block_1_14' title="bbox 376 1354 1060 1419">
    <p class='ocr_par' dir='ltr' id='par_1_14' title="bbox 376 1354 1060 1419">
     <span class='ocr_line' id='line_1_14' title="bbox 376 1354 1060 1419; baseline -0.003 -12"><span class='ocrx_word' id='word_1_84' title='bbox 376 1408 385 1419; x_wconf 55' lang='lat'><strong>,</strong></span> <span class='ocrx_word' id='word_1_85' title='bbox 468 1356 681 1408; x_wconf 83' lang='lat' dir='ltr'><strong>ntanuel</strong></span> <span class='ocrx_word' id='word_1_86' title='bbox 707 1354 773 1412; x_wconf 74' lang='lat'><strong>“.</strong></span> <span class='ocrx_word' id='word_1_87' title='bbox 1026 1373 1060 1390; x_wconf 66' lang='grc' dir='ltr'><strong><em>ο</em></strong></span> 
     </span>
    </p>
   </div>
   <div class='ocr_carea' id='block_1_15' title="bbox 538 1441 2050 1508">
    <p class='ocr_par' dir='ltr' id='par_1_15' title="bbox 538 1441 2050 1508">
     <span class='ocr_line' id='line_1_15' title="bbox 538 1441 2050 1508; baseline -0.004 -8"><span class='ocrx_word' id='word_1_88' title='bbox 538 1446 661 1500; x_wconf 86' lang='lat' dir='ltr'><strong>Col.</strong></span> <span class='ocrx_word' id='word_1_89' title='bbox 691 1446 798 1501; x_wconf 71' lang='grc' dir='ltr'>ΞΗ</span> <span class='ocrx_word' id='word_1_90' title='bbox 828 1446 888 1500; x_wconf 87' lang='grc' dir='ltr'><strong>Β.</strong></span> <span class='ocrx_word' id='word_1_91' title='bbox 943 1445 1147 1499; x_wconf 80' lang='lat' dir='ltr'><strong>Clamet</strong></span> <span class='ocrx_word' id='word_1_92' title='bbox 1195 1442 1452 1508; x_wconf 78' lang='lat' dir='ltr'><strong>Joannes,</strong></span> <span class='ocrx_word' id='word_1_93' title='bbox 1493 1441 1697 1495; x_wconf 84' lang='lat' dir='ltr'><strong>Parate</strong></span> <span class='ocrx_word' id='word_1_94' title='bbox 1754 1444 1891 1495; x_wconf 83' lang='lat' dir='ltr'><strong>viam</strong></span> <span class='ocrx_word' id='word_1_95' title='bbox 1940 1441 2050 1495; x_wconf 88' lang='lat' dir='ltr'><strong>Do-</strong></span> 
     </span>
    </p>
   </div>
   <div class='ocr_carea' id='block_1_16' title="bbox 472 1533 2047 1605">
    <p class='ocr_par' dir='ltr' id='par_1_16' title="bbox 472 1533 2047 1605">
     <span class='ocr_line' id='line_1_16' title="bbox 472 1533 2047 1605; baseline -0.003 -15"><span class='ocrx_word' id='word_1_96' title='bbox 472 1537 603 1591; x_wconf 85' lang='lat' dir='ltr'><strong>mini</strong></span> <span class='ocrx_word' id='word_1_97' title='bbox 623 1538 691 1604; x_wconf 79' lang='lat'><strong>&quot;,</strong></span> <span class='ocrx_word' id='word_1_98' title='bbox 745 1548 851 1592; x_wconf 86' lang='lat' dir='ltr'><strong>etc.</strong></span> <span class='ocrx_word' id='word_1_99' title='bbox 898 1535 1160 1601; x_wconf 83' lang='lat' dir='ltr'><strong>Joannes,</strong></span> <span class='ocrx_word' id='word_1_100' title='bbox 1226 1534 1425 1605; x_wconf 86' lang='lat' dir='ltr'><strong>inquit,</strong></span> <span class='ocrx_word' id='word_1_101' title='bbox 1480 1543 1608 1588; x_wconf 89' lang='lat' dir='ltr'><strong>nato</strong></span> <span class='ocrx_word' id='word_1_102' title='bbox 1650 1533 1871 1588; x_wconf 86' lang='lat' dir='ltr'><strong>Christo</strong></span> <span class='ocrx_word' id='word_1_103' title='bbox 1907 1533 2047 1586; x_wconf 88' lang='lat' dir='ltr'><strong>viam</strong></span> 
     </span>
    </p>
   </div>
   <div class='ocr_carea' id='block_1_17' title="bbox 472 1624 2054 1698">
    <p class='ocr_par' dir='ltr' id='par_1_17' title="bbox 472 1624 2054 1698">
     <span class='ocr_line' id='line_1_17' title="bbox 472 1624 2054 1698; baseline -0.003 -14"><span class='ocrx_word' id='word_1_104' title='bbox 472 1629 821 1698; x_wconf 61' lang='lat' dir='ltr'><strong>praemuni-it,</strong></span> <span class='ocrx_word' id='word_1_105' title='bbox 856 1636 910 1684; x_wconf 88' lang='lat' dir='ltr'><strong>et</strong></span> <span class='ocrx_word' id='word_1_106' title='bbox 933 1631 1156 1690; x_wconf 88' lang='lat' dir='ltr'><strong>clamet.</strong></span> <span class='ocrx_word' id='word_1_107' title='bbox 1184 1626 1649 1697; x_wconf 86' lang='lat' dir='ltr'><strong>quemadmodum</strong></span> <span class='ocrx_word' id='word_1_108' title='bbox 1684 1625 1752 1680; x_wconf 90' lang='lat' dir='ltr'><strong>de</strong></span> <span class='ocrx_word' id='word_1_109' title='bbox 1781 1639 1847 1678; x_wconf 83' lang='lat' dir='ltr'><strong>en</strong></span> <span class='ocrx_word' id='word_1_110' title='bbox 1882 1624 2054 1679; x_wconf 81' lang='lat' dir='ltr'><strong>Isaias</strong></span> 
     </span>
    </p>
   </div>
   <div class='ocr_carea' id='block_1_18' title="bbox 473 1717 2053 1786">
    <p class='ocr_par' dir='ltr' id='par_1_18' title="bbox 473 1717 2053 1786">
     <span class='ocr_line' id='line_1_18' title="bbox 473 1717 2053 1786; baseline -0.004 -12"><span class='ocrx_word' id='word_1_111' title='bbox 473 1720 630 1785; x_wconf 90' lang='lat' dir='ltr'><strong>dicit,</strong></span> <span class='ocrx_word' id='word_1_112' title='bbox 675 1720 875 1775; x_wconf 73' lang='lat' dir='ltr'><strong>Parata</strong></span> <span class='ocrx_word' id='word_1_113' title='bbox 907 1721 1045 1774; x_wconf 82' lang='lat' dir='ltr'><strong>viam</strong></span> <span class='ocrx_word' id='word_1_114' title='bbox 1073 1720 1289 1773; x_wconf 79' lang='lat' dir='ltr'><strong>Domini</strong></span> <span class='ocrx_word' id='word_1_115' title='bbox 1323 1719 1392 1771; x_wconf 83' lang='lat'><strong>&quot;.</strong></span> <span class='ocrx_word' id='word_1_116' title='bbox 1439 1717 1560 1783; x_wconf 89' lang='lat' dir='ltr'><strong>Quo</strong></span> <span class='ocrx_word' id='word_1_117' title='bbox 1588 1717 1713 1771; x_wconf 85' lang='lat' dir='ltr'><strong>loco</strong></span> <span class='ocrx_word' id='word_1_118' title='bbox 1744 1731 1841 1786; x_wconf 91' lang='lat' dir='ltr'><strong>per</strong></span> <span class='ocrx_word' id='word_1_119' title='bbox 1883 1717 2053 1780; x_wconf 85' lang='lat' dir='ltr'><strong>viam,</strong></span> 
     </span>
    </p>
   </div>
   <div class='ocr_carea' id='block_1_19' title="bbox 2145 516 3738 595">
    <p class='ocr_par' dir='ltr' id='par_1_19' title="bbox 2145 516 3738 595">
     <span class='ocr_line' id='line_1_19' title="bbox 2145 516 3738 595; baseline -0.007 -14"><span class='ocrx_word' id='word_1_120' title='bbox 2145 523 2510 595; x_wconf 77' lang='lat' dir='ltr'><strong>corporaliter</strong></span> <span class='ocrx_word' id='word_1_121' title='bbox 2554 523 2653 579; x_wconf 85' lang='lat' dir='ltr'><strong>tibi</strong></span> <span class='ocrx_word' id='word_1_122' title='bbox 2713 518 3123 588; x_wconf 82' lang='lat' dir='ltr'><strong>intelligendum</strong></span> <span class='ocrx_word' id='word_1_123' title='bbox 3179 528 3259 573; x_wconf 84' lang='lat' dir='ltr'><strong>est</strong></span> <span class='ocrx_word' id='word_1_124' title='bbox 3305 518 3419 571; x_wconf 83' lang='lat' dir='ltr'><strong>heri</strong></span> <span class='ocrx_word' id='word_1_125' title='bbox 3451 527 3501 570; x_wconf 78' lang='lat' dir='ltr'><strong>et</strong></span> <span class='ocrx_word' id='word_1_126' title='bbox 3555 516 3738 570; x_wconf 78' lang='lat' dir='ltr'><strong>hodie.</strong></span> 
     </span>
    </p>
   </div>
   <div class='ocr_carea' id='block_1_20' title="bbox 2148 607 3743 685">
    <p class='ocr_par' dir='ltr' id='par_1_20' title="bbox 2148 607 3743 685">
     <span class='ocr_line' id='line_1_20' title="bbox 2148 607 3743 685; baseline -0.008 -13"><span class='ocrx_word' id='word_1_127' title='bbox 2148 616 2305 683; x_wconf 80' lang='lat' dir='ltr'><strong>Quod</strong></span> <span class='ocrx_word' id='word_1_128' title='bbox 2363 624 2544 671; x_wconf 86' lang='lat' dir='ltr'><strong>autem</strong></span> <span class='ocrx_word' id='word_1_129' title='bbox 2597 615 2868 685; x_wconf 89' lang='lat' dir='ltr'><strong>sequitur,</strong></span> <span class='ocrx_word' id='word_1_130' title='bbox 2920 613 3073 668; x_wconf 85' lang='lat' dir='ltr'><strong>Idem</strong></span> <span class='ocrx_word' id='word_1_131' title='bbox 3110 618 3159 664; x_wconf 86' lang='lat' dir='ltr'><strong>et</strong></span> <span class='ocrx_word' id='word_1_132' title='bbox 3204 610 3259 663; x_wconf 82' lang='lat' dir='ltr'><strong>in</strong></span> <span class='ocrx_word' id='word_1_133' title='bbox 3310 608 3511 663; x_wconf 68' lang='lat' dir='ltr'><strong>sarcula</strong></span> <span class='ocrx_word' id='word_1_134' title='bbox 3560 607 3743 676; x_wconf 81' lang='lat' dir='ltr'><strong>spiri-</strong></span> 
     </span>
    </p>
   </div>
   <div class='ocr_carea' id='block_1_21' title="bbox 2150 701 3741 778">
    <p class='ocr_par' dir='ltr' id='par_1_21' title="bbox 2150 701 3741 778">
     <span class='ocr_line' id='line_1_21' title="bbox 2150 701 3741 778; baseline -0.008 -13"><span class='ocrx_word' id='word_1_135' title='bbox 2150 710 2354 765; x_wconf 80' lang='lat' dir='ltr'><strong>taliter.</strong></span> <span class='ocrx_word' id='word_1_136' title='bbox 2386 710 2397 775; x_wconf 78' lang='lat' dir='ltr'><strong>l</strong></span> <span class='ocrx_word' id='word_1_137' title='bbox 2428 707 2496 762; x_wconf 88' lang='lat' dir='ltr'><strong>Et</strong></span> <span class='ocrx_word' id='word_1_138' title='bbox 2558 707 2778 778; x_wconf 90' lang='lat' dir='ltr'><strong>quidem</strong></span> <span class='ocrx_word' id='word_1_139' title='bbox 2817 721 2912 775; x_wconf 89' lang='lat' dir='ltr'><strong>per</strong></span> <span class='ocrx_word' id='word_1_140' title='bbox 2962 704 3074 758; x_wconf 77' lang='lat' dir='ltr'><strong>heri</strong></span> <span class='ocrx_word' id='word_1_141' title='bbox 3122 701 3456 772; x_wconf 62' lang='lat' dir='ltr'><strong>praeteritum</strong></span> <span class='ocrx_word' id='word_1_142' title='bbox 3514 708 3741 767; x_wconf 78' lang='lat' dir='ltr'><strong>tempus</strong></span> 
     </span>
    </p>
   </div>
   <div class='ocr_carea' id='block_1_22' title="bbox 2150 792 3739 873">
    <p class='ocr_par' dir='ltr' id='par_1_22' title="bbox 2150 792 3739 873">
     <span class='ocr_line' id='line_1_22' title="bbox 2150 792 3739 873; baseline -0.011 -15"><span class='ocrx_word' id='word_1_143' title='bbox 2150 802 2526 873; x_wconf 78' lang='lat' dir='ltr'><strong>signiﬁcatur;</strong></span> <span class='ocrx_word' id='word_1_144' title='bbox 2561 817 2656 871; x_wconf 87' lang='lat' dir='ltr'><strong>per</strong></span> <span class='ocrx_word' id='word_1_145' title='bbox 2684 799 2836 853; x_wconf 84' lang='lat' dir='ltr'><strong>hodie</strong></span> <span class='ocrx_word' id='word_1_146' title='bbox 2873 811 3152 867; x_wconf 65' lang='lat' dir='ltr'><strong>praesens;</strong></span> <span class='ocrx_word' id='word_1_147' title='bbox 3191 809 3287 864; x_wconf 85' lang='lat' dir='ltr'><strong>per</strong></span> <span class='ocrx_word' id='word_1_148' title='bbox 3310 792 3509 847; x_wconf 76' lang='lat' dir='ltr'><strong>saecula</strong></span> <span class='ocrx_word' id='word_1_149' title='bbox 3546 800 3739 844; x_wconf 81' lang='lat' dir='ltr'><strong>autem</strong></span> 
     </span>
    </p>
   </div>
   <div class='ocr_carea' id='block_1_23' title="bbox 2151 887 3742 953">
    <p class='ocr_par' dir='ltr' id='par_1_23' title="bbox 2151 887 3742 953">
     <span class='ocr_line' id='line_1_23' title="bbox 2151 887 3742 953; baseline -0.009 -4"><span class='ocrx_word' id='word_1_150' title='bbox 2151 894 2430 950; x_wconf 68' lang='lat' dir='ltr'><strong>aeternitas</strong></span> <span class='ocrx_word' id='word_1_151' title='bbox 2464 904 2517 948; x_wconf 92' lang='lat' dir='ltr'><strong>et</strong></span> <span class='ocrx_word' id='word_1_152' title='bbox 2563 890 2978 945; x_wconf 79' lang='lat' dir='ltr'><strong>immortalitas.</strong></span> <span class='ocrx_word' id='word_1_153' title='bbox 3028 887 3303 953; x_wconf 85' lang='lat' dir='ltr'><strong>Quoniam</strong></span> <span class='ocrx_word' id='word_1_154' title='bbox 3350 894 3536 939; x_wconf 89' lang='lat' dir='ltr'><strong>autem</strong></span> <span class='ocrx_word' id='word_1_155' title='bbox 3590 897 3742 935; x_wconf 82' lang='lat' dir='ltr'><strong>non-</strong></span> 
     </span>
    </p>
   </div>
   <div class='ocr_carea' id='block_1_24' title="bbox 2153 975 3741 1046">
    <p class='ocr_par' dir='ltr' id='par_1_24' title="bbox 2153 975 3741 1046">
     <span class='ocr_line' id='line_1_24' title="bbox 2153 975 3741 1046; baseline -0.01 -5"><span class='ocrx_word' id='word_1_156' title='bbox 2153 986 2285 1042; x_wconf 84' lang='lat' dir='ltr'><strong>nulli</strong></span> <span class='ocrx_word' id='word_1_157' title='bbox 2318 985 2467 1040; x_wconf 89' lang='lat' dir='ltr'><strong>velut</strong></span> <span class='ocrx_word' id='word_1_158' title='bbox 2516 981 2690 1038; x_wconf 79' lang='lat' dir='ltr'><strong>Judaei</strong></span> <span class='ocrx_word' id='word_1_159' title='bbox 2736 997 2847 1037; x_wconf 89' lang='lat' dir='ltr'><strong>non</strong></span> <span class='ocrx_word' id='word_1_160' title='bbox 2891 979 3200 1044; x_wconf 82' lang='lat' dir='ltr'><strong>Christum,</strong></span> <span class='ocrx_word' id='word_1_161' title='bbox 3259 975 3352 1046; x_wconf 86' lang='lat' dir='ltr'><strong>qui</strong></span> <span class='ocrx_word' id='word_1_162' title='bbox 3390 975 3596 1031; x_wconf 74' lang='lat' dir='ltr'><strong>salutis</strong></span> <span class='ocrx_word' id='word_1_163' title='bbox 3628 989 3741 1026; x_wconf 79' lang='lat' dir='ltr'><strong>no-</strong></span> 
     </span>
    </p>
   </div>
   <div class='ocr_carea' id='block_1_25' title="bbox 2155 1065 3740 1135">
    <p class='ocr_par' dir='ltr' id='par_1_25' title="bbox 2155 1065 3740 1135">
     <span class='ocr_line' id='line_1_25' title="bbox 2155 1065 3740 1135; baseline -0.012 -1"><span class='ocrx_word' id='word_1_164' title='bbox 2155 1089 2282 1135; x_wconf 80' lang='lat' dir='ltr'><strong>strm</strong></span> <span class='ocrx_word' id='word_1_165' title='bbox 2320 1094 2486 1133; x_wconf 80' lang='lat' dir='ltr'><strong>causa</strong></span> <span class='ocrx_word' id='word_1_166' title='bbox 2546 1078 2598 1130; x_wconf 91' lang='lat' dir='ltr'><strong>in</strong></span> <span class='ocrx_word' id='word_1_167' title='bbox 2660 1089 2882 1130; x_wconf 87' lang='lat' dir='ltr'><strong>crucem</strong></span> <span class='ocrx_word' id='word_1_168' title='bbox 2944 1069 3198 1127; x_wconf 83' lang='lat' dir='ltr'><strong>sublatus</strong></span> <span class='ocrx_word' id='word_1_169' title='bbox 3249 1079 3356 1133; x_wconf 90' lang='lat' dir='ltr'><strong>est,</strong></span> <span class='ocrx_word' id='word_1_170' title='bbox 3419 1065 3514 1121; x_wconf 89' lang='lat' dir='ltr'><strong>sed</strong></span> <span class='ocrx_word' id='word_1_171' title='bbox 3565 1065 3740 1119; x_wconf 88' lang='lat' dir='ltr'><strong>alium</strong></span> 
     </span>
    </p>
   </div>
   <div class='ocr_carea' id='block_1_26' title="bbox 2155 1159 3743 1246">
    <p class='ocr_par' dir='ltr' id='par_1_26' title="bbox 2155 1159 3743 1246">
     <span class='ocr_line' id='line_1_26' title="bbox 2155 1159 3743 1246; baseline -0.014 -15"><span class='ocrx_word' id='word_1_172' title='bbox 2155 1176 2444 1246; x_wconf 87' lang='lat' dir='ltr'><strong>quemdam</strong></span> <span class='ocrx_word' id='word_1_173' title='bbox 2480 1183 2768 1227; x_wconf 83' lang='lat' dir='ltr'><strong>venturum</strong></span> <span class='ocrx_word' id='word_1_174' title='bbox 2814 1184 3009 1224; x_wconf 64' lang='lat' dir='ltr'><strong>rursus</strong></span> <span class='ocrx_word' id='word_1_175' title='bbox 3039 1173 3349 1235; x_wconf 83' lang='lat' dir='ltr'><strong>expectant,</strong></span> <span class='ocrx_word' id='word_1_176' title='bbox 3409 1160 3617 1215; x_wconf 85' lang='lat' dir='ltr'><strong>idcirco</strong></span> <span class='ocrx_word' id='word_1_177' title='bbox 3658 1159 3743 1210; x_wconf 85' lang='lat' dir='ltr'><strong>di-</strong></span> 
     </span>
    </p>
   </div>
   <div class='ocr_carea' id='block_1_27' title="bbox 2156 1256 3743 1332">
    <p class='ocr_par' dir='ltr' id='par_1_27' title="bbox 2156 1256 3743 1332">
     <span class='ocr_line' id='line_1_27' title="bbox 2156 1256 3743 1332; baseline -0.011 -10"><span class='ocrx_word' id='word_1_178' title='bbox 2156 1269 2320 1323; x_wconf 86' lang='lat' dir='ltr'><strong>vinus</strong></span> <span class='ocrx_word' id='word_1_179' title='bbox 2356 1266 2654 1332; x_wconf 78' lang='lat' dir='ltr'><strong>Apostolus</strong></span> <span class='ocrx_word' id='word_1_180' title='bbox 2687 1264 2752 1318; x_wconf 91' lang='lat' dir='ltr'><strong>ad</strong></span> <span class='ocrx_word' id='word_1_181' title='bbox 2806 1261 2928 1316; x_wconf 86' lang='lat' dir='ltr'><strong>ildei</strong></span> <span class='ocrx_word' id='word_1_182' title='bbox 2977 1267 3251 1328; x_wconf 55' lang='lat' dir='ltr'><strong>rectaeque</strong></span> <span class='ocrx_word' id='word_1_183' title='bbox 3299 1256 3566 1311; x_wconf 68' lang='lat' dir='ltr'><strong>doctrina:</strong></span> <span class='ocrx_word' id='word_1_184' title='bbox 3601 1268 3743 1308; x_wconf 87' lang='lat' dir='ltr'><strong>con-</strong></span> 
     </span>
    </p>
   </div>
   <div class='ocr_carea' id='block_1_28' title="bbox 2160 1345 3742 1419">
    <p class='ocr_par' dir='ltr' id='par_1_28' title="bbox 2160 1345 3742 1419">
     <span class='ocr_line' id='line_1_28' title="bbox 2160 1345 3742 1419; baseline -0.011 -5"><span class='ocrx_word' id='word_1_185' title='bbox 2160 1360 2520 1414; x_wconf 78' lang='lat' dir='ltr'><strong>firmationem</strong></span> <span class='ocrx_word' id='word_1_186' title='bbox 2581 1356 2696 1410; x_wconf 80' lang='lat' dir='ltr'><strong>fore</strong></span> <span class='ocrx_word' id='word_1_187' title='bbox 2756 1355 2854 1419; x_wconf 90' lang='lat' dir='ltr'><strong>ait,</strong></span> <span class='ocrx_word' id='word_1_188' title='bbox 2914 1363 2971 1406; x_wconf 92' lang='lat' dir='ltr'><strong>nt</strong></span> <span class='ocrx_word' id='word_1_189' title='bbox 3027 1350 3169 1405; x_wconf 88' lang='lat' dir='ltr'><strong>idem</strong></span> <span class='ocrx_word' id='word_1_190' title='bbox 3228 1349 3315 1403; x_wconf 90' lang='lat' dir='ltr'><strong>hic</strong></span> <span class='ocrx_word' id='word_1_191' title='bbox 3363 1346 3627 1402; x_wconf 81' lang='lat' dir='ltr'><strong>Christus</strong></span> <span class='ocrx_word' id='word_1_192' title='bbox 3673 1345 3742 1397; x_wconf 86' lang='lat' dir='ltr'><strong>ad</strong></span> 
     </span>
    </p>
   </div>
   <div class='ocr_carea' id='block_1_29' title="bbox 2156 1441 3748 1523">
    <p class='ocr_par' dir='ltr' id='par_1_29' title="bbox 2156 1441 3748 1523">
     <span class='ocr_line' id='line_1_29' title="bbox 2156 1441 3748 1523; baseline -0.01 -15"><span class='ocrx_word' id='word_1_193' title='bbox 2156 1454 2362 1523; x_wconf 84' lang='lat' dir='ltr'><strong>justam</strong></span> <span class='ocrx_word' id='word_1_194' title='bbox 2415 1449 2740 1506; x_wconf 84' lang='lat' dir='ltr'><strong>sententiam</strong></span> <span class='ocrx_word' id='word_1_195' title='bbox 2785 1448 2853 1502; x_wconf 85' lang='lat' dir='ltr'><strong>de</strong></span> <span class='ocrx_word' id='word_1_196' title='bbox 2905 1446 3036 1500; x_wconf 77' lang='lat' dir='ltr'><strong>orlte</strong></span> <span class='ocrx_word' id='word_1_197' title='bbox 3087 1441 3364 1497; x_wconf 80' lang='lat' dir='ltr'><strong>ferendam</strong></span> <span class='ocrx_word' id='word_1_198' title='bbox 3413 1454 3611 1494; x_wconf 87' lang='lat' dir='ltr'><strong>rursus</strong></span> <span class='ocrx_word' id='word_1_199' title='bbox 3646 1453 3748 1492; x_wconf 79' lang='lat' dir='ltr'><strong>ve-</strong></span> 
     </span>
    </p>
   </div>
   <div class='ocr_carea' id='block_1_30' title="bbox 2162 1534 3751 1614">
    <p class='ocr_par' dir='ltr' id='par_1_30' title="bbox 2162 1534 3751 1614">
     <span class='ocr_line' id='line_1_30' title="bbox 2162 1534 3751 1614; baseline -0.011 -14"><span class='ocrx_word' id='word_1_200' title='bbox 2162 1548 2299 1601; x_wconf 90' lang='lat' dir='ltr'><strong>niat.</strong></span> <span class='ocrx_word' id='word_1_201' title='bbox 2342 1543 2438 1598; x_wconf 83' lang='lat' dir='ltr'><strong>llis</strong></span> <span class='ocrx_word' id='word_1_202' title='bbox 2485 1559 2652 1614; x_wconf 88' lang='lat' dir='ltr'><strong>porro</strong></span> <span class='ocrx_word' id='word_1_203' title='bbox 2710 1539 2894 1596; x_wconf 84' lang='lat' dir='ltr'><strong>verbis</strong></span> <span class='ocrx_word' id='word_1_204' title='bbox 2947 1537 3277 1600; x_wconf 89' lang='lat' dir='ltr'><strong>ostenditur,</strong></span> <span class='ocrx_word' id='word_1_205' title='bbox 3324 1534 3608 1588; x_wconf 80' lang='lat' dir='ltr'><strong>Christum</strong></span> <span class='ocrx_word' id='word_1_206' title='bbox 3654 1546 3751 1584; x_wconf 80' lang='lat' dir='ltr'><strong>se—</strong></span> 
     </span>
    </p>
   </div>
   <div class='ocr_carea' id='block_1_31' title="bbox 2162 1621 3747 1699">
    <p class='ocr_par' dir='ltr' id='par_1_31' title="bbox 2162 1621 3747 1699">
     <span class='ocr_line' id='line_1_31' title="bbox 2162 1621 3747 1699; baseline -0.013 -7"><span class='ocrx_word' id='word_1_207' title='bbox 2162 1637 2404 1693; x_wconf 88' lang='lat' dir='ltr'><strong>cundum</strong></span> <span class='ocrx_word' id='word_1_208' title='bbox 2458 1634 2800 1689; x_wconf 86' lang='lat' dir='ltr'><strong>divinitatem</strong></span> <span class='ocrx_word' id='word_1_209' title='bbox 2849 1628 3187 1699; x_wconf 76' lang='lat' dir='ltr'><strong>tripertitum</strong></span> <span class='ocrx_word' id='word_1_210' title='bbox 3246 1635 3459 1693; x_wconf 91' lang='lat' dir='ltr'><strong>tempus</strong></span> <span class='ocrx_word' id='word_1_211' title='bbox 3514 1621 3747 1683; x_wconf 84' lang='lat' dir='ltr'><strong>habere,</strong></span> 
     </span>
    </p>
   </div>
   <div class='ocr_carea' id='block_1_32' title="bbox 2165 1711 3752 1795">
    <p class='ocr_par' dir='ltr' id='par_1_32' title="bbox 2165 1711 3752 1795">
     <span class='ocr_line' id='line_1_32' title="bbox 2165 1711 3752 1795; baseline -0.013 -11"><span class='ocrx_word' id='word_1_212' title='bbox 2165 1745 2268 1786; x_wconf 88' lang='lat' dir='ltr'><strong>nec</strong></span> <span class='ocrx_word' id='word_1_213' title='bbox 2300 1729 2494 1790; x_wconf 88' lang='lat' dir='ltr'><strong>alium,</strong></span> <span class='ocrx_word' id='word_1_214' title='bbox 2533 1736 2593 1779; x_wconf 93' lang='lat' dir='ltr'><strong>ut</strong></span> <span class='ocrx_word' id='word_1_215' title='bbox 2650 1723 2875 1795; x_wconf 88' lang='lat' dir='ltr'><strong>quidam</strong></span> <span class='ocrx_word' id='word_1_216' title='bbox 2918 1721 3240 1791; x_wconf 84' lang='lat' dir='ltr'><strong>opinantur,</strong></span> <span class='ocrx_word' id='word_1_217' title='bbox 3285 1724 3603 1775; x_wconf 78' lang='lat' dir='ltr'><strong>venturum,</strong></span> <span class='ocrx_word' id='word_1_218' title='bbox 3646 1711 3752 1765; x_wconf 82' lang='lat' dir='ltr'><strong>sed</strong></span> 
     </span>
    </p>
   </div>
   <div class='ocr_carea' id='block_1_33' title="bbox 475 1792 3750 1891">
    <p class='ocr_par' dir='ltr' id='par_1_33' title="bbox 475 1792 3750 1891">
     <span class='ocr_line' id='line_1_33' title="bbox 475 1792 3750 1891; baseline -0.001 -29"><span class='ocrx_word' id='word_1_219' title='bbox 475 1809 690 1878; x_wconf 86' lang='lat' dir='ltr'><strong>piorum</strong></span> <span class='ocrx_word' id='word_1_220' title='bbox 746 1810 909 1865; x_wconf 79' lang='lat' dir='ltr'><strong>corda</strong></span> <span class='ocrx_word' id='word_1_221' title='bbox 963 1808 1251 1879; x_wconf 88' lang='lat' dir='ltr'><strong>intelligit,</strong></span> <span class='ocrx_word' id='word_1_222' title='bbox 1320 1822 1418 1878; x_wconf 74' lang='lat' dir='ltr'><strong>per</strong></span> <span class='ocrx_word' id='word_1_223' title='bbox 1461 1821 1584 1877; x_wconf 71' lang='lat' dir='ltr'><strong>quae</strong></span> <span class='ocrx_word' id='word_1_224' title='bbox 1647 1804 2056 1875; x_wconf 76' lang='lat' dir='ltr'><strong>praedicationis</strong></span> <span class='ocrx_word' id='word_1_225' title='bbox 2089 1792 2130 1847; x_wconf 75' lang='grc' dir='ltr'><strong>Β</strong></span> <span class='ocrx_word' id='word_1_226' title='bbox 2163 1838 2289 1880; x_wconf 70' lang='lat' dir='ltr'><strong>cum</strong></span> <span class='ocrx_word' id='word_1_227' title='bbox 2325 1821 2417 1891; x_wconf 65' lang='lat' dir='ltr'><strong>qui</strong></span> <span class='ocrx_word' id='word_1_228' title='bbox 2457 1821 2624 1883; x_wconf 67' lang='grc' dir='ltr'><strong>τεηῖι,</strong></span> <span class='ocrx_word' id='word_1_229' title='bbox 2654 1792 2802 1872; x_wconf 55' lang='lat' dir='ltr'><strong>nunc</strong></span> <span class='ocrx_word' id='word_1_230' title='bbox 2836 1816 3014 1886; x_wconf 78' lang='lat' dir='ltr'><strong>ipsum</strong></span> <span class='ocrx_word' id='word_1_231' title='bbox 3046 1827 3198 1877; x_wconf 72' lang='lat' dir='ltr'><strong>esse,</strong></span> <span class='ocrx_word' id='word_1_232' title='bbox 3241 1810 3332 1878; x_wconf 85' lang='lat' dir='ltr'><strong>qui</strong></span> <span class='ocrx_word' id='word_1_233' title='bbox 3368 1806 3510 1870; x_wconf 85' lang='lat' dir='ltr'><strong>heri,</strong></span> <span class='ocrx_word' id='word_1_234' title='bbox 3545 1804 3601 1858; x_wconf 88' lang='lat' dir='ltr'><strong>id</strong></span> <span class='ocrx_word' id='word_1_235' title='bbox 3635 1812 3750 1865; x_wconf 79' lang='lat' dir='ltr'><strong>est.</strong></span> 
     </span>
    </p>
   </div>
   <div class='ocr_carea' id='block_1_34' title="bbox 478 1898 2057 1973">
    <p class='ocr_par' dir='ltr' id='par_1_34' title="bbox 478 1898 2057 1973">
     <span class='ocr_line' id='line_1_34' title="bbox 478 1898 2057 1973; baseline 0 -19"><span class='ocrx_word' id='word_1_236' title='bbox 478 1901 818 1973; x_wconf 76' lang='lat' dir='ltr'><strong>Evangelica:</strong></span> <span class='ocrx_word' id='word_1_237' title='bbox 864 1901 1087 1957; x_wconf 81' lang='lat' dir='ltr'><strong>verbum</strong></span> <span class='ocrx_word' id='word_1_238' title='bbox 1134 1900 1373 1968; x_wconf 87' lang='lat' dir='ltr'><strong>incedit;</strong></span> <span class='ocrx_word' id='word_1_239' title='bbox 1408 1914 1507 1969; x_wconf 93' lang='lat' dir='ltr'><strong>ego</strong></span> <span class='ocrx_word' id='word_1_240' title='bbox 1534 1908 1721 1955; x_wconf 82' lang='lat' dir='ltr'><strong>autem</strong></span> <span class='ocrx_word' id='word_1_241' title='bbox 1765 1898 2057 1970; x_wconf 67' lang='lat' dir='ltr'><strong>praesentis</strong></span> 
     </span>
    </p>
   </div>
   <div class='ocr_carea' id='block_1_35' title="bbox 478 1991 2067 2064">
    <p class='ocr_par' dir='ltr' id='par_1_35' title="bbox 478 1991 2067 2064">
     <span class='ocr_line' id='line_1_35' title="bbox 478 1991 2067 2064; baseline -0.003 -16"><span class='ocrx_word' id='word_1_242' title='bbox 478 1994 603 2050; x_wconf 68' lang='lat' dir='ltr'><strong>festi</strong></span> <span class='ocrx_word' id='word_1_243' title='bbox 674 2004 928 2050; x_wconf 85' lang='lat' dir='ltr'><strong>naturam</strong></span> <span class='ocrx_word' id='word_1_244' title='bbox 994 1993 1369 2064; x_wconf 89' lang='lat' dir='ltr'><strong>proclamabo.</strong></span> <span class='ocrx_word' id='word_1_245' title='bbox 1427 1991 1589 2058; x_wconf 85' lang='lat' dir='ltr'><strong>Quod</strong></span> <span class='ocrx_word' id='word_1_246' title='bbox 1641 1991 1828 2047; x_wconf 86' lang='lat' dir='ltr'><strong>carnis</strong></span> <span class='ocrx_word' id='word_1_247' title='bbox 1862 2003 2067 2061; x_wconf 81' lang='lat' dir='ltr'><strong>expers</strong></span> 
     </span>
    </p>
   </div>
   <div class='ocr_carea' id='block_1_36' title="bbox 480 2083 2060 2152">
    <p class='ocr_par' dir='ltr' id='par_1_36' title="bbox 480 2083 2060 2152">
     <span class='ocr_line' id='line_1_36' title="bbox 480 2083 2060 2152; baseline -0.002 -12"><span class='ocrx_word' id='word_1_248' title='bbox 480 2087 800 2141; x_wconf 89' lang='lat' dir='ltr'><strong>iucarnatur</strong></span> <span class='ocrx_word' id='word_1_249' title='bbox 828 2102 938 2141; x_wconf 89' lang='lat' dir='ltr'><strong>non</strong></span> <span class='ocrx_word' id='word_1_250' title='bbox 991 2087 1293 2141; x_wconf 77' lang='lat' dir='ltr'><strong>secundum</strong></span> <span class='ocrx_word' id='word_1_251' title='bbox 1331 2086 1715 2148; x_wconf 85' lang='lat' dir='ltr'><strong>mutationem,</strong></span> <span class='ocrx_word' id='word_1_252' title='bbox 1768 2083 1863 2140; x_wconf 88' lang='lat' dir='ltr'><strong>sed</strong></span> <span class='ocrx_word' id='word_1_253' title='bbox 1907 2084 2060 2152; x_wconf 80' lang='lat' dir='ltr'><strong>juxta</strong></span> 
     </span>
    </p>
   </div>
   <div class='ocr_carea' id='block_1_37' title="bbox 485 2176 2064 2252">
    <p class='ocr_par' dir='ltr' id='par_1_37' title="bbox 485 2176 2064 2252">
     <span class='ocr_line' id='line_1_37' title="bbox 485 2176 2064 2252; baseline -0.001 -18"><span class='ocrx_word' id='word_1_254' title='bbox 485 2181 844 2252; x_wconf 79' lang='lat' dir='ltr'><strong>humanitatis</strong></span> <span class='ocrx_word' id='word_1_255' title='bbox 913 2181 1376 2252; x_wconf 87' lang='lat' dir='ltr'><strong>assumptiouem.</strong></span> <span class='ocrx_word' id='word_1_256' title='bbox 1438 2179 1570 2234; x_wconf 87' lang='lat' dir='ltr'><strong>Eam</strong></span> <span class='ocrx_word' id='word_1_257' title='bbox 1632 2179 1781 2233; x_wconf 90' lang='lat' dir='ltr'><strong>enim</strong></span> <span class='ocrx_word' id='word_1_258' title='bbox 1880 2176 2064 2232; x_wconf 88' lang='lat' dir='ltr'><strong>carnis</strong></span> 
     </span>
    </p>
   </div>
   <div class='ocr_carea' id='block_1_38' title="bbox 481 2272 2061 2343">
    <p class='ocr_par' dir='ltr' id='par_1_38' title="bbox 481 2272 2061 2343">
     <span class='ocr_line' id='line_1_38' title="bbox 481 2272 2061 2343; baseline 0.001 -20"><span class='ocrx_word' id='word_1_259' title='bbox 481 2274 831 2339; x_wconf 73' lang='lat' dir='ltr'><strong>vacuitatem,</strong></span> <span class='ocrx_word' id='word_1_260' title='bbox 855 2288 1019 2343; x_wconf 84' lang='lat' dir='ltr'><strong>quam</strong></span> <span class='ocrx_word' id='word_1_261' title='bbox 1063 2272 1298 2329; x_wconf 88' lang='lat' dir='ltr'><strong>habebat</strong></span> <span class='ocrx_word' id='word_1_262' title='bbox 1327 2287 1578 2338; x_wconf 88' lang='lat' dir='ltr'><strong>servans,</strong></span> <span class='ocrx_word' id='word_1_263' title='bbox 1617 2285 1866 2336; x_wconf 84' lang='lat' dir='ltr'><strong>carnem,</strong></span> <span class='ocrx_word' id='word_1_264' title='bbox 1895 2284 2061 2341; x_wconf 88' lang='lat' dir='ltr'><strong>quam</strong></span> 
     </span>
    </p>
   </div>
   <div class='ocr_carea' id='block_1_39' title="bbox 482 2359 2064 2433">
    <p class='ocr_par' dir='ltr' id='par_1_39' title="bbox 482 2359 2064 2433">
     <span class='ocr_line' id='line_1_39' title="bbox 482 2359 2064 2433; baseline -0.003 -16"><span class='ocrx_word' id='word_1_265' title='bbox 482 2377 593 2419; x_wconf 81' lang='lat' dir='ltr'><strong>non</strong></span> <span class='ocrx_word' id='word_1_266' title='bbox 651 2363 931 2425; x_wconf 82' lang='lat' dir='ltr'><strong>habebat,</strong></span> <span class='ocrx_word' id='word_1_267' title='bbox 990 2364 1314 2433; x_wconf 88' lang='lat' dir='ltr'><strong>assumpsit.</strong></span> <span class='ocrx_word' id='word_1_268' title='bbox 1365 2362 1503 2417; x_wconf 78' lang='lat' dir='ltr'><strong>Illud</strong></span> <span class='ocrx_word' id='word_1_269' title='bbox 1554 2372 1763 2426; x_wconf 89' lang='lat' dir='ltr'><strong>autem,</strong></span> <span class='ocrx_word' id='word_1_270' title='bbox 1823 2359 2064 2415; x_wconf 73' lang='lat' dir='ltr'><strong>Verbum</strong></span> 
     </span>
    </p>
   </div>
   <div class='ocr_carea' id='block_1_40' title="bbox 485 2452 2063 2528">
    <p class='ocr_par' dir='ltr' id='par_1_40' title="bbox 485 2452 2063 2528">
     <span class='ocr_line' id='line_1_40' title="bbox 485 2452 2063 2528; baseline -0.001 -19"><span class='ocrx_word' id='word_1_271' title='bbox 485 2457 796 2522; x_wconf 87' lang='lat' dir='ltr'><strong>crassescit,</strong></span> <span class='ocrx_word' id='word_1_272' title='bbox 834 2457 977 2512; x_wconf 89' lang='lat' dir='ltr'><strong>Idem</strong></span> <span class='ocrx_word' id='word_1_273' title='bbox 1005 2466 1087 2513; x_wconf 90' lang='lat' dir='ltr'><strong>est</strong></span> <span class='ocrx_word' id='word_1_274' title='bbox 1118 2457 1286 2528; x_wconf 89' lang='lat' dir='ltr'><strong>quod,</strong></span> <span class='ocrx_word' id='word_1_275' title='bbox 1330 2452 1554 2511; x_wconf 77' lang='lat' dir='ltr'><strong>Verbum</strong></span> <span class='ocrx_word' id='word_1_276' title='bbox 1595 2471 1720 2509; x_wconf 84' lang='lat' dir='ltr'><strong>caro</strong></span> <span class='ocrx_word' id='word_1_277' title='bbox 1742 2456 1938 2527; x_wconf 80' lang='lat' dir='ltr'><strong>factum</strong></span> <span class='ocrx_word' id='word_1_278' title='bbox 1964 2462 2063 2508; x_wconf 83' lang='lat' dir='ltr'><strong>est.</strong></span> 
     </span>
    </p>
   </div>
   <div class='ocr_carea' id='block_1_41' title="bbox 485 2546 2067 2619">
    <p class='ocr_par' dir='ltr' id='par_1_41' title="bbox 485 2546 2067 2619">
     <span class='ocr_line' id='line_1_41' title="bbox 485 2546 2067 2619; baseline -0.002 -16"><span class='ocrx_word' id='word_1_279' title='bbox 485 2548 629 2604; x_wconf 83' lang='lat' dir='ltr'><strong>Caro</strong></span> <span class='ocrx_word' id='word_1_280' title='bbox 683 2550 828 2605; x_wconf 88' lang='lat' dir='ltr'><strong>enim</strong></span> <span class='ocrx_word' id='word_1_281' title='bbox 874 2550 1156 2606; x_wconf 87' lang='lat' dir='ltr'><strong>crassities</strong></span> <span class='ocrx_word' id='word_1_282' title='bbox 1211 2559 1316 2605; x_wconf 86' lang='lat' dir='ltr'><strong>est.</strong></span> <span class='ocrx_word' id='word_1_283' title='bbox 1362 2549 1439 2604; x_wconf 80' lang='lat' dir='ltr'><strong>Ac</strong></span> <span class='ocrx_word' id='word_1_284' title='bbox 1485 2549 1630 2613; x_wconf 82' lang='lat' dir='ltr'><strong>vide,</strong></span> <span class='ocrx_word' id='word_1_285' title='bbox 1676 2547 1955 2619; x_wconf 90' lang='lat' dir='ltr'><strong>quomodo</strong></span> <span class='ocrx_word' id='word_1_286' title='bbox 1999 2546 2067 2601; x_wconf 89' lang='lat' dir='ltr'><strong>ad</strong></span> 
     </span>
    </p>
   </div>
   <div class='ocr_carea' id='block_1_42' title="bbox 487 2640 2070 2713">
    <p class='ocr_par' dir='ltr' id='par_1_42' title="bbox 487 2640 2070 2713">
     <span class='ocr_line' id='line_1_42' title="bbox 487 2640 2070 2713; baseline -0.003 -16"><span class='ocrx_word' id='word_1_287' title='bbox 487 2640 898 2697; x_wconf 79' lang='lat' dir='ltr'><strong>admirabiliora</strong></span> <span class='ocrx_word' id='word_1_288' title='bbox 945 2644 1149 2699; x_wconf 88' lang='lat' dir='ltr'><strong>sensim</strong></span> <span class='ocrx_word' id='word_1_289' title='bbox 1182 2642 1587 2713; x_wconf 77' lang='lat' dir='ltr'><strong>progrediatur.</strong></span> <span class='ocrx_word' id='word_1_290' title='bbox 1610 2640 1901 2698; x_wconf 87' lang='lat' dir='ltr'><strong>Crassities</strong></span> <span class='ocrx_word' id='word_1_291' title='bbox 1923 2640 2070 2695; x_wconf 91' lang='lat' dir='ltr'><strong>enim</strong></span> 
     </span>
    </p>
   </div>
   <div class='ocr_carea' id='block_1_43' title="bbox 492 2733 2071 2804">
    <p class='ocr_par' dir='ltr' id='par_1_43' title="bbox 492 2733 2071 2804">
     <span class='ocr_line' id='line_1_43' title="bbox 492 2733 2071 2804; baseline 0.002 -21"><span class='ocrx_word' id='word_1_292' title='bbox 492 2733 776 2788; x_wconf 85' lang='lat' dir='ltr'><strong>materiam</strong></span> <span class='ocrx_word' id='word_1_293' title='bbox 814 2733 992 2804; x_wconf 84' lang='lat' dir='ltr'><strong>magis</strong></span> <span class='ocrx_word' id='word_1_294' title='bbox 1023 2733 1232 2789; x_wconf 88' lang='lat' dir='ltr'><strong>redolet</strong></span> <span class='ocrx_word' id='word_1_295' title='bbox 1262 2746 1429 2803; x_wconf 90' lang='lat' dir='ltr'><strong>quam</strong></span> <span class='ocrx_word' id='word_1_296' title='bbox 1477 2733 1790 2788; x_wconf 89' lang='lat' dir='ltr'><strong>iucarnatio</strong></span> <span class='ocrx_word' id='word_1_297' title='bbox 1823 2749 1838 2787; x_wconf 88' lang='lat'><strong>:</strong></span> <span class='ocrx_word' id='word_1_298' title='bbox 1872 2744 2071 2787; x_wconf 87' lang='lat' dir='ltr'><strong>rursus</strong></span> 
     </span>
    </p>
   </div>
   <div class='ocr_carea' id='block_1_44' title="bbox 493 2823 2074 2893">
    <p class='ocr_par' dir='ltr' id='par_1_44' title="bbox 493 2823 2074 2893">
     <span class='ocr_line' id='line_1_44' title="bbox 493 2823 2074 2893; baseline -0.001 -15"><span class='ocrx_word' id='word_1_299' title='bbox 493 2824 813 2879; x_wconf 85' lang='lat' dir='ltr'><strong>scnsibilius</strong></span> <span class='ocrx_word' id='word_1_300' title='bbox 862 2834 950 2879; x_wconf 90' lang='lat' dir='ltr'><strong>est</strong></span> <span class='ocrx_word' id='word_1_301' title='bbox 988 2824 1165 2880; x_wconf 86' lang='lat' dir='ltr'><strong>oculis</strong></span> <span class='ocrx_word' id='word_1_302' title='bbox 1218 2824 1396 2890; x_wconf 90' lang='lat' dir='ltr'><strong>cerni,</strong></span> <span class='ocrx_word' id='word_1_303' title='bbox 1441 2838 1606 2893; x_wconf 89' lang='lat' dir='ltr'><strong>quam</strong></span> <span class='ocrx_word' id='word_1_304' title='bbox 1643 2823 1922 2878; x_wconf 87' lang='lat' dir='ltr'><strong>incarnari</strong></span> <span class='ocrx_word' id='word_1_305' title='bbox 1957 2839 1971 2875; x_wconf 92' lang='lat'>:</span> <span class='ocrx_word' id='word_1_306' title='bbox 2008 2835 2074 2877; x_wconf 90' lang='lat' dir='ltr'><strong>ac</strong></span> 
     </span>
    </p>
   </div>
   <div class='ocr_carea' id='block_1_45' title="bbox 496 2914 2074 2985">
    <p class='ocr_par' dir='ltr' id='par_1_45' title="bbox 496 2914 2074 2985">
     <span class='ocr_line' id='line_1_45' title="bbox 496 2914 2074 2985; baseline 0 -16"><span class='ocrx_word' id='word_1_307' title='bbox 496 2914 731 2983; x_wconf 89' lang='lat' dir='ltr'><strong>denique</strong></span> <span class='ocrx_word' id='word_1_308' title='bbox 779 2914 1025 2969; x_wconf 84' lang='lat' dir='ltr'><strong>crassius</strong></span> <span class='ocrx_word' id='word_1_309' title='bbox 1076 2924 1164 2970; x_wconf 84' lang='lat' dir='ltr'><strong>est</strong></span> <span class='ocrx_word' id='word_1_310' title='bbox 1211 2916 1581 2978; x_wconf 88' lang='lat' dir='ltr'><strong>contrectari,</strong></span> <span class='ocrx_word' id='word_1_311' title='bbox 1629 2928 1793 2983; x_wconf 91' lang='lat' dir='ltr'><strong>quam</strong></span> <span class='ocrx_word' id='word_1_312' title='bbox 1850 2922 2074 2985; x_wconf 73' lang='lat' dir='ltr'><strong>aspectu</strong></span> 
     </span>
    </p>
   </div>
   <div class='ocr_carea' id='block_1_46' title="bbox 498 3003 2079 3076">
    <p class='ocr_par' dir='ltr' id='par_1_46' title="bbox 498 3003 2079 3076">
     <span class='ocr_line' id='line_1_46' title="bbox 498 3003 2079 3076; baseline -0.002 -15"><span class='ocrx_word' id='word_1_313' title='bbox 498 3004 715 3061; x_wconf 87' lang='lat' dir='ltr'><strong>sentiri.</strong></span> <span class='ocrx_word' id='word_1_314' title='bbox 747 3003 870 3058; x_wconf 79' lang='lat' dir='ltr'><strong>Alio</strong></span> <span class='ocrx_word' id='word_1_315' title='bbox 900 3004 1065 3058; x_wconf 87' lang='lat' dir='ltr'><strong>etiam</strong></span> <span class='ocrx_word' id='word_1_316' title='bbox 1111 3005 1298 3067; x_wconf 88' lang='lat' dir='ltr'><strong>modo,</strong></span> <span class='ocrx_word' id='word_1_317' title='bbox 1334 3014 1691 3076; x_wconf 85' lang='lat' dir='ltr'><strong>posteaquam</strong></span> <span class='ocrx_word' id='word_1_318' title='bbox 1731 3005 1869 3060; x_wconf 83' lang='lat' dir='ltr'><strong>dixit</strong></span> <span class='ocrx_word' id='word_1_319' title='bbox 1916 3005 2079 3060; x_wconf 80' lang='lat' dir='ltr'><strong>Chri-</strong></span> 
     </span>
    </p>
   </div>
   <div class='ocr_carea' id='block_1_47' title="bbox 2166 1899 3754 1986">
    <p class='ocr_par' dir='ltr' id='par_1_47' title="bbox 2166 1899 3754 1986">
     <span class='ocr_line' id='line_1_47' title="bbox 2166 1899 3754 1986; baseline -0.013 -18"><span class='ocrx_word' id='word_1_320' title='bbox 2166 1912 2440 1986; x_wconf 70' lang='lat' dir='ltr'><strong>pneterito</strong></span> <span class='ocrx_word' id='word_1_321' title='bbox 2487 1919 2729 1981; x_wconf 87' lang='lat' dir='ltr'><strong>tempore</strong></span> <span class='ocrx_word' id='word_1_322' title='bbox 2759 1912 2902 1973; x_wconf 87' lang='lat' dir='ltr'><strong>erat,</strong></span> <span class='ocrx_word' id='word_1_323' title='bbox 2950 1916 3004 1961; x_wconf 90' lang='lat' dir='ltr'><strong>ct</strong></span> <span class='ocrx_word' id='word_1_324' title='bbox 3044 1903 3207 1958; x_wconf 89' lang='lat' dir='ltr'><strong>hodie</strong></span> <span class='ocrx_word' id='word_1_325' title='bbox 3253 1899 3551 1955; x_wconf 88' lang='lat' dir='ltr'><strong>secundum</strong></span> <span class='ocrx_word' id='word_1_326' title='bbox 3603 1911 3754 1964; x_wconf 76' lang='lat' dir='ltr'><strong>prm-</strong></span> 
     </span>
    </p>
   </div>
   <div class='ocr_carea' id='block_1_48' title="bbox 2169 1987 3757 2074">
    <p class='ocr_par' dir='ltr' id='par_1_48' title="bbox 2169 1987 3757 2074">
     <span class='ocr_line' id='line_1_48' title="bbox 2169 1987 3757 2074; baseline -0.015 -12"><span class='ocrx_word' id='word_1_327' title='bbox 2169 2021 2296 2063; x_wconf 88' lang='lat' dir='ltr'><strong>sens</strong></span> <span class='ocrx_word' id='word_1_328' title='bbox 2361 2015 2576 2074; x_wconf 90' lang='lat' dir='ltr'><strong>tempus</strong></span> <span class='ocrx_word' id='word_1_329' title='bbox 2623 2010 2727 2064; x_wconf 88' lang='lat' dir='ltr'><strong>est,</strong></span> <span class='ocrx_word' id='word_1_330' title='bbox 2786 2007 2840 2053; x_wconf 89' lang='lat' dir='ltr'><strong>et</strong></span> <span class='ocrx_word' id='word_1_331' title='bbox 2885 1998 3039 2067; x_wconf 82' lang='lat' dir='ltr'><strong>juxta</strong></span> <span class='ocrx_word' id='word_1_332' title='bbox 3088 1993 3335 2049; x_wconf 76' lang='lat' dir='ltr'><strong>futurum</strong></span> <span class='ocrx_word' id='word_1_333' title='bbox 3388 2001 3602 2057; x_wconf 86' lang='lat' dir='ltr'><strong>tempus</strong></span> <span class='ocrx_word' id='word_1_334' title='bbox 3644 1987 3757 2040; x_wconf 84' lang='lat' dir='ltr'><strong>crit</strong></span> 
     </span>
    </p>
   </div>
   <div class='ocr_carea' id='block_1_49' title="bbox 2169 2079 3752 2160">
    <p class='ocr_par' dir='ltr' id='par_1_49' title="bbox 2169 2079 3752 2160">
     <span class='ocr_line' id='line_1_49' title="bbox 2169 2079 3752 2160; baseline -0.017 -6"><span class='ocrx_word' id='word_1_335' title='bbox 2169 2099 2224 2154; x_wconf 91' lang='lat' dir='ltr'><strong>in</strong></span> <span class='ocrx_word' id='word_1_336' title='bbox 2272 2096 2494 2154; x_wconf 64' lang='lat' dir='ltr'><strong>saecula.</strong></span> <span class='ocrx_word' id='word_1_337' title='bbox 2554 2094 2675 2150; x_wconf 78' lang='lat' dir='ltr'><strong>Iam</strong></span> <span class='ocrx_word' id='word_1_338' title='bbox 2728 2106 2860 2145; x_wconf 89' lang='lat' dir='ltr'><strong>vero</strong></span> <span class='ocrx_word' id='word_1_339' title='bbox 2894 2088 3039 2160; x_wconf 84' lang='lat' dir='ltr'><strong>quod</strong></span> <span class='ocrx_word' id='word_1_340' title='bbox 3076 2089 3154 2142; x_wconf 88' lang='lat' dir='ltr'><strong>ait</strong></span> <span class='ocrx_word' id='word_1_341' title='bbox 3188 2081 3422 2154; x_wconf 49' lang='lat' dir='ltr'><strong>:,_.ludaai</strong></span> <span class='ocrx_word' id='word_1_342' title='bbox 3461 2079 3752 2133; x_wconf 75' lang='lat' dir='ltr'><strong>olieudan-</strong></span> 
     </span>
    </p>
   </div>
   <div class='ocr_carea' id='block_1_50' title="bbox 2170 2170 3751 2255">
    <p class='ocr_par' dir='ltr' id='par_1_50' title="bbox 2170 2170 3751 2255">
     <span class='ocr_line' id='line_1_50' title="bbox 2170 2170 3751 2255; baseline -0.015 -9"><span class='ocrx_word' id='word_1_343' title='bbox 2170 2200 2282 2255; x_wconf 90' lang='lat' dir='ltr'><strong>tur,</strong></span> <span class='ocrx_word' id='word_1_344' title='bbox 2316 2200 2446 2254; x_wconf 88' lang='lat' dir='ltr'><strong>etc.,</strong></span> <span class='ocrx_word' id='word_1_345' title='bbox 2476 2188 2665 2242; x_wconf 88' lang='lat' dir='ltr'><strong>alludit</strong></span> <span class='ocrx_word' id='word_1_346' title='bbox 2705 2183 2772 2239; x_wconf 89' lang='lat' dir='ltr'><strong>ad</strong></span> <span class='ocrx_word' id='word_1_347' title='bbox 2815 2185 3045 2237; x_wconf 69' lang='lat' dir='ltr'><strong>Pautum</strong></span> <span class='ocrx_word' id='word_1_348' title='bbox 3095 2180 3167 2233; x_wconf 90' lang='lat' dir='ltr'><strong>ita</strong></span> <span class='ocrx_word' id='word_1_349' title='bbox 3217 2180 3270 2231; x_wconf 91' lang='lat' dir='ltr'><strong>in</strong></span> <span class='ocrx_word' id='word_1_350' title='bbox 3312 2176 3496 2247; x_wconf 86' lang='lat' dir='ltr'><strong>priore</strong></span> <span class='ocrx_word' id='word_1_351' title='bbox 3526 2173 3592 2225; x_wconf 89' lang='lat' dir='ltr'><strong>ad</strong></span> <span class='ocrx_word' id='word_1_352' title='bbox 3624 2170 3751 2225; x_wconf 86' lang='lat' dir='ltr'><strong>Co—</strong></span> 
     </span>
    </p>
   </div>
   <div class='ocr_carea' id='block_1_51' title="bbox 2174 2265 3753 2353">
    <p class='ocr_par' dir='ltr' id='par_1_51' title="bbox 2174 2265 3753 2353">
     <span class='ocr_line' id='line_1_51' title="bbox 2174 2265 3753 2353; baseline -0.018 -11"><span class='ocrx_word' id='word_1_353' title='bbox 2174 2286 2413 2342; x_wconf 86' lang='lat' dir='ltr'><strong>rinthios</strong></span> <span class='ocrx_word' id='word_1_354' title='bbox 2464 2280 2704 2353; x_wconf 81' lang='lat' dir='ltr'><strong>Epistula</strong></span> <span class='ocrx_word' id='word_1_355' title='bbox 2765 2279 3083 2347; x_wconf 84' lang='lat' dir='ltr'><strong>loquentem</strong></span> <span class='ocrx_word' id='word_1_356' title='bbox 3147 2288 3163 2328; x_wconf 87' lang='lat'><strong>:</strong></span> <span class='ocrx_word' id='word_1_357' title='bbox 3229 2267 3342 2322; x_wconf 81' lang='lat' dir='ltr'><strong>Nos</strong></span> <span class='ocrx_word' id='word_1_358' title='bbox 3393 2265 3753 2335; x_wconf 71' lang='lat' dir='ltr'><strong>prmdicamus</strong></span> 
     </span>
    </p>
   </div>
   <div class='ocr_carea' id='block_1_52' title="bbox 2174 2355 3755 2442">
    <p class='ocr_par' dir='ltr' id='par_1_52' title="bbox 2174 2355 3755 2442">
     <span class='ocr_line' id='line_1_52' title="bbox 2174 2355 3755 2442; baseline -0.017 -9"><span class='ocrx_word' id='word_1_359' title='bbox 2174 2379 2445 2433; x_wconf 82' lang='lat' dir='ltr'><strong>Christum</strong></span> <span class='ocrx_word' id='word_1_360' title='bbox 2490 2372 2807 2442; x_wconf 77' lang='lat' dir='ltr'><strong>cruciﬁxum</strong></span> <span class='ocrx_word' id='word_1_361' title='bbox 2836 2409 2849 2434; x_wconf 93' lang='lat'><strong>,</strong></span> <span class='ocrx_word' id='word_1_362' title='bbox 2890 2365 3105 2421; x_wconf 32' lang='lat' dir='ltr'><strong>Iudicis.</strong></span> <span class='ocrx_word' id='word_1_363' title='bbox 3145 2362 3356 2434; x_wconf 81' lang='lat' dir='ltr'><strong>quidem</strong></span> <span class='ocrx_word' id='word_1_364' title='bbox 3402 2355 3755 2416; x_wconf 78' lang='lat' dir='ltr'><strong>scandalum,</strong></span> 
     </span>
    </p>
   </div>
   <div class='ocr_carea' id='block_1_53' title="bbox 2175 2449 3757 2545">
    <p class='ocr_par' dir='ltr' id='par_1_53' title="bbox 2175 2449 3757 2545">
     <span class='ocr_line' id='line_1_53' title="bbox 2175 2449 3757 2545; baseline -0.02 -15"><span class='ocrx_word' id='word_1_365' title='bbox 2175 2473 2414 2545; x_wconf 79' lang='lat' dir='ltr'><strong>gentibus</strong></span> <span class='ocrx_word' id='word_1_366' title='bbox 2470 2477 2649 2522; x_wconf 86' lang='lat' dir='ltr'><strong>autem</strong></span> <span class='ocrx_word' id='word_1_367' title='bbox 2695 2463 2987 2519; x_wconf 79' lang='lat' dir='ltr'><strong>stultitiam</strong></span> <span class='ocrx_word' id='word_1_368' title='bbox 3036 2458 3105 2512; x_wconf 81' lang='lat'><strong>”.</strong></span> <span class='ocrx_word' id='word_1_369' title='bbox 3163 2453 3340 2510; x_wconf 68' lang='lat' dir='ltr'><strong>Iudici</strong></span> <span class='ocrx_word' id='word_1_370' title='bbox 3392 2449 3599 2505; x_wconf 86' lang='lat' dir='ltr'><strong>etenim</strong></span> <span class='ocrx_word' id='word_1_371' title='bbox 3644 2460 3757 2545; x_wconf 67' lang='lat' dir='ltr'><strong>ac-</strong></span> 
     </span>
    </p>
   </div>
   <div class='ocr_carea' id='block_1_54' title="bbox 2176 2539 3754 2635">
    <p class='ocr_par' dir='ltr' id='par_1_54' title="bbox 2176 2539 3754 2635">
     <span class='ocr_line' id='line_1_54' title="bbox 2176 2539 3754 2635; baseline -0.02 -14"><span class='ocrx_word' id='word_1_372' title='bbox 2176 2539 2353 2635; x_wconf 74' lang='lat' dir='ltr'><strong>ceptis</strong></span> <span class='ocrx_word' id='word_1_373' title='bbox 2407 2560 2692 2617; x_wconf 85' lang='lat' dir='ltr'><strong>miraculis</strong></span> <span class='ocrx_word' id='word_1_374' title='bbox 2755 2551 3207 2613; x_wconf 82' lang='lat' dir='ltr'><strong>oii‘endebanlur,</strong></span> <span class='ocrx_word' id='word_1_375' title='bbox 3253 2546 3318 2605; x_wconf 80' lang='lat' dir='ltr'><strong>ad</strong></span> <span class='ocrx_word' id='word_1_376' title='bbox 3366 2556 3585 2635; x_wconf 83' lang='lat' dir='ltr'><strong>carnem</strong></span> <span class='ocrx_word' id='word_1_377' title='bbox 3644 2539 3754 2635; x_wconf 77' lang='lat' dir='ltr'><strong>im-</strong></span> 
     </span>
    </p>
   </div>
   <div class='ocr_carea' id='block_1_55' title="bbox 2179 2626 3755 2727">
    <p class='ocr_par' dir='ltr' id='par_1_55' title="bbox 2179 2626 3755 2727">
     <span class='ocr_line' id='line_1_55' title="bbox 2179 2626 3755 2727; baseline -0.022 -16"><span class='ocrx_word' id='word_1_378' title='bbox 2179 2626 2464 2727; x_wconf 76' lang='lat' dir='ltr'><strong>piitgentes</strong></span> <span class='ocrx_word' id='word_1_379' title='bbox 2516 2667 2529 2702; x_wconf 89' lang='lat'>:</span> <span class='ocrx_word' id='word_1_380' title='bbox 2598 2646 2830 2718; x_wconf 84' lang='lat' dir='ltr'><strong>gentiles</strong></span> <span class='ocrx_word' id='word_1_381' title='bbox 2884 2650 3061 2698; x_wconf 87' lang='lat' dir='ltr'><strong>autem</strong></span> <span class='ocrx_word' id='word_1_382' title='bbox 3117 2631 3521 2708; x_wconf 73' lang='lat' dir='ltr'><strong>praedicationis</strong></span> <span class='ocrx_word' id='word_1_383' title='bbox 3567 2626 3755 2727; x_wconf 46' lang='lat' dir='ltr'><strong>excel:</strong></span> 
     </span>
    </p>
   </div>
   <div class='ocr_carea' id='block_1_56' title="bbox 2182 2717 3754 2807">
    <p class='ocr_par' dir='ltr' id='par_1_56' title="bbox 2182 2717 3754 2807">
     <span class='ocr_line' id='line_1_56' title="bbox 2182 2717 3754 2807; baseline -0.022 -3"><span class='ocrx_word' id='word_1_384' title='bbox 2182 2717 2404 2804; x_wconf 61' lang='lat' dir='ltr'><strong>leuiiam</strong></span> <span class='ocrx_word' id='word_1_385' title='bbox 2428 2754 2629 2800; x_wconf 88' lang='lat' dir='ltr'><strong>natura</strong></span> <span class='ocrx_word' id='word_1_386' title='bbox 2655 2736 2996 2807; x_wconf 87' lang='lat' dir='ltr'><strong>superiorem</strong></span> <span class='ocrx_word' id='word_1_387' title='bbox 3028 2729 3358 2791; x_wconf 87' lang='lat' dir='ltr'><strong>irridebant,</strong></span> <span class='ocrx_word' id='word_1_388' title='bbox 3384 2735 3577 2793; x_wconf 88' lang='lat' dir='ltr'><strong>nempe</strong></span> <span class='ocrx_word' id='word_1_389' title='bbox 3603 2717 3754 2788; x_wconf 88' lang='lat' dir='ltr'><strong>quod</strong></span> 
     </span>
    </p>
   </div>
   <div class='ocr_carea' id='block_1_57' title="bbox 2183 2817 3757 2906">
    <p class='ocr_par' dir='ltr' id='par_1_57' title="bbox 2183 2817 3757 2906">
     <span class='ocr_line' id='line_1_57' title="bbox 2183 2817 3757 2906; baseline -0.022 -10"><span class='ocrx_word' id='word_1_390' title='bbox 2183 2843 2327 2898; x_wconf 84' lang='lat' dir='ltr'><strong>Deus</strong></span> <span class='ocrx_word' id='word_1_391' title='bbox 2367 2840 2532 2895; x_wconf 91' lang='lat' dir='ltr'><strong>homo</strong></span> <span class='ocrx_word' id='word_1_392' title='bbox 2558 2834 2750 2906; x_wconf 62' lang='lat' dir='ltr'><strong>Iactus</strong></span> <span class='ocrx_word' id='word_1_393' title='bbox 2780 2839 2946 2894; x_wconf 82' lang='lat' dir='ltr'><strong>esset,</strong></span> <span class='ocrx_word' id='word_1_394' title='bbox 2970 2826 3114 2898; x_wconf 89' lang='lat' dir='ltr'><strong>quod</strong></span> <span class='ocrx_word' id='word_1_395' title='bbox 3150 2817 3478 2877; x_wconf 89' lang='lat' dir='ltr'><strong>immortalis</strong></span> <span class='ocrx_word' id='word_1_396' title='bbox 3521 2822 3757 2869; x_wconf 84' lang='lat' dir='ltr'><strong>mortem</strong></span> 
     </span>
    </p>
   </div>
   <div class='ocr_carea' id='block_1_58' title="bbox 2182 2913 3757 2998">
    <p class='ocr_par' dir='ltr' id='par_1_58' title="bbox 2182 2913 3757 2998">
     <span class='ocr_line' id='line_1_58' title="bbox 2182 2913 3757 2998; baseline -0.022 -5"><span class='ocrx_word' id='word_1_397' title='bbox 2182 2936 2462 2998; x_wconf 87' lang='lat' dir='ltr'><strong>subiisset,</strong></span> <span class='ocrx_word' id='word_1_398' title='bbox 2482 2940 2790 2997; x_wconf 71' lang='lat' dir='ltr'><strong>czeteraque</strong></span> <span class='ocrx_word' id='word_1_399' title='bbox 2812 2922 3055 2994; x_wconf 79' lang='lat' dir='ltr'><strong>ejusdem</strong></span> <span class='ocrx_word' id='word_1_400' title='bbox 3080 2917 3297 2990; x_wconf 83' lang='lat' dir='ltr'><strong>generis</strong></span> <span class='ocrx_word' id='word_1_401' title='bbox 3319 2931 3336 2983; x_wconf 88' lang='lat'><strong>;</strong></span> <span class='ocrx_word' id='word_1_402' title='bbox 3362 2913 3554 2982; x_wconf 78' lang='lat' dir='ltr'><strong>linguae</strong></span> <span class='ocrx_word' id='word_1_403' title='bbox 3572 2915 3757 2962; x_wconf 87' lang='lat' dir='ltr'><strong>autem</strong></span> 
     </span>
    </p>
   </div>
   <div class='ocr_carea' id='block_1_59' title="bbox 2187 3007 3759 3101">
    <p class='ocr_par' dir='ltr' id='par_1_59' title="bbox 2187 3007 3759 3101">
     <span class='ocr_line' id='line_1_59' title="bbox 2187 3007 3759 3101; baseline -0.024 -14"><span class='ocrx_word' id='word_1_404' title='bbox 2187 3028 2553 3101; x_wconf 79' lang='lat' dir='ltr'><strong>pruriginem,</strong></span> <span class='ocrx_word' id='word_1_405' title='bbox 2602 3020 2845 3094; x_wconf 73' lang='lat' dir='ltr'><strong>prolixae</strong></span> <span class='ocrx_word' id='word_1_406' title='bbox 2882 3014 3176 3085; x_wconf 89' lang='lat' dir='ltr'><strong>impiorum</strong></span> <span class='ocrx_word' id='word_1_407' title='bbox 3218 3007 3533 3101; x_wconf 78' lang='lat' dir='ltr'><strong>dogmatum</strong></span> <span class='ocrx_word' id='word_1_408' title='bbox 3585 3012 3759 3101; x_wconf 73' lang='lat' dir='ltr'><strong>nugas</strong></span> 
     </span>
    </p>
   </div>
   <div class='ocr_carea' id='block_1_60' title="bbox 495 3091 2074 3185">
    <p class='ocr_par' dir='ltr' id='par_1_60' title="bbox 495 3094 2074 3167">
     <span class='ocr_line' id='line_1_60' title="bbox 495 3094 2074 3167; baseline -0.001 -14"><span class='ocrx_word' id='word_1_409' title='bbox 495 3105 638 3153; x_wconf 78' lang='lat' dir='ltr'><strong>stum</strong></span> <span class='ocrx_word' id='word_1_410' title='bbox 713 3094 992 3150; x_wconf 84' lang='lat' dir='ltr'><strong>incarnari</strong></span> <span class='ocrx_word' id='word_1_411' title='bbox 1033 3136 1050 3163; x_wconf 93' lang='lat'><strong>,</strong></span> <span class='ocrx_word' id='word_1_412' title='bbox 1115 3096 1345 3163; x_wconf 81' lang='lat' dir='ltr'><strong>carnis,</strong></span> <span class='ocrx_word' id='word_1_413' title='bbox 1418 3111 1641 3167; x_wconf 86' lang='lat' dir='ltr'><strong>quoque</strong></span> <span class='ocrx_word' id='word_1_414' title='bbox 1716 3096 2074 3167; x_wconf 86' lang='lat' dir='ltr'><strong>proprietates</strong></span> 
     </span>
    </p>
   </div>
   <div class='ocr_carea' id='block_1_61' title="bbox 2180 3091 3758 3185">
    <p class='ocr_par' dir='ltr' id='par_1_61' title="bbox 2185 3091 3758 3185">
     <span class='ocr_line' id='line_1_61' title="bbox 2185 3091 3758 3185; baseline -0.023 -7"><span class='ocrx_word' id='word_1_415' title='bbox 2185 3091 2238 3178; x_wconf 75' lang='lat' dir='ltr'><strong>et</strong></span> <span class='ocrx_word' id='word_1_416' title='bbox 2270 3091 2627 3176; x_wconf 65' lang='lat' dir='ltr'><strong>deliramenta</strong></span> <span class='ocrx_word' id='word_1_417' title='bbox 2677 3117 2863 3165; x_wconf 84' lang='lat' dir='ltr'><strong>vocat.</strong></span> <span class='ocrx_word' id='word_1_418' title='bbox 2905 3105 3057 3161; x_wconf 86' lang='lat' dir='ltr'><strong>Tunc</strong></span> <span class='ocrx_word' id='word_1_419' title='bbox 3104 3112 3285 3156; x_wconf 81' lang='lat' dir='ltr'><strong>autem</strong></span> <span class='ocrx_word' id='word_1_420' title='bbox 3323 3096 3552 3152; x_wconf 83' lang='lat' dir='ltr'><strong>credent</strong></span> <span class='ocrx_word' id='word_1_421' title='bbox 3586 3091 3758 3185; x_wconf 73' lang='lat' dir='ltr'><strong>lia-re-</strong></span> 
     </span>
    </p>
   </div>
   <div class='ocr_carea' id='block_1_62' title="bbox 499 3181 3732 3277">
    <p class='ocr_par' dir='ltr' id='par_1_62' title="bbox 499 3181 3732 3277">
     <span class='ocr_line' id='line_1_62' title="bbox 499 3181 3732 3277; baseline 0.001 -35"><span class='ocrx_word' id='word_1_422' title='bbox 499 3187 707 3258; x_wconf 86' lang='lat' dir='ltr'><strong>adjicit,</strong></span> <span class='ocrx_word' id='word_1_423' title='bbox 762 3201 959 3257; x_wconf 89' lang='lat' dir='ltr'><strong>nempe</strong></span> <span class='ocrx_word' id='word_1_424' title='bbox 1011 3188 1347 3252; x_wconf 86' lang='lat' dir='ltr'><strong>crassitiem,</strong></span> <span class='ocrx_word' id='word_1_425' title='bbox 1405 3198 1460 3245; x_wconf 92' lang='lat' dir='ltr'><strong>et</strong></span> <span class='ocrx_word' id='word_1_426' title='bbox 1497 3189 1643 3260; x_wconf 87' lang='lat' dir='ltr'><strong>quod</strong></span> <span class='ocrx_word' id='word_1_427' title='bbox 1692 3190 1745 3244; x_wconf 88' lang='lat' dir='ltr'><strong>itt</strong></span> <span class='ocrx_word' id='word_1_428' title='bbox 1793 3199 2080 3261; x_wconf 89' lang='lat' dir='ltr'><strong>aspectum</strong></span> <span class='ocrx_word' id='word_1_429' title='bbox 2108 3181 2151 3204; x_wconf 56' lang='grc'><strong>³⁵⁸</strong></span> <span class='ocrx_word' id='word_1_430' title='bbox 2186 3210 2301 3277; x_wconf 54' lang='grc' dir='ltr'><strong>ηοξ,</strong></span> <span class='ocrx_word' id='word_1_431' title='bbox 2328 3222 2451 3264; x_wconf 71' lang='lat' dir='ltr'><strong>cum</strong></span> <span class='ocrx_word' id='word_1_432' title='bbox 2475 3201 2800 3262; x_wconf 49' lang='lat' dir='ltr'><strong>certissimis</strong></span> <span class='ocrx_word' id='word_1_433' title='bbox 2840 3193 3181 3269; x_wconf 72' lang='lat' dir='ltr'><strong>argumentis</strong></span> <span class='ocrx_word' id='word_1_434' title='bbox 3221 3190 3356 3244; x_wconf 78' lang='lat' dir='ltr'><strong>ﬁdes</strong></span> <span class='ocrx_word' id='word_1_435' title='bbox 3385 3184 3515 3257; x_wconf 82' lang='lat' dir='ltr'><strong>ipsis</strong></span> <span class='ocrx_word' id='word_1_436' title='bbox 3537 3181 3732 3237; x_wconf 70' lang='lat' dir='ltr'><strong>adsim</strong></span> 
     </span>
    </p>
   </div>
   <div class='ocr_carea' id='block_1_63' title="bbox 498 3279 2086 3354">
    <p class='ocr_par' dir='ltr' id='par_1_63' title="bbox 498 3279 2086 3354">
     <span class='ocr_line' id='line_1_63' title="bbox 498 3279 2086 3354; baseline 0.003 -20"><span class='ocrx_word' id='word_1_437' title='bbox 498 3288 553 3334; x_wconf 91' lang='lat' dir='ltr'><strong>et</strong></span> <span class='ocrx_word' id='word_1_438' title='bbox 606 3287 812 3335; x_wconf 90' lang='lat' dir='ltr'><strong>tactum</strong></span> <span class='ocrx_word' id='word_1_439' title='bbox 861 3280 1044 3338; x_wconf 82' lang='lat' dir='ltr'><strong>cadat.</strong></span> <span class='ocrx_word' id='word_1_440' title='bbox 1098 3279 1234 3336; x_wconf 88' lang='lat' dir='ltr'><strong>Nam</strong></span> <span class='ocrx_word' id='word_1_441' title='bbox 1271 3298 1396 3338; x_wconf 91' lang='lat' dir='ltr'><strong>cum</strong></span> <span class='ocrx_word' id='word_1_442' title='bbox 1427 3298 1495 3339; x_wconf 88' lang='lat' dir='ltr'><strong>ne</strong></span> <span class='ocrx_word' id='word_1_443' title='bbox 1530 3299 1559 3338; x_wconf 90' lang='lat' dir='ltr'><strong>a</strong></span> <span class='ocrx_word' id='word_1_444' title='bbox 1611 3283 1932 3339; x_wconf 70' lang='lat' dir='ltr'><strong>coelestibus</strong></span> <span class='ocrx_word' id='word_1_445' title='bbox 1959 3283 2086 3354; x_wconf 88' lang='lat' dir='ltr'><strong>qui-</strong></span> 
     </span>
    </p>
   </div>
   <div class='ocr_carea' id='block_1_64' title="bbox 499 3372 2066 3447">
    <p class='ocr_par' dir='ltr' id='par_1_64' title="bbox 499 3372 2066 3447">
     <span class='ocr_line' id='line_1_64' title="bbox 499 3372 2066 3447; baseline 0.003 -19"><span class='ocrx_word' id='word_1_446' title='bbox 499 3372 623 3429; x_wconf 85' lang='lat' dir='ltr'><strong>dem</strong></span> <span class='ocrx_word' id='word_1_447' title='bbox 680 3373 893 3445; x_wconf 80' lang='lat' dir='ltr'><strong>angelis</strong></span> <span class='ocrx_word' id='word_1_448' title='bbox 969 3375 1128 3445; x_wconf 90' lang='lat' dir='ltr'><strong>prius</strong></span> <span class='ocrx_word' id='word_1_449' title='bbox 1191 3385 1554 3440; x_wconf 85' lang='lat' dir='ltr'><strong>cerneretur,</strong></span> <span class='ocrx_word' id='word_1_450' title='bbox 1621 3391 1769 3432; x_wconf 89' lang='lat' dir='ltr'><strong>nunc</strong></span> <span class='ocrx_word' id='word_1_451' title='bbox 1844 3388 2066 3447; x_wconf 86' lang='lat' dir='ltr'><strong>propter</strong></span> 
     </span>
    </p>
   </div>
   <div class='ocr_carea' id='block_1_65' title="bbox 506 3467 2082 3535">
    <p class='ocr_par' dir='ltr' id='par_1_65' title="bbox 506 3467 2082 3535">
     <span class='ocr_line' id='line_1_65' title="bbox 506 3467 2082 3535; baseline 0.003 -15"><span class='ocrx_word' id='word_1_452' title='bbox 506 3467 679 3535; x_wconf 83' lang='lat' dir='ltr'><strong>ipsius</strong></span> <span class='ocrx_word' id='word_1_453' title='bbox 748 3482 868 3522; x_wconf 90' lang='lat' dir='ltr'><strong>cum</strong></span> <span class='ocrx_word' id='word_1_454' title='bbox 927 3468 1130 3524; x_wconf 82' lang='lat' dir='ltr'><strong>visibili</strong></span> <span class='ocrx_word' id='word_1_455' title='bbox 1188 3469 1414 3525; x_wconf 86' lang='lat' dir='ltr'><strong>homine</strong></span> <span class='ocrx_word' id='word_1_456' title='bbox 1490 3469 1751 3525; x_wconf 89' lang='lat' dir='ltr'><strong>unionem</strong></span> <span class='ocrx_word' id='word_1_457' title='bbox 1815 3469 2082 3525; x_wconf 88' lang='lat' dir='ltr'><strong>cernitur.</strong></span> 
     </span>
    </p>
   </div>
   <div class='ocr_carea' id='block_1_66' title="bbox 504 3559 2084 3629">
    <p class='ocr_par' dir='ltr' id='par_1_66' title="bbox 504 3559 2084 3629">
     <span class='ocr_line' id='line_1_66' title="bbox 504 3559 2084 3629; baseline -0.001 -15"><span class='ocrx_word' id='word_1_458' title='bbox 504 3559 765 3614; x_wconf 89' lang='lat' dir='ltr'><strong>Cernitur</strong></span> <span class='ocrx_word' id='word_1_459' title='bbox 838 3566 1022 3614; x_wconf 83' lang='lat' dir='ltr'><strong>autem</strong></span> <span class='ocrx_word' id='word_1_460' title='bbox 1092 3574 1203 3614; x_wconf 81' lang='lat' dir='ltr'><strong>nun</strong></span> <span class='ocrx_word' id='word_1_461' title='bbox 1272 3567 1539 3629; x_wconf 88' lang='lat' dir='ltr'><strong>quantum</strong></span> <span class='ocrx_word' id='word_1_462' title='bbox 1610 3563 1676 3616; x_wconf 87' lang='lat' dir='ltr'><strong>ad</strong></span> <span class='ocrx_word' id='word_1_463' title='bbox 1754 3559 2084 3617; x_wconf 86' lang='lat' dir='ltr'><strong>invisibilem</strong></span> 
     </span>
    </p>
   </div>
   <div class='ocr_carea' id='block_1_67' title="bbox 503 3651 2087 3723">
    <p class='ocr_par' dir='ltr' id='par_1_67' title="bbox 503 3651 2087 3723">
     <span class='ocr_line' id='line_1_67' title="bbox 503 3651 2087 3723; baseline -0.001 -15"><span class='ocrx_word' id='word_1_464' title='bbox 503 3653 888 3716; x_wconf 90' lang='lat' dir='ltr'><strong>divinitatem,</strong></span> <span class='ocrx_word' id='word_1_465' title='bbox 953 3651 1050 3707; x_wconf 87' lang='lat' dir='ltr'><strong>sed</strong></span> <span class='ocrx_word' id='word_1_466' title='bbox 1101 3660 1369 3723; x_wconf 89' lang='lat' dir='ltr'><strong>quantum</strong></span> <span class='ocrx_word' id='word_1_467' title='bbox 1429 3651 1498 3708; x_wconf 91' lang='lat' dir='ltr'><strong>ad</strong></span> <span class='ocrx_word' id='word_1_468' title='bbox 1544 3652 1852 3709; x_wconf 80' lang='lat' dir='ltr'><strong>divinitatis</strong></span> <span class='ocrx_word' id='word_1_469' title='bbox 1902 3659 2087 3707; x_wconf 88' lang='lat' dir='ltr'><strong>actum</strong></span> 
     </span>
    </p>
   </div>
   <div class='ocr_carea' id='block_1_68' title="bbox 505 3742 2091 3815">
    <p class='ocr_par' dir='ltr' id='par_1_68' title="bbox 505 3742 2091 3815">
     <span class='ocr_line' id='line_1_68' title="bbox 505 3742 2091 3815; baseline 0 -17"><span class='ocrx_word' id='word_1_470' title='bbox 505 3754 563 3798; x_wconf 90' lang='lat' dir='ltr'><strong>et</strong></span> <span class='ocrx_word' id='word_1_471' title='bbox 618 3743 943 3809; x_wconf 71' lang='lat' dir='ltr'><strong>emcaciam,</strong></span> <span class='ocrx_word' id='word_1_472' title='bbox 998 3742 1053 3797; x_wconf 88' lang='lat' dir='ltr'><strong>id</strong></span> <span class='ocrx_word' id='word_1_473' title='bbox 1110 3751 1217 3810; x_wconf 85' lang='lat' dir='ltr'><strong>est,</strong></span> <span class='ocrx_word' id='word_1_474' title='bbox 1274 3758 1384 3801; x_wconf 88' lang='lat' dir='ltr'><strong>non</strong></span> <span class='ocrx_word' id='word_1_475' title='bbox 1464 3754 1741 3815; x_wconf 86' lang='lat' dir='ltr'><strong>quatenus</strong></span> <span class='ocrx_word' id='word_1_476' title='bbox 1794 3743 2091 3801; x_wconf 84' lang='lat' dir='ltr'><strong>invisibilis</strong></span> 
     </span>
    </p>
   </div>
   <div class='ocr_carea' id='block_1_69' title="bbox 506 3834 2089 3906">
    <p class='ocr_par' dir='ltr' id='par_1_69' title="bbox 506 3834 2089 3906">
     <span class='ocr_line' id='line_1_69' title="bbox 506 3834 2089 3906; baseline -0.001 -15"><span class='ocrx_word' id='word_1_477' title='bbox 506 3834 653 3891; x_wconf 85' lang='lat' dir='ltr'><strong>Deus</strong></span> <span class='ocrx_word' id='word_1_478' title='bbox 699 3843 806 3898; x_wconf 85' lang='lat' dir='ltr'><strong>est,</strong></span> <span class='ocrx_word' id='word_1_479' title='bbox 849 3834 1116 3903; x_wconf 70' lang='lat' dir='ltr'><strong>cernitur,</strong></span> <span class='ocrx_word' id='word_1_480' title='bbox 1168 3836 1263 3893; x_wconf 85' lang='lat' dir='ltr'><strong>sed</strong></span> <span class='ocrx_word' id='word_1_481' title='bbox 1314 3850 1411 3906; x_wconf 82' lang='lat' dir='ltr'><strong>per</strong></span> <span class='ocrx_word' id='word_1_482' title='bbox 1441 3851 1507 3892; x_wconf 88' lang='lat' dir='ltr'><strong>ea</strong></span> <span class='ocrx_word' id='word_1_483' title='bbox 1540 3851 1660 3905; x_wconf 83' lang='lat' dir='ltr'><strong>quae</strong></span> <span class='ocrx_word' id='word_1_484' title='bbox 1693 3846 1756 3892; x_wconf 92' lang='lat' dir='ltr'><strong>ut</strong></span> <span class='ocrx_word' id='word_1_485' title='bbox 1784 3836 1931 3891; x_wconf 82' lang='lat' dir='ltr'><strong>Deus</strong></span> <span class='ocrx_word' id='word_1_486' title='bbox 1972 3834 2089 3891; x_wconf 83' lang='lat' dir='ltr'><strong>eiii-</strong></span> 
     </span>
    </p>
   </div>
   <div class='ocr_carea' id='block_1_70' title="bbox 508 3924 2088 3998">
    <p class='ocr_par' dir='ltr' id='par_1_70' title="bbox 508 3924 2088 3998">
     <span class='ocr_line' id='line_1_70' title="bbox 508 3924 2088 3998; baseline 0.001 -17"><span class='ocrx_word' id='word_1_487' title='bbox 508 3931 605 3994; x_wconf 89' lang='lat' dir='ltr'><strong>cit,</strong></span> <span class='ocrx_word' id='word_1_488' title='bbox 651 3927 898 3983; x_wconf 89' lang='lat' dir='ltr'><strong>videmus</strong></span> <span class='ocrx_word' id='word_1_489' title='bbox 942 3924 1112 3982; x_wconf 88' lang='lat' dir='ltr'><strong>Deum</strong></span> <span class='ocrx_word' id='word_1_490' title='bbox 1165 3941 1312 3993; x_wconf 82' lang='lat' dir='ltr'><strong>esse,</strong></span> <span class='ocrx_word' id='word_1_491' title='bbox 1372 3928 1582 3998; x_wconf 86' lang='lat' dir='ltr'><strong>quippe</strong></span> <span class='ocrx_word' id='word_1_492' title='bbox 1615 3929 1710 3998; x_wconf 88' lang='lat' dir='ltr'><strong>qui</strong></span> <span class='ocrx_word' id='word_1_493' title='bbox 1760 3928 2088 3982; x_wconf 90' lang='lat' dir='ltr'><strong>intermedio</strong></span> 
     </span>
    </p>
   </div>
   <div class='ocr_carea' id='block_1_71' title="bbox 509 4018 2092 4090">
    <p class='ocr_par' dir='ltr' id='par_1_71' title="bbox 509 4018 2092 4090">
     <span class='ocr_line' id='line_1_71' title="bbox 509 4018 2092 4090; baseline 0.001 -17"><span class='ocrx_word' id='word_1_494' title='bbox 509 4019 739 4090; x_wconf 69' lang='lat' dir='ltr'><strong>corpore</strong></span> <span class='ocrx_word' id='word_1_495' title='bbox 789 4019 1047 4087; x_wconf 82' lang='lat' dir='ltr'><strong>humano,</strong></span> <span class='ocrx_word' id='word_1_496' title='bbox 1099 4033 1190 4076; x_wconf 89' lang='lat' dir='ltr'><strong>res</strong></span> <span class='ocrx_word' id='word_1_497' title='bbox 1239 4018 1352 4076; x_wconf 84' lang='lat' dir='ltr'><strong>Deo</strong></span> <span class='ocrx_word' id='word_1_498' title='bbox 1407 4020 1603 4088; x_wconf 81' lang='lat' dir='ltr'><strong>dignas</strong></span> <span class='ocrx_word' id='word_1_499' title='bbox 1655 4026 1901 4090; x_wconf 81' lang='lat' dir='ltr'><strong>peragat.</strong></span> <span class='ocrx_word' id='word_1_500' title='bbox 1966 4018 2092 4075; x_wconf 67' lang='lat' dir='ltr'><strong>Hinc</strong></span> 
     </span>
    </p>
   </div>
   <div class='ocr_carea' id='block_1_72' title="bbox 513 4109 2090 4178">
    <p class='ocr_par' dir='ltr' id='par_1_72' title="bbox 513 4109 2090 4178">
     <span class='ocr_line' id='line_1_72' title="bbox 513 4109 2090 4178; baseline 0.002 -13"><span class='ocrx_word' id='word_1_501' title='bbox 513 4122 695 4168; x_wconf 86' lang='lat' dir='ltr'><strong>autem</strong></span> <span class='ocrx_word' id='word_1_502' title='bbox 726 4110 913 4177; x_wconf 83' lang='lat' dir='ltr'><strong>verba,</strong></span> <span class='ocrx_word' id='word_1_503' title='bbox 945 4110 1205 4166; x_wconf 89' lang='lat' dir='ltr'><strong>Cernitur</strong></span> <span class='ocrx_word' id='word_1_504' title='bbox 1239 4118 1295 4167; x_wconf 90' lang='lat' dir='ltr'><strong>et</strong></span> <span class='ocrx_word' id='word_1_505' title='bbox 1330 4120 1728 4178; x_wconf 78' lang='lat' dir='ltr'><strong>contractatur,</strong></span> <span class='ocrx_word' id='word_1_506' title='bbox 1762 4126 1829 4167; x_wconf 85' lang='lat' dir='ltr'><strong>ex</strong></span> <span class='ocrx_word' id='word_1_507' title='bbox 1855 4109 2090 4168; x_wconf 78' lang='lat' dir='ltr'><strong>Joannis</strong></span> 
     </span>
    </p>
   </div>
   <div class='ocr_carea' id='block_1_73' title="bbox 512 4202 2088 4274">
    <p class='ocr_par' dir='ltr' id='par_1_73' title="bbox 512 4202 2088 4274">
     <span class='ocr_line' id='line_1_73' title="bbox 512 4202 2088 4274; baseline 0 -16"><span class='ocrx_word' id='word_1_508' title='bbox 512 4204 755 4273; x_wconf 68' lang='lat' dir='ltr'><strong>Epistula</strong></span> <span class='ocrx_word' id='word_1_509' title='bbox 811 4202 1051 4272; x_wconf 85' lang='lat' dir='ltr'><strong>sumpsit</strong></span> <span class='ocrx_word' id='word_1_510' title='bbox 1094 4202 1418 4274; x_wconf 77' lang='lat' dir='ltr'><strong>Gregorius.</strong></span> <span class='ocrx_word' id='word_1_511' title='bbox 1500 4202 1706 4259; x_wconf 89' lang='lat' dir='ltr'><strong>Scribit</strong></span> <span class='ocrx_word' id='word_1_512' title='bbox 1766 4202 1912 4258; x_wconf 91' lang='lat' dir='ltr'><strong>enim</strong></span> <span class='ocrx_word' id='word_1_513' title='bbox 1978 4203 2088 4269; x_wconf 89' lang='lat' dir='ltr'><strong>ille,</strong></span> 
     </span>
    </p>
   </div>
   <div class='ocr_carea' id='block_1_74' title="bbox 512 4295 2091 4367">
    <p class='ocr_par' dir='ltr' id='par_1_74' title="bbox 512 4295 2091 4367">
     <span class='ocr_line' id='line_1_74' title="bbox 512 4295 2091 4367; baseline 0.003 -19"><span class='ocrx_word' id='word_1_514' title='bbox 512 4297 673 4362; x_wconf 80' lang='lat' dir='ltr'><strong>Quod</strong></span> <span class='ocrx_word' id='word_1_515' title='bbox 702 4305 818 4350; x_wconf 89' lang='lat' dir='ltr'><strong>erat</strong></span> <span class='ocrx_word' id='word_1_516' title='bbox 865 4295 932 4350; x_wconf 88' lang='lat' dir='ltr'><strong>ab</strong></span> <span class='ocrx_word' id='word_1_517' title='bbox 978 4297 1157 4363; x_wconf 83' lang='lat' dir='ltr'><strong>initio,</strong></span> <span class='ocrx_word' id='word_1_518' title='bbox 1186 4298 1341 4367; x_wconf 68' lang='lat' dir='ltr'><strong>{quod</strong></span> <span class='ocrx_word' id='word_1_519' title='bbox 1393 4298 1644 4365; x_wconf 78' lang='lat' dir='ltr'><strong>vidimus,</strong></span> <span class='ocrx_word' id='word_1_520' title='bbox 1688 4305 1740 4352; x_wconf 87' lang='lat' dir='ltr'><strong>et</strong></span> <span class='ocrx_word' id='word_1_521' title='bbox 1781 4315 1969 4353; x_wconf 82' lang='lat' dir='ltr'><strong>manus</strong></span> <span class='ocrx_word' id='word_1_522' title='bbox 1995 4314 2091 4353; x_wconf 82' lang='lat' dir='ltr'><strong>tto-</strong></span> 
     </span>
    </p>
   </div>
   <div class='ocr_carea' id='block_1_75' title="bbox 513 4388 2096 4461">
    <p class='ocr_par' dir='ltr' id='par_1_75' title="bbox 513 4388 2096 4461">
     <span class='ocr_line' id='line_1_75' title="bbox 513 4388 2096 4461; baseline 0.003 -21"><span class='ocrx_word' id='word_1_523' title='bbox 513 4398 641 4441; x_wconf 77' lang='lat' dir='ltr'><strong>strte</strong></span> <span class='ocrx_word' id='word_1_524' title='bbox 710 4395 1170 4443; x_wconf 81' lang='lat' dir='ltr'><strong>contrectaverunt</strong></span> <span class='ocrx_word' id='word_1_525' title='bbox 1231 4390 1301 4444; x_wconf 76' lang='lat'><strong>”.</strong></span> <span class='ocrx_word' id='word_1_526' title='bbox 1376 4388 1640 4444; x_wconf 64' lang='lat' dir='ltr'><strong>IEternns</strong></span> <span class='ocrx_word' id='word_1_527' title='bbox 1710 4397 1765 4444; x_wconf 91' lang='lat' dir='ltr'><strong>et</strong></span> <span class='ocrx_word' id='word_1_528' title='bbox 1836 4390 2096 4461; x_wconf 86' lang='lat' dir='ltr'><strong>temporis</strong></span> 
     </span>
    </p>
   </div>
   <div class='ocr_carea' id='block_1_76' title="bbox 2185 3277 3761 3361">
    <p class='ocr_par' dir='ltr' id='par_1_76' title="bbox 2185 3277 3761 3361">
     <span class='ocr_line' id='line_1_76' title="bbox 2185 3277 3761 3361; baseline -0.022 -3"><span class='ocrx_word' id='word_1_529' title='bbox 2185 3311 2271 3359; x_wconf 88' lang='lat' dir='ltr'><strong>eta</strong></span> <span class='ocrx_word' id='word_1_530' title='bbox 2302 3299 2488 3361; x_wconf 80' lang='lat' dir='ltr'><strong>fuerit,</strong></span> <span class='ocrx_word' id='word_1_531' title='bbox 2541 3295 2820 3352; x_wconf 88' lang='lat' dir='ltr'><strong>Christum</strong></span> <span class='ocrx_word' id='word_1_532' title='bbox 2868 3304 2997 3346; x_wconf 91' lang='lat' dir='ltr'><strong>cum</strong></span> <span class='ocrx_word' id='word_1_533' title='bbox 3052 3300 3218 3343; x_wconf 87' lang='lat' dir='ltr'><strong>carne</strong></span> <span class='ocrx_word' id='word_1_534' title='bbox 3248 3283 3303 3337; x_wconf 91' lang='lat' dir='ltr'><strong>in</strong></span> <span class='ocrx_word' id='word_1_535' title='bbox 3327 3277 3529 3336; x_wconf 78' lang='lat' dir='ltr'><strong>ccelum</strong></span> <span class='ocrx_word' id='word_1_536' title='bbox 3570 3288 3761 3329; x_wconf 88' lang='lat' dir='ltr'><strong>ascen-</strong></span> 
     </span>
    </p>
   </div>
   <div class='ocr_carea' id='block_1_77' title="bbox 2186 3366 3761 3456">
    <p class='ocr_par' dir='ltr' id='par_1_77' title="bbox 2186 3366 3761 3456">
     <span class='ocr_line' id='line_1_77' title="bbox 2186 3366 3761 3456; baseline -0.018 -6"><span class='ocrx_word' id='word_1_537' title='bbox 2186 3394 2353 3450; x_wconf 85' lang='lat' dir='ltr'><strong>disse.</strong></span> <span class='ocrx_word' id='word_1_538' title='bbox 2386 3389 2477 3446; x_wconf 87' lang='lat' dir='ltr'><strong>Sic</strong></span> <span class='ocrx_word' id='word_1_539' title='bbox 2515 3379 2665 3444; x_wconf 82' lang='lat' dir='ltr'><strong>enim</strong></span> <span class='ocrx_word' id='word_1_540' title='bbox 2722 3386 2838 3456; x_wconf 87' lang='lat' dir='ltr'><strong>ipse</strong></span> <span class='ocrx_word' id='word_1_541' title='bbox 2878 3379 3156 3455; x_wconf 85' lang='lat' dir='ltr'><strong>pollicitus</strong></span> <span class='ocrx_word' id='word_1_542' title='bbox 3181 3386 3286 3439; x_wconf 86' lang='lat' dir='ltr'><strong>est,</strong></span> <span class='ocrx_word' id='word_1_543' title='bbox 3318 3373 3511 3428; x_wconf 90' lang='lat' dir='ltr'><strong>dicens</strong></span> <span class='ocrx_word' id='word_1_544' title='bbox 3557 3386 3575 3424; x_wconf 86' lang='lat'><strong>:</strong></span> <span class='ocrx_word' id='word_1_545' title='bbox 3629 3366 3761 3422; x_wconf 77' lang='lat' dir='ltr'><strong>Cum</strong></span> 
     </span>
    </p>
   </div>
   <div class='ocr_carea' id='block_1_78' title="bbox 2187 3462 3760 3554">
    <p class='ocr_par' dir='ltr' id='par_1_78' title="bbox 2187 3462 3760 3554">
     <span class='ocr_line' id='line_1_78' title="bbox 2187 3462 3760 3554; baseline -0.018 -11"><span class='ocrx_word' id='word_1_546' title='bbox 2187 3489 2456 3542; x_wconf 74' lang='lat' dir='ltr'><strong>exaltatus</strong></span> <span class='ocrx_word' id='word_1_547' title='bbox 2490 3485 2661 3554; x_wconf 81' lang='lat' dir='ltr'><strong>fuero,</strong></span> <span class='ocrx_word' id='word_1_548' title='bbox 2689 3480 2868 3533; x_wconf 83' lang='lat' dir='ltr'><strong>omnia</strong></span> <span class='ocrx_word' id='word_1_549' title='bbox 2892 3476 3104 3531; x_wconf 79' lang='lat' dir='ltr'><strong>traham</strong></span> <span class='ocrx_word' id='word_1_550' title='bbox 3126 3472 3195 3526; x_wconf 82' lang='lat' dir='ltr'><strong>ad</strong></span> <span class='ocrx_word' id='word_1_551' title='bbox 3222 3472 3475 3538; x_wconf 84' lang='lat' dir='ltr'><strong>uteipsum</strong></span> <span class='ocrx_word' id='word_1_552' title='bbox 3500 3465 3564 3517; x_wconf 74' lang='grc'><strong>³⁸.</strong></span> <span class='ocrx_word' id='word_1_553' title='bbox 3607 3462 3760 3554; x_wconf 80' lang='lat' dir='ltr'><strong>Quod</strong></span> 
     </span>
    </p>
   </div>
   <div class='ocr_carea' id='block_1_79' title="bbox 2189 3551 3763 3641">
    <p class='ocr_par' dir='ltr' id='par_1_79' title="bbox 2189 3551 3763 3641">
     <span class='ocr_line' id='line_1_79' title="bbox 2189 3551 3763 3641; baseline -0.02 -8"><span class='ocrx_word' id='word_1_554' title='bbox 2189 3578 2235 3633; x_wconf 88' lang='lat' dir='ltr'><strong>si</strong></span> <span class='ocrx_word' id='word_1_555' title='bbox 2284 3591 2353 3631; x_wconf 88' lang='lat' dir='ltr'><strong>ne</strong></span> <span class='ocrx_word' id='word_1_556' title='bbox 2411 3551 2529 3630; x_wconf 85' lang='lat' dir='ltr'><strong>tum</strong></span> <span class='ocrx_word' id='word_1_557' title='bbox 2582 3571 2831 3641; x_wconf 87' lang='lat' dir='ltr'><strong>quidem,</strong></span> <span class='ocrx_word' id='word_1_558' title='bbox 2885 3574 2941 3621; x_wconf 91' lang='lat' dir='ltr'><strong>at</strong></span> <span class='ocrx_word' id='word_1_559' title='bbox 2981 3571 3136 3620; x_wconf 89' lang='lat' dir='ltr'><strong>certe</strong></span> <span class='ocrx_word' id='word_1_560' title='bbox 3193 3574 3319 3614; x_wconf 88' lang='lat' dir='ltr'><strong>cum</strong></span> <span class='ocrx_word' id='word_1_561' title='bbox 3363 3554 3527 3625; x_wconf 77' lang='lat' dir='ltr'><strong>judes</strong></span> <span class='ocrx_word' id='word_1_562' title='bbox 3570 3551 3763 3606; x_wconf 75' lang='lat' dir='ltr'><strong>ectelo</strong></span> 
     </span>
    </p>
   </div>
   <div class='ocr_carea' id='block_1_80' title="bbox 2191 3643 3765 3724">
    <p class='ocr_par' dir='ltr' id='par_1_80' title="bbox 2191 3643 3765 3724">
     <span class='ocr_line' id='line_1_80' title="bbox 2191 3643 3765 3724; baseline -0.018 0"><span class='ocrx_word' id='word_1_563' title='bbox 2191 3664 2560 3724; x_wconf 86' lang='lat' dir='ltr'><strong>descenderit.</strong></span> <span class='ocrx_word' id='word_1_564' title='bbox 2603 3661 2739 3717; x_wconf 75' lang='lat' dir='ltr'><strong>Nam</strong></span> <span class='ocrx_word' id='word_1_565' title='bbox 2777 3674 2899 3715; x_wconf 91' lang='lat' dir='ltr'><strong>cum</strong></span> <span class='ocrx_word' id='word_1_566' title='bbox 2956 3656 3073 3712; x_wconf 65' lang='lat' dir='ltr'><strong>haec</strong></span> <span class='ocrx_word' id='word_1_567' title='bbox 3117 3653 3228 3709; x_wconf 92' lang='lat' dir='ltr'><strong>duo</strong></span> <span class='ocrx_word' id='word_1_568' title='bbox 3265 3664 3393 3706; x_wconf 83' lang='lat' dir='ltr'><strong>cum</strong></span> <span class='ocrx_word' id='word_1_569' title='bbox 3437 3643 3765 3701; x_wconf 81' lang='lat' dir='ltr'><strong>adversariis</strong></span> 
     </span>
    </p>
   </div>
   <div class='ocr_carea' id='block_1_81' title="bbox 2192 3736 3758 3822">
    <p class='ocr_par' dir='ltr' id='par_1_81' title="bbox 2192 3736 3758 3822">
     <span class='ocr_line' id='line_1_81' title="bbox 2192 3736 3758 3822; baseline -0.017 -7"><span class='ocrx_word' id='word_1_570' title='bbox 2192 3766 2423 3822; x_wconf 89' lang='lat' dir='ltr'><strong>certent,</strong></span> <span class='ocrx_word' id='word_1_571' title='bbox 2464 3756 2549 3811; x_wconf 83' lang='lat' dir='ltr'><strong>vis</strong></span> <span class='ocrx_word' id='word_1_572' title='bbox 2590 3754 2875 3810; x_wconf 86' lang='lat' dir='ltr'><strong>nimirnm-</strong></span> <span class='ocrx_word' id='word_1_573' title='bbox 2906 3763 2973 3805; x_wconf 91' lang='lat' dir='ltr'><strong>ac</strong></span> <span class='ocrx_word' id='word_1_574' title='bbox 3007 3743 3313 3819; x_wconf 84' lang='lat' dir='ltr'><strong>persuasio.</strong></span> <span class='ocrx_word' id='word_1_575' title='bbox 3354 3742 3400 3795; x_wconf 90' lang='lat' dir='ltr'><strong>si</strong></span> <span class='ocrx_word' id='word_1_576' title='bbox 3442 3737 3667 3808; x_wconf 82' lang='lat' dir='ltr'><strong>quidem</strong></span> <span class='ocrx_word' id='word_1_577' title='bbox 3709 3736 3758 3789; x_wconf 89' lang='lat' dir='ltr'><strong>in</strong></span> 
     </span>
    </p>
   </div>
   <div class='ocr_carea' id='block_1_82' title="bbox 2195 3828 3768 3913">
    <p class='ocr_par' dir='ltr' id='par_1_82' title="bbox 2195 3828 3768 3913">
     <span class='ocr_line' id='line_1_82' title="bbox 2195 3828 3768 3913; baseline -0.018 -6"><span class='ocrx_word' id='word_1_578' title='bbox 2195 3854 2298 3907; x_wconf 89' lang='lat' dir='ltr'><strong>hac</strong></span> <span class='ocrx_word' id='word_1_579' title='bbox 2324 3851 2433 3905; x_wconf 91' lang='lat' dir='ltr'><strong>vita</strong></span> <span class='ocrx_word' id='word_1_580' title='bbox 2486 3846 2791 3903; x_wconf 84' lang='lat' dir='ltr'><strong>rationibus</strong></span> <span class='ocrx_word' id='word_1_581' title='bbox 2829 3852 2995 3913; x_wconf 90' lang='lat' dir='ltr'><strong>atque</strong></span> <span class='ocrx_word' id='word_1_582' title='bbox 3050 3835 3390 3909; x_wconf 84' lang='lat' dir='ltr'><strong>argumentis</strong></span> <span class='ocrx_word' id='word_1_583' title='bbox 3443 3832 3511 3885; x_wconf 90' lang='lat' dir='ltr'><strong>ad</strong></span> <span class='ocrx_word' id='word_1_584' title='bbox 3542 3828 3768 3883; x_wconf 80' lang='lat' dir='ltr'><strong>creden-</strong></span> 
     </span>
    </p>
   </div>
   <div class='ocr_carea' id='block_1_83' title="bbox 2195 3918 3765 3999">
    <p class='ocr_par' dir='ltr' id='par_1_83' title="bbox 2195 3918 3765 3999">
     <span class='ocr_line' id='line_1_83' title="bbox 2195 3918 3765 3999; baseline -0.018 0"><span class='ocrx_word' id='word_1_585' title='bbox 2195 3944 2324 3999; x_wconf 87' lang='lat' dir='ltr'><strong>dum</strong></span> <span class='ocrx_word' id='word_1_586' title='bbox 2377 3937 2617 3996; x_wconf 65' lang='lat' dir='ltr'><strong>haeretici</strong></span> <span class='ocrx_word' id='word_1_587' title='bbox 2675 3951 2786 3992; x_wconf 92' lang='lat' dir='ltr'><strong>non</strong></span> <span class='ocrx_word' id='word_1_588' title='bbox 2848 3933 3233 3991; x_wconf 89' lang='lat' dir='ltr'><strong>adducantur,</strong></span> <span class='ocrx_word' id='word_1_589' title='bbox 3289 3927 3349 3980; x_wconf 92' lang='lat' dir='ltr'><strong>in</strong></span> <span class='ocrx_word' id='word_1_590' title='bbox 3389 3931 3635 3979; x_wconf 86' lang='lat' dir='ltr'><strong>extremo</strong></span> <span class='ocrx_word' id='word_1_591' title='bbox 3679 3918 3765 3973; x_wconf 88' lang='lat' dir='ltr'><strong>die</strong></span> 
     </span>
    </p>
   </div>
   <div class='ocr_carea' id='block_1_84' title="bbox 2198 4010 3768 4102">
    <p class='ocr_par' dir='ltr' id='par_1_84' title="bbox 2198 4010 3768 4102">
     <span class='ocr_line' id='line_1_84' title="bbox 2198 4010 3768 4102; baseline -0.018 -11"><span class='ocrx_word' id='word_1_592' title='bbox 2198 4034 2363 4093; x_wconf 86' lang='lat' dir='ltr'><strong>rebus</strong></span> <span class='ocrx_word' id='word_1_593' title='bbox 2387 4032 2522 4102; x_wconf 87' lang='lat' dir='ltr'><strong>ipsis</strong></span> <span class='ocrx_word' id='word_1_594' title='bbox 2567 4036 2830 4101; x_wconf 88' lang='lat' dir='ltr'><strong>cogentur</strong></span> <span class='ocrx_word' id='word_1_595' title='bbox 2867 4040 2882 4079; x_wconf 88' lang='lat'><strong>:</strong></span> <span class='ocrx_word' id='word_1_596' title='bbox 2926 4038 3051 4078; x_wconf 92' lang='lat' dir='ltr'><strong>cum</strong></span> <span class='ocrx_word' id='word_1_597' title='bbox 3090 4020 3193 4092; x_wconf 87' lang='lat' dir='ltr'><strong>ipsi</strong></span> <span class='ocrx_word' id='word_1_598' title='bbox 3233 4031 3396 4072; x_wconf 88' lang='lat' dir='ltr'><strong>omne</strong></span> <span class='ocrx_word' id='word_1_599' title='bbox 3429 4028 3593 4097; x_wconf 67' lang='lat' dir='ltr'><strong>genu,</strong></span> <span class='ocrx_word' id='word_1_600' title='bbox 3645 4010 3768 4063; x_wconf 74' lang='lat' dir='ltr'><strong>velit</strong></span> 
     </span>
    </p>
   </div>
   <div class='ocr_carea' id='block_1_85' title="bbox 2198 4121 2736 4192">
    <p class='ocr_par' dir='ltr' id='par_1_85' title="bbox 2198 4121 2736 4192">
     <span class='ocr_line' id='line_1_85' title="bbox 2198 4121 2736 4192; baseline -0.013 -12"><span class='ocrx_word' id='word_1_601' title='bbox 2198 4126 2358 4192; x_wconf 90' lang='lat' dir='ltr'><strong>nolit,</strong></span> <span class='ocrx_word' id='word_1_602' title='bbox 2394 4121 2642 4180; x_wconf 82' lang='lat' dir='ltr'><strong>ﬂectetur</strong></span> <span class='ocrx_word' id='word_1_603' title='bbox 2669 4121 2736 4173; x_wconf 81' lang='grc'><strong>³¹.</strong></span> 
     </span>
    </p>
   </div>
   <div class='ocr_carea' id='block_1_86' title="bbox 2271 4193 3771 4278">
    <p class='ocr_par' dir='ltr' id='par_1_86' title="bbox 2271 4193 3771 4278">
     <span class='ocr_line' id='line_1_86' title="bbox 2271 4193 3771 4278; baseline -0.019 -7"><span class='ocrx_word' id='word_1_604' title='bbox 2271 4216 2406 4273; x_wconf 89' lang='lat' dir='ltr'><strong>Ibid.</strong></span> <span class='ocrx_word' id='word_1_605' title='bbox 2435 4215 2497 4270; x_wconf 91' lang='lat' dir='ltr'><strong>C.</strong></span> <span class='ocrx_word' id='word_1_606' title='bbox 2539 4213 2734 4268; x_wconf 86' lang='lat' dir='ltr'><strong>Verum</strong></span> <span class='ocrx_word' id='word_1_607' title='bbox 2765 4212 2875 4265; x_wconf 74' lang='grc' dir='ltr'><strong>Ιιωσ</strong></span> <span class='ocrx_word' id='word_1_608' title='bbox 2894 4207 3175 4278; x_wconf 77' lang='lat' dir='ltr'><strong>posterius.</strong></span> <span class='ocrx_word' id='word_1_609' title='bbox 3215 4201 3373 4257; x_wconf 82' lang='lat' dir='ltr'><strong>Nunc</strong></span> <span class='ocrx_word' id='word_1_610' title='bbox 3403 4207 3581 4253; x_wconf 83' lang='lat' dir='ltr'><strong>autem</strong></span> <span class='ocrx_word' id='word_1_611' title='bbox 3612 4193 3771 4249; x_wconf 77' lang='lat' dir='ltr'><strong>Theo-</strong></span> 
     </span>
    </p>
   </div>
   <div class='ocr_carea' id='block_1_87' title="bbox 2203 4289 3769 4380">
    <p class='ocr_par' dir='ltr' id='par_1_87' title="bbox 2203 4289 3769 4380">
     <span class='ocr_line' id='line_1_87' title="bbox 2203 4289 3769 4380; baseline -0.017 -16"><span class='ocrx_word' id='word_1_612' title='bbox 2203 4312 2419 4380; x_wconf 81' lang='lat' dir='ltr'><strong>phauia,</strong></span> <span class='ocrx_word' id='word_1_613' title='bbox 2448 4318 2551 4362; x_wconf 89' lang='lat' dir='ltr'><strong>etc.</strong></span> <span class='ocrx_word' id='word_1_614' title='bbox 2595 4305 2795 4361; x_wconf 83' lang='lat' dir='ltr'><strong>Verum</strong></span> <span class='ocrx_word' id='word_1_615' title='bbox 2851 4304 2986 4367; x_wconf 65' lang='lat' dir='ltr'><strong>huic,</strong></span> <span class='ocrx_word' id='word_1_616' title='bbox 3038 4298 3236 4369; x_wconf 90' lang='lat' dir='ltr'><strong>inquit,</strong></span> <span class='ocrx_word' id='word_1_617' title='bbox 3272 4290 3550 4367; x_wconf 89' lang='lat' dir='ltr'><strong>posterius</strong></span> <span class='ocrx_word' id='word_1_618' title='bbox 3591 4289 3769 4380; x_wconf 73' lang='lat' dir='ltr'><strong>futura</strong></span> 
     </span>
    </p>
   </div>
   <div class='ocr_carea' id='block_1_88' title="bbox 2202 4374 3770 4465">
    <p class='ocr_par' dir='ltr' id='par_1_88' title="bbox 2202 4374 3770 4465">
     <span class='ocr_line' id='line_1_88' title="bbox 2202 4374 3770 4465; baseline -0.02 -8"><span class='ocrx_word' id='word_1_619' title='bbox 2202 4374 2349 4465; x_wconf 70' lang='lat' dir='ltr'><strong>sunt,</strong></span> <span class='ocrx_word' id='word_1_620' title='bbox 2385 4398 2643 4454; x_wconf 86' lang='lat' dir='ltr'><strong>nimirum</strong></span> <span class='ocrx_word' id='word_1_621' title='bbox 2677 4404 2733 4451; x_wconf 89' lang='lat' dir='ltr'><strong>ut</strong></span> <span class='ocrx_word' id='word_1_622' title='bbox 2762 4393 2854 4449; x_wconf 87' lang='lat' dir='ltr'><strong>alii</strong></span> <span class='ocrx_word' id='word_1_623' title='bbox 2886 4392 2953 4447; x_wconf 89' lang='lat' dir='ltr'><strong>ad</strong></span> <span class='ocrx_word' id='word_1_624' title='bbox 2979 4390 3180 4447; x_wconf 87' lang='lat' dir='ltr'><strong>Christi</strong></span> <span class='ocrx_word' id='word_1_625' title='bbox 3215 4398 3533 4446; x_wconf 86' lang='lat' dir='ltr'><strong>ascensum,</strong></span> <span class='ocrx_word' id='word_1_626' title='bbox 3578 4378 3672 4435; x_wconf 82' lang='lat' dir='ltr'><strong>alii</strong></span> <span class='ocrx_word' id='word_1_627' title='bbox 3706 4374 3770 4429; x_wconf 85' lang='lat' dir='ltr'><strong>ad</strong></span> 
     </span>
    </p>
   </div>
   <div class='ocr_carea' id='block_1_89' title="bbox 516 4476 3771 4551">
    <p class='ocr_par' dir='ltr' id='par_1_89' title="bbox 516 4476 3771 4551">
     <span class='ocr_line' id='line_1_89' title="bbox 516 4476 3771 4551; baseline 0.003 -19"><span class='ocrx_word' id='word_1_628' title='bbox 516 4478 737 4535; x_wconf 84' lang='lat' dir='ltr'><strong>nescius</strong></span> <span class='ocrx_word' id='word_1_629' title='bbox 777 4480 1111 4550; x_wconf 89' lang='lat' dir='ltr'><strong>principium</strong></span> <span class='ocrx_word' id='word_1_630' title='bbox 1160 4481 1327 4551; x_wconf 84' lang='lat' dir='ltr'><strong>capit.</strong></span> <span class='ocrx_word' id='word_1_631' title='bbox 1372 4478 1508 4535; x_wconf 79' lang='lat' dir='ltr'><strong>Nam</strong></span> <span class='ocrx_word' id='word_1_632' title='bbox 1541 4481 1585 4536; x_wconf 85' lang='lat' dir='ltr'><strong>si</strong></span> <span class='ocrx_word' id='word_1_633' title='bbox 1618 4495 1750 4536; x_wconf 83' lang='lat' dir='ltr'><strong>caro</strong></span> <span class='ocrx_word' id='word_1_634' title='bbox 1783 4480 1961 4537; x_wconf 83' lang='lat' dir='ltr'><strong>factus</strong></span> <span class='ocrx_word' id='word_1_635' title='bbox 1984 4492 2091 4549; x_wconf 87' lang='lat' dir='ltr'><strong>est,</strong></span> <span class='ocrx_word' id='word_1_636' title='bbox 2117 4478 2173 4540; x_wconf 80' lang='grc' dir='ltr'>Β</span> <span class='ocrx_word' id='word_1_637' title='bbox 2201 4495 2520 4550; x_wconf 67' lang='lat' dir='ltr'><strong>descensum</strong></span> <span class='ocrx_word' id='word_1_638' title='bbox 2557 4489 2801 4546; x_wconf 85' lang='lat' dir='ltr'><strong>credant.</strong></span> <span class='ocrx_word' id='word_1_639' title='bbox 2843 4486 3088 4542; x_wconf 66' lang='lat' dir='ltr'><strong>Praesens</strong></span> <span class='ocrx_word' id='word_1_640' title='bbox 3113 4490 3294 4538; x_wconf 78' lang='lat' dir='ltr'><strong>autem</strong></span> <span class='ocrx_word' id='word_1_641' title='bbox 3343 4476 3568 4539; x_wconf 65' lang='grc' dir='ltr'><strong>ίθειυῐην</strong></span> <span class='ocrx_word' id='word_1_642' title='bbox 3611 4481 3771 4539; x_wconf 65' lang='grc' dir='ltr'><strong>πςυε</strong></span> 
     </span>
    </p>
   </div>
   <div class='ocr_carea' id='block_1_90' title="bbox 517 4570 2093 4643">
    <p class='ocr_par' dir='ltr' id='par_1_90' title="bbox 517 4570 2093 4643">
     <span class='ocr_line' id='line_1_90' title="bbox 517 4570 2093 4643; baseline 0.001 -18"><span class='ocrx_word' id='word_1_643' title='bbox 517 4571 808 4642; x_wconf 90' lang='lat' dir='ltr'><strong>carnisque</strong></span> <span class='ocrx_word' id='word_1_644' title='bbox 840 4572 1204 4643; x_wconf 86' lang='lat' dir='ltr'><strong>proprietates</strong></span> <span class='ocrx_word' id='word_1_645' title='bbox 1240 4570 1451 4633; x_wconf 81' lang='lat' dir='ltr'><strong>habuit,</strong></span> <span class='ocrx_word' id='word_1_646' title='bbox 1488 4580 1643 4627; x_wconf 83' lang='lat' dir='ltr'><strong>ortus</strong></span> <span class='ocrx_word' id='word_1_647' title='bbox 1683 4587 1900 4642; x_wconf 90' lang='lat' dir='ltr'><strong>quoque</strong></span> <span class='ocrx_word' id='word_1_648' title='bbox 1942 4574 2093 4642; x_wconf 86' lang='lat' dir='ltr'><strong>prin-</strong></span> 
     </span>
    </p>
   </div>
   <div class='ocr_carea' id='block_1_91' title="bbox 517 4664 2093 4735">
    <p class='ocr_par' dir='ltr' id='par_1_91' title="bbox 517 4664 2093 4735">
     <span class='ocr_line' id='line_1_91' title="bbox 517 4664 2093 4735; baseline -0.001 -15"><span class='ocrx_word' id='word_1_649' title='bbox 517 4664 722 4734; x_wconf 90' lang='lat' dir='ltr'><strong>cipium</strong></span> <span class='ocrx_word' id='word_1_650' title='bbox 775 4680 900 4720; x_wconf 91' lang='lat' dir='ltr'><strong>eum</strong></span> <span class='ocrx_word' id='word_1_651' title='bbox 956 4665 1237 4735; x_wconf 82' lang='lat' dir='ltr'><strong>accepisse</strong></span> <span class='ocrx_word' id='word_1_652' title='bbox 1292 4679 1520 4721; x_wconf 88' lang='lat' dir='ltr'><strong>necesse</strong></span> <span class='ocrx_word' id='word_1_653' title='bbox 1566 4673 1669 4720; x_wconf 81' lang='lat' dir='ltr'><strong>est.</strong></span> <span class='ocrx_word' id='word_1_654' title='bbox 1720 4666 1877 4731; x_wconf 83' lang='lat' dir='ltr'><strong>Quod</strong></span> <span class='ocrx_word' id='word_1_655' title='bbox 1909 4673 2093 4720; x_wconf 89' lang='lat' dir='ltr'><strong>autem</strong></span> 
     </span>
    </p>
   </div>
   <div class='ocr_carea' id='block_1_92' title="bbox 521 4753 2098 4826">
    <p class='ocr_par' dir='ltr' id='par_1_92' title="bbox 521 4753 2098 4826">
     <span class='ocr_line' id='line_1_92' title="bbox 521 4753 2098 4826; baseline -0.002 -12"><span class='ocrx_word' id='word_1_656' title='bbox 521 4756 796 4814; x_wconf 85' lang='lat' dir='ltr'><strong>sermonis</strong></span> <span class='ocrx_word' id='word_1_657' title='bbox 857 4766 1022 4826; x_wconf 86' lang='lat' dir='ltr'><strong>caput</strong></span> <span class='ocrx_word' id='word_1_658' title='bbox 1065 4766 1191 4822; x_wconf 86' lang='lat' dir='ltr'><strong>est,</strong></span> <span class='ocrx_word' id='word_1_659' title='bbox 1245 4754 1340 4811; x_wconf 80' lang='lat' dir='ltr'><strong>Dei</strong></span> <span class='ocrx_word' id='word_1_660' title='bbox 1408 4754 1581 4812; x_wconf 83' lang='lat' dir='ltr'><strong>Filius</strong></span> <span class='ocrx_word' id='word_1_661' title='bbox 1628 4755 1871 4811; x_wconf 88' lang='lat' dir='ltr'><strong>hominis</strong></span> <span class='ocrx_word' id='word_1_662' title='bbox 1924 4753 2098 4811; x_wconf 85' lang='lat' dir='ltr'><strong>Filius</strong></span> 
     </span>
    </p>
   </div>
   <div class='ocr_carea' id='block_1_93' title="bbox 520 4844 2097 4917">
    <p class='ocr_par' dir='ltr' id='par_1_93' title="bbox 520 4844 2097 4917">
     <span class='ocr_line' id='line_1_93' title="bbox 520 4844 2097 4917; baseline -0.003 -14"><span class='ocrx_word' id='word_1_663' title='bbox 520 4846 775 4913; x_wconf 72' lang='lat' dir='ltr'><strong>edicitur,</strong></span> <span class='ocrx_word' id='word_1_664' title='bbox 827 4861 937 4901; x_wconf 90' lang='lat' dir='ltr'><strong>non</strong></span> <span class='ocrx_word' id='word_1_665' title='bbox 993 4855 1203 4901; x_wconf 66' lang='lat' dir='ltr'><strong>naturae</strong></span> <span class='ocrx_word' id='word_1_666' title='bbox 1250 4846 1369 4916; x_wconf 87' lang='lat' dir='ltr'><strong>lege</strong></span> <span class='ocrx_word' id='word_1_667' title='bbox 1414 4855 1583 4916; x_wconf 86' lang='lat' dir='ltr'><strong>atque</strong></span> <span class='ocrx_word' id='word_1_668' title='bbox 1635 4844 1849 4901; x_wconf 87' lang='lat' dir='ltr'><strong>ordine.</strong></span> <span class='ocrx_word' id='word_1_669' title='bbox 1918 4845 2097 4917; x_wconf 76' lang='lat' dir='ltr'><strong>Virgi-</strong></span> 
     </span>
    </p>
   </div>
   <div class='ocr_carea' id='block_1_94' title="bbox 524 4936 2098 5007">
    <p class='ocr_par' dir='ltr' id='par_1_94' title="bbox 524 4936 2098 5007">
     <span class='ocr_line' id='line_1_94' title="bbox 524 4936 2098 5007; baseline -0.003 -12"><span class='ocrx_word' id='word_1_670' title='bbox 524 4954 647 4996; x_wconf 86' lang='lat' dir='ltr'><strong>nem</strong></span> <span class='ocrx_word' id='word_1_671' title='bbox 691 4939 837 4995; x_wconf 87' lang='lat' dir='ltr'><strong>enim</strong></span> <span class='ocrx_word' id='word_1_672' title='bbox 900 4937 1020 4994; x_wconf 89' lang='lat' dir='ltr'><strong>sine</strong></span> <span class='ocrx_word' id='word_1_673' title='bbox 1076 4937 1176 4992; x_wconf 83' lang='lat' dir='ltr'><strong>viri</strong></span> <span class='ocrx_word' id='word_1_674' title='bbox 1229 4936 1524 4993; x_wconf 82' lang='lat' dir='ltr'><strong>cuneubitu</strong></span> <span class='ocrx_word' id='word_1_675' title='bbox 1583 4947 1862 5007; x_wconf 83' lang='lat' dir='ltr'><strong>parentem</strong></span> <span class='ocrx_word' id='word_1_676' title='bbox 1919 4937 2098 4992; x_wconf 90' lang='lat' dir='ltr'><strong>nescit</strong></span> 
     </span>
    </p>
   </div>
   <div class='ocr_carea' id='block_1_95' title="bbox 524 5029 2097 5098">
    <p class='ocr_par' dir='ltr' id='par_1_95' title="bbox 524 5029 2097 5098">
     <span class='ocr_line' id='line_1_95' title="bbox 524 5029 2097 5098; baseline -0.005 -9"><span class='ocrx_word' id='word_1_677' title='bbox 524 5043 742 5089; x_wconf 85' lang='lat' dir='ltr'><strong>natura.</strong></span> <span class='ocrx_word' id='word_1_678' title='bbox 796 5030 995 5087; x_wconf 86' lang='lat' dir='ltr'><strong>Verum</strong></span> <span class='ocrx_word' id='word_1_679' title='bbox 1046 5045 1172 5086; x_wconf 91' lang='lat' dir='ltr'><strong>cum</strong></span> <span class='ocrx_word' id='word_1_680' title='bbox 1205 5044 1369 5088; x_wconf 83' lang='lat' dir='ltr'><strong>verus</strong></span> <span class='ocrx_word' id='word_1_681' title='bbox 1409 5029 1553 5084; x_wconf 87' lang='lat' dir='ltr'><strong>Deus</strong></span> <span class='ocrx_word' id='word_1_682' title='bbox 1584 5038 1750 5093; x_wconf 83' lang='lat' dir='ltr'><strong>esset,</strong></span> <span class='ocrx_word' id='word_1_683' title='bbox 1797 5042 2097 5098; x_wconf 80' lang='lat' dir='ltr'><strong>corporeus</strong></span> 
     </span>
    </p>
   </div>
   <div class='ocr_carea' id='block_1_96' title="bbox 526 5120 2105 5180">
    <p class='ocr_par' dir='ltr' id='par_1_96' title="bbox 526 5120 2105 5180">
     <span class='ocr_line' id='line_1_96' title="bbox 526 5120 2105 5180; baseline -0.004 -3"><span class='ocrx_word' id='word_1_684' title='bbox 526 5124 693 5179; x_wconf 89' lang='lat' dir='ltr'><strong>homo</strong></span> <span class='ocrx_word' id='word_1_685' title='bbox 738 5122 920 5180; x_wconf 76' lang='lat' dir='ltr'><strong>factus</strong></span> <span class='ocrx_word' id='word_1_686' title='bbox 953 5131 1061 5180; x_wconf 84' lang='lat' dir='ltr'><strong>est.</strong></span> <span class='ocrx_word' id='word_1_687' title='bbox 1115 5120 1245 5178; x_wconf 88' lang='lat' dir='ltr'><strong>Haec</strong></span> <span class='ocrx_word' id='word_1_688' title='bbox 1294 5130 1477 5178; x_wconf 87' lang='lat' dir='ltr'><strong>autem</strong></span> <span class='ocrx_word' id='word_1_689' title='bbox 1515 5121 1700 5176; x_wconf 85' lang='lat' dir='ltr'><strong>omnia</strong></span> <span class='ocrx_word' id='word_1_690' title='bbox 1749 5134 1858 5175; x_wconf 84' lang='lat' dir='ltr'><strong>non</strong></span> <span class='ocrx_word' id='word_1_691' title='bbox 1907 5132 2105 5174; x_wconf 85' lang='lat' dir='ltr'><strong>secun-</strong></span> 
     </span>
    </p>
   </div>
   <div class='ocr_carea' id='block_1_97' title="bbox 527 5209 2102 5280">
    <p class='ocr_par' dir='ltr' id='par_1_97' title="bbox 527 5209 2102 5280">
     <span class='ocr_line' id='line_1_97' title="bbox 527 5209 2102 5280; baseline -0.004 -10"><span class='ocrx_word' id='word_1_692' title='bbox 527 5216 656 5270; x_wconf 92' lang='lat' dir='ltr'><strong>dum</strong></span> <span class='ocrx_word' id='word_1_693' title='bbox 713 5215 1117 5280; x_wconf 88' lang='lat' dir='ltr'><strong>mutationem,</strong></span> <span class='ocrx_word' id='word_1_694' title='bbox 1162 5212 1260 5270; x_wconf 88' lang='lat' dir='ltr'><strong>sed</strong></span> <span class='ocrx_word' id='word_1_695' title='bbox 1311 5212 1613 5269; x_wconf 87' lang='lat' dir='ltr'><strong>secundum</strong></span> <span class='ocrx_word' id='word_1_696' title='bbox 1666 5209 2102 5280; x_wconf 88' lang='lat' dir='ltr'><strong>assumptioncm</strong></span> 
     </span>
    </p>
   </div>
   <div class='ocr_carea' id='block_1_98' title="bbox 530 5302 2104 5378">
    <p class='ocr_par' dir='ltr' id='par_1_98' title="bbox 530 5302 2104 5378">
     <span class='ocr_line' id='line_1_98' title="bbox 530 5302 2104 5378; baseline -0.005 -15"><span class='ocrx_word' id='word_1_697' title='bbox 530 5307 897 5378; x_wconf 84' lang='lat' dir='ltr'><strong>contigerunt.</strong></span> <span class='ocrx_word' id='word_1_698' title='bbox 949 5305 1075 5362; x_wconf 70' lang='lat' dir='ltr'><strong>Haec</strong></span> <span class='ocrx_word' id='word_1_699' title='bbox 1124 5307 1271 5361; x_wconf 84' lang='lat' dir='ltr'><strong>enim</strong></span> <span class='ocrx_word' id='word_1_700' title='bbox 1319 5320 1427 5361; x_wconf 83' lang='lat' dir='ltr'><strong>una</strong></span> <span class='ocrx_word' id='word_1_701' title='bbox 1468 5315 1553 5361; x_wconf 87' lang='lat' dir='ltr'><strong>est</strong></span> <span class='ocrx_word' id='word_1_702' title='bbox 1606 5303 1664 5359; x_wconf 89' lang='lat' dir='ltr'><strong>in</strong></span> <span class='ocrx_word' id='word_1_703' title='bbox 1708 5303 1967 5358; x_wconf 88' lang='lat' dir='ltr'><strong>omnibus</strong></span> <span class='ocrx_word' id='word_1_704' title='bbox 2002 5302 2104 5356; x_wconf 87' lang='lat' dir='ltr'><strong>hu-</strong></span> 
     </span>
    </p>
   </div>
   <div class='ocr_carea' id='block_1_99' title="bbox 527 5394 2102 5470">
    <p class='ocr_par' dir='ltr' id='par_1_99' title="bbox 527 5394 2102 5470">
     <span class='ocr_line' id='line_1_99' title="bbox 527 5394 2102 5470; baseline -0.004 -17"><span class='ocrx_word' id='word_1_705' title='bbox 527 5400 766 5470; x_wconf 87' lang='lat' dir='ltr'><strong>jnsmodi</strong></span> <span class='ocrx_word' id='word_1_706' title='bbox 832 5397 1307 5470; x_wconf 87' lang='lat' dir='ltr'><strong>propositionibus</strong></span> <span class='ocrx_word' id='word_1_707' title='bbox 1366 5397 1592 5455; x_wconf 92' lang='lat' dir='ltr'><strong>solutio.</strong></span> <span class='ocrx_word' id='word_1_708' title='bbox 1666 5394 1806 5451; x_wconf 90' lang='lat' dir='ltr'><strong>Illud</strong></span> <span class='ocrx_word' id='word_1_709' title='bbox 1876 5400 2058 5448; x_wconf 90' lang='lat' dir='ltr'><strong>autem</strong></span> <span class='ocrx_word' id='word_1_710' title='bbox 2088 5433 2102 5458; x_wconf 93' lang='lat'><strong>,</strong></span> 
     </span>
    </p>
   </div>
   <div class='ocr_carea' id='block_1_100' title="bbox 530 5483 2103 5557">
    <p class='ocr_par' dir='ltr' id='par_1_100' title="bbox 530 5483 2103 5557">
     <span class='ocr_line' id='line_1_100' title="bbox 530 5483 2103 5557; baseline -0.006 -11"><span class='ocrx_word' id='word_1_711' title='bbox 530 5488 686 5547; x_wconf 74' lang='lat' dir='ltr'><strong>Iesus</strong></span> <span class='ocrx_word' id='word_1_712' title='bbox 725 5489 969 5548; x_wconf 75' lang='lat' dir='ltr'><strong>Christus</strong></span> <span class='ocrx_word' id='word_1_713' title='bbox 1012 5489 1127 5544; x_wconf 73' lang='lat' dir='ltr'><strong>lteri</strong></span> <span class='ocrx_word' id='word_1_714' title='bbox 1164 5498 1216 5544; x_wconf 86' lang='lat' dir='ltr'><strong>et</strong></span> <span class='ocrx_word' id='word_1_715' title='bbox 1264 5488 1442 5557; x_wconf 82' lang='lat' dir='ltr'><strong>hodie,</strong></span> <span class='ocrx_word' id='word_1_716' title='bbox 1484 5487 1624 5542; x_wconf 85' lang='lat' dir='ltr'><strong>idem</strong></span> <span class='ocrx_word' id='word_1_717' title='bbox 1665 5494 1715 5540; x_wconf 80' lang='lat' dir='ltr'><strong>et</strong></span> <span class='ocrx_word' id='word_1_718' title='bbox 1762 5485 1817 5539; x_wconf 86' lang='lat' dir='ltr'><strong>in</strong></span> <span class='ocrx_word' id='word_1_719' title='bbox 1880 5483 2103 5552; x_wconf 72' lang='lat' dir='ltr'><strong>amula,</strong></span> 
     </span>
    </p>
   </div>
   <div class='ocr_carea' id='block_1_101' title="bbox 605 5679 2074 5758">
    <p class='ocr_par' dir='ltr' id='par_1_101' title="bbox 605 5684 2074 5758">
     <span class='ocr_line' id='line_1_101' title="bbox 605 5684 2074 5758; baseline -0.007 -8"><span class='ocrx_word' id='word_1_720' title='bbox 605 5694 653 5727; x_wconf 82' lang='lat'>&quot;</span> <span class='ocrx_word' id='word_1_721' title='bbox 686 5693 847 5750; x_wconf 82' lang='lat' dir='ltr'><strong>Joan.</strong></span> <span class='ocrx_word' id='word_1_722' title='bbox 882 5710 972 5758; x_wconf 88' lang='lat' dir='ltr'><strong>xv,</strong></span> <span class='ocrx_word' id='word_1_723' title='bbox 1029 5692 1114 5749; x_wconf 84' lang='lat' dir='ltr'><strong>l5.</strong></span> <span class='ocrx_word' id='word_1_724' title='bbox 1190 5692 1236 5723; x_wconf 78' lang='lat'><strong>&quot;</strong></span> <span class='ocrx_word' id='word_1_725' title='bbox 1276 5688 1381 5744; x_wconf 88' lang='lat' dir='ltr'><strong>lsa.</strong></span> <span class='ocrx_word' id='word_1_726' title='bbox 1435 5688 1643 5758; x_wconf 48' lang='grc' dir='ltr'>νιιιελῦ.</span> <span class='ocrx_word' id='word_1_727' title='bbox 1718 5689 1763 5720; x_wconf 76' lang='grc'><strong>’⁵</strong></span> <span class='ocrx_word' id='word_1_728' title='bbox 1796 5684 1993 5758; x_wconf 63' lang='lat' dir='ltr'><strong>Matth.</strong></span> <span class='ocrx_word' id='word_1_729' title='bbox 2041 5700 2074 5740; x_wconf 94' lang='lat' dir='ltr'><strong>ll</strong></span> 
     </span>
    </p>
   </div>
   <div class='ocr_carea' id='block_1_102' title="bbox 2180 5679 3180 5758">
    <p class='ocr_par' dir='ltr' id='par_1_102' title="bbox 2180 5679 3180 5751">
     <span class='ocr_line' id='line_1_102' title="bbox 2180 5679 3180 5751; baseline -0.007 -9"><span class='ocrx_word' id='word_1_730' title='bbox 2180 5687 2204 5742; x_wconf 57' lang='grc' dir='ltr'>ι.</span> <span class='ocrx_word' id='word_1_731' title='bbox 2283 5684 2327 5718; x_wconf 84' lang='grc'><strong>¹⁶</strong></span> <span class='ocrx_word' id='word_1_732' title='bbox 2368 5684 2474 5739; x_wconf 85' lang='lat' dir='ltr'><strong>lsa.</strong></span> <span class='ocrx_word' id='word_1_733' title='bbox 2517 5700 2603 5751; x_wconf 70' lang='lat' dir='ltr'><strong>xc,</strong></span> <span class='ocrx_word' id='word_1_734' title='bbox 2630 5682 2685 5738; x_wconf 83' lang='lat'><strong>5.</strong></span> <span class='ocrx_word' id='word_1_735' title='bbox 2763 5684 2805 5716; x_wconf 80' lang='grc'>³⁷</span> <span class='ocrx_word' id='word_1_736' title='bbox 2845 5679 3003 5737; x_wconf 81' lang='lat' dir='ltr'><strong>Joan.</strong></span> <span class='ocrx_word' id='word_1_737' title='bbox 3041 5695 3081 5747; x_wconf 86' lang='grc' dir='ltr'>ι,</span> <span class='ocrx_word' id='word_1_738' title='bbox 3128 5679 3180 5735; x_wconf 76' lang='grc'><strong>1.</strong></span> 
     </span>
    </p>
   </div>
   <div class='ocr_carea' id='block_1_103' title="bbox 538 5756 2109 5827">
    <p class='ocr_par' dir='ltr' id='par_1_103' title="bbox 538 5756 2109 5827">
     <span class='ocr_line' id='line_1_103' title="bbox 538 5756 2109 5827; baseline -0.011 -1"><span class='ocrx_word' id='word_1_739' title='bbox 538 5766 584 5805; x_wconf 76' lang='grc'><strong><em>⁸³</em></strong></span> <span class='ocrx_word' id='word_1_740' title='bbox 632 5763 650 5825; x_wconf 79' lang='lat' dir='ltr'><strong>l</strong></span> <span class='ocrx_word' id='word_1_741' title='bbox 708 5766 838 5820; x_wconf 87' lang='lat' dir='ltr'><strong>Cor.</strong></span> <span class='ocrx_word' id='word_1_742' title='bbox 873 5779 910 5827; x_wconf 84' lang='grc' dir='ltr'>ι,</span> <span class='ocrx_word' id='word_1_743' title='bbox 957 5756 1048 5819; x_wconf 66' lang='grc'><strong>23.</strong></span> <span class='ocrx_word' id='word_1_744' title='bbox 1142 5764 1187 5797; x_wconf 80' lang='grc' dir='ltr'><strong>³ο</strong></span> <span class='ocrx_word' id='word_1_745' title='bbox 1223 5760 1381 5815; x_wconf 78' lang='lat' dir='ltr'><strong>Joan.</strong></span> <span class='ocrx_word' id='word_1_746' title='bbox 1421 5773 1517 5824; x_wconf 87' lang='lat' dir='ltr'><strong>xu,</strong></span> <span class='ocrx_word' id='word_1_747' title='bbox 1544 5756 1632 5811; x_wconf 74' lang='lat'><strong>52.</strong></span> <span class='ocrx_word' id='word_1_748' title='bbox 1710 5759 1769 5798; x_wconf 65' lang='grc' dir='ltr'><strong>³¹ε</strong></span> <span class='ocrx_word' id='word_1_749' title='bbox 1793 5756 2023 5823; x_wconf 83' lang='lat' dir='ltr'><strong>Philipp.</strong></span> <span class='ocrx_word' id='word_1_750' title='bbox 2052 5769 2109 5809; x_wconf 91' lang='lat' dir='ltr'><strong>tt.</strong></span> 
     </span>
    </p>
   </div>
   <div class='ocr_carea' id='block_1_104' title="bbox 2203 4566 3772 4651">
    <p class='ocr_par' dir='ltr' id='par_1_104' title="bbox 2203 4566 3772 4651">
     <span class='ocr_line' id='line_1_104' title="bbox 2203 4566 3772 4651; baseline -0.015 -11"><span class='ocrx_word' id='word_1_751' title='bbox 2203 4601 2307 4640; x_wconf 91' lang='lat' dir='ltr'><strong>una</strong></span> <span class='ocrx_word' id='word_1_752' title='bbox 2358 4584 2658 4651; x_wconf 83' lang='lat' dir='ltr'><strong>eademque</strong></span> <span class='ocrx_word' id='word_1_753' title='bbox 2700 4595 2808 4645; x_wconf 87' lang='lat' dir='ltr'><strong>res,</strong></span> <span class='ocrx_word' id='word_1_754' title='bbox 2863 4591 3058 4647; x_wconf 79' lang='lat' dir='ltr'><strong>nempe</strong></span> <span class='ocrx_word' id='word_1_755' title='bbox 3105 4571 3306 4630; x_wconf 88' lang='lat' dir='ltr'><strong>Christi</strong></span> <span class='ocrx_word' id='word_1_756' title='bbox 3336 4569 3627 4631; x_wconf 81' lang='lat' dir='ltr'><strong>Nativitas,</strong></span> <span class='ocrx_word' id='word_1_757' title='bbox 3671 4566 3772 4620; x_wconf 86' lang='lat' dir='ltr'><strong>du-</strong></span> 
     </span>
    </p>
   </div>
   <div class='ocr_carea' id='block_1_105' title="bbox 2200 4660 3776 4748">
    <p class='ocr_par' dir='ltr' id='par_1_105' title="bbox 2200 4660 3776 4748">
     <span class='ocr_line' id='line_1_105' title="bbox 2200 4660 3776 4748; baseline -0.013 -18"><span class='ocrx_word' id='word_1_758' title='bbox 2200 4678 2322 4748; x_wconf 83' lang='lat' dir='ltr'><strong>plici</strong></span> <span class='ocrx_word' id='word_1_759' title='bbox 2372 4676 2591 4730; x_wconf 88' lang='lat' dir='ltr'><strong>nomine</strong></span> <span class='ocrx_word' id='word_1_760' title='bbox 2640 4671 2962 4744; x_wconf 88' lang='lat' dir='ltr'><strong>appellatur.</strong></span> <span class='ocrx_word' id='word_1_761' title='bbox 3023 4665 3158 4723; x_wconf 85' lang='lat' dir='ltr'><strong>Nam</strong></span> <span class='ocrx_word' id='word_1_762' title='bbox 3219 4664 3349 4736; x_wconf 89' lang='lat' dir='ltr'><strong>quia</strong></span> <span class='ocrx_word' id='word_1_763' title='bbox 3398 4663 3443 4717; x_wconf 89' lang='lat' dir='ltr'><strong>is</strong></span> <span class='ocrx_word' id='word_1_764' title='bbox 3468 4660 3564 4731; x_wconf 91' lang='lat' dir='ltr'><strong>qui</strong></span> <span class='ocrx_word' id='word_1_765' title='bbox 3619 4666 3776 4748; x_wconf 77' lang='lat' dir='ltr'><strong>natus</strong></span> 
     </span>
    </p>
   </div>
   <div class='ocr_carea' id='block_1_106' title="bbox 2202 4746 3774 4839">
    <p class='ocr_par' dir='ltr' id='par_1_106' title="bbox 2202 4746 3774 4839">
     <span class='ocr_line' id='line_1_106' title="bbox 2202 4746 3774 4839; baseline -0.015 -15"><span class='ocrx_word' id='word_1_766' title='bbox 2202 4746 2306 4834; x_wconf 79' lang='lat' dir='ltr'><strong>est,</strong></span> <span class='ocrx_word' id='word_1_767' title='bbox 2343 4767 2547 4839; x_wconf 89' lang='lat' dir='ltr'><strong>duplici</strong></span> <span class='ocrx_word' id='word_1_768' title='bbox 2597 4775 2790 4822; x_wconf 89' lang='lat' dir='ltr'><strong>natura</strong></span> <span class='ocrx_word' id='word_1_769' title='bbox 2844 4770 3087 4825; x_wconf 85' lang='lat' dir='ltr'><strong>constat,</strong></span> <span class='ocrx_word' id='word_1_770' title='bbox 3144 4758 3342 4828; x_wconf 86' lang='lat' dir='ltr'><strong>duplex</strong></span> <span class='ocrx_word' id='word_1_771' title='bbox 3388 4766 3609 4825; x_wconf 85' lang='lat' dir='ltr'><strong>quoque</strong></span> <span class='ocrx_word' id='word_1_772' title='bbox 3657 4746 3774 4803; x_wconf 78' lang='lat' dir='ltr'><strong>festi</strong></span> 
     </span>
    </p>
   </div>
   <div class='ocr_carea' id='block_1_107' title="bbox 2205 4840 3774 4931">
    <p class='ocr_par' dir='ltr' id='par_1_107' title="bbox 2205 4840 3774 4931">
     <span class='ocr_line' id='line_1_107' title="bbox 2205 4840 3774 4931; baseline -0.016 -14"><span class='ocrx_word' id='word_1_773' title='bbox 2205 4860 2373 4931; x_wconf 89' lang='lat' dir='ltr'><strong>hujus</strong></span> <span class='ocrx_word' id='word_1_774' title='bbox 2406 4874 2600 4915; x_wconf 83' lang='lat' dir='ltr'><strong>nomen</strong></span> <span class='ocrx_word' id='word_1_775' title='bbox 2635 4866 2739 4924; x_wconf 87' lang='lat' dir='ltr'><strong>est,</strong></span> <span class='ocrx_word' id='word_1_776' title='bbox 2776 4852 3133 4925; x_wconf 80' lang='lat' dir='ltr'><strong>Theophanis</strong></span> <span class='ocrx_word' id='word_1_777' title='bbox 3165 4850 3426 4906; x_wconf 89' lang='lat' dir='ltr'><strong>nimirum</strong></span> <span class='ocrx_word' id='word_1_778' title='bbox 3454 4840 3774 4903; x_wconf 76' lang='lat' dir='ltr'><strong>divinitatis,</strong></span> 
     </span>
    </p>
   </div>
   <div class='ocr_carea' id='block_1_108' title="bbox 2203 4937 3774 5014">
    <p class='ocr_par' dir='ltr' id='par_1_108' title="bbox 2203 4937 3774 5014">
     <span class='ocr_line' id='line_1_108' title="bbox 2203 4937 3774 5014; baseline -0.015 -6"><span class='ocrx_word' id='word_1_779' title='bbox 2203 4952 2471 5008; x_wconf 82' lang='lat' dir='ltr'><strong>Nativitas</strong></span> <span class='ocrx_word' id='word_1_780' title='bbox 2506 4948 2885 5006; x_wconf 88' lang='lat' dir='ltr'><strong>humanitatis.</strong></span> <span class='ocrx_word' id='word_1_781' title='bbox 2936 4946 3220 5014; x_wconf 86' lang='lat' dir='ltr'><strong>Quatenus</strong></span> <span class='ocrx_word' id='word_1_782' title='bbox 3251 4942 3398 4997; x_wconf 91' lang='lat' dir='ltr'><strong>enim</strong></span> <span class='ocrx_word' id='word_1_783' title='bbox 3436 4937 3584 4992; x_wconf 80' lang='lat' dir='ltr'><strong>Deus</strong></span> <span class='ocrx_word' id='word_1_784' title='bbox 3615 4946 3774 5003; x_wconf 83' lang='lat' dir='ltr'><strong>appa-</strong></span> 
     </span>
    </p>
   </div>
   <div class='ocr_carea' id='block_1_109' title="bbox 2208 5032 3772 5114">
    <p class='ocr_par' dir='ltr' id='par_1_109' title="bbox 2208 5032 3772 5114">
     <span class='ocr_line' id='line_1_109' title="bbox 2208 5032 3772 5114; baseline -0.013 -15"><span class='ocrx_word' id='word_1_785' title='bbox 2208 5046 2342 5109; x_wconf 91' lang='lat' dir='ltr'><strong>ruit,</strong></span> <span class='ocrx_word' id='word_1_786' title='bbox 2400 5042 2754 5114; x_wconf 86' lang='lat' dir='ltr'><strong>Theophania</strong></span> <span class='ocrx_word' id='word_1_787' title='bbox 2813 5040 2943 5095; x_wconf 91' lang='lat' dir='ltr'><strong>huic</strong></span> <span class='ocrx_word' id='word_1_788' title='bbox 2997 5038 3072 5092; x_wconf 90' lang='lat' dir='ltr'><strong>rei</strong></span> <span class='ocrx_word' id='word_1_789' title='bbox 3123 5050 3325 5091; x_wconf 89' lang='lat' dir='ltr'><strong>nomen</strong></span> <span class='ocrx_word' id='word_1_790' title='bbox 3372 5032 3601 5087; x_wconf 89' lang='lat' dir='ltr'><strong>inditum</strong></span> <span class='ocrx_word' id='word_1_791' title='bbox 3656 5033 3772 5088; x_wconf 87' lang='lat' dir='ltr'><strong>est;</strong></span> 
     </span>
    </p>
   </div>
   <div class='ocr_carea' id='block_1_110' title="bbox 2210 5122 3833 5207">
    <p class='ocr_par' dir='ltr' id='par_1_110' title="bbox 2210 5122 3833 5207">
     <span class='ocr_line' id='line_1_110' title="bbox 2210 5122 3833 5207; baseline -0.015 -14"><span class='ocrx_word' id='word_1_792' title='bbox 2210 5145 2484 5207; x_wconf 88' lang='lat' dir='ltr'><strong>quatenus</strong></span> <span class='ocrx_word' id='word_1_793' title='bbox 2536 5144 2717 5189; x_wconf 90' lang='lat' dir='ltr'><strong>autem</strong></span> <span class='ocrx_word' id='word_1_794' title='bbox 2772 5141 2937 5187; x_wconf 89' lang='lat' dir='ltr'><strong>natus</strong></span> <span class='ocrx_word' id='word_1_795' title='bbox 2990 5137 3094 5197; x_wconf 88' lang='lat' dir='ltr'><strong>est,</strong></span> <span class='ocrx_word' id='word_1_796' title='bbox 3148 5125 3433 5182; x_wconf 84' lang='lat' dir='ltr'><strong>Nativitas.</strong></span> <span class='ocrx_word' id='word_1_797' title='bbox 3500 5122 3679 5189; x_wconf 74' lang='lat' dir='ltr'><strong>Atque</strong></span> <span class='ocrx_word' id='word_1_798' title='bbox 3723 5124 3778 5168; x_wconf 90' lang='lat' dir='ltr'><strong>ut</strong></span> <span class='ocrx_word' id='word_1_799' title='bbox 3815 5122 3833 5139; x_wconf 85' lang='lat'><strong><em>&#39;</em></strong></span> 
     </span>
    </p>
   </div>
   <div class='ocr_carea' id='block_1_111' title="bbox 2216 5212 3778 5298">
    <p class='ocr_par' dir='ltr' id='par_1_111' title="bbox 2216 5212 3778 5298">
     <span class='ocr_line' id='line_1_111' title="bbox 2216 5212 3778 5298; baseline -0.015 -14"><span class='ocrx_word' id='word_1_800' title='bbox 2216 5232 2356 5284; x_wconf 91' lang='lat' dir='ltr'><strong>Deus</strong></span> <span class='ocrx_word' id='word_1_801' title='bbox 2386 5228 2606 5298; x_wconf 87' lang='lat' dir='ltr'><strong>quidem</strong></span> <span class='ocrx_word' id='word_1_802' title='bbox 2640 5241 2857 5296; x_wconf 85' lang='lat' dir='ltr'><strong>semper</strong></span> <span class='ocrx_word' id='word_1_803' title='bbox 2890 5232 3009 5279; x_wconf 89' lang='lat' dir='ltr'><strong>erat</strong></span> <span class='ocrx_word' id='word_1_804' title='bbox 3035 5237 3102 5276; x_wconf 84' lang='lat' dir='ltr'><strong>ex</strong></span> <span class='ocrx_word' id='word_1_805' title='bbox 3137 5219 3471 5287; x_wconf 88' lang='lat' dir='ltr'><strong>sempiterno</strong></span> <span class='ocrx_word' id='word_1_806' title='bbox 3498 5212 3680 5276; x_wconf 79' lang='lat' dir='ltr'><strong>I‘atre,</strong></span> <span class='ocrx_word' id='word_1_807' title='bbox 3717 5221 3778 5263; x_wconf 84' lang='lat' dir='ltr'><strong>ac</strong></span> 
     </span>
    </p>
   </div>
   <div class='ocr_carea' id='block_1_112' title="bbox 2212 5301 3777 5389">
    <p class='ocr_par' dir='ltr' id='par_1_112' title="bbox 2212 5301 3777 5389">
     <span class='ocr_line' id='line_1_112' title="bbox 2212 5301 3777 5389; baseline -0.013 -15"><span class='ocrx_word' id='word_1_808' title='bbox 2212 5335 2375 5389; x_wconf 89' lang='lat' dir='ltr'><strong>supra</strong></span> <span class='ocrx_word' id='word_1_809' title='bbox 2408 5332 2628 5373; x_wconf 88' lang='lat' dir='ltr'><strong>causam</strong></span> <span class='ocrx_word' id='word_1_810' title='bbox 2678 5324 2733 5373; x_wconf 89' lang='lat' dir='ltr'><strong>et</strong></span> <span class='ocrx_word' id='word_1_811' title='bbox 2772 5316 3037 5371; x_wconf 85' lang='lat' dir='ltr'><strong>rationem</strong></span> <span class='ocrx_word' id='word_1_812' title='bbox 3083 5319 3204 5367; x_wconf 87' lang='lat' dir='ltr'><strong>erat</strong></span> <span class='ocrx_word' id='word_1_813' title='bbox 3252 5310 3453 5379; x_wconf 87' lang='lat' dir='ltr'><strong>(neque</strong></span> <span class='ocrx_word' id='word_1_814' title='bbox 3496 5305 3643 5360; x_wconf 84' lang='lat' dir='ltr'><strong>enim</strong></span> <span class='ocrx_word' id='word_1_815' title='bbox 3679 5301 3777 5356; x_wconf 82' lang='lat' dir='ltr'><strong>ulla</strong></span> 
     </span>
    </p>
   </div>
   <div class='ocr_carea' id='block_1_113' title="bbox 2214 5400 3780 5479">
    <p class='ocr_par' dir='ltr' id='par_1_113' title="bbox 2214 5400 3780 5479">
     <span class='ocr_line' id='line_1_113' title="bbox 2214 5400 3780 5479; baseline -0.011 -16"><span class='ocrx_word' id='word_1_816' title='bbox 2214 5425 2379 5464; x_wconf 88' lang='lat' dir='ltr'><strong>causa</strong></span> <span class='ocrx_word' id='word_1_817' title='bbox 2414 5410 2711 5479; x_wconf 72' lang='lat' dir='ltr'><strong>praeessit,</strong></span> <span class='ocrx_word' id='word_1_818' title='bbox 2755 5407 2826 5462; x_wconf 85' lang='lat' dir='ltr'><strong>ob</strong></span> <span class='ocrx_word' id='word_1_819' title='bbox 2853 5421 3019 5477; x_wconf 90' lang='lat' dir='ltr'><strong>quam</strong></span> <span class='ocrx_word' id='word_1_820' title='bbox 3050 5402 3221 5459; x_wconf 88' lang='lat' dir='ltr'><strong>Filius</strong></span> <span class='ocrx_word' id='word_1_821' title='bbox 3247 5417 3279 5455; x_wconf 88' lang='lat' dir='ltr'><strong>a</strong></span> <span class='ocrx_word' id='word_1_822' title='bbox 3304 5400 3465 5455; x_wconf 89' lang='lat' dir='ltr'><strong>Patre</strong></span> <span class='ocrx_word' id='word_1_823' title='bbox 3495 5404 3780 5467; x_wconf 82' lang='lat' dir='ltr'><strong>generatus</strong></span> 
     </span>
    </p>
   </div>
   <div class='ocr_carea' id='block_1_114' title="bbox 2211 5482 3776 5573">
    <p class='ocr_par' dir='ltr' id='par_1_114' title="bbox 2211 5482 3776 5573">
     <span class='ocr_line' id='line_1_114' title="bbox 2211 5482 3776 5573; baseline -0.013 -16"><span class='ocrx_word' id='word_1_824' title='bbox 2211 5503 2413 5570; x_wconf 83' lang='lat' dir='ltr'><strong>fuerit;</strong></span> <span class='ocrx_word' id='word_1_825' title='bbox 2464 5518 2640 5573; x_wconf 84' lang='lat' dir='ltr'><strong>neque</strong></span> <span class='ocrx_word' id='word_1_826' title='bbox 2689 5502 2834 5557; x_wconf 90' lang='lat' dir='ltr'><strong>enim</strong></span> <span class='ocrx_word' id='word_1_827' title='bbox 2888 5515 2954 5555; x_wconf 89' lang='lat' dir='ltr'><strong>eo</strong></span> <span class='ocrx_word' id='word_1_828' title='bbox 2996 5495 3293 5568; x_wconf 87' lang='lat' dir='ltr'><strong>quidquam</strong></span> <span class='ocrx_word' id='word_1_829' title='bbox 3349 5500 3435 5547; x_wconf 88' lang='lat' dir='ltr'><strong>est</strong></span> <span class='ocrx_word' id='word_1_830' title='bbox 3482 5482 3776 5557; x_wconf 82' lang='lat' dir='ltr'><strong>antiquius)</strong></span> 
     </span>
    </p>
   </div>
   <div class='ocr_carea' id='block_1_115' title="bbox 3285 5664 3776 5736">
    <p class='ocr_par' dir='ltr' id='par_1_115' title="bbox 3285 5664 3776 5736">
     <span class='ocr_line' id='line_1_115' title="bbox 3285 5664 3776 5736; baseline -0.016 -6"><span class='ocrx_word' id='word_1_831' title='bbox 3285 5676 3332 5708; x_wconf 77' lang='lat'><strong>&quot;</strong></span> <span class='ocrx_word' id='word_1_832' title='bbox 3376 5672 3541 5730; x_wconf 77' lang='lat' dir='ltr'><strong>llebr.</strong></span> <span class='ocrx_word' id='word_1_833' title='bbox 3580 5686 3700 5736; x_wconf 83' lang='lat' dir='ltr'><strong>xm,</strong></span> <span class='ocrx_word' id='word_1_834' title='bbox 3728 5664 3776 5719; x_wconf 89' lang='lat'><strong>8.</strong></span> 
     </span>
    </p>
   </div>
  </div>
