  <div class='ocr_page' id='page_1' title='image "/cluster/home/n/w/nwhite01/storage/ocr_20150623/127/hvd.32044073502411/599.png"; bbox 0 0 4032 6198; ppageno 0'>
   <div class='ocr_carea' id='block_1_1' title="bbox 545 151 677 217">
    <p class='ocr_par' dir='ltr' id='par_1_1' title="bbox 545 151 677 217">
     <span class='ocr_line' id='line_1_1' title="bbox 545 151 677 217; baseline -0.015 0"><span class='ocrx_word' id='word_1_1' title='bbox 545 151 677 217; x_wconf 70' lang='lat'><strong>“87</strong></span> 
     </span>
    </p>
   </div>
   <div class='ocr_carea' id='block_1_2' title="bbox 1943 141 2120 207">
    <p class='ocr_par' dir='ltr' id='par_1_2' title="bbox 1943 141 2120 204">
     <span class='ocr_line' id='line_1_2' title="bbox 1943 141 2120 204; baseline -0.006 -1"><span class='ocrx_word' id='word_1_2' title='bbox 1943 141 2120 204; x_wconf 76' lang='lat' dir='ltr'><strong>ADDI</strong></span> 
     </span>
    </p>
   </div>
   <div class='ocr_carea' id='block_1_3' title="bbox 2226 141 3765 207">
    <p class='ocr_par' dir='ltr' id='par_1_3' title="bbox 2226 141 3765 207">
     <span class='ocr_line' id='line_1_3' title="bbox 2226 141 3765 207; baseline 0.003 -6"><span class='ocrx_word' id='word_1_3' title='bbox 2226 143 2324 201; x_wconf 82' lang='lat' dir='ltr'><strong>)A.</strong></span> <span class='ocrx_word' id='word_1_4' title='bbox 3661 141 3765 207; x_wconf 56' lang='lat'><strong>113%</strong></span> 
     </span>
    </p>
   </div>
   <div class='ocr_carea' id='block_1_4' title="bbox 540 255 3764 335">
    <p class='ocr_par' dir='ltr' id='par_1_4' title="bbox 540 255 3764 335">
     <span class='ocr_line' id='line_1_4' title="bbox 540 255 3764 335; baseline -0.002 -15"><span class='ocrx_word' id='word_1_5' title='bbox 540 264 826 335; x_wconf 87' lang='lat' dir='ltr'><strong>nec,quod</strong></span> <span class='ocrx_word' id='word_1_6' title='bbox 863 266 1037 335; x_wconf 72' lang='lat' dir='ltr'><strong>magis</strong></span> <span class='ocrx_word' id='word_1_7' title='bbox 1068 264 1326 335; x_wconf 87' lang='lat' dir='ltr'><strong>populare</strong></span> <span class='ocrx_word' id='word_1_8' title='bbox 1341 262 1616 325; x_wconf 82' lang='lat' dir='ltr'><strong>est,vieos</strong></span> <span class='ocrx_word' id='word_1_9' title='bbox 1649 261 1865 315; x_wconf 80' lang='lat' dir='ltr'><strong>urbium</strong></span> <span class='ocrx_word' id='word_1_10' title='bbox 1889 274 2124 315; x_wconf 63' lang='lat' dir='ltr'><strong>exorne«</strong></span> <span class='ocrx_word' id='word_1_11' title='bbox 2151 256 2205 314; x_wconf 75' lang='grc' dir='ltr'>Α</span> <span class='ocrx_word' id='word_1_12' title='bbox 2230 267 2461 329; x_wconf 84' lang='lat' dir='ltr'><strong>spectat,</strong></span> <span class='ocrx_word' id='word_1_13' title='bbox 2510 271 2575 313; x_wconf 90' lang='lat' dir='ltr'><strong>ac</strong></span> <span class='ocrx_word' id='word_1_14' title='bbox 2626 256 2834 313; x_wconf 82' lang='lat' dir='ltr'><strong>libidini</strong></span> <span class='ocrx_word' id='word_1_15' title='bbox 2888 256 3148 326; x_wconf 77' lang='lat' dir='ltr'><strong>indulget,</strong></span> <span class='ocrx_word' id='word_1_16' title='bbox 3189 256 3443 324; x_wconf 86' lang='lat' dir='ltr'><strong>vitioque</strong></span> <span class='ocrx_word' id='word_1_17' title='bbox 3476 255 3686 312; x_wconf 84' lang='lat' dir='ltr'><strong>obrutus</strong></span> <span class='ocrx_word' id='word_1_18' title='bbox 3716 264 3764 313; x_wconf 80' lang='lat' dir='ltr'><strong>ad</strong></span> 
     </span>
    </p>
   </div>
   <div class='ocr_carea' id='block_1_5' title="bbox 540 353 2117 425">
    <p class='ocr_par' dir='ltr' id='par_1_5' title="bbox 540 353 2117 425">
     <span class='ocr_line' id='line_1_5' title="bbox 540 353 2117 425; baseline -0.004 -12"><span class='ocrx_word' id='word_1_19' title='bbox 540 374 687 423; x_wconf 90' lang='lat' dir='ltr'><strong>mus,</strong></span> <span class='ocrx_word' id='word_1_20' title='bbox 707 353 959 414; x_wconf 86' lang='lat' dir='ltr'><strong>diversas</strong></span> <span class='ocrx_word' id='word_1_21' title='bbox 977 358 1190 412; x_wconf 73' lang='lat' dir='ltr'><strong>eximite</strong></span> <span class='ocrx_word' id='word_1_22' title='bbox 1207 356 1558 425; x_wconf 83' lang='lat' dir='ltr'><strong>supellectilis</strong></span> <span class='ocrx_word' id='word_1_23' title='bbox 1577 356 1788 425; x_wconf 90' lang='lat' dir='ltr'><strong>species</strong></span> <span class='ocrx_word' id='word_1_24' title='bbox 1811 355 1879 408; x_wconf 87' lang='lat' dir='ltr'><strong>ad</strong></span> <span class='ocrx_word' id='word_1_25' title='bbox 1903 369 2117 419; x_wconf 86' lang='lat' dir='ltr'><strong>eorum,</strong></span> 
     </span>
    </p>
   </div>
   <div class='ocr_carea' id='block_1_6' title="bbox 540 446 2120 518">
    <p class='ocr_par' dir='ltr' id='par_1_6' title="bbox 540 446 2120 518">
     <span class='ocr_line' id='line_1_6' title="bbox 540 446 2120 518; baseline -0.002 -15"><span class='ocrx_word' id='word_1_26' title='bbox 540 449 634 517; x_wconf 87' lang='lat' dir='ltr'><strong>qui</strong></span> <span class='ocrx_word' id='word_1_27' title='bbox 666 447 733 502; x_wconf 90' lang='lat' dir='ltr'><strong>ad</strong></span> <span class='ocrx_word' id='word_1_28' title='bbox 768 447 969 503; x_wconf 83' lang='lat' dir='ltr'><strong>festum</strong></span> <span class='ocrx_word' id='word_1_29' title='bbox 1001 446 1306 511; x_wconf 88' lang='lat' dir='ltr'><strong>conﬂuunt,</strong></span> <span class='ocrx_word' id='word_1_30' title='bbox 1357 448 1778 504; x_wconf 84' lang='lat' dir='ltr'><strong>oblectationem</strong></span> <span class='ocrx_word' id='word_1_31' title='bbox 1812 447 2120 518; x_wconf 83' lang='lat' dir='ltr'><strong>appenden-</strong></span> 
     </span>
    </p>
   </div>
   <div class='ocr_carea' id='block_1_7' title="bbox 540 536 2117 610">
    <p class='ocr_par' dir='ltr' id='par_1_7' title="bbox 540 536 2117 610">
     <span class='ocr_line' id='line_1_7' title="bbox 540 536 2117 610; baseline 0.001 -20"><span class='ocrx_word' id='word_1_32' title='bbox 540 548 645 601; x_wconf 85' lang='lat' dir='ltr'><strong>tes,</strong></span> <span class='ocrx_word' id='word_1_33' title='bbox 680 553 801 603; x_wconf 82' lang='lat' dir='ltr'><strong>nec,</strong></span> <span class='ocrx_word' id='word_1_34' title='bbox 839 536 986 606; x_wconf 90' lang='lat' dir='ltr'><strong>quod</strong></span> <span class='ocrx_word' id='word_1_35' title='bbox 1014 537 1216 593; x_wconf 59' lang='lat' dir='ltr'><strong>fmilius</strong></span> <span class='ocrx_word' id='word_1_36' title='bbox 1249 547 1352 600; x_wconf 88' lang='lat' dir='ltr'><strong>est,</strong></span> <span class='ocrx_word' id='word_1_37' title='bbox 1380 539 1633 594; x_wconf 86' lang='lat' dir='ltr'><strong>absurdis</strong></span> <span class='ocrx_word' id='word_1_38' title='bbox 1663 540 2117 610; x_wconf 58' lang='lat' dir='ltr'><strong>praestigiatorum</strong></span> 
     </span>
    </p>
   </div>
   <div class='ocr_carea' id='block_1_8' title="bbox 541 626 2120 699">
    <p class='ocr_par' dir='ltr' id='par_1_8' title="bbox 541 626 2120 699">
     <span class='ocr_line' id='line_1_8' title="bbox 541 626 2120 699; baseline 0.005 -21"><span class='ocrx_word' id='word_1_39' title='bbox 541 626 1052 691; x_wconf 67' lang='lat' dir='ltr'><strong>gesticulationibus</strong></span> <span class='ocrx_word' id='word_1_40' title='bbox 1108 636 1204 681; x_wconf 90' lang='lat' dir='ltr'><strong>aut</strong></span> <span class='ocrx_word' id='word_1_41' title='bbox 1238 643 1529 697; x_wconf 86' lang='lat' dir='ltr'><strong>corporum</strong></span> <span class='ocrx_word' id='word_1_42' title='bbox 1581 630 1895 699; x_wconf 88' lang='lat' dir='ltr'><strong>aspectibus</strong></span> <span class='ocrx_word' id='word_1_43' title='bbox 1960 630 2120 686; x_wconf 83' lang='lat' dir='ltr'><strong>volu-</strong></span> 
     </span>
    </p>
   </div>
   <div class='ocr_carea' id='block_1_9' title="bbox 538 718 2123 791">
    <p class='ocr_par' dir='ltr' id='par_1_9' title="bbox 538 718 2123 791">
     <span class='ocr_line' id='line_1_9' title="bbox 538 718 2123 791; baseline 0.005 -21"><span class='ocrx_word' id='word_1_44' title='bbox 538 720 701 785; x_wconf 77' lang='lat' dir='ltr'><strong>ptatis</strong></span> <span class='ocrx_word' id='word_1_45' title='bbox 731 718 980 773; x_wconf 88' lang='lat' dir='ltr'><strong>aculeum</strong></span> <span class='ocrx_word' id='word_1_46' title='bbox 1004 719 1382 776; x_wconf 88' lang='lat' dir='ltr'><strong>emittentibus</strong></span> <span class='ocrx_word' id='word_1_47' title='bbox 1408 721 1596 778; x_wconf 88' lang='lat' dir='ltr'><strong>oculos</strong></span> <span class='ocrx_word' id='word_1_48' title='bbox 1630 736 1939 791; x_wconf 88' lang='lat' dir='ltr'><strong>pascamus.</strong></span> <span class='ocrx_word' id='word_1_49' title='bbox 1974 724 2123 790; x_wconf 85' lang='lat' dir='ltr'><strong>Epu-</strong></span> 
     </span>
    </p>
   </div>
   <div class='ocr_carea' id='block_1_10' title="bbox 540 809 2123 881">
    <p class='ocr_par' dir='ltr' id='par_1_10' title="bbox 540 809 2123 881">
     <span class='ocr_line' id='line_1_10' title="bbox 540 809 2123 881; baseline 0.008 -22"><span class='ocrx_word' id='word_1_50' title='bbox 540 810 649 861; x_wconf 87' lang='lat' dir='ltr'><strong>lum</strong></span> <span class='ocrx_word' id='word_1_51' title='bbox 711 809 859 864; x_wconf 90' lang='lat' dir='ltr'><strong>enim</strong></span> <span class='ocrx_word' id='word_1_52' title='bbox 917 826 982 865; x_wconf 87' lang='lat' dir='ltr'><strong>ac</strong></span> <span class='ocrx_word' id='word_1_53' title='bbox 1026 811 1276 881; x_wconf 73' lang='lat' dir='ltr'><strong>voluptas</strong></span> <span class='ocrx_word' id='word_1_54' title='bbox 1326 812 1607 869; x_wconf 87' lang='lat' dir='ltr'><strong>oculorum</strong></span> <span class='ocrx_word' id='word_1_55' title='bbox 1652 822 1735 871; x_wconf 90' lang='lat' dir='ltr'><strong>est</strong></span> <span class='ocrx_word' id='word_1_56' title='bbox 1795 830 1859 870; x_wconf 87' lang='lat' dir='ltr'><strong>ea</strong></span> <span class='ocrx_word' id='word_1_57' title='bbox 1905 816 2123 872; x_wconf 87' lang='lat' dir='ltr'><strong>curiose</strong></span> 
     </span>
    </p>
   </div>
   <div class='ocr_carea' id='block_1_11' title="bbox 540 900 2122 970">
    <p class='ocr_par' dir='ltr' id='par_1_11' title="bbox 540 900 2122 970">
     <span class='ocr_line' id='line_1_11' title="bbox 540 900 2122 970; baseline 0.006 -16"><span class='ocrx_word' id='word_1_58' title='bbox 540 900 900 970; x_wconf 68' lang='lat' dir='ltr'><strong>intueri,qua°.</strong></span> <span class='ocrx_word' id='word_1_59' title='bbox 931 903 1153 958; x_wconf 88' lang='lat' dir='ltr'><strong>minime</strong></span> <span class='ocrx_word' id='word_1_60' title='bbox 1184 906 1460 960; x_wconf 83' lang='lat' dir='ltr'><strong>convenit.</strong></span> <span class='ocrx_word' id='word_1_61' title='bbox 1483 905 1656 963; x_wconf 87' lang='lat' dir='ltr'><strong>Orsus</strong></span> <span class='ocrx_word' id='word_1_62' title='bbox 1683 918 1867 962; x_wconf 83' lang='lat' dir='ltr'><strong>autem</strong></span> <span class='ocrx_word' id='word_1_63' title='bbox 1888 907 2122 964; x_wconf 85' lang='lat' dir='ltr'><strong>Theolo-</strong></span> 
     </span>
    </p>
   </div>
   <div class='ocr_carea' id='block_1_12' title="bbox 538 1006 2120 1068">
    <p class='ocr_par' dir='ltr' id='par_1_12' title="bbox 538 1006 2120 1068">
     <span class='ocr_line' id='line_1_12' title="bbox 538 1006 2120 1068; baseline 0.006 -21"><span class='ocrx_word' id='word_1_64' title='bbox 538 1009 641 1064; x_wconf 69' lang='lat' dir='ltr'><strong>sus</strong></span> <span class='ocrx_word' id='word_1_65' title='bbox 684 1009 879 1050; x_wconf 85' lang='lat' dir='ltr'><strong>sensus</strong></span> <span class='ocrx_word' id='word_1_66' title='bbox 920 1006 1138 1054; x_wconf 72' lang='grc' dir='ltr'>ιιοειηιε</span> <span class='ocrx_word' id='word_1_67' title='bbox 1168 1013 1522 1067; x_wconf 70' lang='lat' dir='ltr'><strong>componere,</strong></span> <span class='ocrx_word' id='word_1_68' title='bbox 1573 1015 1767 1056; x_wconf 88' lang='lat' dir='ltr'><strong>omnes</strong></span> <span class='ocrx_word' id='word_1_69' title='bbox 1815 1011 2120 1068; x_wconf 86' lang='lat' dir='ltr'><strong>enumerat,</strong></span> 
     </span>
    </p>
   </div>
   <div class='ocr_carea' id='block_1_13' title="bbox 539 1086 2121 1162">
    <p class='ocr_par' dir='ltr' id='par_1_13' title="bbox 539 1086 2121 1162">
     <span class='ocr_line' id='line_1_13' title="bbox 539 1086 2121 1162; baseline 0.006 -25"><span class='ocrx_word' id='word_1_70' title='bbox 539 1100 604 1139; x_wconf 82' lang='lat' dir='ltr'><strong>ac</strong></span> <span class='ocrx_word' id='word_1_71' title='bbox 651 1086 828 1154; x_wconf 92' lang='lat' dir='ltr'><strong>primo</strong></span> <span class='ocrx_word' id='word_1_72' title='bbox 876 1088 1097 1157; x_wconf 89' lang='lat' dir='ltr'><strong>quidem</strong></span> <span class='ocrx_word' id='word_1_73' title='bbox 1153 1089 1357 1155; x_wconf 87' lang='lat' dir='ltr'><strong>visum,</strong></span> <span class='ocrx_word' id='word_1_74' title='bbox 1412 1093 1507 1162; x_wconf 87' lang='lat' dir='ltr'><strong>qui</strong></span> <span class='ocrx_word' id='word_1_75' title='bbox 1560 1108 1823 1147; x_wconf 88' lang='lat' dir='ltr'><strong>sensuum</strong></span> <span class='ocrx_word' id='word_1_76' title='bbox 1876 1094 2121 1149; x_wconf 88' lang='lat' dir='ltr'><strong>omnium</strong></span> 
     </span>
    </p>
   </div>
   <div class='ocr_carea' id='block_1_14' title="bbox 538 1176 2122 1254">
    <p class='ocr_par' dir='ltr' id='par_1_14' title="bbox 538 1176 2122 1254">
     <span class='ocr_line' id='line_1_14' title="bbox 538 1176 2122 1254; baseline 0.009 -26"><span class='ocrx_word' id='word_1_77' title='bbox 538 1176 794 1244; x_wconf 85' lang='lat' dir='ltr'><strong>princeps</strong></span> <span class='ocrx_word' id='word_1_78' title='bbox 840 1189 923 1233; x_wconf 81' lang='lat' dir='ltr'><strong>est</strong></span> <span class='ocrx_word' id='word_1_79' title='bbox 955 1197 968 1232; x_wconf 90' lang='lat'>:</span> <span class='ocrx_word' id='word_1_80' title='bbox 998 1189 1122 1249; x_wconf 77' lang='lat' dir='ltr'><strong>post</strong></span> <span class='ocrx_word' id='word_1_81' title='bbox 1166 1183 1438 1246; x_wconf 87' lang='lat' dir='ltr'><strong>auditum,</strong></span> <span class='ocrx_word' id='word_1_82' title='bbox 1482 1184 1682 1254; x_wconf 84' lang='lat' dir='ltr'><strong>jubens</strong></span> <span class='ocrx_word' id='word_1_83' title='bbox 1725 1196 1782 1239; x_wconf 93' lang='lat' dir='ltr'><strong>ut</strong></span> <span class='ocrx_word' id='word_1_84' title='bbox 1808 1202 2122 1252; x_wconf 84' lang='lat' dir='ltr'><strong>caveamus,</strong></span> 
     </span>
    </p>
   </div>
   <div class='ocr_carea' id='block_1_15' title="bbox 539 1272 2120 1338">
    <p class='ocr_par' dir='ltr' id='par_1_15' title="bbox 539 1272 2120 1338">
     <span class='ocr_line' id='line_1_15' title="bbox 539 1272 2120 1338; baseline 0.008 -18"><span class='ocrx_word' id='word_1_85' title='bbox 539 1283 607 1321; x_wconf 88' lang='lat' dir='ltr'><strong>ne</strong></span> <span class='ocrx_word' id='word_1_86' title='bbox 644 1284 740 1338; x_wconf 84' lang='lat' dir='ltr'><strong>per</strong></span> <span class='ocrx_word' id='word_1_87' title='bbox 768 1284 930 1325; x_wconf 84' lang='lat' dir='ltr'><strong>aures</strong></span> <span class='ocrx_word' id='word_1_88' title='bbox 957 1272 1208 1327; x_wconf 73' lang='lat' dir='ltr'><strong>obscenae</strong></span> <span class='ocrx_word' id='word_1_89' title='bbox 1236 1274 1518 1331; x_wconf 86' lang='lat' dir='ltr'><strong>cautiones</strong></span> <span class='ocrx_word' id='word_1_90' title='bbox 1546 1276 1599 1330; x_wconf 92' lang='lat' dir='ltr'><strong>in</strong></span> <span class='ocrx_word' id='word_1_91' title='bbox 1633 1277 1847 1337; x_wconf 87' lang='lat' dir='ltr'><strong>animos</strong></span> <span class='ocrx_word' id='word_1_92' title='bbox 1872 1277 2120 1335; x_wconf 87' lang='lat' dir='ltr'><strong>inﬂuant.</strong></span> 
     </span>
    </p>
   </div>
   <div class='ocr_carea' id='block_1_16' title="bbox 539 1356 2125 1438">
    <p class='ocr_par' dir='ltr' id='par_1_16' title="bbox 539 1356 2125 1438">
     <span class='ocr_line' id='line_1_16' title="bbox 539 1356 2125 1438; baseline 0.011 -27"><span class='ocrx_word' id='word_1_93' title='bbox 539 1356 676 1413; x_wconf 87' lang='lat' dir='ltr'><strong>Nam</strong></span> <span class='ocrx_word' id='word_1_94' title='bbox 709 1376 774 1414; x_wconf 84' lang='lat' dir='ltr'><strong>ex</strong></span> <span class='ocrx_word' id='word_1_95' title='bbox 810 1361 1126 1433; x_wconf 85' lang='lat' dir='ltr'><strong>hnjusmodi</strong></span> <span class='ocrx_word' id='word_1_96' title='bbox 1161 1367 1386 1421; x_wconf 82' lang='lat' dir='ltr'><strong>musica:</strong></span> <span class='ocrx_word' id='word_1_97' title='bbox 1412 1384 1610 1437; x_wconf 75' lang='lat' dir='ltr'><strong>genere</strong></span> <span class='ocrx_word' id='word_1_98' title='bbox 1656 1369 2011 1438; x_wconf 86' lang='lat' dir='ltr'><strong>abjectissimi</strong></span> <span class='ocrx_word' id='word_1_99' title='bbox 2058 1387 2125 1428; x_wconf 88' lang='lat' dir='ltr'><strong>ac</strong></span> 
     </span>
    </p>
   </div>
   <div class='ocr_carea' id='block_1_17' title="bbox 2224 349 3765 424">
    <p class='ocr_par' dir='ltr' id='par_1_17' title="bbox 2224 349 3765 424">
     <span class='ocr_line' id='line_1_17' title="bbox 2224 349 3765 424; baseline -0.001 -17"><span class='ocrx_word' id='word_1_100' title='bbox 2224 352 2526 424; x_wconf 72' lang='lat' dir='ltr'><strong>ﬂagitiosos</strong></span> <span class='ocrx_word' id='word_1_101' title='bbox 2557 365 2888 423; x_wconf 76' lang='lat' dir='ltr'><strong>congressus</strong></span> <span class='ocrx_word' id='word_1_102' title='bbox 2934 364 2999 405; x_wconf 87' lang='lat' dir='ltr'><strong>ac</strong></span> <span class='ocrx_word' id='word_1_103' title='bbox 3046 360 3238 420; x_wconf 84' lang='lat' dir='ltr'><strong>turpes</strong></span> <span class='ocrx_word' id='word_1_104' title='bbox 3270 349 3581 419; x_wconf 82' lang='lat' dir='ltr'><strong>voluptates</strong></span> <span class='ocrx_word' id='word_1_105' title='bbox 3628 349 3765 405; x_wconf 81' lang='lat' dir='ltr'><strong>fertur</strong></span> 
     </span>
    </p>
   </div>
   <div class='ocr_carea' id='block_1_18' title="bbox 2223 441 3768 498">
    <p class='ocr_par' dir='ltr' id='par_1_18' title="bbox 2223 441 3768 498">
     <span class='ocr_line' id='line_1_18' title="bbox 2223 441 3768 498; baseline -0.001 0"><span class='ocrx_word' id='word_1_106' title='bbox 2223 452 2278 498; x_wconf 89' lang='lat' dir='ltr'><strong>et</strong></span> <span class='ocrx_word' id='word_1_107' title='bbox 2302 442 2692 498; x_wconf 86' lang='lat' dir='ltr'><strong>inﬂammatur.</strong></span> <span class='ocrx_word' id='word_1_108' title='bbox 2736 442 3078 497; x_wconf 86' lang='lat' dir='ltr'><strong>Comessatio</strong></span> <span class='ocrx_word' id='word_1_109' title='bbox 3106 442 3254 495; x_wconf 90' lang='lat' dir='ltr'><strong>enim</strong></span> <span class='ocrx_word' id='word_1_110' title='bbox 3298 452 3355 495; x_wconf 87' lang='lat' dir='ltr'><strong>et</strong></span> <span class='ocrx_word' id='word_1_111' title='bbox 3401 441 3631 496; x_wconf 86' lang='lat' dir='ltr'><strong>ebrietas</strong></span> <span class='ocrx_word' id='word_1_112' title='bbox 3654 444 3768 497; x_wconf 82' lang='lat' dir='ltr'><strong>velut</strong></span> 
     </span>
    </p>
   </div>
   <div class='ocr_carea' id='block_1_19' title="bbox 2224 532 3769 605">
    <p class='ocr_par' dir='ltr' id='par_1_19' title="bbox 2224 532 3769 605">
     <span class='ocr_line' id='line_1_19' title="bbox 2224 532 3769 605; baseline -0.003 -14"><span class='ocrx_word' id='word_1_113' title='bbox 2224 535 2354 591; x_wconf 89' lang='lat' dir='ltr'><strong>mali</strong></span> <span class='ocrx_word' id='word_1_114' title='bbox 2406 534 2654 605; x_wconf 80' lang='lat' dir='ltr'><strong>magistri</strong></span> <span class='ocrx_word' id='word_1_115' title='bbox 2701 533 3011 589; x_wconf 85' lang='lat' dir='ltr'><strong>doctrinam</strong></span> <span class='ocrx_word' id='word_1_116' title='bbox 3067 533 3268 586; x_wconf 86' lang='lat' dir='ltr'><strong>malam</strong></span> <span class='ocrx_word' id='word_1_117' title='bbox 3314 532 3371 585; x_wconf 89' lang='lat' dir='ltr'><strong>in</strong></span> <span class='ocrx_word' id='word_1_118' title='bbox 3415 533 3647 585; x_wconf 86' lang='lat' dir='ltr'><strong>anlmum</strong></span> <span class='ocrx_word' id='word_1_119' title='bbox 3689 532 3769 586; x_wconf 86' lang='lat' dir='ltr'><strong>im-</strong></span> 
     </span>
    </p>
   </div>
   <div class='ocr_carea' id='block_1_20' title="bbox 2226 621 3768 694">
    <p class='ocr_par' dir='ltr' id='par_1_20' title="bbox 2226 621 3768 694">
     <span class='ocr_line' id='line_1_20' title="bbox 2226 621 3768 694; baseline -0.003 -13"><span class='ocrx_word' id='word_1_120' title='bbox 2226 627 2474 692; x_wconf 90' lang='lat' dir='ltr'><strong>mittunt,</strong></span> <span class='ocrx_word' id='word_1_121' title='bbox 2505 626 2856 682; x_wconf 89' lang='lat' dir='ltr'><strong>concubitum</strong></span> <span class='ocrx_word' id='word_1_122' title='bbox 2889 638 3087 694; x_wconf 86' lang='lat' dir='ltr'><strong>nempe</strong></span> <span class='ocrx_word' id='word_1_123' title='bbox 3117 640 3179 679; x_wconf 90' lang='lat' dir='ltr'><strong>ac</strong></span> <span class='ocrx_word' id='word_1_124' title='bbox 3214 622 3525 679; x_wconf 81' lang='lat' dir='ltr'><strong>libidinem.</strong></span> <span class='ocrx_word' id='word_1_125' title='bbox 3582 621 3667 677; x_wconf 91' lang='lat' dir='ltr'><strong>Vel</strong></span> <span class='ocrx_word' id='word_1_126' title='bbox 3693 639 3768 692; x_wconf 85' lang='lat' dir='ltr'><strong>po-</strong></span> 
     </span>
    </p>
   </div>
   <div class='ocr_carea' id='block_1_21' title="bbox 2228 713 3768 789">
    <p class='ocr_par' dir='ltr' id='par_1_21' title="bbox 2228 713 3768 789">
     <span class='ocr_line' id='line_1_21' title="bbox 2228 713 3768 789; baseline -0.005 -15"><span class='ocrx_word' id='word_1_127' title='bbox 2228 721 2358 786; x_wconf 89' lang='lat' dir='ltr'><strong>tius,</strong></span> <span class='ocrx_word' id='word_1_128' title='bbox 2393 719 2654 789; x_wconf 89' lang='lat' dir='ltr'><strong>quoniam</strong></span> <span class='ocrx_word' id='word_1_129' title='bbox 2683 722 2884 773; x_wconf 89' lang='lat' dir='ltr'><strong>docere</strong></span> <span class='ocrx_word' id='word_1_130' title='bbox 2914 717 3134 787; x_wconf 87' lang='lat' dir='ltr'><strong>proprie</strong></span> <span class='ocrx_word' id='word_1_131' title='bbox 3161 717 3352 771; x_wconf 81' lang='lat' dir='ltr'><strong>anima</strong></span> <span class='ocrx_word' id='word_1_132' title='bbox 3400 713 3631 784; x_wconf 71' lang='lat' dir='ltr'><strong>praeditis</strong></span> <span class='ocrx_word' id='word_1_133' title='bbox 3665 728 3768 768; x_wconf 77' lang='lat' dir='ltr'><strong>cou-</strong></span> 
     </span>
    </p>
   </div>
   <div class='ocr_carea' id='block_1_22' title="bbox 2224 804 3769 879">
    <p class='ocr_par' dir='ltr' id='par_1_22' title="bbox 2224 804 3769 879">
     <span class='ocr_line' id='line_1_22' title="bbox 2224 804 3769 879; baseline -0.003 -16"><span class='ocrx_word' id='word_1_134' title='bbox 2224 810 2395 875; x_wconf 86' lang='lat' dir='ltr'><strong>venit,</strong></span> <span class='ocrx_word' id='word_1_135' title='bbox 2428 809 2610 879; x_wconf 83' lang='lat' dir='ltr'><strong>aptius</strong></span> <span class='ocrx_word' id='word_1_136' title='bbox 2642 808 2806 865; x_wconf 78' lang='lat' dir='ltr'><strong>fuerit</strong></span> <span class='ocrx_word' id='word_1_137' title='bbox 2847 807 3167 863; x_wconf 78' lang='lat' dir='ltr'><strong>ebrietatem</strong></span> <span class='ocrx_word' id='word_1_138' title='bbox 3214 819 3412 861; x_wconf 87' lang='lat' dir='ltr'><strong>semen</strong></span> <span class='ocrx_word' id='word_1_139' title='bbox 3438 805 3628 870; x_wconf 87' lang='lat' dir='ltr'><strong>dicere,</strong></span> <span class='ocrx_word' id='word_1_140' title='bbox 3673 804 3769 859; x_wconf 82' lang='lat' dir='ltr'><strong>libi-</strong></span> 
     </span>
    </p>
   </div>
   <div class='ocr_carea' id='block_1_23' title="bbox 2225 901 3289 968">
    <p class='ocr_par' dir='ltr' id='par_1_23' title="bbox 2225 901 3289 968">
     <span class='ocr_line' id='line_1_23' title="bbox 2225 901 3289 968; baseline -0.005 -12"><span class='ocrx_word' id='word_1_141' title='bbox 2225 901 2406 956; x_wconf 90' lang='lat' dir='ltr'><strong>dinem</strong></span> <span class='ocrx_word' id='word_1_142' title='bbox 2448 909 2629 955; x_wconf 89' lang='lat' dir='ltr'><strong>autem</strong></span> <span class='ocrx_word' id='word_1_143' title='bbox 2661 909 2895 968; x_wconf 73' lang='lat' dir='ltr'><strong>segetem</strong></span> <span class='ocrx_word' id='word_1_144' title='bbox 2927 914 2992 954; x_wconf 89' lang='lat' dir='ltr'><strong>ac</strong></span> <span class='ocrx_word' id='word_1_145' title='bbox 3024 912 3289 953; x_wconf 89' lang='lat' dir='ltr'><strong>messem.</strong></span> 
     </span>
    </p>
   </div>
   <div class='ocr_carea' id='block_1_24' title="bbox 2301 986 3771 1060">
    <p class='ocr_par' dir='ltr' id='par_1_24' title="bbox 2301 986 3771 1060">
     <span class='ocr_line' id='line_1_24' title="bbox 2301 986 3771 1060; baseline -0.003 -14"><span class='ocrx_word' id='word_1_146' title='bbox 2301 992 2437 1048; x_wconf 89' lang='lat' dir='ltr'><strong>Ibid.</strong></span> <span class='ocrx_word' id='word_1_147' title='bbox 2472 992 2533 1047; x_wconf 87' lang='lat' dir='ltr'><strong>C.</strong></span> <span class='ocrx_word' id='word_1_148' title='bbox 2581 992 2688 1047; x_wconf 82' lang='lat' dir='ltr'><strong>Nec</strong></span> <span class='ocrx_word' id='word_1_149' title='bbox 2729 1003 2869 1046; x_wconf 81' lang='lat' dir='ltr'><strong>toros</strong></span> <span class='ocrx_word' id='word_1_150' title='bbox 2900 992 3041 1045; x_wconf 81' lang='lat' dir='ltr'><strong>altos</strong></span> <span class='ocrx_word' id='word_1_151' title='bbox 3084 990 3340 1060; x_wconf 74' lang='lat' dir='ltr'><strong>ﬁgamus,</strong></span> <span class='ocrx_word' id='word_1_152' title='bbox 3393 989 3562 1043; x_wconf 78' lang='lat' dir='ltr'><strong>ventri</strong></span> <span class='ocrx_word' id='word_1_153' title='bbox 3596 986 3771 1041; x_wconf 77' lang='lat' dir='ltr'><strong>delicias</strong></span> 
     </span>
    </p>
   </div>
   <div class='ocr_carea' id='block_1_25' title="bbox 2225 1081 3772 1153">
    <p class='ocr_par' dir='ltr' id='par_1_25' title="bbox 2225 1081 3772 1153">
     <span class='ocr_line' id='line_1_25' title="bbox 2225 1081 3772 1153; baseline -0.006 -13"><span class='ocrx_word' id='word_1_154' title='bbox 2225 1096 2537 1153; x_wconf 78' lang='lat' dir='ltr'><strong>sternentes,</strong></span> <span class='ocrx_word' id='word_1_155' title='bbox 2573 1094 2681 1142; x_wconf 89' lang='lat' dir='ltr'><strong>etc.</strong></span> <span class='ocrx_word' id='word_1_156' title='bbox 2730 1085 3006 1141; x_wconf 87' lang='lat' dir='ltr'><strong>Usitatum</strong></span> <span class='ocrx_word' id='word_1_157' title='bbox 3037 1092 3158 1139; x_wconf 87' lang='lat' dir='ltr'><strong>erat</strong></span> <span class='ocrx_word' id='word_1_158' title='bbox 3190 1084 3249 1138; x_wconf 89' lang='lat' dir='ltr'><strong>in</strong></span> <span class='ocrx_word' id='word_1_159' title='bbox 3289 1082 3447 1137; x_wconf 79' lang='lat' dir='ltr'><strong>festis</strong></span> <span class='ocrx_word' id='word_1_160' title='bbox 3483 1081 3772 1151; x_wconf 73' lang='lat' dir='ltr'><strong>publicisque</strong></span> 
     </span>
    </p>
   </div>
   <div class='ocr_carea' id='block_1_26' title="bbox 2224 1172 3771 1249">
    <p class='ocr_par' dir='ltr' id='par_1_26' title="bbox 2224 1172 3771 1249">
     <span class='ocr_line' id='line_1_26' title="bbox 2224 1172 3771 1249; baseline -0.006 -14"><span class='ocrx_word' id='word_1_161' title='bbox 2224 1179 2497 1235; x_wconf 81' lang='lat' dir='ltr'><strong>conviviis</strong></span> <span class='ocrx_word' id='word_1_162' title='bbox 2545 1194 2714 1249; x_wconf 85' lang='lat' dir='ltr'><strong>super</strong></span> <span class='ocrx_word' id='word_1_163' title='bbox 2766 1193 2986 1233; x_wconf 85' lang='lat' dir='ltr'><strong>mensas</strong></span> <span class='ocrx_word' id='word_1_164' title='bbox 3020 1178 3211 1231; x_wconf 88' lang='lat' dir='ltr'><strong>lances</strong></span> <span class='ocrx_word' id='word_1_165' title='bbox 3239 1188 3472 1246; x_wconf 88' lang='lat' dir='ltr'><strong>ponere,</strong></span> <span class='ocrx_word' id='word_1_166' title='bbox 3512 1176 3562 1226; x_wconf 92' lang='lat' dir='ltr'><strong>in</strong></span> <span class='ocrx_word' id='word_1_167' title='bbox 3614 1172 3771 1241; x_wconf 81' lang='lat' dir='ltr'><strong>quibus</strong></span> 
     </span>
    </p>
   </div>
   <div class='ocr_carea' id='block_1_27' title="bbox 2226 1269 3774 1338">
    <p class='ocr_par' dir='ltr' id='par_1_27' title="bbox 2226 1269 3774 1338">
     <span class='ocr_line' id='line_1_27' title="bbox 2226 1269 3774 1338; baseline -0.008 -11"><span class='ocrx_word' id='word_1_168' title='bbox 2226 1286 2421 1327; x_wconf 88' lang='lat' dir='ltr'><strong>carnes</strong></span> <span class='ocrx_word' id='word_1_169' title='bbox 2469 1272 2760 1327; x_wconf 87' lang='lat' dir='ltr'><strong>acervatim</strong></span> <span class='ocrx_word' id='word_1_170' title='bbox 2804 1272 2865 1326; x_wconf 88' lang='lat' dir='ltr'><strong>in</strong></span> <span class='ocrx_word' id='word_1_171' title='bbox 2913 1270 3083 1325; x_wconf 91' lang='lat' dir='ltr'><strong>altum</strong></span> <span class='ocrx_word' id='word_1_172' title='bbox 3120 1269 3566 1338; x_wconf 77' lang='lat' dir='ltr'><strong>congerebantur</strong></span> <span class='ocrx_word' id='word_1_173' title='bbox 3595 1280 3611 1317; x_wconf 87' lang='lat'><strong>:</strong></span> <span class='ocrx_word' id='word_1_174' title='bbox 3638 1277 3774 1331; x_wconf 80' lang='lat' dir='ltr'><strong>eaque</strong></span> 
     </span>
    </p>
   </div>
   <div class='ocr_carea' id='block_1_28' title="bbox 2228 1356 3771 1431">
    <p class='ocr_par' dir='ltr' id='par_1_28' title="bbox 2228 1356 3771 1431">
     <span class='ocr_line' id='line_1_28' title="bbox 2228 1356 3771 1431; baseline -0.006 -13"><span class='ocrx_word' id='word_1_175' title='bbox 2228 1379 2316 1420; x_wconf 91' lang='lat' dir='ltr'><strong>res</strong></span> <span class='ocrx_word' id='word_1_176' title='bbox 2343 1365 2568 1427; x_wconf 75' lang='grc' dir='ltr'><strong>στοιδὰς</strong></span> <span class='ocrx_word' id='word_1_177' title='bbox 2597 1365 2920 1427; x_wconf 80' lang='lat' dir='ltr'><strong>vocabatur,</strong></span> <span class='ocrx_word' id='word_1_178' title='bbox 2969 1378 3033 1417; x_wconf 86' lang='lat' dir='ltr'><strong>ac</strong></span> <span class='ocrx_word' id='word_1_179' title='bbox 3076 1360 3381 1431; x_wconf 85' lang='lat' dir='ltr'><strong>quamdam</strong></span> <span class='ocrx_word' id='word_1_180' title='bbox 3440 1357 3651 1413; x_wconf 86' lang='lat' dir='ltr'><strong>tentorii</strong></span> <span class='ocrx_word' id='word_1_181' title='bbox 3688 1356 3771 1409; x_wconf 79' lang='lat' dir='ltr'><strong>for-</strong></span> 
     </span>
    </p>
   </div>
   <div class='ocr_carea' id='block_1_29' title="bbox 542 1450 2120 1527">
    <p class='ocr_par' dir='ltr' id='par_1_29' title="bbox 542 1450 2119 1527">
     <span class='ocr_line' id='line_1_29' title="bbox 542 1450 2119 1527; baseline 0.01 -23"><span class='ocrx_word' id='word_1_182' title='bbox 542 1450 902 1508; x_wconf 90' lang='lat' dir='ltr'><strong>sordidissimi</strong></span> <span class='ocrx_word' id='word_1_183' title='bbox 944 1454 1171 1512; x_wconf 80' lang='lat' dir='ltr'><strong>cﬂcctus</strong></span> <span class='ocrx_word' id='word_1_184' title='bbox 1224 1458 1375 1514; x_wconf 87' lang='lat' dir='ltr'><strong>nasci</strong></span> <span class='ocrx_word' id='word_1_185' title='bbox 1422 1461 1618 1515; x_wconf 89' lang='lat' dir='ltr'><strong>solent.</strong></span> <span class='ocrx_word' id='word_1_186' title='bbox 1676 1461 1905 1527; x_wconf 82' lang='lat' dir='ltr'><strong>Quidam</strong></span> <span class='ocrx_word' id='word_1_187' title='bbox 1957 1465 2119 1519; x_wconf 85' lang='lat' dir='ltr'><strong>etiam</strong></span> 
     </span>
    </p>
   </div>
   <div class='ocr_carea' id='block_1_30' title="bbox 2226 1450 3775 1527">
    <p class='ocr_par' dir='ltr' id='par_1_30' title="bbox 2228 1451 3775 1526">
     <span class='ocr_line' id='line_1_30' title="bbox 2228 1451 3775 1526; baseline -0.006 -16"><span class='ocrx_word' id='word_1_188' title='bbox 2228 1471 2372 1510; x_wconf 88' lang='lat' dir='ltr'><strong>mam</strong></span> <span class='ocrx_word' id='word_1_189' title='bbox 2404 1456 2647 1526; x_wconf 74' lang='lat' dir='ltr'><strong>gerebat.</strong></span> <span class='ocrx_word' id='word_1_190' title='bbox 2703 1453 2800 1510; x_wconf 88' lang='lat' dir='ltr'><strong>Vel</strong></span> <span class='ocrx_word' id='word_1_191' title='bbox 2841 1451 3330 1524; x_wconf 79' lang='grc' dir='ltr'><strong>σκηνοποιοῦντες,</strong></span> <span class='ocrx_word' id='word_1_192' title='bbox 3364 1451 3415 1505; x_wconf 88' lang='lat' dir='ltr'><strong>id</strong></span> <span class='ocrx_word' id='word_1_193' title='bbox 3447 1458 3550 1513; x_wconf 82' lang='lat' dir='ltr'><strong>est,</strong></span> <span class='ocrx_word' id='word_1_194' title='bbox 3582 1465 3641 1503; x_wconf 77' lang='lat' dir='ltr'><strong>ex</strong></span> <span class='ocrx_word' id='word_1_195' title='bbox 3669 1457 3775 1502; x_wconf 60' lang='lat' dir='ltr'><strong>tem.</strong></span> 
     </span>
    </p>
   </div>
   <div class='ocr_carea' id='block_1_31' title="bbox 541 1543 2123 1623">
    <p class='ocr_par' dir='ltr' id='par_1_31' title="bbox 541 1543 2123 1623">
     <span class='ocr_line' id='line_1_31' title="bbox 541 1543 2123 1623; baseline 0.011 -27"><span class='ocrx_word' id='word_1_196' title='bbox 541 1543 610 1598; x_wconf 91' lang='lat' dir='ltr'><strong>ad</strong></span> <span class='ocrx_word' id='word_1_197' title='bbox 640 1544 829 1599; x_wconf 82' lang='lat' dir='ltr'><strong>tibiam</strong></span> <span class='ocrx_word' id='word_1_198' title='bbox 890 1545 1097 1602; x_wconf 79' lang='lat' dir='ltr'><strong>furiose</strong></span> <span class='ocrx_word' id='word_1_199' title='bbox 1146 1550 1348 1606; x_wconf 88' lang='lat' dir='ltr'><strong>saltant</strong></span> <span class='ocrx_word' id='word_1_200' title='bbox 1398 1567 1461 1607; x_wconf 89' lang='lat' dir='ltr'><strong>ac</strong></span> <span class='ocrx_word' id='word_1_201' title='bbox 1513 1553 1971 1623; x_wconf 79' lang='lat' dir='ltr'><strong>perbacchantur,</strong></span> <span class='ocrx_word' id='word_1_202' title='bbox 2019 1557 2123 1613; x_wconf 87' lang='lat' dir='ltr'><strong>hoc</strong></span> 
     </span>
    </p>
   </div>
   <div class='ocr_carea' id='block_1_32' title="bbox 537 1635 2123 1705">
    <p class='ocr_par' dir='ltr' id='par_1_32' title="bbox 537 1635 2123 1705">
     <span class='ocr_line' id='line_1_32' title="bbox 537 1635 2123 1705; baseline 0.011 -17"><span class='ocrx_word' id='word_1_203' title='bbox 537 1646 643 1697; x_wconf 89' lang='lat' dir='ltr'><strong>est,</strong></span> <span class='ocrx_word' id='word_1_204' title='bbox 682 1635 1085 1705; x_wconf 81' lang='lat' dir='ltr'><strong>lymphatorum</strong></span> <span class='ocrx_word' id='word_1_205' title='bbox 1122 1641 1403 1697; x_wconf 86' lang='lat' dir='ltr'><strong>hominum</strong></span> <span class='ocrx_word' id='word_1_206' title='bbox 1447 1659 1513 1699; x_wconf 84' lang='lat' dir='ltr'><strong>ac</strong></span> <span class='ocrx_word' id='word_1_207' title='bbox 1565 1645 1877 1703; x_wconf 58' lang='lat' dir='ltr'><strong>diametrum</strong></span> <span class='ocrx_word' id='word_1_208' title='bbox 1912 1650 2123 1704; x_wconf 84' lang='lat' dir='ltr'><strong>intem-</strong></span> 
     </span>
    </p>
   </div>
   <div class='ocr_carea' id='block_1_33' title="bbox 541 1725 2123 1807">
    <p class='ocr_par' dir='ltr' id='par_1_33' title="bbox 541 1725 2123 1807">
     <span class='ocr_line' id='line_1_33' title="bbox 541 1725 2123 1807; baseline 0.014 -32"><span class='ocrx_word' id='word_1_209' title='bbox 541 1725 711 1792; x_wconf 80' lang='lat' dir='ltr'><strong>periis</strong></span> <span class='ocrx_word' id='word_1_210' title='bbox 758 1730 1087 1799; x_wconf 79' lang='lat' dir='ltr'><strong>agitatorum</strong></span> <span class='ocrx_word' id='word_1_211' title='bbox 1131 1736 1367 1804; x_wconf 83' lang='lat' dir='ltr'><strong>speciem</strong></span> <span class='ocrx_word' id='word_1_212' title='bbox 1416 1737 1679 1807; x_wconf 69' lang='lat' dir='ltr'><strong>praebent.</strong></span> <span class='ocrx_word' id='word_1_213' title='bbox 1730 1738 1850 1794; x_wconf 84' lang='lat' dir='ltr'><strong>Jam</strong></span> <span class='ocrx_word' id='word_1_214' title='bbox 1880 1756 2006 1796; x_wconf 85' lang='lat' dir='ltr'><strong>vero</strong></span> <span class='ocrx_word' id='word_1_215' title='bbox 2038 1743 2123 1796; x_wconf 91' lang='lat' dir='ltr'><strong>ol-</strong></span> 
     </span>
    </p>
   </div>
   <div class='ocr_carea' id='block_1_34' title="bbox 539 1814 2124 1894">
    <p class='ocr_par' dir='ltr' id='par_1_34' title="bbox 539 1814 2124 1894">
     <span class='ocr_line' id='line_1_34' title="bbox 539 1814 2124 1894; baseline 0.009 -21"><span class='ocrx_word' id='word_1_216' title='bbox 539 1814 744 1873; x_wconf 67' lang='lat' dir='ltr'><strong>Lictum</strong></span> <span class='ocrx_word' id='word_1_217' title='bbox 798 1823 1005 1877; x_wconf 84' lang='lat' dir='ltr'><strong>emollit</strong></span> <span class='ocrx_word' id='word_1_218' title='bbox 1058 1833 1221 1894; x_wconf 87' lang='lat' dir='ltr'><strong>atque</strong></span> <span class='ocrx_word' id='word_1_219' title='bbox 1255 1826 1535 1884; x_wconf 72' lang='lat' dir='ltr'><strong>eﬂ‘eminat</strong></span> <span class='ocrx_word' id='word_1_220' title='bbox 1582 1830 1972 1887; x_wconf 85' lang='lat' dir='ltr'><strong>deliciosorum</strong></span> <span class='ocrx_word' id='word_1_221' title='bbox 2020 1850 2124 1888; x_wconf 84' lang='lat' dir='ltr'><strong>un-</strong></span> 
     </span>
    </p>
   </div>
   <div class='ocr_carea' id='block_1_35' title="bbox 540 1915 2122 1994">
    <p class='ocr_par' dir='ltr' id='par_1_35' title="bbox 540 1915 2122 1994">
     <span class='ocr_line' id='line_1_35' title="bbox 540 1915 2122 1994; baseline 0.01 -31"><span class='ocrx_word' id='word_1_222' title='bbox 540 1918 868 1979; x_wconf 75' lang='lat' dir='ltr'><strong>guentorum</strong></span> <span class='ocrx_word' id='word_1_223' title='bbox 919 1915 1057 1970; x_wconf 91' lang='lat' dir='ltr'><strong>odor</strong></span> <span class='ocrx_word' id='word_1_224' title='bbox 1100 1934 1114 1971; x_wconf 89' lang='lat'><strong>:</strong></span> <span class='ocrx_word' id='word_1_225' title='bbox 1164 1929 1219 1974; x_wconf 91' lang='lat' dir='ltr'><strong>et</strong></span> <span class='ocrx_word' id='word_1_226' title='bbox 1271 1921 1478 1992; x_wconf 88' lang='lat' dir='ltr'><strong>alioqui</strong></span> <span class='ocrx_word' id='word_1_227' title='bbox 1526 1925 1820 1994; x_wconf 82' lang='lat' dir='ltr'><strong>unguentis</strong></span> <span class='ocrx_word' id='word_1_228' title='bbox 1867 1926 2122 1994; x_wconf 81' lang='lat' dir='ltr'><strong>perfundi</strong></span> 
     </span>
    </p>
   </div>
   <div class='ocr_carea' id='block_1_36' title="bbox 541 2002 2120 2088">
    <p class='ocr_par' dir='ltr' id='par_1_36' title="bbox 541 2002 2120 2088">
     <span class='ocr_line' id='line_1_36' title="bbox 541 2002 2120 2088; baseline 0.011 -34"><span class='ocrx_word' id='word_1_229' title='bbox 541 2002 828 2060; x_wconf 88' lang='lat' dir='ltr'><strong>muliebris</strong></span> <span class='ocrx_word' id='word_1_230' title='bbox 848 2016 925 2061; x_wconf 86' lang='lat' dir='ltr'><strong>est</strong></span> <span class='ocrx_word' id='word_1_231' title='bbox 967 2008 1226 2065; x_wconf 70' lang='lat' dir='ltr'><strong>lasciviae.</strong></span> <span class='ocrx_word' id='word_1_232' title='bbox 1257 2012 1665 2070; x_wconf 86' lang='lat' dir='ltr'><strong>Lcnocinamur</strong></span> <span class='ocrx_word' id='word_1_233' title='bbox 1696 2028 1879 2072; x_wconf 78' lang='lat' dir='ltr'><strong>autem</strong></span> <span class='ocrx_word' id='word_1_234' title='bbox 1913 2027 2120 2088; x_wconf 76' lang='lat' dir='ltr'><strong>gustui,</strong></span> 
     </span>
    </p>
   </div>
   <div class='ocr_carea' id='block_1_37' title="bbox 543 2097 2123 2173">
    <p class='ocr_par' dir='ltr' id='par_1_37' title="bbox 543 2097 2123 2173">
     <span class='ocr_line' id='line_1_37' title="bbox 543 2097 2123 2173; baseline 0.014 -25"><span class='ocrx_word' id='word_1_235' title='bbox 543 2111 668 2150; x_wconf 89' lang='lat' dir='ltr'><strong>cum</strong></span> <span class='ocrx_word' id='word_1_236' title='bbox 694 2097 942 2154; x_wconf 89' lang='lat' dir='ltr'><strong>ciborum</strong></span> <span class='ocrx_word' id='word_1_237' title='bbox 969 2102 1340 2173; x_wconf 88' lang='lat' dir='ltr'><strong>voluptatibus</strong></span> <span class='ocrx_word' id='word_1_238' title='bbox 1361 2106 1541 2172; x_wconf 87' lang='lat' dir='ltr'><strong>ipsum</strong></span> <span class='ocrx_word' id='word_1_239' title='bbox 1564 2108 1893 2166; x_wconf 86' lang='lat' dir='ltr'><strong>addicimus.</strong></span> <span class='ocrx_word' id='word_1_240' title='bbox 1922 2110 2123 2170; x_wconf 87' lang='lat' dir='ltr'><strong>Tactus</strong></span> 
     </span>
    </p>
   </div>
   <div class='ocr_carea' id='block_1_38' title="bbox 542 2187 2122 2273">
    <p class='ocr_par' dir='ltr' id='par_1_38' title="bbox 542 2187 2122 2273">
     <span class='ocr_line' id='line_1_38' title="bbox 542 2187 2122 2273; baseline 0.013 -33"><span class='ocrx_word' id='word_1_241' title='bbox 542 2187 779 2258; x_wconf 87' lang='lat' dir='ltr'><strong>denique</strong></span> <span class='ocrx_word' id='word_1_242' title='bbox 828 2193 997 2262; x_wconf 78' lang='lat' dir='ltr'><strong>gratia</strong></span> <span class='ocrx_word' id='word_1_243' title='bbox 1054 2205 1108 2247; x_wconf 88' lang='lat' dir='ltr'><strong>et</strong></span> <span class='ocrx_word' id='word_1_244' title='bbox 1152 2196 1452 2253; x_wconf 90' lang='lat' dir='ltr'><strong>oblectatio</strong></span> <span class='ocrx_word' id='word_1_245' title='bbox 1495 2209 1581 2254; x_wconf 88' lang='lat' dir='ltr'><strong>est</strong></span> <span class='ocrx_word' id='word_1_246' title='bbox 1621 2201 1765 2255; x_wconf 69' lang='lat' dir='ltr'><strong>[cede</strong></span> <span class='ocrx_word' id='word_1_247' title='bbox 1816 2212 1980 2273; x_wconf 87' lang='lat' dir='ltr'><strong>atque</strong></span> <span class='ocrx_word' id='word_1_248' title='bbox 2027 2206 2122 2260; x_wconf 78' lang='lat' dir='ltr'><strong>ob~</strong></span> 
     </span>
    </p>
   </div>
   <div class='ocr_carea' id='block_1_39' title="bbox 543 2289 2125 2359">
    <p class='ocr_par' dir='ltr' id='par_1_39' title="bbox 543 2289 2125 2359">
     <span class='ocr_line' id='line_1_39' title="bbox 543 2289 2125 2359; baseline 0.012 -26"><span class='ocrx_word' id='word_1_249' title='bbox 543 2294 706 2335; x_wconf 87' lang='lat' dir='ltr'><strong>scene</strong></span> <span class='ocrx_word' id='word_1_250' title='bbox 768 2295 999 2353; x_wconf 89' lang='lat' dir='ltr'><strong>corpora</strong></span> <span class='ocrx_word' id='word_1_251' title='bbox 1054 2294 1296 2359; x_wconf 74' lang='lat' dir='ltr'><strong>tangere.</strong></span> <span class='ocrx_word' id='word_1_252' title='bbox 1362 2289 1633 2356; x_wconf 86' lang='lat' dir='ltr'><strong>Quidnam</strong></span> <span class='ocrx_word' id='word_1_253' title='bbox 1694 2306 1875 2349; x_wconf 89' lang='lat' dir='ltr'><strong>autem</strong></span> <span class='ocrx_word' id='word_1_254' title='bbox 1925 2296 2125 2351; x_wconf 79' lang='lat' dir='ltr'><strong>dixerit</strong></span> 
     </span>
    </p>
   </div>
   <div class='ocr_carea' id='block_1_40' title="bbox 541 2373 2139 2458">
    <p class='ocr_par' dir='ltr' id='par_1_40' title="bbox 541 2373 2139 2458">
     <span class='ocr_line' id='line_1_40' title="bbox 541 2373 2139 2458; baseline 0.011 -33"><span class='ocrx_word' id='word_1_255' title='bbox 541 2373 817 2443; x_wconf 88' lang='lat' dir='ltr'><strong>quispiam</strong></span> <span class='ocrx_word' id='word_1_256' title='bbox 850 2379 916 2431; x_wconf 91' lang='lat' dir='ltr'><strong>ad</strong></span> <span class='ocrx_word' id='word_1_257' title='bbox 949 2377 1203 2436; x_wconf 81' lang='lat' dir='ltr'><strong>homines</strong></span> <span class='ocrx_word' id='word_1_258' title='bbox 1227 2397 1254 2434; x_wconf 91' lang='lat' dir='ltr'><strong>a</strong></span> <span class='ocrx_word' id='word_1_259' title='bbox 1277 2386 1666 2452; x_wconf 87' lang='lat' dir='ltr'><strong>conquirendis</strong></span> <span class='ocrx_word' id='word_1_260' title='bbox 1694 2394 1872 2441; x_wconf 89' lang='lat' dir='ltr'><strong>tactus</strong></span> <span class='ocrx_word' id='word_1_261' title='bbox 1905 2396 2139 2458; x_wconf 79' lang='lat' dir='ltr'><strong>gustus-&#39;</strong></span> 
     </span>
    </p>
   </div>
   <div class='ocr_carea' id='block_1_41' title="bbox 541 2468 2121 2550">
    <p class='ocr_par' dir='ltr' id='par_1_41' title="bbox 541 2468 2121 2550">
     <span class='ocr_line' id='line_1_41' title="bbox 541 2468 2121 2550; baseline 0.013 -34"><span class='ocrx_word' id='word_1_262' title='bbox 541 2478 649 2532; x_wconf 90' lang='lat' dir='ltr'><strong>que</strong></span> <span class='ocrx_word' id='word_1_263' title='bbox 705 2468 1074 2537; x_wconf 81' lang='lat' dir='ltr'><strong>voluptatibus</strong></span> <span class='ocrx_word' id='word_1_264' title='bbox 1104 2472 1493 2542; x_wconf 86' lang='lat' dir='ltr'><strong>debortandos,</strong></span> <span class='ocrx_word' id='word_1_265' title='bbox 1533 2478 1638 2532; x_wconf 89' lang='lat' dir='ltr'><strong>nisi</strong></span> <span class='ocrx_word' id='word_1_266' title='bbox 1682 2480 1828 2548; x_wconf 86' lang='lat' dir='ltr'><strong>quod</strong></span> <span class='ocrx_word' id='word_1_267' title='bbox 1872 2496 1990 2543; x_wconf 89' lang='lat' dir='ltr'><strong>eos,</strong></span> <span class='ocrx_word' id='word_1_268' title='bbox 2027 2482 2121 2550; x_wconf 87' lang='lat' dir='ltr'><strong>qui</strong></span> 
     </span>
    </p>
   </div>
   <div class='ocr_carea' id='block_1_42' title="bbox 542 2556 2127 2644">
    <p class='ocr_par' dir='ltr' id='par_1_42' title="bbox 542 2556 2127 2644">
     <span class='ocr_line' id='line_1_42' title="bbox 542 2556 2127 2644; baseline 0.015 -35"><span class='ocrx_word' id='word_1_269' title='bbox 542 2556 598 2610; x_wconf 89' lang='lat' dir='ltr'><strong>in</strong></span> <span class='ocrx_word' id='word_1_270' title='bbox 652 2558 760 2614; x_wconf 89' lang='lat' dir='ltr'><strong>illis</strong></span> <span class='ocrx_word' id='word_1_271' title='bbox 807 2566 1200 2632; x_wconf 87' lang='lat' dir='ltr'><strong>persequendis</strong></span> <span class='ocrx_word' id='word_1_272' title='bbox 1249 2569 1497 2625; x_wconf 87' lang='lat' dir='ltr'><strong>studiose</strong></span> <span class='ocrx_word' id='word_1_273' title='bbox 1546 2582 1907 2642; x_wconf 87' lang='lat' dir='ltr'><strong>occupantur,</strong></span> <span class='ocrx_word' id='word_1_274' title='bbox 1959 2590 2127 2644; x_wconf 88' lang='lat' dir='ltr'><strong>pecu-</strong></span> 
     </span>
    </p>
   </div>
   <div class='ocr_carea' id='block_1_43' title="bbox 540 2647 2124 2732">
    <p class='ocr_par' dir='ltr' id='par_1_43' title="bbox 540 2647 2124 2732">
     <span class='ocr_line' id='line_1_43' title="bbox 540 2647 2124 2732; baseline 0.013 -30"><span class='ocrx_word' id='word_1_275' title='bbox 540 2647 672 2705; x_wconf 89' lang='lat' dir='ltr'><strong>dum</strong></span> <span class='ocrx_word' id='word_1_276' title='bbox 715 2654 880 2708; x_wconf 87' lang='lat' dir='ltr'><strong>vitam</strong></span> <span class='ocrx_word' id='word_1_277' title='bbox 927 2655 1130 2712; x_wconf 76' lang='lat' dir='ltr'><strong>imitari</strong></span> <span class='ocrx_word' id='word_1_278' title='bbox 1170 2670 1392 2729; x_wconf 81' lang='lat' dir='ltr'><strong>cogunt,</strong></span> <span class='ocrx_word' id='word_1_279' title='bbox 1426 2677 1559 2732; x_wconf 86' lang='lat' dir='ltr'><strong>quas</strong></span> <span class='ocrx_word' id='word_1_280' title='bbox 1592 2663 1644 2717; x_wconf 92' lang='lat' dir='ltr'><strong>in</strong></span> <span class='ocrx_word' id='word_1_281' title='bbox 1674 2676 1916 2720; x_wconf 83' lang='lat' dir='ltr'><strong>ventrem</strong></span> <span class='ocrx_word' id='word_1_282' title='bbox 1947 2675 2001 2721; x_wconf 90' lang='lat' dir='ltr'><strong>et</strong></span> <span class='ocrx_word' id='word_1_283' title='bbox 2028 2682 2124 2722; x_wconf 87' lang='lat' dir='ltr'><strong>ve-</strong></span> 
     </span>
    </p>
   </div>
   <div class='ocr_carea' id='block_1_44' title="bbox 543 2753 2125 2827">
    <p class='ocr_par' dir='ltr' id='par_1_44' title="bbox 543 2753 2125 2827">
     <span class='ocr_line' id='line_1_44' title="bbox 543 2753 2125 2827; baseline 0.013 -34"><span class='ocrx_word' id='word_1_284' title='bbox 543 2756 730 2797; x_wconf 88' lang='lat' dir='ltr'><strong>nerem</strong></span> <span class='ocrx_word' id='word_1_285' title='bbox 765 2760 965 2811; x_wconf 89' lang='lat' dir='ltr'><strong>pronas</strong></span> <span class='ocrx_word' id='word_1_286' title='bbox 995 2759 1193 2805; x_wconf 87' lang='lat' dir='ltr'><strong>natura</strong></span> <span class='ocrx_word' id='word_1_287' title='bbox 1224 2753 1428 2807; x_wconf 76' lang='lat' dir='ltr'><strong>tinxit?</strong></span> <span class='ocrx_word' id='word_1_288' title='bbox 1470 2753 1669 2823; x_wconf 79' lang='lat' dir='ltr'><strong>Atque,</strong></span> <span class='ocrx_word' id='word_1_289' title='bbox 1701 2766 1759 2810; x_wconf 90' lang='lat' dir='ltr'><strong>ut</strong></span> <span class='ocrx_word' id='word_1_290' title='bbox 1792 2772 1902 2811; x_wconf 90' lang='lat' dir='ltr'><strong>rem</strong></span> <span class='ocrx_word' id='word_1_291' title='bbox 1935 2759 2125 2827; x_wconf 88' lang='lat' dir='ltr'><strong>paucis</strong></span> 
     </span>
    </p>
   </div>
   <div class='ocr_carea' id='block_1_45' title="bbox 2232 1541 3773 1621">
    <p class='ocr_par' dir='ltr' id='par_1_45' title="bbox 2232 1541 3773 1621">
     <span class='ocr_line' id='line_1_45' title="bbox 2232 1541 3773 1621; baseline -0.006 -17"><span class='ocrx_word' id='word_1_292' title='bbox 2232 1565 2366 1621; x_wconf 90' lang='lat' dir='ltr'><strong>pore</strong></span> <span class='ocrx_word' id='word_1_293' title='bbox 2392 1557 2721 1620; x_wconf 85' lang='lat' dir='ltr'><strong>apparantes</strong></span> <span class='ocrx_word' id='word_1_294' title='bbox 2757 1548 2934 1603; x_wconf 90' lang='lat' dir='ltr'><strong>ventri</strong></span> <span class='ocrx_word' id='word_1_295' title='bbox 2982 1561 3071 1614; x_wconf 83' lang='lat' dir='ltr'><strong>ea,</strong></span> <span class='ocrx_word' id='word_1_296' title='bbox 3116 1561 3245 1617; x_wconf 67' lang='lat' dir='ltr'><strong>quae</strong></span> <span class='ocrx_word' id='word_1_297' title='bbox 3278 1545 3347 1600; x_wconf 87' lang='lat' dir='ltr'><strong>ad</strong></span> <span class='ocrx_word' id='word_1_298' title='bbox 3401 1543 3615 1599; x_wconf 81' lang='lat' dir='ltr'><strong>delicias</strong></span> <span class='ocrx_word' id='word_1_299' title='bbox 3640 1541 3773 1613; x_wconf 82' lang='lat' dir='ltr'><strong>perti-</strong></span> 
     </span>
    </p>
   </div>
   <div class='ocr_carea' id='block_1_46' title="bbox 2232 1633 3774 1709">
    <p class='ocr_par' dir='ltr' id='par_1_46' title="bbox 2232 1633 3774 1709">
     <span class='ocr_line' id='line_1_46' title="bbox 2232 1633 3774 1709; baseline -0.009 -13"><span class='ocrx_word' id='word_1_300' title='bbox 2232 1652 2442 1697; x_wconf 89' lang='lat' dir='ltr'><strong>nerent.</strong></span> <span class='ocrx_word' id='word_1_301' title='bbox 2478 1639 2616 1707; x_wconf 54' lang='lat' dir='ltr'><strong>,Vel,</strong></span> <span class='ocrx_word' id='word_1_302' title='bbox 2664 1639 2823 1709; x_wconf 81' lang='lat' dir='ltr'><strong>quasi</strong></span> <span class='ocrx_word' id='word_1_303' title='bbox 2866 1639 2921 1693; x_wconf 93' lang='lat' dir='ltr'><strong>in</strong></span> <span class='ocrx_word' id='word_1_304' title='bbox 2959 1636 3324 1693; x_wconf 87' lang='lat' dir='ltr'><strong>tabernaculo</strong></span> <span class='ocrx_word' id='word_1_305' title='bbox 3352 1634 3586 1705; x_wconf 88' lang='lat' dir='ltr'><strong>quodam</strong></span> <span class='ocrx_word' id='word_1_306' title='bbox 3609 1633 3774 1687; x_wconf 83' lang='lat' dir='ltr'><strong>etloco</strong></span> 
     </span>
    </p>
   </div>
   <div class='ocr_carea' id='block_1_47' title="bbox 2230 1724 3774 1805">
    <p class='ocr_par' dir='ltr' id='par_1_47' title="bbox 2230 1724 3774 1805">
     <span class='ocr_line' id='line_1_47' title="bbox 2230 1724 3774 1805; baseline -0.009 -15"><span class='ocrx_word' id='word_1_307' title='bbox 2230 1748 2552 1805; x_wconf 78' lang='lat' dir='ltr'><strong>peramoena</strong></span> <span class='ocrx_word' id='word_1_308' title='bbox 2583 1733 2759 1788; x_wconf 85' lang='lat' dir='ltr'><strong>ventri</strong></span> <span class='ocrx_word' id='word_1_309' title='bbox 2783 1732 3012 1788; x_wconf 85' lang='lat' dir='ltr'><strong>delicias</strong></span> <span class='ocrx_word' id='word_1_310' title='bbox 3036 1730 3338 1786; x_wconf 65' lang='lat' dir='ltr'><strong>aﬂ’erentes</strong></span> <span class='ocrx_word' id='word_1_311' title='bbox 3377 1745 3393 1783; x_wconf 90' lang='lat'><strong>:</strong></span> <span class='ocrx_word' id='word_1_312' title='bbox 3432 1728 3533 1790; x_wconf 81' lang='lat' dir='ltr'><strong>vel,</strong></span> <span class='ocrx_word' id='word_1_313' title='bbox 3580 1740 3663 1795; x_wconf 87' lang='lat' dir='ltr'><strong>per</strong></span> <span class='ocrx_word' id='word_1_314' title='bbox 3699 1724 3774 1777; x_wconf 81' lang='lat' dir='ltr'><strong>de-</strong></span> 
     </span>
    </p>
   </div>
   <div class='ocr_carea' id='block_1_48' title="bbox 2230 1821 3774 1883">
    <p class='ocr_par' dir='ltr' id='par_1_48' title="bbox 2230 1821 3774 1883">
     <span class='ocr_line' id='line_1_48' title="bbox 2230 1821 3774 1883; baseline -0.006 -1"><span class='ocrx_word' id='word_1_315' title='bbox 2230 1828 2386 1883; x_wconf 88' lang='lat' dir='ltr'><strong>licias</strong></span> <span class='ocrx_word' id='word_1_316' title='bbox 2418 1836 2661 1883; x_wconf 86' lang='lat' dir='ltr'><strong>ventrem</strong></span> <span class='ocrx_word' id='word_1_317' title='bbox 2695 1826 2965 1881; x_wconf 79' lang='lat' dir='ltr'><strong>foventes.</strong></span> <span class='ocrx_word' id='word_1_318' title='bbox 3000 1822 3373 1879; x_wconf 85' lang='lat' dir='ltr'><strong>Tabernaculi</strong></span> <span class='ocrx_word' id='word_1_319' title='bbox 3422 1821 3565 1875; x_wconf 89' lang='lat' dir='ltr'><strong>enim</strong></span> <span class='ocrx_word' id='word_1_320' title='bbox 3602 1828 3650 1873; x_wconf 85' lang='lat' dir='ltr'><strong>et</strong></span> <span class='ocrx_word' id='word_1_321' title='bbox 3680 1826 3774 1873; x_wconf 75' lang='lat' dir='ltr'><strong>ten-</strong></span> 
     </span>
    </p>
   </div>
   <div class='ocr_carea' id='block_1_49' title="bbox 2236 1908 3770 1991">
    <p class='ocr_par' dir='ltr' id='par_1_49' title="bbox 2236 1908 3770 1991">
     <span class='ocr_line' id='line_1_49' title="bbox 2236 1908 3770 1991; baseline -0.012 -15"><span class='ocrx_word' id='word_1_322' title='bbox 2236 1920 2363 1977; x_wconf 91' lang='lat' dir='ltr'><strong>torii</strong></span> <span class='ocrx_word' id='word_1_323' title='bbox 2394 1920 2678 1991; x_wconf 84' lang='lat' dir='ltr'><strong>proprium</strong></span> <span class='ocrx_word' id='word_1_324' title='bbox 2708 1926 2793 1972; x_wconf 92' lang='lat' dir='ltr'><strong>est</strong></span> <span class='ocrx_word' id='word_1_325' title='bbox 2828 1917 3033 1972; x_wconf 81' lang='lat' dir='ltr'><strong>fovere.</strong></span> <span class='ocrx_word' id='word_1_326' title='bbox 3086 1915 3268 1971; x_wconf 82' lang='lat' dir='ltr'><strong>Porro</strong></span> <span class='ocrx_word' id='word_1_327' title='bbox 3292 1910 3590 1981; x_wconf 77' lang='grc' dir='ltr'><strong>ἀνθοσμίας</strong></span> <span class='ocrx_word' id='word_1_328' title='bbox 3621 1908 3770 1961; x_wconf 86' lang='lat' dir='ltr'><strong>vinum</strong></span> 
     </span>
    </p>
   </div>
   <div class='ocr_carea' id='block_1_50' title="bbox 2230 1994 3770 2100">
    <p class='ocr_par' dir='ltr' id='par_1_50' title="bbox 2230 1994 3770 2100">
     <span class='ocr_line' id='line_1_50' title="bbox 2230 1994 3770 2100; baseline -0.012 -31"><span class='ocrx_word' id='word_1_329' title='bbox 2230 2022 2314 2069; x_wconf 87' lang='lat' dir='ltr'><strong>est</strong></span> <span class='ocrx_word' id='word_1_330' title='bbox 2339 2012 2574 2084; x_wconf 90' lang='lat' dir='ltr'><strong>pulchro</strong></span> <span class='ocrx_word' id='word_1_331' title='bbox 2621 2012 2806 2066; x_wconf 90' lang='lat' dir='ltr'><strong>colore</strong></span> <span class='ocrx_word' id='word_1_332' title='bbox 2849 2023 2913 2063; x_wconf 86' lang='lat' dir='ltr'><strong>ac</strong></span> <span class='ocrx_word' id='word_1_333' title='bbox 2941 2008 3094 2063; x_wconf 83' lang='lat' dir='ltr'><strong>suavi</strong></span> <span class='ocrx_word' id='word_1_334' title='bbox 3148 2006 3326 2062; x_wconf 89' lang='lat' dir='ltr'><strong>odore</strong></span> <span class='ocrx_word' id='word_1_335' title='bbox 3374 2003 3679 2100; x_wconf 52' lang='lat' dir='ltr'><strong>praeditum,</strong></span> <span class='ocrx_word' id='word_1_336' title='bbox 3706 1994 3770 2099; x_wconf 65' lang='lat' dir='ltr'><strong>vel</strong></span> 
     </span>
    </p>
   </div>
   <div class='ocr_carea' id='block_1_51' title="bbox 2230 2092 3769 2178">
    <p class='ocr_par' dir='ltr' id='par_1_51' title="bbox 2230 2092 3769 2178">
     <span class='ocr_line' id='line_1_51' title="bbox 2230 2092 3769 2178; baseline -0.014 -15"><span class='ocrx_word' id='word_1_337' title='bbox 2230 2108 2375 2178; x_wconf 89' lang='lat' dir='ltr'><strong>quod</strong></span> <span class='ocrx_word' id='word_1_338' title='bbox 2407 2104 2718 2161; x_wconf 84' lang='lat' dir='ltr'><strong>suavissimi</strong></span> <span class='ocrx_word' id='word_1_339' title='bbox 2772 2102 2925 2156; x_wconf 90' lang='lat' dir='ltr'><strong>ﬂoris</strong></span> <span class='ocrx_word' id='word_1_340' title='bbox 2973 2099 3199 2154; x_wconf 88' lang='lat' dir='ltr'><strong>odorem</strong></span> <span class='ocrx_word' id='word_1_341' title='bbox 3254 2095 3448 2153; x_wconf 80' lang='lat' dir='ltr'><strong>refert.</strong></span> <span class='ocrx_word' id='word_1_342' title='bbox 3499 2092 3769 2148; x_wconf 77' lang='lat' dir='ltr'><strong>Lenocinia.</strong></span> 
     </span>
    </p>
   </div>
   <div class='ocr_carea' id='block_1_52' title="bbox 2231 2186 3771 2268">
    <p class='ocr_par' dir='ltr' id='par_1_52' title="bbox 2231 2186 3771 2268">
     <span class='ocr_line' id='line_1_52' title="bbox 2231 2186 3771 2268; baseline -0.011 -14"><span class='ocrx_word' id='word_1_343' title='bbox 2231 2201 2418 2256; x_wconf 71' lang='lat' dir='ltr'><strong>Graece</strong></span> <span class='ocrx_word' id='word_1_344' title='bbox 2453 2196 2820 2268; x_wconf 76' lang='grc' dir='ltr'><strong>μαγγανείας,</strong></span> <span class='ocrx_word' id='word_1_345' title='bbox 2847 2195 2897 2249; x_wconf 91' lang='lat' dir='ltr'><strong>id</strong></span> <span class='ocrx_word' id='word_1_346' title='bbox 2935 2202 3041 2257; x_wconf 89' lang='lat' dir='ltr'><strong>est,</strong></span> <span class='ocrx_word' id='word_1_347' title='bbox 3077 2190 3417 2262; x_wconf 90' lang='lat' dir='ltr'><strong>superﬂuos,</strong></span> <span class='ocrx_word' id='word_1_348' title='bbox 3450 2186 3694 2244; x_wconf 82' lang='lat' dir='ltr'><strong>curiosos,</strong></span> <span class='ocrx_word' id='word_1_349' title='bbox 3722 2193 3771 2232; x_wconf 80' lang='lat' dir='ltr'><strong>ac</strong></span> 
     </span>
    </p>
   </div>
   <div class='ocr_carea' id='block_1_53' title="bbox 2231 2283 3768 2377">
    <p class='ocr_par' dir='ltr' id='par_1_53' title="bbox 2231 2283 3768 2377">
     <span class='ocr_line' id='line_1_53' title="bbox 2231 2283 3768 2377; baseline -0.016 -29"><span class='ocrx_word' id='word_1_350' title='bbox 2231 2292 2564 2358; x_wconf 87' lang='lat' dir='ltr'><strong>multiplices</strong></span> <span class='ocrx_word' id='word_1_351' title='bbox 2614 2298 2934 2360; x_wconf 86' lang='lat' dir='ltr'><strong>apparatus.</strong></span> <span class='ocrx_word' id='word_1_352' title='bbox 3000 2284 3320 2339; x_wconf 82' lang='lat' dir='ltr'><strong>Pretiosum</strong></span> <span class='ocrx_word' id='word_1_353' title='bbox 3374 2288 3550 2336; x_wconf 83' lang='lat' dir='ltr'><strong>autem</strong></span> <span class='ocrx_word' id='word_1_354' title='bbox 3599 2283 3768 2377; x_wconf 69' lang='lat' dir='ltr'><strong>stercus</strong></span> 
     </span>
    </p>
   </div>
   <div class='ocr_carea' id='block_1_54' title="bbox 2230 2363 3765 2455">
    <p class='ocr_par' dir='ltr' id='par_1_54' title="bbox 2230 2363 3765 2455">
     <span class='ocr_line' id='line_1_54' title="bbox 2230 2363 3765 2455; baseline -0.011 -16"><span class='ocrx_word' id='word_1_355' title='bbox 2230 2400 2325 2455; x_wconf 91' lang='lat' dir='ltr'><strong>per</strong></span> <span class='ocrx_word' id='word_1_356' title='bbox 2352 2391 2723 2450; x_wconf 87' lang='lat' dir='ltr'><strong>contemptum</strong></span> <span class='ocrx_word' id='word_1_357' title='bbox 2750 2377 2980 2433; x_wconf 77' lang='lat' dir='ltr'><strong>delicias</strong></span> <span class='ocrx_word' id='word_1_358' title='bbox 3006 2386 3165 2431; x_wconf 84' lang='lat' dir='ltr'><strong>vocat</strong></span> <span class='ocrx_word' id='word_1_359' title='bbox 3199 2394 3215 2430; x_wconf 89' lang='lat'><strong>:</strong></span> <span class='ocrx_word' id='word_1_360' title='bbox 3243 2373 3536 2446; x_wconf 86' lang='lat' dir='ltr'><strong>pretiosum</strong></span> <span class='ocrx_word' id='word_1_361' title='bbox 3567 2363 3765 2436; x_wconf 75' lang='lat' dir='ltr'><strong>quidem.</strong></span> 
     </span>
    </p>
   </div>
   <div class='ocr_carea' id='block_1_55' title="bbox 2229 2464 3764 2546">
    <p class='ocr_par' dir='ltr' id='par_1_55' title="bbox 2229 2464 3764 2546">
     <span class='ocr_line' id='line_1_55' title="bbox 2229 2464 3764 2546; baseline -0.016 -16"><span class='ocrx_word' id='word_1_362' title='bbox 2229 2475 2361 2546; x_wconf 85' lang='lat' dir='ltr'><strong>quia</strong></span> <span class='ocrx_word' id='word_1_363' title='bbox 2391 2472 2664 2543; x_wconf 89' lang='lat' dir='ltr'><strong>principio</strong></span> <span class='ocrx_word' id='word_1_364' title='bbox 2709 2485 2835 2524; x_wconf 88' lang='lat' dir='ltr'><strong>cum</strong></span> <span class='ocrx_word' id='word_1_365' title='bbox 2887 2482 3102 2523; x_wconf 90' lang='lat' dir='ltr'><strong>summa</strong></span> <span class='ocrx_word' id='word_1_366' title='bbox 3132 2466 3405 2521; x_wconf 90' lang='lat' dir='ltr'><strong>aviditate</strong></span> <span class='ocrx_word' id='word_1_367' title='bbox 3435 2464 3764 2531; x_wconf 78' lang='lat' dir='ltr'><strong>expetuntur:</strong></span> 
     </span>
    </p>
   </div>
   <div class='ocr_carea' id='block_1_56' title="bbox 2230 2556 3764 2632">
    <p class='ocr_par' dir='ltr' id='par_1_56' title="bbox 2230 2556 3764 2632">
     <span class='ocr_line' id='line_1_56' title="bbox 2230 2556 3764 2632; baseline -0.018 -8"><span class='ocrx_word' id='word_1_368' title='bbox 2230 2576 2442 2624; x_wconf 89' lang='lat' dir='ltr'><strong>stercus</strong></span> <span class='ocrx_word' id='word_1_369' title='bbox 2493 2574 2698 2625; x_wconf 86' lang='lat' dir='ltr'><strong>autem,</strong></span> <span class='ocrx_word' id='word_1_370' title='bbox 2729 2562 2856 2632; x_wconf 90' lang='lat' dir='ltr'><strong>quia</strong></span> <span class='ocrx_word' id='word_1_371' title='bbox 2902 2559 3145 2616; x_wconf 88' lang='lat' dir='ltr'><strong>concocti</strong></span> <span class='ocrx_word' id='word_1_372' title='bbox 3193 2558 3309 2613; x_wconf 89' lang='lat' dir='ltr'><strong>cibi</strong></span> <span class='ocrx_word' id='word_1_373' title='bbox 3355 2556 3408 2611; x_wconf 87' lang='lat' dir='ltr'><strong>in</strong></span> <span class='ocrx_word' id='word_1_374' title='bbox 3466 2561 3657 2607; x_wconf 84' lang='lat' dir='ltr'><strong>stercus</strong></span> <span class='ocrx_word' id='word_1_375' title='bbox 3690 2559 3764 2598; x_wconf 75' lang='lat' dir='ltr'><strong>ex-</strong></span> 
     </span>
    </p>
   </div>
   <div class='ocr_carea' id='block_1_57' title="bbox 2230 2636 3763 2738">
    <p class='ocr_par' dir='ltr' id='par_1_57' title="bbox 2230 2636 3763 2738">
     <span class='ocr_line' id='line_1_57' title="bbox 2230 2636 3763 2738; baseline -0.014 -21"><span class='ocrx_word' id='word_1_376' title='bbox 2230 2668 2547 2717; x_wconf 89' lang='lat' dir='ltr'><strong>cernantur.</strong></span> <span class='ocrx_word' id='word_1_377' title='bbox 2591 2653 2859 2727; x_wconf 78' lang='grc' dir='ltr'>Ἀκρασια</span> <span class='ocrx_word' id='word_1_378' title='bbox 2891 2652 3130 2722; x_wconf 85' lang='lat' dir='ltr'><strong>denique</strong></span> <span class='ocrx_word' id='word_1_379' title='bbox 3172 2636 3552 2704; x_wconf 84' lang='lat' dir='ltr'><strong>immoderatio</strong></span> <span class='ocrx_word' id='word_1_380' title='bbox 3582 2639 3763 2738; x_wconf 56' lang='lat' dir='ltr'><strong>dicitur.</strong></span> 
     </span>
    </p>
   </div>
   <div class='ocr_carea' id='block_1_58' title="bbox 2232 2728 3762 2823">
    <p class='ocr_par' dir='ltr' id='par_1_58' title="bbox 2232 2728 3762 2823">
     <span class='ocr_line' id='line_1_58' title="bbox 2232 2728 3762 2823; baseline -0.018 -15"><span class='ocrx_word' id='word_1_381' title='bbox 2232 2752 2377 2823; x_wconf 89' lang='lat' dir='ltr'><strong>quod</strong></span> <span class='ocrx_word' id='word_1_382' title='bbox 2408 2764 2544 2806; x_wconf 88' lang='lat' dir='ltr'><strong>usus</strong></span> <span class='ocrx_word' id='word_1_383' title='bbox 2574 2748 2904 2803; x_wconf 87' lang='lat' dir='ltr'><strong>necessitate</strong></span> <span class='ocrx_word' id='word_1_384' title='bbox 2955 2744 3181 2799; x_wconf 88' lang='lat' dir='ltr'><strong>minime</strong></span> <span class='ocrx_word' id='word_1_385' title='bbox 3220 2745 3569 2811; x_wconf 87' lang='lat' dir='ltr'><strong>temperetur.</strong></span> <span class='ocrx_word' id='word_1_386' title='bbox 3609 2728 3762 2823; x_wconf 71' lang='lat' dir='ltr'><strong>Enim-</strong></span> 
     </span>
    </p>
   </div>
   <div class='ocr_carea' id='block_1_59' title="bbox 544 2831 3761 2920">
    <p class='ocr_par' dir='ltr' id='par_1_59' title="bbox 544 2831 3761 2920">
     <span class='ocr_line' id='line_1_59' title="bbox 544 2831 3761 2920; baseline 0.007 -36"><span class='ocrx_word' id='word_1_387' title='bbox 544 2834 724 2888; x_wconf 90' lang='lat' dir='ltr'><strong>vcrbis</strong></span> <span class='ocrx_word' id='word_1_388' title='bbox 759 2840 1113 2905; x_wconf 88' lang='lat' dir='ltr'><strong>complectar,</strong></span> <span class='ocrx_word' id='word_1_389' title='bbox 1160 2856 1380 2906; x_wconf 86' lang='lat' dir='ltr'><strong>sensus,</strong></span> <span class='ocrx_word' id='word_1_390' title='bbox 1415 2844 1516 2897; x_wconf 87' lang='lat' dir='ltr'><strong>nisi</strong></span> <span class='ocrx_word' id='word_1_391' title='bbox 1549 2845 1718 2912; x_wconf 89' lang='lat' dir='ltr'><strong>probe</strong></span> <span class='ocrx_word' id='word_1_392' title='bbox 1742 2857 2021 2914; x_wconf 79' lang='lat' dir='ltr'><strong>regantur,</strong></span> <span class='ocrx_word' id='word_1_393' title='bbox 2050 2849 2117 2904; x_wconf 88' lang='lat' dir='ltr'><strong>ad</strong></span> <span class='ocrx_word' id='word_1_394' title='bbox 2148 2862 2191 2920; x_wconf 75' lang='grc' dir='ltr'><strong>ς,</strong></span> <span class='ocrx_word' id='word_1_395' title='bbox 2225 2860 2359 2903; x_wconf 87' lang='lat' dir='ltr'><strong>vero</strong></span> <span class='ocrx_word' id='word_1_396' title='bbox 2389 2857 2518 2898; x_wconf 90' lang='lat' dir='ltr'><strong>cum</strong></span> <span class='ocrx_word' id='word_1_397' title='bbox 2546 2840 2756 2896; x_wconf 86' lang='lat' dir='ltr'><strong>deliciis</strong></span> <span class='ocrx_word' id='word_1_398' title='bbox 2790 2838 3074 2907; x_wconf 71' lang='lat' dir='ltr'><strong>indulgere</strong></span> <span class='ocrx_word' id='word_1_399' title='bbox 3096 2850 3192 2906; x_wconf 70' lang='grc' dir='ltr'><strong>ρον</strong></span> <span class='ocrx_word' id='word_1_400' title='bbox 3242 2848 3304 2890; x_wconf 74' lang='lat'><strong>3°</strong></span> <span class='ocrx_word' id='word_1_401' title='bbox 3348 2843 3507 2903; x_wconf 66' lang='grc' dir='ltr'><strong>ετενθ</strong></span> <span class='ocrx_word' id='word_1_402' title='bbox 3530 2831 3761 2920; x_wconf 36' lang='grc' dir='ltr'>δίφρῳ</span> 
     </span>
    </p>
   </div>
   <div class='ocr_carea' id='block_1_60' title="bbox 543 2922 2123 3005">
    <p class='ocr_par' dir='ltr' id='par_1_60' title="bbox 543 2922 2123 3005">
     <span class='ocr_line' id='line_1_60' title="bbox 543 2922 2123 3005; baseline 0.014 -31"><span class='ocrx_word' id='word_1_403' title='bbox 543 2922 734 2977; x_wconf 85' lang='lat' dir='ltr'><strong>vitium</strong></span> <span class='ocrx_word' id='word_1_404' title='bbox 764 2925 953 2982; x_wconf 87' lang='lat' dir='ltr'><strong>faciles</strong></span> <span class='ocrx_word' id='word_1_405' title='bbox 978 2940 1107 2985; x_wconf 86' lang='lat' dir='ltr'><strong>sunt</strong></span> <span class='ocrx_word' id='word_1_406' title='bbox 1138 2931 1237 2986; x_wconf 69' lang='lat' dir='ltr'><strong>via:</strong></span> <span class='ocrx_word' id='word_1_407' title='bbox 1297 2935 1616 3005; x_wconf 84' lang='lat' dir='ltr'><strong>peccatique</strong></span> <span class='ocrx_word' id='word_1_408' title='bbox 1637 2936 1841 3004; x_wconf 65' lang='lat' dir='ltr'><strong>januae.</strong></span> <span class='ocrx_word' id='word_1_409' title='bbox 1892 2939 1992 2995; x_wconf 86' lang='lat' dir='ltr'><strong>Per</strong></span> <span class='ocrx_word' id='word_1_410' title='bbox 2029 2956 2123 2995; x_wconf 87' lang='lat' dir='ltr'><strong>eos</strong></span> 
     </span>
    </p>
   </div>
   <div class='ocr_carea' id='block_1_61' title="bbox 539 3017 2120 3099">
    <p class='ocr_par' dir='ltr' id='par_1_61' title="bbox 539 3017 2120 3099">
     <span class='ocr_line' id='line_1_61' title="bbox 539 3017 2120 3099; baseline 0.011 -31"><span class='ocrx_word' id='word_1_411' title='bbox 539 3017 744 3070; x_wconf 91' lang='lat' dir='ltr'><strong>etenim</strong></span> <span class='ocrx_word' id='word_1_412' title='bbox 788 3017 855 3072; x_wconf 89' lang='lat' dir='ltr'><strong>ad</strong></span> <span class='ocrx_word' id='word_1_413' title='bbox 907 3020 1037 3075; x_wconf 87' lang='lat' dir='ltr'><strong>vitia</strong></span> <span class='ocrx_word' id='word_1_414' title='bbox 1070 3023 1233 3079; x_wconf 90' lang='lat' dir='ltr'><strong>nobis</strong></span> <span class='ocrx_word' id='word_1_415' title='bbox 1271 3025 1454 3082; x_wconf 88' lang='lat' dir='ltr'><strong>aditus</strong></span> <span class='ocrx_word' id='word_1_416' title='bbox 1480 3037 1650 3097; x_wconf 86' lang='lat' dir='ltr'><strong>patet,</strong></span> <span class='ocrx_word' id='word_1_417' title='bbox 1694 3043 1759 3084; x_wconf 90' lang='lat' dir='ltr'><strong>ac</strong></span> <span class='ocrx_word' id='word_1_418' title='bbox 1801 3044 1898 3099; x_wconf 89' lang='lat' dir='ltr'><strong>per</strong></span> <span class='ocrx_word' id='word_1_419' title='bbox 1925 3045 2024 3088; x_wconf 86' lang='lat' dir='ltr'><strong>eos</strong></span> <span class='ocrx_word' id='word_1_420' title='bbox 2065 3032 2120 3086; x_wconf 93' lang='lat' dir='ltr'><strong>in</strong></span> 
     </span>
    </p>
   </div>
   <div class='ocr_carea' id='block_1_62' title="bbox 539 3107 2121 3188">
    <p class='ocr_par' dir='ltr' id='par_1_62' title="bbox 539 3107 2121 3188">
     <span class='ocr_line' id='line_1_62' title="bbox 539 3107 2121 3188; baseline 0.012 -29"><span class='ocrx_word' id='word_1_421' title='bbox 539 3107 784 3162; x_wconf 89' lang='lat' dir='ltr'><strong>animum</strong></span> <span class='ocrx_word' id='word_1_422' title='bbox 832 3110 1008 3166; x_wconf 92' lang='lat' dir='ltr'><strong>inﬂuit</strong></span> <span class='ocrx_word' id='word_1_423' title='bbox 1048 3123 1212 3185; x_wconf 90' lang='lat' dir='ltr'><strong>atque</strong></span> <span class='ocrx_word' id='word_1_424' title='bbox 1253 3115 1424 3171; x_wconf 83' lang='lat' dir='ltr'><strong>intrat</strong></span> <span class='ocrx_word' id='word_1_425' title='bbox 1466 3129 1771 3188; x_wconf 88' lang='lat' dir='ltr'><strong>peccatum.</strong></span> <span class='ocrx_word' id='word_1_426' title='bbox 1820 3121 1902 3175; x_wconf 86' lang='lat' dir='ltr'><strong>Ne</strong></span> <span class='ocrx_word' id='word_1_427' title='bbox 1937 3131 2121 3179; x_wconf 86' lang='lat' dir='ltr'><strong>tenera</strong></span> 
     </span>
    </p>
   </div>
   <div class='ocr_carea' id='block_1_63' title="bbox 540 3202 2123 3280">
    <p class='ocr_par' dir='ltr' id='par_1_63' title="bbox 540 3202 2123 3280">
     <span class='ocr_line' id='line_1_63' title="bbox 540 3202 2123 3280; baseline 0.013 -31"><span class='ocrx_word' id='word_1_428' title='bbox 540 3210 689 3255; x_wconf 89' lang='lat' dir='ltr'><strong>veste</strong></span> <span class='ocrx_word' id='word_1_429' title='bbox 738 3202 1171 3271; x_wconf 86' lang='lat' dir='ltr'><strong>permolliamur,</strong></span> <span class='ocrx_word' id='word_1_430' title='bbox 1225 3222 1348 3276; x_wconf 57' lang='lat' dir='ltr'><strong>quae.</strong></span> <span class='ocrx_word' id='word_1_431' title='bbox 1399 3211 1620 3280; x_wconf 88' lang='lat' dir='ltr'><strong>quidem</strong></span> <span class='ocrx_word' id='word_1_432' title='bbox 1672 3212 2020 3279; x_wconf 90' lang='lat' dir='ltr'><strong>circumﬂuit,</strong></span> <span class='ocrx_word' id='word_1_433' title='bbox 2058 3230 2123 3270; x_wconf 91' lang='lat' dir='ltr'><strong>ac</strong></span> 
     </span>
    </p>
   </div>
   <div class='ocr_carea' id='block_1_64' title="bbox 432 3290 2120 3376">
    <p class='ocr_par' dir='ltr' id='par_1_64' title="bbox 432 3290 2120 3376">
     <span class='ocr_line' id='line_1_64' title="bbox 432 3290 2120 3376; baseline 0.011 -33"><span class='ocrx_word' id='word_1_434' title='bbox 432 3290 445 3301; x_wconf 81' lang='lat'>&#39;</span> <span class='ocrx_word' id='word_1_435' title='bbox 540 3291 748 3347; x_wconf 90' lang='lat' dir='ltr'><strong>lubrica</strong></span> <span class='ocrx_word' id='word_1_436' title='bbox 777 3308 837 3349; x_wconf 89' lang='lat' dir='ltr'><strong>se</strong></span> <span class='ocrx_word' id='word_1_437' title='bbox 870 3296 923 3349; x_wconf 92' lang='lat' dir='ltr'><strong>in</strong></span> <span class='ocrx_word' id='word_1_438' title='bbox 959 3306 1131 3352; x_wconf 86' lang='lat' dir='ltr'><strong>totum</strong></span> <span class='ocrx_word' id='word_1_439' title='bbox 1169 3314 1373 3370; x_wconf 91' lang='lat' dir='ltr'><strong>corpus</strong></span> <span class='ocrx_word' id='word_1_440' title='bbox 1398 3302 1578 3358; x_wconf 81' lang='lat' dir='ltr'><strong>fundit</strong></span> <span class='ocrx_word' id='word_1_441' title='bbox 1612 3321 1626 3358; x_wconf 86' lang='lat'><strong>:</strong></span> <span class='ocrx_word' id='word_1_442' title='bbox 1661 3304 1821 3376; x_wconf 86' lang='lat' dir='ltr'><strong>idque</strong></span> <span class='ocrx_word' id='word_1_443' title='bbox 1850 3306 2120 3376; x_wconf 82' lang='lat' dir='ltr'><strong>duplicem</strong></span> 
     </span>
    </p>
   </div>
   <div class='ocr_carea' id='block_1_65' title="bbox 539 3385 2124 3465">
    <p class='ocr_par' dir='ltr' id='par_1_65' title="bbox 539 3385 2124 3465">
     <span class='ocr_line' id='line_1_65' title="bbox 539 3385 2124 3465; baseline 0.011 -26"><span class='ocrx_word' id='word_1_444' title='bbox 539 3385 611 3439; x_wconf 92' lang='lat' dir='ltr'><strong>ob</strong></span> <span class='ocrx_word' id='word_1_445' title='bbox 641 3402 887 3454; x_wconf 89' lang='lat' dir='ltr'><strong>causam,</strong></span> <span class='ocrx_word' id='word_1_446' title='bbox 936 3399 1050 3444; x_wconf 88' lang='lat' dir='ltr'><strong>tum</strong></span> <span class='ocrx_word' id='word_1_447' title='bbox 1095 3402 1315 3462; x_wconf 87' lang='lat' dir='ltr'><strong>propter</strong></span> <span class='ocrx_word' id='word_1_448' title='bbox 1345 3395 1779 3465; x_wconf 87' lang='lat' dir='ltr'><strong>superﬂuitatem</strong></span> <span class='ocrx_word' id='word_1_449' title='bbox 1817 3414 1881 3453; x_wconf 90' lang='lat' dir='ltr'><strong>ac</strong></span> <span class='ocrx_word' id='word_1_450' title='bbox 1918 3400 2124 3456; x_wconf 59' lang='lat' dir='ltr'><strong>laevita-</strong></span> 
     </span>
    </p>
   </div>
   <div class='ocr_carea' id='block_1_66' title="bbox 543 3481 2120 3560">
    <p class='ocr_par' dir='ltr' id='par_1_66' title="bbox 543 3481 2120 3560">
     <span class='ocr_line' id='line_1_66' title="bbox 543 3481 2120 3560; baseline 0.011 -31"><span class='ocrx_word' id='word_1_451' title='bbox 543 3486 673 3545; x_wconf 87' lang='lat' dir='ltr'><strong>tem,</strong></span> <span class='ocrx_word' id='word_1_452' title='bbox 703 3490 818 3535; x_wconf 90' lang='lat' dir='ltr'><strong>tum</strong></span> <span class='ocrx_word' id='word_1_453' title='bbox 851 3481 978 3551; x_wconf 88' lang='lat' dir='ltr'><strong>quia</strong></span> <span class='ocrx_word' id='word_1_454' title='bbox 1020 3483 1073 3536; x_wconf 91' lang='lat' dir='ltr'><strong>in</strong></span> <span class='ocrx_word' id='word_1_455' title='bbox 1108 3500 1380 3540; x_wconf 88' lang='lat' dir='ltr'><strong>summam</strong></span> <span class='ocrx_word' id='word_1_456' title='bbox 1418 3488 1668 3559; x_wconf 87' lang='lat' dir='ltr'><strong>corporis</strong></span> <span class='ocrx_word' id='word_1_457' title='bbox 1704 3491 2120 3560; x_wconf 83' lang='lat' dir='ltr'><strong>longitudinem,</strong></span> 
     </span>
    </p>
   </div>
   <div class='ocr_carea' id='block_1_67' title="bbox 540 3572 2124 3653">
    <p class='ocr_par' dir='ltr' id='par_1_67' title="bbox 540 3572 2124 3653">
     <span class='ocr_line' id='line_1_67' title="bbox 540 3572 2124 3653; baseline 0.008 -28"><span class='ocrx_word' id='word_1_458' title='bbox 540 3572 992 3644; x_wconf 87' lang='lat' dir='ltr'><strong>latitudinemque</strong></span> <span class='ocrx_word' id='word_1_459' title='bbox 1008 3579 1587 3645; x_wconf 86' lang='lat' dir='ltr'><strong>protenditur.Tenera</strong></span> <span class='ocrx_word' id='word_1_460' title='bbox 1604 3591 1785 3637; x_wconf 89' lang='lat' dir='ltr'><strong>autem</strong></span> <span class='ocrx_word' id='word_1_461' title='bbox 1804 3595 1888 3638; x_wconf 89' lang='lat' dir='ltr'><strong>est</strong></span> <span class='ocrx_word' id='word_1_462' title='bbox 1904 3594 2124 3653; x_wconf 87' lang='lat' dir='ltr'><strong>propter</strong></span> 
     </span>
    </p>
   </div>
   <div class='ocr_carea' id='block_1_68' title="bbox 540 3664 2122 3742">
    <p class='ocr_par' dir='ltr' id='par_1_68' title="bbox 540 3664 2122 3742">
     <span class='ocr_line' id='line_1_68' title="bbox 540 3664 2122 3742; baseline 0.009 -27"><span class='ocrx_word' id='word_1_463' title='bbox 540 3664 825 3719; x_wconf 85' lang='lat' dir='ltr'><strong>mollitiem</strong></span> <span class='ocrx_word' id='word_1_464' title='bbox 861 3676 915 3719; x_wconf 92' lang='lat' dir='ltr'><strong>et</strong></span> <span class='ocrx_word' id='word_1_465' title='bbox 946 3667 1260 3736; x_wconf 65' lang='lat' dir='ltr'><strong>laevitatem,</strong></span> <span class='ocrx_word' id='word_1_466' title='bbox 1310 3679 1477 3740; x_wconf 88' lang='lat' dir='ltr'><strong>atque</strong></span> <span class='ocrx_word' id='word_1_467' title='bbox 1514 3673 1679 3726; x_wconf 86' lang='lat' dir='ltr'><strong>etiam</strong></span> <span class='ocrx_word' id='word_1_468' title='bbox 1714 3683 1938 3742; x_wconf 90' lang='lat' dir='ltr'><strong>propter</strong></span> <span class='ocrx_word' id='word_1_469' title='bbox 1977 3675 2122 3729; x_wconf 89' lang='lat' dir='ltr'><strong>nito-</strong></span> 
     </span>
    </p>
   </div>
   <div class='ocr_carea' id='block_1_69' title="bbox 540 3756 2124 3825">
    <p class='ocr_par' dir='ltr' id='par_1_69' title="bbox 540 3756 2124 3825">
     <span class='ocr_line' id='line_1_69' title="bbox 540 3756 2124 3825; baseline 0.008 -18"><span class='ocrx_word' id='word_1_470' title='bbox 540 3768 657 3807; x_wconf 87' lang='lat' dir='ltr'><strong>rem</strong></span> <span class='ocrx_word' id='word_1_471' title='bbox 706 3770 720 3807; x_wconf 92' lang='lat'><strong>:</strong></span> <span class='ocrx_word' id='word_1_472' title='bbox 768 3756 822 3809; x_wconf 91' lang='lat' dir='ltr'><strong>in</strong></span> <span class='ocrx_word' id='word_1_473' title='bbox 859 3771 968 3825; x_wconf 90' lang='lat' dir='ltr'><strong>qua</strong></span> <span class='ocrx_word' id='word_1_474' title='bbox 1000 3758 1166 3813; x_wconf 89' lang='lat' dir='ltr'><strong>etiam</strong></span> <span class='ocrx_word' id='word_1_475' title='bbox 1192 3760 1327 3815; x_wconf 90' lang='lat' dir='ltr'><strong>illud</strong></span> <span class='ocrx_word' id='word_1_476' title='bbox 1358 3762 1442 3816; x_wconf 89' lang='lat' dir='ltr'><strong>vel</strong></span> <span class='ocrx_word' id='word_1_477' title='bbox 1488 3763 1785 3819; x_wconf 76' lang='lat' dir='ltr'><strong>tnaxiiuum</strong></span> <span class='ocrx_word' id='word_1_478' title='bbox 1821 3766 2009 3820; x_wconf 90' lang='lat' dir='ltr'><strong>vitium</strong></span> <span class='ocrx_word' id='word_1_479' title='bbox 2040 3767 2124 3820; x_wconf 85' lang='lat' dir='ltr'><strong>in-</strong></span> 
     </span>
    </p>
   </div>
   <div class='ocr_carea' id='block_1_70' title="bbox 536 3845 2123 3927">
    <p class='ocr_par' dir='ltr' id='par_1_70' title="bbox 536 3845 2123 3927">
     <span class='ocr_line' id='line_1_70' title="bbox 536 3845 2123 3927; baseline 0.009 -29"><span class='ocrx_word' id='word_1_480' title='bbox 536 3854 644 3905; x_wconf 85' lang='lat' dir='ltr'><strong>est,</strong></span> <span class='ocrx_word' id='word_1_481' title='bbox 673 3845 818 3916; x_wconf 87' lang='lat' dir='ltr'><strong>quod</strong></span> <span class='ocrx_word' id='word_1_482' title='bbox 846 3854 905 3901; x_wconf 90' lang='lat' dir='ltr'><strong>ut</strong></span> <span class='ocrx_word' id='word_1_483' title='bbox 931 3863 1164 3919; x_wconf 68' lang='lat' dir='ltr'><strong>quaeque</strong></span> <span class='ocrx_word' id='word_1_484' title='bbox 1199 3851 1431 3907; x_wconf 88' lang='lat' dir='ltr'><strong>summis</strong></span> <span class='ocrx_word' id='word_1_485' title='bbox 1461 3854 1769 3923; x_wconf 88' lang='lat' dir='ltr'><strong>sumptibus</strong></span> <span class='ocrx_word' id='word_1_486' title='bbox 1797 3871 2123 3927; x_wconf 86' lang='lat' dir='ltr'><strong>summaque</strong></span> 
     </span>
    </p>
   </div>
   <div class='ocr_carea' id='block_1_71' title="bbox 538 3936 2120 4018">
    <p class='ocr_par' dir='ltr' id='par_1_71' title="bbox 538 3936 2120 4018">
     <span class='ocr_line' id='line_1_71' title="bbox 538 3936 2120 4018; baseline 0.009 -27"><span class='ocrx_word' id='word_1_487' title='bbox 538 3936 803 4007; x_wconf 80' lang='lat' dir='ltr'><strong>elegantia</strong></span> <span class='ocrx_word' id='word_1_488' title='bbox 853 3941 1104 3997; x_wconf 80' lang='lat' dir='ltr'><strong>conlecta</strong></span> <span class='ocrx_word' id='word_1_489' title='bbox 1154 3953 1269 4009; x_wconf 90' lang='lat' dir='ltr'><strong>est,</strong></span> <span class='ocrx_word' id='word_1_490' title='bbox 1322 3943 1395 3999; x_wconf 88' lang='lat' dir='ltr'><strong>ita</strong></span> <span class='ocrx_word' id='word_1_491' title='bbox 1450 3955 1674 4017; x_wconf 78' lang='lat' dir='ltr'><strong>propter</strong></span> <span class='ocrx_word' id='word_1_492' title='bbox 1724 3949 2120 4018; x_wconf 90' lang='lat' dir='ltr'><strong>parcimoniam</strong></span> 
     </span>
    </p>
   </div>
   <div class='ocr_carea' id='block_1_72' title="bbox 539 4031 2122 4113">
    <p class='ocr_par' dir='ltr' id='par_1_72' title="bbox 539 4031 2122 4113">
     <span class='ocr_line' id='line_1_72' title="bbox 539 4031 2122 4113; baseline 0.011 -32"><span class='ocrx_word' id='word_1_493' title='bbox 539 4031 777 4085; x_wconf 80' lang='lat' dir='ltr'><strong>maxime</strong></span> <span class='ocrx_word' id='word_1_494' title='bbox 811 4033 1020 4091; x_wconf 89' lang='lat' dir='ltr'><strong>inutilis</strong></span> <span class='ocrx_word' id='word_1_495' title='bbox 1040 4034 1207 4105; x_wconf 81' lang='lat' dir='ltr'><strong>jacet,</strong></span> <span class='ocrx_word' id='word_1_496' title='bbox 1238 4051 1339 4092; x_wconf 87' lang='lat' dir='ltr'><strong>nec</strong></span> <span class='ocrx_word' id='word_1_497' title='bbox 1373 4038 1543 4094; x_wconf 90' lang='lat' dir='ltr'><strong>ullum</strong></span> <span class='ocrx_word' id='word_1_498' title='bbox 1573 4039 1659 4095; x_wconf 90' lang='lat' dir='ltr'><strong>sui</strong></span> <span class='ocrx_word' id='word_1_499' title='bbox 1701 4056 1862 4097; x_wconf 91' lang='lat' dir='ltr'><strong>usum</strong></span> <span class='ocrx_word' id='word_1_500' title='bbox 1891 4043 2122 4113; x_wconf 68' lang='lat' dir='ltr'><strong>praebet.</strong></span> 
     </span>
    </p>
   </div>
   <div class='ocr_carea' id='block_1_73' title="bbox 535 4118 2120 4200">
    <p class='ocr_par' dir='ltr' id='par_1_73' title="bbox 535 4118 2120 4200">
     <span class='ocr_line' id='line_1_73' title="bbox 535 4118 2120 4200; baseline 0.011 -26"><span class='ocrx_word' id='word_1_501' title='bbox 535 4118 942 4181; x_wconf 86' lang='lat' dir='ltr'><strong>Pulcherrimas</strong></span> <span class='ocrx_word' id='word_1_502' title='bbox 980 4126 1123 4180; x_wconf 86' lang='lat' dir='ltr'><strong>enim</strong></span> <span class='ocrx_word' id='word_1_503' title='bbox 1174 4144 1422 4200; x_wconf 86' lang='lat' dir='ltr'><strong>quasque</strong></span> <span class='ocrx_word' id='word_1_504' title='bbox 1472 4142 1652 4188; x_wconf 75' lang='lat' dir='ltr'><strong>vestes</strong></span> <span class='ocrx_word' id='word_1_505' title='bbox 1702 4149 1831 4189; x_wconf 85' lang='lat' dir='ltr'><strong>arca</strong></span> <span class='ocrx_word' id='word_1_506' title='bbox 1877 4135 2120 4193; x_wconf 86' lang='lat' dir='ltr'><strong>inclusas</strong></span> 
     </span>
    </p>
   </div>
   <div class='ocr_carea' id='block_1_74' title="bbox 2227 2912 3760 3009">
    <p class='ocr_par' dir='ltr' id='par_1_74' title="bbox 2227 2912 3760 3009">
     <span class='ocr_line' id='line_1_74' title="bbox 2227 2912 3760 3009; baseline -0.023 -13"><span class='ocrx_word' id='word_1_507' title='bbox 2227 2942 2449 3009; x_wconf 70' lang='lat' dir='ltr'><strong>dignum</strong></span> <span class='ocrx_word' id='word_1_508' title='bbox 2478 2936 2575 3001; x_wconf 87' lang='lat' dir='ltr'><strong>sit,</strong></span> <span class='ocrx_word' id='word_1_509' title='bbox 2624 2943 2741 2989; x_wconf 90' lang='lat' dir='ltr'><strong>tum</strong></span> <span class='ocrx_word' id='word_1_510' title='bbox 2773 2932 2944 2987; x_wconf 89' lang='lat' dir='ltr'><strong>multo</strong></span> <span class='ocrx_word' id='word_1_511' title='bbox 2974 2929 3261 2999; x_wconf 77' lang='lat' dir='ltr'><strong>indignius</strong></span> <span class='ocrx_word' id='word_1_512' title='bbox 3292 2934 3397 2991; x_wconf 88' lang='lat' dir='ltr'><strong>est,</strong></span> <span class='ocrx_word' id='word_1_513' title='bbox 3447 2933 3564 2975; x_wconf 90' lang='lat' dir='ltr'><strong>cum</strong></span> <span class='ocrx_word' id='word_1_514' title='bbox 3591 2912 3760 3009; x_wconf 53' lang='lat' dir='ltr'><strong>ali—iiu-</strong></span> 
     </span>
    </p>
   </div>
   <div class='ocr_carea' id='block_1_75' title="bbox 2229 3005 3760 3099">
    <p class='ocr_par' dir='ltr' id='par_1_75' title="bbox 2229 3005 3760 3099">
     <span class='ocr_line' id='line_1_75' title="bbox 2229 3005 3760 3099; baseline -0.018 -13"><span class='ocrx_word' id='word_1_515' title='bbox 2229 3005 2388 3087; x_wconf 73' lang='lat' dir='ltr'><strong>terim</strong></span> <span class='ocrx_word' id='word_1_516' title='bbox 2443 3029 2589 3083; x_wconf 87' lang='lat' dir='ltr'><strong>l&#39;ame</strong></span> <span class='ocrx_word' id='word_1_517' title='bbox 2637 3026 3049 3099; x_wconf 81' lang='lat' dir='ltr'><strong>Opprimuntur.</strong></span> <span class='ocrx_word' id='word_1_518' title='bbox 3108 3019 3423 3088; x_wconf 83' lang='lat' dir='ltr'><strong>Quinetiam</strong></span> <span class='ocrx_word' id='word_1_519' title='bbox 3486 3014 3594 3082; x_wconf 87' lang='lat' dir='ltr'><strong>ipse</strong></span> <span class='ocrx_word' id='word_1_520' title='bbox 3638 3005 3760 3060; x_wconf 77' lang='lat' dir='ltr'><strong>Plato</strong></span> 
     </span>
    </p>
   </div>
   <div class='ocr_carea' id='block_1_76' title="bbox 2226 3104 3761 3192">
    <p class='ocr_par' dir='ltr' id='par_1_76' title="bbox 2226 3104 3761 3192">
     <span class='ocr_line' id='line_1_76' title="bbox 2226 3104 3761 3192; baseline -0.016 -17"><span class='ocrx_word' id='word_1_521' title='bbox 2226 3120 2468 3192; x_wconf 88' lang='lat' dir='ltr'><strong>quodam</strong></span> <span class='ocrx_word' id='word_1_522' title='bbox 2505 3118 2624 3173; x_wconf 90' lang='lat' dir='ltr'><strong>loco</strong></span> <span class='ocrx_word' id='word_1_523' title='bbox 2671 3117 2770 3180; x_wconf 88' lang='lat' dir='ltr'><strong>ait,</strong></span> <span class='ocrx_word' id='word_1_524' title='bbox 2822 3113 2990 3183; x_wconf 64' lang='lat' dir='ltr'><strong>Nugae</strong></span> <span class='ocrx_word' id='word_1_525' title='bbox 3022 3121 3174 3175; x_wconf 89' lang='lat' dir='ltr'><strong>sunt,</strong></span> <span class='ocrx_word' id='word_1_526' title='bbox 3202 3104 3474 3181; x_wconf 87' lang='lat' dir='ltr'><strong>quidquid</strong></span> <span class='ocrx_word' id='word_1_527' title='bbox 3505 3109 3584 3157; x_wconf 87' lang='lat' dir='ltr'><strong>est</strong></span> <span class='ocrx_word' id='word_1_528' title='bbox 3608 3106 3761 3164; x_wconf 75' lang='lat' dir='ltr'><strong>super-</strong></span> 
     </span>
    </p>
   </div>
   <div class='ocr_carea' id='block_1_77' title="bbox 2228 3201 3388 3277">
    <p class='ocr_par' dir='ltr' id='par_1_77' title="bbox 2228 3201 3388 3277">
     <span class='ocr_line' id='line_1_77' title="bbox 2228 3201 3388 3277; baseline -0.01 -10"><span class='ocrx_word' id='word_1_529' title='bbox 2228 3215 2396 3267; x_wconf 88' lang='lat' dir='ltr'><strong>ﬂuum</strong></span> <span class='ocrx_word' id='word_1_530' title='bbox 2434 3223 2542 3267; x_wconf 88' lang='lat' dir='ltr'><strong>tam</strong></span> <span class='ocrx_word' id='word_1_531' title='bbox 2582 3212 2634 3265; x_wconf 93' lang='lat' dir='ltr'><strong>in</strong></span> <span class='ocrx_word' id='word_1_532' title='bbox 2671 3209 2859 3270; x_wconf 89' lang='lat' dir='ltr'><strong>rebus,</strong></span> <span class='ocrx_word' id='word_1_533' title='bbox 2894 3220 3058 3277; x_wconf 88' lang='lat' dir='ltr'><strong>quam</strong></span> <span class='ocrx_word' id='word_1_534' title='bbox 3091 3206 3145 3258; x_wconf 90' lang='lat' dir='ltr'><strong>in</strong></span> <span class='ocrx_word' id='word_1_535' title='bbox 3179 3201 3388 3259; x_wconf 89' lang='lat' dir='ltr'><strong>verbis.</strong></span> 
     </span>
    </p>
   </div>
   <div class='ocr_carea' id='block_1_78' title="bbox 2301 3288 3759 3370">
    <p class='ocr_par' dir='ltr' id='par_1_78' title="bbox 2301 3288 3759 3370">
     <span class='ocr_line' id='line_1_78' title="bbox 2301 3288 3759 3370; baseline -0.017 -10"><span class='ocrx_word' id='word_1_536' title='bbox 2301 3307 2434 3361; x_wconf 89' lang='lat' dir='ltr'><strong>Ibid.</strong></span> <span class='ocrx_word' id='word_1_537' title='bbox 2465 3306 2525 3359; x_wconf 88' lang='lat' dir='ltr'><strong>D.</strong></span> <span class='ocrx_word' id='word_1_538' title='bbox 2570 3303 2756 3358; x_wconf 85' lang='lat' dir='ltr'><strong>Verum</strong></span> <span class='ocrx_word' id='word_1_539' title='bbox 2790 3302 2901 3356; x_wconf 72' lang='lat' dir='ltr'><strong>lucc</strong></span> <span class='ocrx_word' id='word_1_540' title='bbox 2927 3298 3239 3370; x_wconf 82' lang='lat' dir='ltr'><strong>gentilibus,</strong></span> <span class='ocrx_word' id='word_1_541' title='bbox 3276 3311 3339 3350; x_wconf 83' lang='lat' dir='ltr'><strong>ac</strong></span> <span class='ocrx_word' id='word_1_542' title='bbox 3367 3288 3621 3365; x_wconf 78' lang='lat' dir='ltr'><strong>gentilitiis</strong></span> <span class='ocrx_word' id='word_1_543' title='bbox 3645 3293 3759 3348; x_wconf 76' lang='lat' dir='ltr'><strong>pont-</strong></span> 
     </span>
    </p>
   </div>
   <div class='ocr_carea' id='block_1_79' title="bbox 2226 3374 3759 3471">
    <p class='ocr_par' dir='ltr' id='par_1_79' title="bbox 2226 3374 3759 3471">
     <span class='ocr_line' id='line_1_79' title="bbox 2226 3374 3759 3471; baseline -0.014 -17"><span class='ocrx_word' id='word_1_544' title='bbox 2226 3402 2308 3469; x_wconf 81' lang='lat' dir='ltr'><strong>pis</strong></span> <span class='ocrx_word' id='word_1_545' title='bbox 2345 3399 2595 3469; x_wconf 75' lang='lat' dir='ltr'><strong>festisque</strong></span> <span class='ocrx_word' id='word_1_546' title='bbox 2628 3396 2981 3465; x_wconf 80' lang='lat' dir='ltr'><strong>relinquamus</strong></span> <span class='ocrx_word' id='word_1_547' title='bbox 3005 3407 3024 3446; x_wconf 89' lang='lat'><em>:</em></span> <span class='ocrx_word' id='word_1_548' title='bbox 3053 3391 3144 3461; x_wconf 78' lang='lat' dir='ltr'><strong>qui</strong></span> <span class='ocrx_word' id='word_1_549' title='bbox 3175 3390 3341 3443; x_wconf 79' lang='lat' dir='ltr'><strong>etiam</strong></span> <span class='ocrx_word' id='word_1_550' title='bbox 3364 3387 3449 3449; x_wconf 82' lang='lat' dir='ltr'><strong>iis,</strong></span> <span class='ocrx_word' id='word_1_551' title='bbox 3477 3391 3573 3437; x_wconf 85' lang='lat' dir='ltr'><strong>etc.</strong></span> <span class='ocrx_word' id='word_1_552' title='bbox 3598 3374 3759 3471; x_wconf 59' lang='grc' dir='ltr'><strong>νιξηιξη</strong></span> 
     </span>
    </p>
   </div>
   <div class='ocr_carea' id='block_1_80' title="bbox 2228 3466 3757 3553">
    <p class='ocr_par' dir='ltr' id='par_1_80' title="bbox 2228 3466 3757 3553">
     <span class='ocr_line' id='line_1_80' title="bbox 2228 3466 3757 3553; baseline -0.014 -6"><span class='ocrx_word' id='word_1_553' title='bbox 2228 3466 2365 3553; x_wconf 76' lang='lat' dir='ltr'><strong>haec,</strong></span> <span class='ocrx_word' id='word_1_554' title='bbox 2396 3466 2660 3544; x_wconf 88' lang='lat' dir='ltr'><strong>nimirum</strong></span> <span class='ocrx_word' id='word_1_555' title='bbox 2692 3486 2906 3540; x_wconf 82' lang='lat' dir='ltr'><strong>deliciis</strong></span> <span class='ocrx_word' id='word_1_556' title='bbox 2935 3493 2991 3538; x_wconf 92' lang='lat' dir='ltr'><strong>et</strong></span> <span class='ocrx_word' id='word_1_557' title='bbox 3015 3482 3221 3537; x_wconf 87' lang='lat' dir='ltr'><strong>ventris</strong></span> <span class='ocrx_word' id='word_1_558' title='bbox 3254 3474 3608 3548; x_wconf 88' lang='lat' dir='ltr'><strong>voluptatibus</strong></span> <span class='ocrx_word' id='word_1_559' title='bbox 3636 3466 3757 3519; x_wconf 61' lang='lat' dir='ltr'><strong>les“!</strong></span> 
     </span>
    </p>
   </div>
   <div class='ocr_carea' id='block_1_81' title="bbox 2227 3560 3756 3660">
    <p class='ocr_par' dir='ltr' id='par_1_81' title="bbox 2227 3560 3756 3660">
     <span class='ocr_line' id='line_1_81' title="bbox 2227 3560 3756 3660; baseline -0.019 -23"><span class='ocrx_word' id='word_1_560' title='bbox 2227 3582 2421 3637; x_wconf 86' lang='lat' dir='ltr'><strong>diebus</strong></span> <span class='ocrx_word' id='word_1_561' title='bbox 2452 3579 2759 3647; x_wconf 80' lang='lat' dir='ltr'><strong>indulgere,</strong></span> <span class='ocrx_word' id='word_1_562' title='bbox 2794 3577 2860 3631; x_wconf 91' lang='lat' dir='ltr'><strong>ad</strong></span> <span class='ocrx_word' id='word_1_563' title='bbox 2888 3573 3118 3645; x_wconf 78' lang='lat' dir='ltr'><strong>gentiles</strong></span> <span class='ocrx_word' id='word_1_564' title='bbox 3147 3571 3483 3641; x_wconf 85' lang='lat' dir='ltr'><strong>rejiciamus,</strong></span> <span class='ocrx_word' id='word_1_565' title='bbox 3529 3560 3617 3632; x_wconf 90' lang='lat' dir='ltr'><strong>qui</strong></span> <span class='ocrx_word' id='word_1_566' title='bbox 3657 3565 3756 3660; x_wconf 51' lang='lat' dir='ltr'><strong>cura</strong></span> 
     </span>
    </p>
   </div>
   <div class='ocr_carea' id='block_1_82' title="bbox 2227 3641 3755 3735">
    <p class='ocr_par' dir='ltr' id='par_1_82' title="bbox 2227 3641 3755 3735">
     <span class='ocr_line' id='line_1_82' title="bbox 2227 3641 3755 3735; baseline -0.013 -6"><span class='ocrx_word' id='word_1_567' title='bbox 2227 3676 2358 3729; x_wconf 80' lang='lat' dir='ltr'><strong>deos</strong></span> <span class='ocrx_word' id='word_1_568' title='bbox 2402 3641 2640 3727; x_wconf 65' lang='lat' dir='ltr'><strong>habeant</strong></span> <span class='ocrx_word' id='word_1_569' title='bbox 2673 3641 3072 3726; x_wconf 78' lang='lat' dir='ltr'><strong>sacriﬁciorum</strong></span> <span class='ocrx_word' id='word_1_570' title='bbox 3110 3665 3267 3720; x_wconf 77' lang='lat' dir='ltr'><strong>fumo</strong></span> <span class='ocrx_word' id='word_1_571' title='bbox 3302 3661 3607 3735; x_wconf 79' lang='lat' dir='ltr'><strong>gaudentes,</strong></span> <span class='ocrx_word' id='word_1_572' title='bbox 3650 3641 3755 3702; x_wconf 67' lang='lat' dir='ltr'><strong>nihil</strong></span> 
     </span>
    </p>
   </div>
   <div class='ocr_carea' id='block_1_83' title="bbox 2227 3750 3753 3828">
    <p class='ocr_par' dir='ltr' id='par_1_83' title="bbox 2227 3750 3753 3828">
     <span class='ocr_line' id='line_1_83' title="bbox 2227 3750 3753 3828; baseline -0.018 -9"><span class='ocrx_word' id='word_1_573' title='bbox 2227 3765 2465 3820; x_wconf 86' lang='lat' dir='ltr'><strong>alienum</strong></span> <span class='ocrx_word' id='word_1_574' title='bbox 2502 3764 2735 3828; x_wconf 77' lang='lat' dir='ltr'><strong>faciunt,</strong></span> <span class='ocrx_word' id='word_1_575' title='bbox 2786 3777 2909 3817; x_wconf 90' lang='lat' dir='ltr'><strong>cum</strong></span> <span class='ocrx_word' id='word_1_576' title='bbox 2963 3769 3209 3813; x_wconf 83' lang='lat' dir='ltr'><strong>ventrem</strong></span> <span class='ocrx_word' id='word_1_577' title='bbox 3273 3750 3543 3811; x_wconf 88' lang='lat' dir='ltr'><strong>l&#39;arciendo</strong></span> <span class='ocrx_word' id='word_1_578' title='bbox 3580 3750 3753 3815; x_wconf 75' lang='lat' dir='ltr'><strong>gratum</strong></span> 
     </span>
    </p>
   </div>
   <div class='ocr_carea' id='block_1_84' title="bbox 2228 3836 3756 3928">
    <p class='ocr_par' dir='ltr' id='par_1_84' title="bbox 2228 3836 3756 3928">
     <span class='ocr_line' id='line_1_84' title="bbox 2228 3836 3756 3928; baseline -0.015 -15"><span class='ocrx_word' id='word_1_579' title='bbox 2228 3859 2361 3928; x_wconf 88' lang='lat' dir='ltr'><strong>ipsis</strong></span> <span class='ocrx_word' id='word_1_580' title='bbox 2386 3857 2590 3912; x_wconf 88' lang='lat' dir='ltr'><strong>cultum</strong></span> <span class='ocrx_word' id='word_1_581' title='bbox 2623 3855 2885 3911; x_wconf 68' lang='lat' dir='ltr'><strong>exhibere</strong></span> <span class='ocrx_word' id='word_1_582' title='bbox 2936 3867 2996 3908; x_wconf 89' lang='lat' dir='ltr'><strong>se</strong></span> <span class='ocrx_word' id='word_1_583' title='bbox 3037 3852 3404 3907; x_wconf 88' lang='lat' dir='ltr'><strong>arbitrantur.</strong></span> <span class='ocrx_word' id='word_1_584' title='bbox 3448 3836 3756 3928; x_wconf 64' lang='lat' dir='ltr'><strong>Fictores,_ul</strong></span> 
     </span>
    </p>
   </div>
   <div class='ocr_carea' id='block_1_85' title="bbox 2227 3923 3755 4019">
    <p class='ocr_par' dir='ltr' id='par_1_85' title="bbox 2227 3923 3755 4019">
     <span class='ocr_line' id='line_1_85' title="bbox 2227 3923 3755 4019; baseline -0.018 -17"><span class='ocrx_word' id='word_1_585' title='bbox 2227 3923 2446 4019; x_wconf 72' lang='lat' dir='ltr'><strong>quidem</strong></span> <span class='ocrx_word' id='word_1_586' title='bbox 2495 3948 2597 4005; x_wconf 86' lang='lat' dir='ltr'><strong>sibi</strong></span> <span class='ocrx_word' id='word_1_587' title='bbox 2634 3947 2907 4011; x_wconf 88' lang='lat' dir='ltr'><strong>videntur,</strong></span> <span class='ocrx_word' id='word_1_588' title='bbox 2961 3945 3217 4008; x_wconf 89' lang='lat' dir='ltr'><strong>deorum,</strong></span> <span class='ocrx_word' id='word_1_589' title='bbox 3270 3953 3457 3998; x_wconf 81' lang='lat' dir='ltr'><strong>revera</strong></span> <span class='ocrx_word' id='word_1_590' title='bbox 3485 3940 3647 3989; x_wconf 87' lang='lat' dir='ltr'><strong>autem</strong></span> <span class='ocrx_word' id='word_1_591' title='bbox 3670 3923 3755 3977; x_wconf 70' lang='lat' dir='ltr'><strong>da-</strong></span> 
     </span>
    </p>
   </div>
   <div class='ocr_carea' id='block_1_86' title="bbox 2226 4023 3751 4110">
    <p class='ocr_par' dir='ltr' id='par_1_86' title="bbox 2226 4023 3751 4110">
     <span class='ocr_line' id='line_1_86' title="bbox 2226 4023 3751 4110; baseline -0.015 -14"><span class='ocrx_word' id='word_1_592' title='bbox 2226 4055 2476 4096; x_wconf 86' lang='lat' dir='ltr'><strong>monnm.</strong></span> <span class='ocrx_word' id='word_1_593' title='bbox 2539 4039 2642 4110; x_wconf 86' lang='lat' dir='ltr'><strong>Ipsi</strong></span> <span class='ocrx_word' id='word_1_594' title='bbox 2698 4038 2849 4094; x_wconf 90' lang='lat' dir='ltr'><strong>enim</strong></span> <span class='ocrx_word' id='word_1_595' title='bbox 2900 4051 2998 4108; x_wconf 88' lang='lat' dir='ltr'><strong>per</strong></span> <span class='ocrx_word' id='word_1_596' title='bbox 3049 4034 3339 4090; x_wconf 78' lang='lat' dir='ltr'><strong>fabulosos</strong></span> <span class='ocrx_word' id='word_1_597' title='bbox 3385 4034 3642 4086; x_wconf 84' lang='lat' dir='ltr'><strong>sermones</strong></span> <span class='ocrx_word' id='word_1_598' title='bbox 3678 4023 3751 4067; x_wconf 72' lang='lat' dir='ltr'><strong>eos</strong></span> 
     </span>
    </p>
   </div>
   <div class='ocr_carea' id='block_1_87' title="bbox 2225 4115 3750 4198">
    <p class='ocr_par' dir='ltr' id='par_1_87' title="bbox 2225 4115 3750 4198">
     <span class='ocr_line' id='line_1_87' title="bbox 2225 4115 3750 4198; baseline -0.02 -11"><span class='ocrx_word' id='word_1_599' title='bbox 2225 4139 2574 4195; x_wconf 81' lang='lat' dir='ltr'><strong>creaverunt,</strong></span> <span class='ocrx_word' id='word_1_600' title='bbox 2620 4140 2811 4198; x_wconf 88' lang='lat' dir='ltr'><strong>atque,</strong></span> <span class='ocrx_word' id='word_1_601' title='bbox 2847 4136 2907 4183; x_wconf 92' lang='lat' dir='ltr'><strong>ut</strong></span> <span class='ocrx_word' id='word_1_602' title='bbox 2933 4124 3284 4181; x_wconf 84' lang='lat' dir='ltr'><strong>daemonibus</strong></span> <span class='ocrx_word' id='word_1_603' title='bbox 3327 4121 3544 4176; x_wconf 87' lang='lat' dir='ltr'><strong>deorum</strong></span> <span class='ocrx_word' id='word_1_604' title='bbox 3589 4115 3750 4164; x_wconf 74' lang='lat' dir='ltr'><strong>nomen</strong></span> 
     </span>
    </p>
   </div>
   <div class='ocr_carea' id='block_1_88' title="bbox 534 4199 3751 4287">
    <p class='ocr_par' dir='ltr' id='par_1_88' title="bbox 534 4199 3751 4287">
     <span class='ocr_line' id='line_1_88' title="bbox 534 4199 3751 4287; baseline -0.004 -18"><span class='ocrx_word' id='word_1_605' title='bbox 534 4224 699 4284; x_wconf 88' lang='lat' dir='ltr'><strong>atque</strong></span> <span class='ocrx_word' id='word_1_606' title='bbox 725 4218 940 4274; x_wconf 88' lang='lat' dir='ltr'><strong>abditas</strong></span> <span class='ocrx_word' id='word_1_607' title='bbox 978 4218 1199 4277; x_wconf 90' lang='lat' dir='ltr'><strong>inutiles</strong></span> <span class='ocrx_word' id='word_1_608' title='bbox 1244 4199 1531 4281; x_wconf 81' lang='lat' dir='ltr'><strong>habemus.</strong></span> <span class='ocrx_word' id='word_1_609' title='bbox 1568 4223 1649 4283; x_wconf 89' lang='lat' dir='ltr'><strong>Ne</strong></span> <span class='ocrx_word' id='word_1_610' title='bbox 1688 4228 1935 4283; x_wconf 90' lang='lat' dir='ltr'><strong>colorum</strong></span> <span class='ocrx_word' id='word_1_611' title='bbox 1978 4230 2116 4285; x_wconf 88' lang='lat' dir='ltr'><strong>arti-</strong></span> <span class='ocrx_word' id='word_1_612' title='bbox 2149 4216 2194 4273; x_wconf 77' lang='grc'><strong>1)</strong></span> <span class='ocrx_word' id='word_1_613' title='bbox 2225 4224 2577 4287; x_wconf 89' lang='lat' dir='ltr'><strong>tribueretur,</strong></span> <span class='ocrx_word' id='word_1_614' title='bbox 2611 4230 2862 4277; x_wconf 83' lang='lat' dir='ltr'><strong>auctores</strong></span> <span class='ocrx_word' id='word_1_615' title='bbox 2893 4218 3247 4276; x_wconf 77' lang='lat' dir='ltr'><strong>exatiterunt.</strong></span> <span class='ocrx_word' id='word_1_616' title='bbox 3280 4214 3346 4269; x_wconf 87' lang='lat' dir='ltr'><strong>Et</strong></span> <span class='ocrx_word' id='word_1_617' title='bbox 3378 4204 3661 4268; x_wconf 82' lang='lat' dir='ltr'><strong>sacerdotes</strong></span> <span class='ocrx_word' id='word_1_618' title='bbox 3686 4199 3751 4245; x_wconf 70' lang='lat' dir='ltr'><strong>al‘</strong></span> 
     </span>
    </p>
   </div>
   <div class='ocr_carea' id='block_1_89' title="bbox 535 4306 2118 4378">
    <p class='ocr_par' dir='ltr' id='par_1_89' title="bbox 535 4306 2118 4378">
     <span class='ocr_line' id='line_1_89' title="bbox 535 4306 2118 4378; baseline 0.011 -18"><span class='ocrx_word' id='word_1_619' title='bbox 535 4306 678 4363; x_wconf 85' lang='lat' dir='ltr'><strong>ﬁciis</strong></span> <span class='ocrx_word' id='word_1_620' title='bbox 706 4318 949 4371; x_wconf 88' lang='lat' dir='ltr'><strong>utamur.</strong></span> <span class='ocrx_word' id='word_1_621' title='bbox 1008 4312 1180 4368; x_wconf 78' lang='lat' dir='ltr'><strong>iacies</strong></span> <span class='ocrx_word' id='word_1_622' title='bbox 1231 4326 1417 4371; x_wconf 90' lang='lat' dir='ltr'><strong>nostra</strong></span> <span class='ocrx_word' id='word_1_623' title='bbox 1463 4332 1687 4374; x_wconf 90' lang='lat' dir='ltr'><strong>cerussa</strong></span> <span class='ocrx_word' id='word_1_624' title='bbox 1733 4330 1787 4374; x_wconf 90' lang='lat' dir='ltr'><strong>et</strong></span> <span class='ocrx_word' id='word_1_625' title='bbox 1811 4319 1937 4374; x_wconf 88' lang='lat' dir='ltr'><strong>l&#39;uco</strong></span> <span class='ocrx_word' id='word_1_626' title='bbox 1964 4321 2118 4378; x_wconf 87' lang='lat' dir='ltr'><strong>aliis-</strong></span> 
     </span>
    </p>
   </div>
   <div class='ocr_carea' id='block_1_90' title="bbox 532 4402 2119 4478">
    <p class='ocr_par' dir='ltr' id='par_1_90' title="bbox 532 4402 2119 4478">
     <span class='ocr_line' id='line_1_90' title="bbox 532 4402 2119 4478; baseline 0.01 -28"><span class='ocrx_word' id='word_1_627' title='bbox 532 4412 643 4467; x_wconf 90' lang='lat' dir='ltr'><strong>que</strong></span> <span class='ocrx_word' id='word_1_628' title='bbox 671 4402 996 4458; x_wconf 90' lang='lat' dir='ltr'><strong>meretriciis</strong></span> <span class='ocrx_word' id='word_1_629' title='bbox 1029 4418 1093 4460; x_wconf 88' lang='lat' dir='ltr'><strong>ac</strong></span> <span class='ocrx_word' id='word_1_630' title='bbox 1138 4404 1443 4461; x_wconf 88' lang='lat' dir='ltr'><strong>libidinosis</strong></span> <span class='ocrx_word' id='word_1_631' title='bbox 1496 4409 1790 4478; x_wconf 75' lang='lat' dir='ltr'><strong>unguentis</strong></span> <span class='ocrx_word' id='word_1_632' title='bbox 1845 4409 2119 4468; x_wconf 82' lang='lat' dir='ltr'><strong>frictioni-</strong></span> 
     </span>
    </p>
   </div>
   <div class='ocr_carea' id='block_1_91' title="bbox 532 4489 2117 4570">
    <p class='ocr_par' dir='ltr' id='par_1_91' title="bbox 532 4489 2117 4570">
     <span class='ocr_line' id='line_1_91' title="bbox 532 4489 2117 4570; baseline 0.009 -28"><span class='ocrx_word' id='word_1_633' title='bbox 532 4489 748 4560; x_wconf 89' lang='lat' dir='ltr'><strong>busque</strong></span> <span class='ocrx_word' id='word_1_634' title='bbox 776 4492 1158 4564; x_wconf 73' lang='lat' dir='ltr'><strong>depingentes,</strong></span> <span class='ocrx_word' id='word_1_635' title='bbox 1208 4514 1331 4567; x_wconf 63' lang='lat' dir='ltr'><strong>quae</strong></span> <span class='ocrx_word' id='word_1_636' title='bbox 1374 4498 1617 4555; x_wconf 87' lang='lat' dir='ltr'><strong>nativam</strong></span> <span class='ocrx_word' id='word_1_637' title='bbox 1654 4502 2117 4570; x_wconf 86' lang='lat' dir='ltr'><strong>pulchritudinem</strong></span> 
     </span>
    </p>
   </div>
   <div class='ocr_carea' id='block_1_92' title="bbox 531 4582 2115 4660">
    <p class='ocr_par' dir='ltr' id='par_1_92' title="bbox 531 4582 2115 4660">
     <span class='ocr_line' id='line_1_92' title="bbox 531 4582 2115 4660; baseline 0.009 -26"><span class='ocrx_word' id='word_1_638' title='bbox 531 4582 927 4650; x_wconf 83' lang='lat' dir='ltr'><strong>ementiuntur,</strong></span> <span class='ocrx_word' id='word_1_639' title='bbox 975 4585 1280 4642; x_wconf 88' lang='lat' dir='ltr'><strong>imitatione</strong></span> <span class='ocrx_word' id='word_1_640' title='bbox 1313 4591 1548 4658; x_wconf 89' lang='lat' dir='ltr'><strong>quadam</strong></span> <span class='ocrx_word' id='word_1_641' title='bbox 1588 4590 1761 4660; x_wconf 84' lang='lat' dir='ltr'><strong>ipsam</strong></span> <span class='ocrx_word' id='word_1_642' title='bbox 1801 4593 2115 4660; x_wconf 82' lang='lat' dir='ltr'><strong>referentia,</strong></span> 
     </span>
    </p>
   </div>
   <div class='ocr_carea' id='block_1_93' title="bbox 532 4677 2120 4749">
    <p class='ocr_par' dir='ltr' id='par_1_93' title="bbox 532 4677 2120 4749">
     <span class='ocr_line' id='line_1_93' title="bbox 532 4677 2120 4749; baseline 0.012 -25"><span class='ocrx_word' id='word_1_643' title='bbox 532 4682 696 4743; x_wconf 90' lang='lat' dir='ltr'><strong>atque</strong></span> <span class='ocrx_word' id='word_1_644' title='bbox 728 4677 994 4733; x_wconf 86' lang='lat' dir='ltr'><strong>adversus</strong></span> <span class='ocrx_word' id='word_1_645' title='bbox 1023 4680 1319 4749; x_wconf 79' lang='lat' dir='ltr'><strong>imaginem</strong></span> <span class='ocrx_word' id='word_1_646' title='bbox 1343 4682 1585 4738; x_wconf 84' lang='lat' dir='ltr'><strong>divinam</strong></span> <span class='ocrx_word' id='word_1_647' title='bbox 1614 4685 1911 4743; x_wconf 87' lang='lat' dir='ltr'><strong>adinveuta</strong></span> <span class='ocrx_word' id='word_1_648' title='bbox 1936 4697 1991 4742; x_wconf 88' lang='lat' dir='ltr'><strong>et</strong></span> <span class='ocrx_word' id='word_1_649' title='bbox 2019 4704 2120 4743; x_wconf 82' lang='lat' dir='ltr'><strong>cx-</strong></span> 
     </span>
    </p>
   </div>
   <div class='ocr_carea' id='block_1_94' title="bbox 531 4764 2114 4845">
    <p class='ocr_par' dir='ltr' id='par_1_94' title="bbox 531 4764 2114 4845">
     <span class='ocr_line' id='line_1_94' title="bbox 531 4764 2114 4845; baseline 0.011 -29"><span class='ocrx_word' id='word_1_650' title='bbox 531 4764 768 4833; x_wconf 82' lang='lat' dir='ltr'><strong>cogitata</strong></span> <span class='ocrx_word' id='word_1_651' title='bbox 798 4776 949 4820; x_wconf 91' lang='lat' dir='ltr'><strong>sunt.</strong></span> <span class='ocrx_word' id='word_1_652' title='bbox 986 4766 1205 4824; x_wconf 80' lang='lat' dir='ltr'><strong>Vultum</strong></span> <span class='ocrx_word' id='word_1_653' title='bbox 1235 4774 1380 4826; x_wconf 90' lang='lat' dir='ltr'><strong>enim</strong></span> <span class='ocrx_word' id='word_1_654' title='bbox 1407 4774 1745 4842; x_wconf 88' lang='lat' dir='ltr'><strong>oblitterant,</strong></span> <span class='ocrx_word' id='word_1_655' title='bbox 1767 4792 1833 4831; x_wconf 87' lang='lat' dir='ltr'><strong>ac</strong></span> <span class='ocrx_word' id='word_1_656' title='bbox 1859 4775 2114 4845; x_wconf 82' lang='lat' dir='ltr'><strong>formam,</strong></span> 
     </span>
    </p>
   </div>
   <div class='ocr_carea' id='block_1_95' title="bbox 532 4856 2113 4939">
    <p class='ocr_par' dir='ltr' id='par_1_95' title="bbox 532 4856 2113 4939">
     <span class='ocr_line' id='line_1_95' title="bbox 532 4856 2113 4939; baseline 0.01 -31"><span class='ocrx_word' id='word_1_657' title='bbox 532 4871 699 4925; x_wconf 90' lang='lat' dir='ltr'><strong>quam</strong></span> <span class='ocrx_word' id='word_1_658' title='bbox 730 4856 1135 4924; x_wconf 49' lang='lat' dir='ltr'><strong>Deusﬁnaturaz</strong></span> <span class='ocrx_word' id='word_1_659' title='bbox 1150 4862 1349 4932; x_wconf 90' lang='lat' dir='ltr'><strong>pictor,</strong></span> <span class='ocrx_word' id='word_1_660' title='bbox 1386 4866 1543 4922; x_wconf 90' lang='lat' dir='ltr'><strong>nobis</strong></span> <span class='ocrx_word' id='word_1_661' title='bbox 1578 4866 1807 4935; x_wconf 79' lang='lat' dir='ltr'><strong>allinxit,</strong></span> <span class='ocrx_word' id='word_1_662' title='bbox 1833 4864 2113 4939; x_wconf 70' lang='lat' dir='ltr'><strong>obtcgurit.</strong></span> 
     </span>
    </p>
   </div>
   <div class='ocr_carea' id='block_1_96' title="bbox 532 4947 2117 5029">
    <p class='ocr_par' dir='ltr' id='par_1_96' title="bbox 532 4947 2117 5029">
     <span class='ocr_line' id='line_1_96' title="bbox 532 4947 2117 5029; baseline 0.011 -31"><span class='ocrx_word' id='word_1_663' title='bbox 532 4947 612 4999; x_wconf 80' lang='lat' dir='ltr'><strong>Ac</strong></span> <span class='ocrx_word' id='word_1_664' title='bbox 648 4958 911 5016; x_wconf 74' lang='lat' dir='ltr'><strong>praeterea</strong></span> <span class='ocrx_word' id='word_1_665' title='bbox 942 4948 1170 5008; x_wconf 85' lang='lat' dir='ltr'><strong>honeste</strong></span> <span class='ocrx_word' id='word_1_666' title='bbox 1208 4955 1576 5020; x_wconf 84' lang='lat' dir='ltr'><strong>ambulemus,</strong></span> <span class='ocrx_word' id='word_1_667' title='bbox 1627 4959 1772 5013; x_wconf 90' lang='lat' dir='ltr'><strong>sicut</strong></span> <span class='ocrx_word' id='word_1_668' title='bbox 1821 4960 2117 5029; x_wconf 83' lang='lat' dir='ltr'><strong>Apostolus</strong></span> 
     </span>
    </p>
   </div>
   <div class='ocr_carea' id='block_1_97' title="bbox 531 5041 2111 5118">
    <p class='ocr_par' dir='ltr' id='par_1_97' title="bbox 531 5041 2111 5118">
     <span class='ocr_line' id='line_1_97' title="bbox 531 5041 2111 5118; baseline 0.011 -27"><span class='ocrx_word' id='word_1_669' title='bbox 531 5041 779 5111; x_wconf 64' lang='lat' dir='ltr'><strong>praecipit</strong></span> <span class='ocrx_word' id='word_1_670' title='bbox 801 5042 870 5108; x_wconf 83' lang='grc'><strong>³⁸,</strong></span> <span class='ocrx_word' id='word_1_671' title='bbox 904 5060 1014 5099; x_wconf 90' lang='lat' dir='ltr'><strong>non</strong></span> <span class='ocrx_word' id='word_1_672' title='bbox 1037 5048 1090 5100; x_wconf 91' lang='lat' dir='ltr'><strong>in</strong></span> <span class='ocrx_word' id='word_1_673' title='bbox 1118 5049 1619 5105; x_wconf 89' lang='lat' dir='ltr'><strong>comessationibus</strong></span> <span class='ocrx_word' id='word_1_674' title='bbox 1646 5061 1701 5106; x_wconf 87' lang='lat' dir='ltr'><strong>et</strong></span> <span class='ocrx_word' id='word_1_675' title='bbox 1726 5053 2111 5118; x_wconf 86' lang='lat' dir='ltr'><strong>ebrietatibus,</strong></span> 
     </span>
    </p>
   </div>
   <div class='ocr_carea' id='block_1_98' title="bbox 532 5133 2109 5215">
    <p class='ocr_par' dir='ltr' id='par_1_98' title="bbox 532 5133 2109 5215">
     <span class='ocr_line' id='line_1_98' title="bbox 532 5133 2109 5215; baseline 0.01 -31"><span class='ocrx_word' id='word_1_676' title='bbox 532 5146 641 5185; x_wconf 89' lang='lat' dir='ltr'><strong>non</strong></span> <span class='ocrx_word' id='word_1_677' title='bbox 674 5133 728 5186; x_wconf 88' lang='lat' dir='ltr'><strong>in</strong></span> <span class='ocrx_word' id='word_1_678' title='bbox 761 5134 1033 5194; x_wconf 83' lang='lat' dir='ltr'><strong>cubilibus</strong></span> <span class='ocrx_word' id='word_1_679' title='bbox 1065 5148 1120 5193; x_wconf 89' lang='lat' dir='ltr'><strong>et</strong></span> <span class='ocrx_word' id='word_1_680' title='bbox 1155 5140 1540 5199; x_wconf 85' lang='lat' dir='ltr'><strong>immunditiis.</strong></span> <span class='ocrx_word' id='word_1_681' title='bbox 1599 5143 1885 5215; x_wconf 79' lang='lat' dir='ltr'><strong>Eleganter</strong></span> <span class='ocrx_word' id='word_1_682' title='bbox 1929 5154 2109 5199; x_wconf 89' lang='lat' dir='ltr'><strong>autem</strong></span> 
     </span>
    </p>
   </div>
   <div class='ocr_carea' id='block_1_99' title="bbox 531 5230 2111 5292">
    <p class='ocr_par' dir='ltr' id='par_1_99' title="bbox 531 5230 2111 5292">
     <span class='ocr_line' id='line_1_99' title="bbox 531 5230 2111 5292; baseline 0.011 -18"><span class='ocrx_word' id='word_1_683' title='bbox 531 5238 656 5275; x_wconf 87' lang='lat' dir='ltr'><strong>cum</strong></span> <span class='ocrx_word' id='word_1_684' title='bbox 719 5230 1216 5287; x_wconf 89' lang='lat' dir='ltr'><strong>comessationibus</strong></span> <span class='ocrx_word' id='word_1_685' title='bbox 1270 5246 1325 5289; x_wconf 87' lang='lat' dir='ltr'><strong>et</strong></span> <span class='ocrx_word' id='word_1_686' title='bbox 1380 5236 1739 5291; x_wconf 85' lang='lat' dir='ltr'><strong>ebrietatibus</strong></span> <span class='ocrx_word' id='word_1_687' title='bbox 1800 5238 2001 5291; x_wconf 86' lang='lat' dir='ltr'><strong>cubilia</strong></span> <span class='ocrx_word' id='word_1_688' title='bbox 2055 5249 2111 5292; x_wconf 90' lang='lat' dir='ltr'><strong>et</strong></span> 
     </span>
    </p>
   </div>
   <div class='ocr_carea' id='block_1_100' title="bbox 532 5313 2113 5389">
    <p class='ocr_par' dir='ltr' id='par_1_100' title="bbox 532 5313 2113 5389">
     <span class='ocr_line' id='line_1_100' title="bbox 532 5313 2113 5389; baseline 0.012 -26"><span class='ocrx_word' id='word_1_689' title='bbox 532 5313 913 5372; x_wconf 89' lang='lat' dir='ltr'><strong>immunditias</strong></span> <span class='ocrx_word' id='word_1_690' title='bbox 970 5321 1300 5389; x_wconf 72' lang='lat' dir='ltr'><strong>conjunvit:</strong></span> <span class='ocrx_word' id='word_1_691' title='bbox 1361 5342 1426 5381; x_wconf 76' lang='lat' dir='ltr'><strong>ex</strong></span> <span class='ocrx_word' id='word_1_692' title='bbox 1485 5328 1594 5383; x_wconf 88' lang='lat' dir='ltr'><strong>illis</strong></span> <span class='ocrx_word' id='word_1_693' title='bbox 1642 5329 1787 5383; x_wconf 90' lang='lat' dir='ltr'><strong>enim</strong></span> <span class='ocrx_word' id='word_1_694' title='bbox 1841 5330 1956 5382; x_wconf 68' lang='lat' dir='ltr'><strong>haec</strong></span> <span class='ocrx_word' id='word_1_695' title='bbox 2013 5345 2113 5382; x_wconf 85' lang='lat' dir='ltr'><strong>na-</strong></span> 
     </span>
    </p>
   </div>
   <div class='ocr_carea' id='block_1_101' title="bbox 531 5407 2112 5478">
    <p class='ocr_par' dir='ltr' id='par_1_101' title="bbox 531 5407 2112 5478">
     <span class='ocr_line' id='line_1_101' title="bbox 531 5407 2112 5478; baseline 0.009 -18"><span class='ocrx_word' id='word_1_696' title='bbox 531 5413 791 5460; x_wconf 89' lang='lat' dir='ltr'><strong>scuntur.</strong></span> <span class='ocrx_word' id='word_1_697' title='bbox 852 5407 1206 5468; x_wconf 89' lang='lat' dir='ltr'><strong>Comessator</strong></span> <span class='ocrx_word' id='word_1_698' title='bbox 1259 5420 1404 5471; x_wconf 89' lang='lat' dir='ltr'><strong>enim</strong></span> <span class='ocrx_word' id='word_1_699' title='bbox 1456 5434 1522 5474; x_wconf 85' lang='lat' dir='ltr'><strong>ac</strong></span> <span class='ocrx_word' id='word_1_700' title='bbox 1573 5421 1901 5478; x_wconf 88' lang='lat' dir='ltr'><strong>temulentus</strong></span> <span class='ocrx_word' id='word_1_701' title='bbox 1931 5420 2112 5477; x_wconf 89' lang='lat' dir='ltr'><strong>cubile</strong></span> 
     </span>
    </p>
   </div>
   <div class='ocr_carea' id='block_1_102' title="bbox 533 5559 1032 5630">
    <p class='ocr_par' dir='ltr' id='par_1_102' title="bbox 533 5559 1032 5630">
     <span class='ocr_line' id='line_1_102' title="bbox 533 5559 1032 5630; baseline 0.008 -14"><span class='ocrx_word' id='word_1_702' title='bbox 533 5559 580 5594; x_wconf 83' lang='grc'><strong><em>³⁸</em></strong></span> <span class='ocrx_word' id='word_1_703' title='bbox 602 5559 765 5617; x_wconf 78' lang='lat' dir='ltr'><strong>Rom.</strong></span> <span class='ocrx_word' id='word_1_704' title='bbox 798 5565 1032 5630; x_wconf 71' lang='lat' dir='ltr'><strong>xnt,13.</strong></span> 
     </span>
    </p>
   </div>
   <div class='ocr_carea' id='block_1_103' title="bbox 2220 4293 3748 4386">
    <p class='ocr_par' dir='ltr' id='par_1_103' title="bbox 2220 4293 3748 4386">
     <span class='ocr_line' id='line_1_103' title="bbox 2220 4293 3748 4386; baseline -0.031 -1"><span class='ocrx_word' id='word_1_705' title='bbox 2220 4331 2328 4386; x_wconf 80' lang='lat' dir='ltr'><strong>(lue</strong></span> <span class='ocrx_word' id='word_1_706' title='bbox 2353 4314 2649 4377; x_wconf 86' lang='lat' dir='ltr'><strong>antistites,</strong></span> <span class='ocrx_word' id='word_1_707' title='bbox 2698 4321 2883 4383; x_wconf 87' lang='lat' dir='ltr'><strong>utpote</strong></span> <span class='ocrx_word' id='word_1_708' title='bbox 2910 4313 3007 4383; x_wconf 88' lang='lat' dir='ltr'><strong>qui</strong></span> <span class='ocrx_word' id='word_1_709' title='bbox 3050 4307 3370 4381; x_wconf 75' lang='lat' dir='ltr'><strong>huiusmodi</strong></span> <span class='ocrx_word' id='word_1_710' title='bbox 3418 4293 3748 4386; x_wconf 83' lang='lat' dir='ltr'><strong>mysteriorum</strong></span> 
     </span>
    </p>
   </div>
   <div class='ocr_carea' id='block_1_104' title="bbox 2220 4385 3743 4490">
    <p class='ocr_par' dir='ltr' id='par_1_104' title="bbox 2220 4385 3743 4490">
     <span class='ocr_line' id='line_1_104' title="bbox 2220 4385 3743 4490; baseline 0.001 -37"><span class='ocrx_word' id='word_1_711' title='bbox 2220 4385 2367 4475; x_wconf 66' lang='lat' dir='ltr'><strong>apud</strong></span> <span class='ocrx_word' id='word_1_712' title='bbox 2419 4402 2823 4458; x_wconf 88' lang='lat' dir='ltr'><strong>multitudinem</strong></span> <span class='ocrx_word' id='word_1_713' title='bbox 2852 4401 3101 4473; x_wconf 78' lang='lat' dir='ltr'><strong>magistri</strong></span> <span class='ocrx_word' id='word_1_714' title='bbox 3132 4398 3266 4455; x_wconf 81' lang='lat' dir='ltr'><strong>lacti</strong></span> <span class='ocrx_word' id='word_1_715' title='bbox 3291 4399 3401 4454; x_wconf 89' lang='lat' dir='ltr'><strong>sint</strong></span> <span class='ocrx_word' id='word_1_716' title='bbox 3430 4401 3516 4490; x_wconf 66' lang='lat' dir='ltr'><strong>:et</strong></span> 
     </span>
    </p>
   </div>
   <div class='ocr_carea' id='block_1_105' title="bbox 2221 4479 3748 4568">
    <p class='ocr_par' dir='ltr' id='par_1_105' title="bbox 2221 4479 3748 4568">
     <span class='ocr_line' id='line_1_105' title="bbox 2221 4479 3748 4568; baseline -0.016 -14"><span class='ocrx_word' id='word_1_717' title='bbox 2221 4498 2408 4554; x_wconf 62' lang='lat' dir='ltr'><strong>Graice</strong></span> <span class='ocrx_word' id='word_1_718' title='bbox 2435 4497 2659 4568; x_wconf 82' lang='grc' dir='ltr'><strong>μύσται,</strong></span> <span class='ocrx_word' id='word_1_719' title='bbox 2684 4509 2747 4551; x_wconf 86' lang='grc' dir='ltr'><strong>ιιι</strong></span> <span class='ocrx_word' id='word_1_720' title='bbox 2771 4505 2829 4551; x_wconf 90' lang='lat' dir='ltr'><strong>at</strong></span> <span class='ocrx_word' id='word_1_721' title='bbox 2854 4496 2990 4566; x_wconf 87' lang='lat' dir='ltr'><strong>ipsis</strong></span> <span class='ocrx_word' id='word_1_722' title='bbox 3016 4492 3363 4551; x_wconf 63' lang='lat' dir='ltr'><strong>daemonibus</strong></span> <span class='ocrx_word' id='word_1_723' title='bbox 3393 4479 3596 4541; x_wconf 89' lang='lat' dir='ltr'><strong>initiati,</strong></span> <span class='ocrx_word' id='word_1_724' title='bbox 3619 4479 3748 4568; x_wconf 47' lang='lat' dir='ltr'><strong>aut“?</strong></span> 
     </span>
    </p>
   </div>
   <div class='ocr_carea' id='block_1_106' title="bbox 2227 4560 3746 4659">
    <p class='ocr_par' dir='ltr' id='par_1_106' title="bbox 2227 4560 3746 4659">
     <span class='ocr_line' id='line_1_106' title="bbox 2227 4560 3746 4659; baseline -0.02 -10"><span class='ocrx_word' id='word_1_725' title='bbox 2227 4560 2684 4649; x_wconf 41' lang='lat' dir='ltr'><strong>errore‘imbuti.</strong></span> <span class='ocrx_word' id='word_1_726' title='bbox 2724 4590 2796 4644; x_wconf 81' lang='lat' dir='ltr'><strong>At</strong></span> <span class='ocrx_word' id='word_1_727' title='bbox 2834 4560 2958 4655; x_wconf 81' lang='lat' dir='ltr'><strong>nos,</strong></span> <span class='ocrx_word' id='word_1_728' title='bbox 3008 4589 3105 4659; x_wconf 90' lang='lat' dir='ltr'><strong>qui</strong></span> <span class='ocrx_word' id='word_1_729' title='bbox 3142 4585 3402 4646; x_wconf 89' lang='lat' dir='ltr'><strong>Verbum,</strong></span> <span class='ocrx_word' id='word_1_730' title='bbox 3455 4575 3505 4632; x_wconf 88' lang='lat' dir='ltr'><strong>id</strong></span> <span class='ocrx_word' id='word_1_731' title='bbox 3547 4576 3635 4628; x_wconf 89' lang='lat' dir='ltr'><strong>est,</strong></span> <span class='ocrx_word' id='word_1_732' title='bbox 3675 4560 3746 4614; x_wconf 70' lang='grc' dir='ltr'><strong>θεῖ</strong></span> 
     </span>
    </p>
   </div>
   <div class='ocr_carea' id='block_1_107' title="bbox 2222 4663 3742 4759">
    <p class='ocr_par' dir='ltr' id='par_1_107' title="bbox 2222 4663 3742 4759">
     <span class='ocr_line' id='line_1_107' title="bbox 2222 4663 3742 4759; baseline -0.022 -19"><span class='ocrx_word' id='word_1_733' title='bbox 2222 4685 2424 4740; x_wconf 85' lang='lat' dir='ltr'><strong>Filium</strong></span> <span class='ocrx_word' id='word_1_734' title='bbox 2456 4684 2689 4759; x_wconf 67' lang='lat' dir='ltr'><strong>colimus</strong></span> <span class='ocrx_word' id='word_1_735' title='bbox 2718 4693 2774 4738; x_wconf 90' lang='lat' dir='ltr'><strong>et</strong></span> <span class='ocrx_word' id='word_1_736' title='bbox 2801 4683 3118 4745; x_wconf 86' lang='lat' dir='ltr'><strong>adoramus,</strong></span> <span class='ocrx_word' id='word_1_737' title='bbox 3151 4679 3206 4734; x_wconf 84' lang='lat' dir='ltr'><strong>in</strong></span> <span class='ocrx_word' id='word_1_738' title='bbox 3238 4677 3420 4735; x_wconf 88' lang='lat' dir='ltr'><strong>verbis</strong></span> <span class='ocrx_word' id='word_1_739' title='bbox 3454 4663 3742 4759; x_wconf 71' lang='lat' dir='ltr'><strong>delieiemur.</strong></span> 
     </span>
    </p>
   </div>
   <div class='ocr_carea' id='block_1_108' title="bbox 2224 4749 3742 4847">
    <p class='ocr_par' dir='ltr' id='par_1_108' title="bbox 2224 4749 3742 4847">
     <span class='ocr_line' id='line_1_108' title="bbox 2224 4749 3742 4847; baseline -0.014 -13"><span class='ocrx_word' id='word_1_740' title='bbox 2224 4779 2270 4833; x_wconf 89' lang='lat' dir='ltr'><strong>si</strong></span> <span class='ocrx_word' id='word_1_741' title='bbox 2298 4777 2465 4834; x_wconf 82' lang='lat' dir='ltr'><strong>modo</strong></span> <span class='ocrx_word' id='word_1_742' title='bbox 2494 4749 2792 4847; x_wconf 75' lang='lat' dir='ltr'><strong>quidquam</strong></span> <span class='ocrx_word' id='word_1_743' title='bbox 2822 4774 3037 4829; x_wconf 90' lang='lat' dir='ltr'><strong>deliciis</strong></span> <span class='ocrx_word' id='word_1_744' title='bbox 3067 4770 3414 4828; x_wconf 89' lang='lat' dir='ltr'><strong>tribuendum</strong></span> <span class='ocrx_word' id='word_1_745' title='bbox 3438 4768 3536 4824; x_wconf 86' lang='lat' dir='ltr'><strong>est,</strong></span> <span class='ocrx_word' id='word_1_746' title='bbox 3558 4757 3646 4809; x_wconf 76' lang='lat' dir='ltr'><strong>hoc</strong></span> <span class='ocrx_word' id='word_1_747' title='bbox 3661 4749 3742 4801; x_wconf 64' lang='lat'><strong>95&quot;</strong></span> 
     </span>
    </p>
   </div>
   <div class='ocr_carea' id='block_1_109' title="bbox 2223 4852 3740 4935">
    <p class='ocr_par' dir='ltr' id='par_1_109' title="bbox 2223 4852 3740 4935">
     <span class='ocr_line' id='line_1_109' title="bbox 2223 4852 3740 4935; baseline 0.001 -10"><span class='ocrx_word' id='word_1_748' title='bbox 2223 4870 2277 4925; x_wconf 92' lang='lat' dir='ltr'><strong>in</strong></span> <span class='ocrx_word' id='word_1_749' title='bbox 2307 4883 2564 4926; x_wconf 89' lang='lat' dir='ltr'><strong>sermone</strong></span> <span class='ocrx_word' id='word_1_750' title='bbox 2620 4868 2688 4922; x_wconf 89' lang='lat' dir='ltr'><strong>de</strong></span> <span class='ocrx_word' id='word_1_751' title='bbox 2719 4865 2831 4923; x_wconf 89' lang='lat' dir='ltr'><strong>Deo</strong></span> <span class='ocrx_word' id='word_1_752' title='bbox 2854 4875 2909 4921; x_wconf 91' lang='lat' dir='ltr'><strong>et</strong></span> <span class='ocrx_word' id='word_1_753' title='bbox 2939 4864 3148 4922; x_wconf 85' lang='lat' dir='ltr'><strong>sanctis</strong></span> <span class='ocrx_word' id='word_1_754' title='bbox 3200 4861 3553 4935; x_wconf 67' lang='lat' dir='ltr'><strong>gravibusllue</strong></span> <span class='ocrx_word' id='word_1_755' title='bbox 3587 4852 3740 4935; x_wconf 26' lang='lat' dir='ltr'><strong>“afri:</strong></span> 
     </span>
    </p>
   </div>
   <div class='ocr_carea' id='block_1_110' title="bbox 2223 4932 3737 5035">
    <p class='ocr_par' dir='ltr' id='par_1_110' title="bbox 2223 4932 3737 5035">
     <span class='ocr_line' id='line_1_110' title="bbox 2223 4932 3737 5035; baseline 0.005 -28"><span class='ocrx_word' id='word_1_756' title='bbox 2223 4960 2486 5026; x_wconf 76' lang='lat' dir='ltr'><strong>tionibus,</strong></span> <span class='ocrx_word' id='word_1_757' title='bbox 2533 4974 2767 5030; x_wconf 84' lang='lat' dir='ltr'><strong>quarum</strong></span> <span class='ocrx_word' id='word_1_758' title='bbox 2811 4958 2867 5012; x_wconf 91' lang='lat' dir='ltr'><strong>in</strong></span> <span class='ocrx_word' id='word_1_759' title='bbox 2914 4970 3143 5012; x_wconf 87' lang='lat' dir='ltr'><strong>numero</strong></span> <span class='ocrx_word' id='word_1_760' title='bbox 3195 4932 3361 5025; x_wconf 76' lang='lat' dir='ltr'><strong>bujus</strong></span> <span class='ocrx_word' id='word_1_761' title='bbox 3402 4952 3602 5035; x_wconf 51' lang='lat' dir='ltr'><strong>quod“?</strong></span> 
     </span>
    </p>
   </div>
   <div class='ocr_carea' id='block_1_111' title="bbox 2217 5025 3736 5134">
    <p class='ocr_par' dir='ltr' id='par_1_111' title="bbox 2217 5025 3736 5134">
     <span class='ocr_line' id='line_1_111' title="bbox 2217 5025 3736 5134; baseline -0.016 -24"><span class='ocrx_word' id='word_1_762' title='bbox 2217 5055 2395 5111; x_wconf 87' lang='lat' dir='ltr'><strong>oratio</strong></span> <span class='ocrx_word' id='word_1_763' title='bbox 2442 5025 2752 5124; x_wconf 82' lang='lat' dir='ltr'><strong>reponenda</strong></span> <span class='ocrx_word' id='word_1_764' title='bbox 2801 5061 2909 5107; x_wconf 89' lang='lat' dir='ltr'><strong>est.</strong></span> <span class='ocrx_word' id='word_1_765' title='bbox 2960 5050 3177 5106; x_wconf 88' lang='lat' dir='ltr'><strong>Etenim</strong></span> <span class='ocrx_word' id='word_1_766' title='bbox 3220 5025 3736 5134; x_wconf 49' lang='lat' dir='ltr'><strong>sermonumdeli&#39;i&#39;:</strong></span> 
     </span>
    </p>
   </div>
   <div class='ocr_carea' id='block_1_112' title="bbox 2219 5123 3733 5227">
    <p class='ocr_par' dir='ltr' id='par_1_112' title="bbox 2219 5123 3733 5227">
     <span class='ocr_line' id='line_1_112' title="bbox 2219 5123 3733 5227; baseline -0.012 -25"><span class='ocrx_word' id='word_1_767' title='bbox 2219 5157 2359 5217; x_wconf 68' lang='lat' dir='ltr'><strong>apta:</strong></span> <span class='ocrx_word' id='word_1_768' title='bbox 2397 5157 2450 5202; x_wconf 89' lang='lat' dir='ltr'><strong>et</strong></span> <span class='ocrx_word' id='word_1_769' title='bbox 2480 5123 2851 5216; x_wconf 74' lang='lat' dir='ltr'><strong>congruentes</strong></span> <span class='ocrx_word' id='word_1_770' title='bbox 2902 5143 3101 5199; x_wconf 77' lang='lat' dir='ltr'><strong>futura:</strong></span> <span class='ocrx_word' id='word_1_771' title='bbox 3132 5150 3280 5205; x_wconf 89' lang='lat' dir='ltr'><strong>sunt,</strong></span> <span class='ocrx_word' id='word_1_772' title='bbox 3334 5145 3445 5192; x_wconf 90' lang='lat' dir='ltr'><strong>tum</strong></span> <span class='ocrx_word' id='word_1_773' title='bbox 3475 5123 3733 5227; x_wconf 33' lang='lat' dir='ltr'><strong>uoltis-‘3‘:</strong></span> 
     </span>
    </p>
   </div>
   <div class='ocr_carea' id='block_1_113' title="bbox 2214 5213 3732 5338">
    <p class='ocr_par' dir='ltr' id='par_1_113' title="bbox 2214 5213 3732 5338">
     <span class='ocr_line' id='line_1_113' title="bbox 2214 5213 3732 5338; baseline -0.003 -43"><span class='ocrx_word' id='word_1_774' title='bbox 2214 5213 2473 5309; x_wconf 79' lang='lat' dir='ltr'><strong>loquendi</strong></span> <span class='ocrx_word' id='word_1_775' title='bbox 2526 5213 2783 5293; x_wconf 74' lang='lat' dir='ltr'><strong>facultate</strong></span> <span class='ocrx_word' id='word_1_776' title='bbox 2832 5236 3045 5306; x_wconf 66' lang='lat' dir='ltr'><strong>praediti</strong></span> <span class='ocrx_word' id='word_1_777' title='bbox 3076 5250 3289 5315; x_wconf 74' lang='lat' dir='ltr'><strong>sumus,</strong></span> <span class='ocrx_word' id='word_1_778' title='bbox 3343 5213 3732 5338; x_wconf 90' lang='lat' dir='ltr'><strong>tum</strong></span> 
     </span>
    </p>
   </div>
   <div class='ocr_carea' id='block_1_114' title="bbox 2219 5306 3712 5398">
    <p class='ocr_par' dir='ltr' id='par_1_114' title="bbox 2219 5306 3712 5398">
     <span class='ocr_line' id='line_1_114' title="bbox 2219 5306 3712 5398; baseline -0.03 1"><span class='ocrx_word' id='word_1_779' title='bbox 2219 5306 2399 5383; x_wconf 45' lang='lat' dir='ltr'><strong>vel!”</strong></span> <span class='ocrx_word' id='word_1_780' title='bbox 2427 5328 2483 5384; x_wconf 77' lang='grc' dir='ltr'>ει</span> <span class='ocrx_word' id='word_1_781' title='bbox 2507 5326 2641 5389; x_wconf 69' lang='grc' dir='ltr'><strong>θεον</strong></span> <span class='ocrx_word' id='word_1_782' title='bbox 2684 5328 2776 5398; x_wconf 87' lang='lat' dir='ltr'><strong>qui</strong></span> <span class='ocrx_word' id='word_1_783' title='bbox 2806 5342 2908 5382; x_wconf 87' lang='lat' dir='ltr'><strong>nos</strong></span> <span class='ocrx_word' id='word_1_784' title='bbox 2939 5326 3006 5381; x_wconf 84' lang='lat' dir='ltr'><strong>ad</strong></span> <span class='ocrx_word' id='word_1_785' title='bbox 3042 5306 3238 5381; x_wconf 78' lang='lat' dir='ltr'><strong>festum</strong></span> <span class='ocrx_word' id='word_1_786' title='bbox 3272 5333 3423 5378; x_wconf 86' lang='lat' dir='ltr'><strong>suum</strong></span> <span class='ocrx_word' id='word_1_787' title='bbox 3466 5306 3712 5398; x_wconf 58' lang='lat' dir='ltr'><strong>convot‘ﬂ‘l</strong></span> 
     </span>
    </p>
   </div>
   <div class='ocr_carea' id='block_1_115' title="bbox 2218 5396 3727 5491">
    <p class='ocr_par' dir='ltr' id='par_1_115' title="bbox 2218 5396 3727 5491">
     <span class='ocr_line' id='line_1_115' title="bbox 2218 5396 3727 5491; baseline -0.019 -14"><span class='ocrx_word' id='word_1_788' title='bbox 2218 5429 2382 5491; x_wconf 86' lang='lat' dir='ltr'><strong>atque</strong></span> <span class='ocrx_word' id='word_1_789' title='bbox 2414 5396 2789 5490; x_wconf 71' lang='lat' dir='ltr'><strong>congregavit.</strong></span> <span class='ocrx_word' id='word_1_790' title='bbox 2828 5420 2911 5471; x_wconf 74' lang='lat' dir='ltr'><strong>An</strong></span> <span class='ocrx_word' id='word_1_791' title='bbox 2942 5418 3128 5483; x_wconf 88' lang='lat' dir='ltr'><strong>vultis,</strong></span> <span class='ocrx_word' id='word_1_792' title='bbox 3165 5427 3222 5471; x_wconf 91' lang='lat' dir='ltr'><strong>ut</strong></span> <span class='ocrx_word' id='word_1_793' title='bbox 3251 5409 3492 5485; x_wconf 78' lang='lat' dir='ltr'><strong>quoniam</strong></span> <span class='ocrx_word' id='word_1_794' title='bbox 3522 5409 3606 5467; x_wconf 71' lang='lat' dir='ltr'><strong>ego</strong></span> <span class='ocrx_word' id='word_1_795' title='bbox 3632 5396 3727 5441; x_wconf 68' lang='lat' dir='ltr'><strong>W&#39;</strong></span> 
     </span>
    </p>
   </div>
  </div>
