4032 6198
283 143 417 207 1189

1163 138 1484 199 NICE'I‘AS
1520 139 1601 200 IN
1644 139 1864 200 ORAT.
1910 140 2214 202 XXXVIII
2257 140 2316 199 S.
2359 139 2592 201 GliEG.

3408 145 3543 213 li90

279 254 541 310 vivatoris
570 261 751 323 partes
783 251 942 312 obco,
992 249 1332 317 spiritualem
1372 250 1660 303 verborum
1708 262 1861 302 men-
1894 261 1937 312 Α
1969 248 2261 302 essentiam
2295 248 2347 301 in
2380 248 2560 318 seipso
2590 246 2987 316 complectitur.
3026 247 3138 321 Ego
3164 253 3333 319 enim,
3370 256 3545 325 inquit

278 365 397 404 sam
435 348 658 417 cepiose
696 344 850 398 vobis
880 340 1277 412 magnillceqne
1322 342 1589 397 iustruam
1628 358 1642 395 :
1682 351 1742 396 ut
1770 342 1855 394 in-

278 442 558 513 telligatis,
591 454 699 508 quo
726 435 884 490 modo
908 450 1025 499 vos,
1048 434 1684 502 Constantinopolitanos
1712 433 1859 486 cives

279 543 448 603 atque
491 532 800 600 indigenas,
832 537 886 583 et
911 528 1176 591 urbanos,
1212 536 1265 582 et
1302 525 1617 581 deliciarum
1650 524 1861 579 studio-

278 639 394 686 sos,
446 622 762 688 divitiisque
792 619 1148 688 conspicuos,
1199 631 1298 686 ego
1326 618 1471 671 alere
1497 631 1715 688 queam,
1765 614 1857 685 qui

276 732 342 770 ex
404 714 507 767 alia
558 712 779 781 regione
820 711 928 764 huc
968 709 1035 763 ad
1088 723 1182 762 vos
1216 722 1438 778 peregre
1480 708 1709 771 accessi,
1764 707 1859 776 qui

281 807 425 860 ruris
456 803 905 872 tranquillitatem
934 801 1085 869 prius
1115 799 1508 869 amplectebar,
1535 799 1626 868 qui
1649 798 1859 853 deliciis

277 911 631 967 nequaquam
668 894 947 961 indulgeo,
978 892 1071 947 sed
1104 892 1156 945 in
1192 899 1511 960 paupertate
1538 892 1703 945 vitam
1730 906 1857 962 ago,

278 1005 342 1044 ac
380 990 545 1043 domo
569 985 773 1041 careo?
829 983 962 1037 illud
1010 998 1174 1051 porro
1226 981 1508 1036 sciendum
1558 990 1663 1048 est,
1714 981 1859 1050 quod

278 1081 542 1152 ἄγροικος
590 1078 637 1132 is
684 1085 787 1140 est,
835 1077 927 1145 qui
978 1073 1091 1129 ruri
1146 1083 1309 1143 atque
1339 1073 1391 1126 in
1428 1073 1573 1143 agris
1611 1088 1857 1127 commo-

280 1182 433 1225 ratur
466 1186 480 1223 :
510 1169 767 1240 ἀγροῖκος
797 1177 978 1221 autem
1007 1166 1156 1220 rudis
1185 1166 1404 1235 ineptus
1438 1182 1500 1219 ac
1528 1164 1781 1220 stolidus.

351 1261 470 1315 Col.
490 1261 594 1315 518
613 1263 677 1313 Α.
706 1257 844 1312 Hinc
867 1268 1041 1312 autem
1064 1257 1336 1325 exordiar,
1356 1274 1417 1311 ac
1440 1274 1527 1312 vos
1543 1260 1859 1327 quwso,{etc.

281 1353 395 1423 Ego
424 1354 665 1421 quidem,
715 1351 913 1420 inquit,
948 1365 978 1404 a
1022 1349 1323 1406 divinitatis
1350 1349 1596 1404 doctrina
1644 1350 1858 1403 initium

281 1444 507 1499 dicendi
551 1440 770 1496 faciam.
819 1439 930 1496 Vos
964 1450 1169 1506 autem,
1222 1441 1558 1511 quicunque,
1607 1454 1693 1493 res
1729 1439 1860 1492 divi-

280 1551 381 1588 nas
409 1548 505 1604 pro
536 1533 746 1587 deliciis
780 1531 1014 1596 habetis,
1056 1531 1498 1602 quandoquidem
1551 1529 1728 1584 divina
1776 1538 1860 1582 est

1965 337 2273 409 Scriptura,
2334 338 2465 393 Sum
2517 340 2721 407 primus
2755 350 2805 394 et
2849 357 2939 411 ego
2983 354 3187 411 postea,
3224 354 3273 398 et
3316 358 3437 399 ante
3466 364 3547 402 me

1963 446 2066 483 non
2114 440 2190 483 est
2243 430 2383 482 alius
2415 428 2577 492 Deus,
2606 445 2696 482 nec
2722 439 2840 499 post
2865 446 2944 484 me
2977 432 3189 498 futurus
3220 435 3375 489 est".
3412 436 3545 489 Tota

1962 523 2105 576 enim
2163 523 2400 577 essentia
2453 524 2601 577 illius
2650 538 2749 577 nec
2783 525 3111 593 principium
3174 527 3404 590 habens,
3444 545 3545 583 nec

1960 616 2123 670 tinem
2178 614 2453 678 habitura.
2500 617 2661 685 quasi
2714 627 2924 671 vastum
2983 619 3258 688 quoddam
3316 622 3543 691 pelagus

1960 706 2212 761 essentia!
2264 719 2366 771 est,
2397 706 2723 761 immensum
2781 708 3003 777 quidem
3051 720 3107 764 et
3158 710 3455 779 inﬁnitum,
3489 723 3548 767 ut

1960 797 2232 867 principio
2266 812 2331 852 ac
2370 798 2477 852 line
2530 813 2726 855 carens
2761 817 2775 853 :
2807 803 3218 855 interminatum
3255 813 3462 868 autem,
3487 812 3546 857 ut

1963 904 2060 943 nec
2083 891 2226 952 loco,
2260 905 2359 944 nec
2384 890 2700 946 definitione
2733 892 2908 961 ipsius
2930 903 3183 948 naturam
3210 896 3544 960 declarante,

1962 980 2464 1050 circumscriptum.
2500 982 2644 1036 Dens
2700 985 2847 1037 enim
2893 1000 3110 1039 onmem
3163 986 3544 1054 cogitationem

1961 1072 2194 1135 excedit,
2232 1075 2492 1144 temporis
2527 1076 2766 1141 quidem,
2799 1087 2984 1146 utpote
3022 1078 3303 1133 infinitus:
3338 1092 3547 1135 natura:

1962 1173 2166 1228 autem,
2223 1171 2407 1233 utpote
2469 1166 2634 1221 nullis
2685 1169 2931 1224 terminis
2975 1168 3244 1224 inclusus.
3296 1171 3366 1223 At
3417 1184 3546 1225 vero

1964 1272 2120 1312 mens
2175 1257 2321 1313 haud
2367 1259 2681 1321 immerito,
2728 1269 2784 1312 ut
2844 1258 2939 1313 Dei
2974 1261 3177 1330 imago,
3225 1271 3545 1332 pertenuem

1971 1349 2264 1418 quamdam
2288 1359 2340 1405 et
2363 1352 2755 1420 perobscuram
2788 1356 3301 1423 contemplationem
3322 1357 3543 1427 accipit.

1963 1441 2331 1495 Adumbratur
2356 1449 2539 1496 autem
2571 1456 2752 1498 mente
2796 1444 2960 1510 Dens,
2993 1462 3100 1501 non
3132 1464 3196 1502 ex
3233 1450 3317 1503 his
3342 1466 3461 1519 quzc
3491 1454 3547 1503 in

1962 1531 2085 1600 ipso
2134 1541 2284 1599 sunt,
2326 1535 2420 1588 sed
2453 1534 2750 1608 qnzecirca
2783 1536 2957 1605 ipsum
3010 1548 3157 1601 sunt,
3198 1540 3250 1594 id
3291 1550 3397 1604 est,
3435 1558 3544 1594 non

281 1628 397 1682 lucc
428 1625 626 1689 oratio,
665 1639 765 1679 nec
801 1624 881 1679 fas
922 1634 1004 1679 est
1050 1624 1297 1694 impuros
1342 1623 1417 1687 id,
1470 1621 1614 1692 quod
1659 1635 1855 1690 purum
1890 1611 1930 1660 Β
1963 1638 2028 1677 ex
2070 1624 2286 1693 propria
2317 1636 2510 1679 natura
2564 1635 2618 1680 et
2667 1628 2907 1681 essentia
2940 1628 3062 1699 (nec
3106 1631 3252 1684 enim
3286 1632 3401 1701 ipsa
3435 1633 3546 1687 ullo

276 1728 382 1785 est,
418 1718 703 1788 attingere.
737 1731 873 1786 pura
906 1726 1087 1771 mente
1132 1725 1186 1770 et
1232 1731 1364 1769 aure
1409 1729 1527 1768 eam
1576 1712 1805 1781 excipite
1840 1730 1853 1766 :

279 1821 341 1865 ut
385 1811 507 1865 cibo
555 1823 662 1863 non
700 1818 987 1876 pereunte,
1038 1807 1131 1861 sed
1169 1816 1524 1877 permanente
1557 1802 1737 1858 satiati
1774 1814 1855 1857 at-

279 1918 386 1973 que
438 1901 640 1972 expleti
684 1899 999 1957 discedatis.
1046 1898 1215 1954 Porro
1268 1914 1370 1954 nec
1416 1898 1627 1967 prolixa
1684 1896 1857 1951 oratio

280 2002 471 2049 nostra
504 1992 687 2047 futura
723 2002 827 2057 est,
865 2006 932 2046 ne
977 1989 1320 2061 longitudine
1368 1989 1586 2042 tmdium
1636 1988 1808 2057 pariet
1842 2004 1854 2039 :

281 2100 384 2140 nec
409 2097 601 2139 manca
627 2093 681 2139 et
702 2083 1041 2153 imperfecta.
1064 2097 1134 2137 ne
1155 2080 1371 2135 defectu
1422 2094 1524 2133 suo
1550 2077 1856 2133 molestiam

280 2178 471 2232 afferat
523 2192 539 2228 :
588 2190 775 2230 verum
830 2190 984 2229 suam
1033 2174 1285 2228 virtutem
1338 2172 1593 2229 habitura
1638 2180 1744 2235 εει,
1800 2178 1858 2223 ut

280 2270 491 2326 sciiicet
539 2266 929 2338 compendiosa
979 2265 1143 2320 simul
1195 2272 1248 2319 et
1300 2264 1546 2319 absoluta
1582 2263 1672 2318 sit.
1721 2260 1857 2314 Illud

277 2369 459 2416 autem
512 2359 796 2414 sciendum
853 2354 1156 2410 divinitatis
1206 2354 1514 2409 doctrinam
1576 2353 1679 2407 hoc
1736 2352 1858 2405 loco

274 2451 638 2521 propositam,
686 2449 740 2503 in
779 2447 1019 2504 secunda
1071 2460 1292 2517 quoque
1336 2444 1583 2500 oratione
1615 2444 1683 2498 dc
1717 2442 1856 2497 festo

275 2542 503 2598 Pascha:
547 2541 740 2598 iisdem
785 2540 1010 2597 omnino
1056 2537 1235 2593 verbis
1266 2551 1579 2607 expressam
1612 2534 1801 2589 haberi
1840 2553 1853 2586 :

274 2652 340 2691 ac
364 2641 561 2691 merito
588 2635 833 2705 quidem.
866 2632 1081 2688 Etenim
1113 2631 1166 2686 in
1200 2648 1266 2686 eo
1303 2631 1573 2693 laborare.
1628 2638 1686 2682 ut
1735 2640 1858 2697 quae

274 2729 447 2787 semel
477 2728 781 2784 rectissime
815 2727 959 2782 dicta
991 2734 1138 2791 sunt,
1189 2738 1331 2778 nova
1365 2723 1635 2777 orationis
1680 2721 1854 2775 forma

273 2820 549 2888 enunties,
582 2827 930 2890 praepostera:
989 2816 1275 2887 cujusdam
1331 2812 1718 2870 ostentationis
1747 2820 1851 2865 cst.

1961 1718 2124 1770 modo
2199 1718 2590 1787 comprehendi
2665 1728 2830 1788 atque
2913 1721 3273 1792 intelligentia
3338 1726 3544 1794 percipi

1963 1817 2138 1877 potest
2165 1826 2176 1861 :
2210 1806 2226 1878 )
2249 1824 2434 1863 verum
2459 1826 2524 1863 ex
2558 1809 2793 1875 effectis,
2818 1810 2918 1867 hoc
2940 1822 3042 1876 est,
3064 1815 3352 1878 creaturis,
3381 1826 3545 1885 atque

1960 1915 2025 1953 ex
2073 1900 2467 1969 gubernatione
2528 1909 2709 1957 rerum
2751 1915 2806 1958 et
2838 1905 3199 1973 providentia.
3253 1906 3389 1961 Nam
3449 1924 3545 1976 per

1961 1991 2056 2045 Dei
2116 1993 2365 2048 actiones
2425 2002 2591 2064 atque
2655 2009 2818 2066 opera
2872 1998 3117 2053 subvecti
3145 2008 3200 2053 et
3228 2000 3280 2052 in
3310 2000 3544 2055 sublime

1961 2082 2127 2152 rapti,
2181 2099 2246 2140 ac
2293 2099 2389 2154 per
2437 2096 2720 2141 creaturas
2775 2086 3088 2143 Creatorem
3140 2090 3326 2147 animo
3361 2093 3545 2147 conci-

1960 2173 2192 2242 pientes,
2228 2174 2293 2228 ad
2335 2174 2597 2231 bonitatis
2647 2176 2821 2248 ipsius
2857 2187 2912 2232 et
2946 2180 3226 2249 sapientiae
3273 2183 3543 2251 cognitio-

1961 2281 2084 2319 nem
2112 2267 2461 2335 pervenimus
2485 2268 2613 2338 (lioc
2646 2269 2790 2324 enim
2822 2271 2887 2325 de
2913 2271 3023 2325 Deo
3053 2274 3309 2342 cognosci
3339 2283 3538 2344 potest,

1959 2360 2102 2428 quod
2162 2358 2307 2416 Dens
2353 2360 2611 2417 omnibus
2658 2363 2981 2419 mortalibus
3039 2365 3311 2437 patefecit)
3376 2376 3542 2437 atque

1959 2449 2123 2504 aliam
2155 2451 2392 2520 speciem
2419 2459 2473 2504 et
2500 2451 2949 2521 imaginationem
2977 2470 3040 2509 ex
3071 2455 3174 2509 alia
3200 2472 3260 2510 re
3284 2457 3351 2512 ad
3371 2474 3538 2513 unum

1962 2543 2204 2596 veritatis
2235 2542 2593 2598 simulacrum
2642 2560 2706 2599 ac
2757 2546 3172 2600 similitudinem
3207 2549 3537 2619 colligimus.

1960 2631 2418 2704 Quandoquidem
2470 2637 2776 2705 spiritualis
2808 2638 2947 2692 lucis
2985 2654 3048 2694 ac
3075 2639 3246 2695 divini
3278 2643 3531 2712 splendo«

1959 2725 2037 2778 ris
2060 2726 2371 2793 prtesentia,
2394 2734 2455 2779 ut
2483 2743 2714 2796 magnus
2738 2729 2791 2782 in
2825 2729 3025 2784 divinis
3057 2732 3221 2785 rebus
3248 2731 3541 2801 Dionysius

1961 2813 2231 2882 loquitur,
2263 2829 2480 2881 eorum,
2515 2819 2609 2886 qui
2641 2817 2955 2886 huiusmodi
2993 2821 3166 2890 gloria
3198 2830 3251 2876 et
3285 2834 3540 2877 contem-

272 2913 565 2983 Antiquior
611 2921 696 2968 est
744 2922 926 2967 autem
963 2911 1078 2966 lucc
1129 2910 1197 2964 de
1239 2909 1534 2963 Nativitate
1561 2906 1738 2961 oratio
1765 2920 1848 2969 ea,
1881 2944 1924 3000 ο
1962 2909 2196 2976 platione
2226 2910 2372 2979 digni
2409 2910 2574 2964 habiti
2598 2919 2747 2975 sunt,
2785 2921 3020 2967 mentem
3055 2929 3086 2968 a
3123 2915 3306 2970 multis
3337 2916 3541 2970 variis-

274 3023 439 3078 quam
475 3003 541 3061 de
570 3005 706 3060 festo
740 3004 962 3059 Pascha:
989 3001 1343 3074 conscripsit.
1380 3001 1503 3056 [lare
1532 2999 1676 3055 enim
1709 2998 1848 3067 apud

272 3094 804 3165 Constantinopolim
859 3094 1002 3149 edita
1059 3102 1141 3150 est
1173 3113 1188 3149 :
1224 3094 1315 3148 illa
1352 3104 1531 3147 autem
1560 3101 1850 3162 postquam

275 3201 338 3242 se
365 3185 821 3255 archiepiscopali
856 3184 1077 3250 throno,
1111 3192 1171 3262 ut
1202 3182 1411 3251 ferunt,
1447 3183 1777 3237 abdicasset.

348 3277 487 3332 Ibid.
515 3276 575 3331 D.
621 3277 784 3342 Deus,
827 3285 878 3332 et
904 3285 1022 3332 erat
1054 3292 1279 3346 scnrper,
1315 3283 1486 3338 etest,
1523 3284 1572 3328 et
1597 3275 1721 3338 erit,
1745 3280 1850 3327 etc.

272 3370 518 3426 Platonis
545 3369 598 3423 in
630 3368 826 3425 Timwo
859 3372 975 3425 haec
1006 3370 1171 3425 verba
1211 3377 1360 3423 sunt.
1409 3366 1559 3433 Erat,
1612 3376 1663 3420 et
1714 3366 1849 3429 Erit,

275 3461 536 3532 temporis
581 3472 708 3517 sunt
762 3462 973 3531 species
1029 3479 1043 3516 :
1090 3476 1230 3531 quas
1279 3460 1444 3515 etiam
1509 3458 1853 3527 sempiternae

272 3554 525 3609 essentia!
552 3569 660 3608 non
693 3565 842 3609 recte
868 3553 1184 3608 tribuimus.
1218 3549 1353 3604 Iluic
1377 3549 1522 3604 enim
1552 3550 1648 3604 Est
1675 3549 1850 3603 solum

274 3659 403 3701 vere
430 3646 708 3701 convenit.
749 3644 831 3700 Ab
860 3660 925 3700 eo
960 3645 1127 3715 igitur
1161 3645 1260 3699 ista
1292 3650 1575 3697 mutuatus
1612 3639 1851 3695 Theolo-

273 3753 376 3809 gus
403 3738 479 3792 ait
514 3753 528 3791 :
569 3735 697 3791 Erat
733 3744 786 3790 et
808 3736 926 3790 Erit
953 3735 1118 3806 hujus
1152 3739 1325 3790 nostri
1375 3735 1636 3804 temporis
1666 3734 1851 3787 fluxae-

271 3844 383 3899 qne
414 3836 469 3884 et
501 3829 722 3884 caduca:
765 3835 975 3882 naturae
1022 3833 1302 3896 segmenta
1353 3836 1501 3881 sunt.
1549 3824 1685 3878 Nam
1727 3839 1850 3877 cum

272 3935 365 3976 res
389 3921 642 3976 humana:
670 3921 725 3974 in
755 3927 908 3973 motu
943 3925 999 3973 et
1023 3917 1174 3973 fluxu
1211 3918 1341 3983 sint,
1383 3916 1653 3986 ejusmodi
1688 3915 1850 3969 etiam

270 4026 468 4067 earum
513 4020 728 4082 tempus
762 4024 885 4066 esse
925 4009 1117 4080 liquet.
1165 4007 1340 4078 Hujus
1384 4024 1512 4076 pars
1560 4007 1666 4062 alia
1712 4023 1849 4076 prae-

269 4105 421 4159 teriit
454 4119 471 4157 :
502 4104 609 4158 alia
641 4104 822 4157 futura
874 4109 979 4157 est.
1034 4099 1168 4156 Nam
1222 4116 1464 4171 prazsens
1494 4099 1671 4170 ipsius
1702 4099 1853 4153 nullo

273 4195 439 4250 modo
487 4193 818 4264 apprehendi
866 4200 1067 4263 potest.
1120 4192 1425 4263 Antequam
1476 4191 1622 4244 enim
1667 4188 1856 4260 cogni-

1959 3015 2065 3066 que
2118 3001 2402 3056 sententiis
2443 3010 2607 3072 atque
2652 3003 3140 3073 imaginationibus
3196 3004 3264 3059 ad
3303 3005 3356 3060 id
3392 3006 3538 3077 quod

1955 3105 2081 3145 vere
2109 3102 2214 3156 est,
2251 3092 2355 3146 hoc
2390 3100 2493 3166 est,
2548 3094 2615 3147 ad
2668 3094 2838 3148 Deum
2888 3098 3196 3161 convertit,
3232 3112 3297 3151 ac
3347 3099 3539 3152 multi-

1955 3185 2115 3252 plicia
2158 3184 2295 3246 visa,
2328 3185 2432 3250 vel,
2469 3195 2526 3239 ut
2560 3185 2760 3254 aptiori
2794 3186 3061 3241 vocabulo
3091 3199 3233 3253 utar,
3276 3190 3540 3259 imagina-

1958 3275 2153 3339 tiones,
2194 3277 2260 3330 ad
2300 3292 2460 3331 unam
2494 3292 2676 3331 veram
2710 3287 2764 3330 et
2801 3292 2992 3345 puram
3022 3286 3187 3346 atque
3213 3279 3533 3335 uniusmodi

1956 3368 2324 3436 cognitionem
2372 3367 2601 3437 colligit.
2634 3366 2944 3433 Quinetiam
2982 3368 3084 3421 hoc
3115 3368 3254 3423 exile
3287 3369 3534 3423 veritatis

1955 3457 2350 3522 simulacrum,
2404 3472 2512 3511 non
2562 3460 2722 3512 modo
2776 3472 2900 3511 cum
2954 3458 3290 3513 intellectum
3351 3458 3539 3525 fuerit,

1957 3550 2130 3604 teneri
2166 3566 2271 3604 non
2309 3558 2508 3621 potest,
2553 3551 2647 3605 sed
2690 3566 2754 3605 ne
2787 3551 2944 3621 plene
2975 3552 3194 3621 quidem
3227 3560 3389 3621 atque
3419 3567 3540 3620 per-

1959 3640 2097 3697 fecte
2137 3641 2365 3713 intelligi
2405 3658 2420 3694 :
2453 3651 2512 3695 nt
2540 3628 2685 3695 enim
2717 3643 2971 3713 cognosci
3012 3642 3225 3711 incipit,
3250 3643 3432 3696 statim
3481 3659 3540 3696 se

1956 3732 2207 3802 proripit,
2243 3749 2350 3788 non
2397 3749 2556 3789 secus
2585 3751 2649 3787 ac
2689 3732 3008 3805 fulgetram,
3035 3737 3181 3806 quod
3217 3737 3539 3806 priusquam

1957 3826 2113 3915 plene
2147 3837 2500 3897 coriSpectum
2525 3826 2713 3887 fuerit.
2738 3828 2939 3892 avolat,
2964 3837 3127 3899 atque
3159 3830 3349 3883 oculos
3381 3829 3538 3901 fugit.

1955 3916 2129 3982 Quam
2188 3925 2373 3971 autem
2422 3918 2492 3972 ob
2527 3933 2748 3971 causam
2791 3918 2862 3972 ita
2910 3918 3052 3972 Dens
3104 3918 3445 3986 intelligitur,
3484 3929 3543 3973 ut

1956 4014 2332 4083 tamenjplene
2365 4013 2568 4082 percipi
2600 4029 2664 4067 ac
2704 4013 3090 4079 comprehendi
3122 4015 3391 4081 nequeat?
3423 4013 3541 4066 Meo

1958 4107 2176 4177 quidem
2206 4104 2438 4175 judicio,
2458 4114 2515 4158 nt
2543 4120 2636 4174 per
2661 4104 2710 4157 id
2739 4106 2883 4173 quod
2911 4104 3258 4172 aliquatenus
3277 4105 3540 4170 cernitur,

1960 4206 2119 4266 atque
2169 4194 2404 4249 obscure
2437 4194 2810 4262 cognoscitur,
2847 4208 2946 4248 nos
2983 4194 3047 4247 ad
3082 4210 3142 4249 se
3187 4196 3363 4250 trahat
3396 4213 3412 4251 :
3448 4211 3542 4265 per

273 4287 425 4341 tione
452 4297 768 4356 perceptum
801 4286 896 4352 sit,
945 4283 1121 4339 avolat
1162 4292 1327 4354 atque
1362 4283 1642 4338 dilabitur.
1697 4278 1855 4335 Nunc
1887 4270 1932 4325 1)
1962 4290 2016 4345 id
2049 4296 2231 4343 autem
2269 4286 2414 4358 quod
2456 4286 2805 4355 aliquatenus
2861 4287 3032 4347 cerni,
3068 4301 3167 4340 nec
3200 4295 3378 4341 tamen
3416 4303 3542 4356 ρρπ.

272 4379 421 4433 enim
454 4388 557 4433 est.
608 4378 745 4434 Illud
789 4391 954 4449 porro
986 4384 1429 4432 momentaneum
1461 4390 1526 4429 ac
1562 4373 1849 4429 divisionis

273 4486 492 4540 expers.
550 4469 750 4526 Rerum
779 4471 1085 4525 divinarum
1115 4467 1217 4522 alia
1248 4475 1333 4522 est
1372 4467 1535 4530 ratio,
1569 4481 1692 4533 qua:
1722 4478 1847 4520 cum

273 4566 423 4618 omni
471 4575 624 4620 motu
683 4573 929 4630 careant,
981 4560 1228 4632 profecto
1281 4558 1583 4614 secundum
1635 4569 1855 4627 quoque

275 4660 519 4726 ipsarum
569 4656 787 4711 ﬁrmum
835 4665 891 4711 et
919 4666 1177 4711 constans
1212 4653 1487 4721 uniusque
1537 4650 1685 4705 modi
1728 4662 1853 4705 esse

274 4761 504 4801 necesse
538 4755 662 4811 est;
700 4744 835 4799 αἰὼν
864 4745 1010 4800 enim
1044 4744 1154 4799 ἀπὸ
1181 4741 1277 4796 τοῦ
1300 4741 1433 4804 alet,
1468 4741 1520 4794 id
1553 4747 1654 4803 est,
1689 4739 1757 4792 ab
1788 4752 1853 4791 eo

276 4839 423 4908 quod
470 4853 688 4908 semper
735 4838 829 4901 sit,
888 4836 1128 4892 nominis
1174 4834 1560 4906 etymologiam
1623 4833 1791 4886 sumit
1837 4845 1851 4884 :

275 4930 737 5002 quemadmodum
768 4931 958 5000 χρόνος
981 4928 1035 4984 id
1059 4937 1141 4984 est
1168 4937 1402 4997 tempus,
1428 4925 1533 4979 ἀπὸ
1559 4923 1654 4978 τοῦ
1681 4923 1847 4992 ῥέειν,

276 5022 334 5076 id
370 5032 476 5083 est,
512 5022 584 5075 ab
616 5036 683 5076 eo
737 5020 885 5091 quod
915 5019 1069 5075 fluat.
1125 5018 1393 5085 Quocirca
1420 5016 1584 5072 rebus
1607 5015 1698 5078 iis,
1731 5027 1852 5083 quae

277 5114 336 5168 in
363 5121 610 5182 tempore
654 5122 785 5168 sunt
822 5127 886 5167 ac
914 5110 1241 5183 principium
1275 5110 1602 5172 habuerunt,
1642 5106 1773 5161 Erat
1806 5114 1858 5161 et

279 5204 399 5260 Erit
420 5208 770 5260 conveniunt.
803 5203 963 5260 Verbi
984 5219 1171 5269 causa.
1197 5204 1359 5259 Pater
1381 5218 1535 5258 mens
1571 5200 1684 5257 heri
1716 5207 1855 5266 erat,

277 5298 443 5352 hodie
471 5312 593 5367 ego,
620 5308 674 5352 et
701 5313 827 5353 cras
860 5313 1015 5354 mens
1046 5298 1209 5353 Illius.
1244 5296 1313 5352 At
1346 5297 1489 5351 Deus
1514 5309 1727 5363 semper
1753 5306 1856 5357 esr,

278 5398 358 5455 et,
386 5400 447 5445 ut
476 5405 602 5446 cum
629 5390 965 5463 diviniloqno
1005 5390 1263 5462 Dionysio
1312 5391 1517 5464 dicam,
1545 5389 1857 5443 universam

283 5542 329 5576 ⁸⁷
362 5545 466 5599 Isa.
508 5560 657 5610 κων,
688 5546 742 5601 6.

1965 4382 2105 4438 fecte
2130 4379 2516 4451 comprehendi
2543 4379 2735 4448 possit,
2771 4392 2871 4432 nos
2902 4379 2963 4430 :ul
3008 4379 3091 4433 sui
3123 4379 3540 4434 admirationem

1964 4474 2171 4540 trahat,
2204 4483 2367 4543 atque
2400 4472 2818 4527 admirationem
2875 4471 2959 4526 sui
3016 4473 3264 4525 excitans
3322 4473 3409 4541 (ex
3475 4487 3541 4524 eo

1966 4566 2195 4628 scilicet.
2256 4564 2404 4636 quod
2472 4564 2779 4618 intellectus
2849 4564 3016 4617 nostri
3074 4572 3293 4633 captant
3348 4562 3540 4632 fugiat)

1963 4657 2245 4713 ardentius
2334 4665 2546 4710 ametur
2618 4664 2674 4708 et
2756 4654 3129 4716 desideretur,
3195 4653 3541 4709 desideratus

1964 4748 2337 4802 desiderantes
2384 4755 2596 4815 purget,
2658 4759 2721 4798 ac
2774 4742 3069 4798 deiformes
3106 4742 3342 4798 efﬁciat:
3383 4758 3541 4797 cum-

1964 4853 2070 4907 que
2128 4851 2193 4892 eo
2248 4845 2565 4906 perventum
2623 4836 2786 4891 fuerit
2828 4834 2943 4905 jam
2977 4833 3322 4889 familiariter
3369 4833 3540 4889 collo-

1966 4938 2167 4998 quatur
2195 4927 2338 4982 Deus
2372 4942 2531 4981 verus
2566 4935 2621 4980 et
2661 4925 2925 4981 naturalis
2948 4941 3069 4979 cum
3105 4926 3193 4990 iis,
3219 4924 3312 4994 qui
3345 4940 3543 4979 secun-

1959 5023 2087 5077 dum
2124 5019 2354 5089 gratiam
2394 5016 2469 5071 dii
2514 5017 2875 5086 appellantur,
2903 5016 3083 5079 nobis,
3118 5029 3279 5085 prout
3306 5017 3544 5086 quisque

1958 5119 2226 5183 purgatus
2256 5109 2439 5172 fuerit,
2484 5107 2698 5163 divinos
2765 5107 3099 5177 cognitionis
3142 5122 3255 5163 sua:
3298 5107 3541 5179 fulgores

1958 5207 2226 5269 inserens,
2260 5210 2581 5269 tantumque
2623 5199 2975 5255 innotescens
3018 5210 3182 5269 atque
3234 5201 3545 5271 imaginan-

1957 5295 2086 5350 dnm
2126 5309 2185 5349 se
2238 5292 2505 5363 praebens,
2562 5301 2825 5359 quantum
2874 5291 2990 5361 ipse
3038 5307 3256 5362 quoque
3299 5306 3391 5346 eos
3446 5292 3539 5361 qui

1958 5394 2177 5457 propter
2209 5384 2378 5440 animi
2442 5383 2731 5454 puritatem
2802 5384 3186 5449 innotescunt,
3236 5385 3536 5456 cognoscit.
