3958 6204
462 157 599 224 1191

1881 146 2268 209 ADDENDA.

3643 133 3800 199 11'}!

457 269 718 336 Adjunxit
750 275 953 333 autem,
987 263 1261 331 Fortasse,
1314 264 1378 317 ad
1410 260 1766 329 mitigandum
1800 256 1850 311 id
1881 257 2026 327 quod
2061 261 2100 314 Α
2134 266 2297 320 retur,
2335 263 2442 310 etc.
2482 253 2778 327 Postquam
2828 260 2996 316 Deum
3058 263 3395 317 im-nensum
3460 277 3616 316 esse
3653 273 3800 326 pr}

458 365 689 424 dixerat,
707 360 873 414 Deum
901 375 930 413 a
965 359 1124 414 nobis
1147 373 1245 428 pro
1269 353 1607 426 purgationis
1646 351 1858 406 ratione
1882 365 2033 404 eom-

461 454 742 525 prehendi.
775 451 960 522 Neque
981 451 1125 506 enim
1159 451 1452 518 quisquam
1503 447 1575 500 ita
1615 443 1787 499 Deum
1833 456 2039 511 cogno-

461 563 612 601 scere
647 553 841 614 potest,
895 553 954 598 ut
1003 543 1071 598 ab
1121 543 1239 612 ipso
1282 542 1531 610 cognitus
1563 548 1669 593 est.
1711 536 1824 592 lloc
1850 543 2035 589 autem

458 641 525 692 ab
556 629 809 707 Apos'tolo
849 643 1129 690 mutuatus
1160 643 1262 698 est,
1301 633 1368 688 de
1411 631 1608 686 future
1636 629 1762 684 vita:
1793 636 1940 682 statu
1975 627 2028 679 in

458 734 572 786 haec
596 732 756 785 verba
789 731 850 783 ad
887 729 1200 784 Corinthios
1226 726 1498 781 scribente
1528 739 1541 777 :
1601 720 1758 774 Nunc
1783 732 2036 789 cognosco

453 840 518 878 ea:
569 834 740 893 parte,
803 833 932 875 tunc
998 832 1173 875 autem
1224 833 1506 888 agnoscam
1559 815 1696 868 sicut
1751 823 1799 867 et
1829 811 2037 882 agnitus

455 916 656 970 sum".
682 914 836 980 Quod
867 913 1084 983 quidem
1131 912 1210 967 sic
1271 909 1525 978 exposuit
1559 907 1987 977 Chrysostomus
2021 919 2037 956 :

454 1005 928 1074 Quemadmodum
949 1003 1201 1057 Christus
1233 999 1320 1055 hic
1351 999 1417 1053 ad
1456 1013 1542 1052 me
1563 995 2038 1064 accurrit,meque

455 1100 851 1155 necessitudine
911 1098 1012 1152 sibi
1075 1095 1343 1165 adjunxit,
1440 1091 1630 1145 eodem
1689 1087 1848 1142 modo
1921 1087 2038 1155 ipse

454 1205 669 1260 quoque
706 1198 837 1243 tunc
861 1187 924 1242 ad
949 1202 1074 1241 eutn
1105 1199 1414 1240 accurram.
1451 1181 1586 1236 illud
1626 1189 1829 1244 autem,
1889 1176 2038 1232 Sicut

455 1282 660 1350 agnitus
691 1295 829 1343 sum,
863 1278 1004 1332 idem
1034 1287 1115 1330 est
1149 1291 1212 1330 ac
1237 1275 1281 1328 si
1310 1275 1536 1338 diceret,
1573 1270 1729 1326 Sicut
1778 1270 1878 1340 Ipsi
1935 1283 2030 1322 ne-

455 1371 784 1426 cessitudine
836 1369 1062 1438 junctus
1131 1381 1271 1420 sum.
1327 1362 1462 1417 Nam
1529 1361 1831 1418 secundum
1887 1359 2036 1412 illius

455 1464 880 1519 necessitudinis
943 1461 1233 1523 rationem,
1283 1473 1389 1528 qua
1440 1456 1492 1510 in
1525 1455 1629 1510 hac
1677 1455 1789 1510 vita
1815 1469 1938 1508 cum
1971 1467 2036 1505 eo

457 1555 735 1623 conjuncti
793 1551 1083 1615 fuerimus,
1147 1561 1273 1603 tunc
1326 1564 1447 1603 eum
1487 1561 1908 1617 cognoscemus,
1944 1543 2036 1600 alii

457 1647 692 1714 plenius,
745 1644 835 1698 alii
901 1641 1117 1698 exilius.
1152 1640 1622 1705 Qucmadmodom
1675 1637 1820 1692 enim
1865 1635 1908 1690 si
1942 1650 2036 1688 rex

457 1736 731 1805 quispiam
759 1734 1019 1788 infantem
1041 1734 1092 1786 in
1119 1731 1264 1786 bivio
1287 1731 1636 1800 provulutum
1663 1737 1880 1791 nactus,
1911 1739 2035 1780 eum

458 1829 742 1884 sustulerit
770 1836 934 1896 atque
960 1825 1320 1895 adoptaverit,
1353 1824 1609 1891 omnique
1653 1821 1821 1892 gloria
1871 1828 2038 1890 atque

459 1922 667 1975 honore
689 1918 1071 1984 cumulaverit,
1135 1926 1252 1970 tum
1280 1916 1522 1986 quidem,
1555 1924 1610 1966 ut
1651 1915 1705 1966 in
1755 1928 1817 1966 ea
1856 1920 2035 1972 :etate,

458 2025 721 2084 quantum
767 2013 1085 2067 benelicium
1120 2009 1412 2078 acceperit,
1463 2009 1656 2068 nescit,
1707 2020 1769 2059 ac
1804 2004 2032 2073 proinde

458 2123 558 2160 nec
587 2106 722 2160 tanti
780 2103 1030 2158 beneﬁcii
1077 2111 1378 2164 auctorem,
1443 2099 1586 2154 sicut
1619 2096 1910 2150 verisimile
1934 2102 2036 2161 est,

459 2215 646 2253 amore
693 2196 1109 2266 complectitur;
1176 2206 1231 2247 at
1291 2203 1647 2262 posteaquam
1710 2191 1776 2243 ad
1829 2189 2035 2242 virilem

459 2302 672 2349 atatem
727 2288 1063 2360 pervenerit,
1113 2283 1684 2355 atqueiutcllexerite
1731 2293 1841 2348 quo
1892 2286 2037 2334 statu

461 2400 622 2455 atvlue
654 2384 721 2438 fui
741 2394 867 2438 tuna
904 2383 969 2436 ad
1003 2389 1204 2435 tantam
1238 2378 1552 2447 dignitatem
1595 2377 1888 2428 subvectus
1922 2372 2041 2427 fuc-

462 2480 552 2540 rit,
597 2489 710 2532 tum
765 2490 892 2530 vero
937 2489 1084 2537 eltlll,
1133 2490 1160 2524 a
1221 2485 1329 2540 quo
1392 2477 1542 2522 tanto
1580 2467 1788 2520 honore
1809 2467 2039 2520 alfectus

463 2569 585 2629 fuit,
619 2566 848 2636 suspicit
889 2578 1050 2634 atque
1093 2578 1279 2617 amore
1324 2560 1673 2630 prosequitur
1715 2578 1729 2611 :
1768 2557 2039 2613 consimili

464 2665 623 2716 modo
660 2677 758 2715 nos
787 2674 1025 2729 quoque,
1061 2658 1153 2726 qui
1198 2657 1250 2708 in
1309 2655 1409 2706 hac
1467 2653 1595 2716 vita,
1653 2661 1917 2721 quantum
1971 2650 2038 2702 ad

462 2752 825 2821 cognitionem
858 2760 909 2804 et
928 2745 1490 2812 scientiam,infantcs
1512 2759 1719 2804 sumus,
1749 2752 2036 2813 postquam

464 2845 516 2895 in
551 2843 735 2894 futuro
769 2841 974 2895 saeculo
1004 2839 1393 2907 perfectionem
1421 2837 1702 2891 consecuti
1749 2834 2037 2897 fuerimus,

466 2949 580 2990 tum
606 2934 823 2989 demum
856 2947 1271 3005 cognoscemus,
1322 2947 1431 3002 quo
1462 2932 1624 2985 modo
1682 2929 1876 3000 agniti,
1935 2928 2039 2982 hoc
2071 2963 2112 3019 (ἶ

461 3041 566 3093 est,
591 3043 702 3098 quo
735 3027 898 3082 modo
934 3027 1114 3080 dilecti
1141 3025 1432 3080 fuerimus.

537 3121 656 3177 Col.
687 3119 792 3174 519
823 3121 888 3173 Α.
928 3117 1225 3173 Inunensus
1244 3119 1408 3189 igitur
1436 3127 1484 3171 et
1509 3117 1748 3186 infinitus
1773 3129 1850 3172 est
1877 3116 2039 3182 Deus,

463 3226 567 3269 etc.
608 3213 896 3280 Divinitas,
936 3222 1200 3282 quantum
1229 3214 1295 3265 ad
1329 3222 1588 3265 naturam
1627 3212 2043 3280 incmnprehcn-

461 3307 638 3361 sibilis
664 3316 747 3361 est
778 3324 791 3360 :
827 3320 970 3376 aegre
993 3316 1172 3360 autem
1203 3303 1738 3373 comprehensibilis,
1777 3313 2038 3372 quantum

459 3403 527 3455 ad
565 3417 625 3455 ea
662 3416 784 3469 qua:
827 3399 973 3453 circa
1031 3399 1203 3466 ipsam
1253 3403 1408 3459 sunt,
1459 3396 1560 3449 hoc
1593 3404 1700 3460 est,
1727 3395 1956 3450 consilia
1991 3403 2042 3448 ct

459 3493 911 3564 gubernationem
990 3499 1151 3559 atque
1228 3503 1394 3558 opera
1453 3505 1466 3542 :
1528 3488 2040 3557 comprehensibilis

459 3598 642 3638 autem
678 3593 944 3652 quantum
983 3583 1050 3634 ad
1098 3579 1521 3634 immensitatcm
1573 3588 1626 3633 et
1673 3578 2038 3632 infinitatem:

459 3673 816 3744 quantumvis
849 3671 1155 3726 Eunomius
1176 3671 1452 3725 existimet
1505 3669 1697 3735 Deum,
1733 3671 1864 3738 quia
1908 3670 2040 3724 sim-

461 3767 581 3835 plex
611 3766 703 3826 sit,
731 3777 1078 3832 nequaquam
1115 3778 1257 3831 a'gre
1309 3761 1700 3829 comprehendi
1761 3760 2042 3828 animique

459 3861 916 3931 contemplatione
958 3858 1161 3928 percipi
1190 3873 1372 3929 posse,
1401 3861 1493 3912 sed
1541 3858 1623 3911 vel
1683 3872 1912 3926 prorsus
1954 3858 2039 3909 in-

457 3952 1011 4023 comprehensibilem
1045 3966 1186 4015 esse,
1233 3951 1313 4004 vel
1365 3965 1592 4019 prorsus
1626 3952 2034 4018 eo.npreltcnsi-

461 4049 646 4110 bilem,
687 4056 872 4116 utpote
904 4039 1147 4115 partibus
1179 4055 1479 4108 carentem,
1504 4045 1764 4114 omnique
1789 4059 1856 4098 ex
1888 4054 2041 4112 parte

459 4141 545 4196 sui
588 4141 844 4194 similem.
890 4140 951 4192 ln
983 4139 1302 4208 compositis
1359 4138 1504 4192 cnim
1540 4139 1694 4202 solis,
1757 4138 1956 4207 inquit,
1988 4137 2040 4192 id

460 4235 640 4288 locum
706 4233 888 4295 habet,
944 4242 1003 4285 ut
1055 4245 1143 4284 res
1193 4231 1376 4299 aliqua
1439 4231 1636 4300 partim
1686 4231 2037 4301 intelligatur,

2146 350 2435 412 nuntiavit,
2473 367 2640 412 nunc,
2674 354 2805 422 quid
2835 355 2907 408 sit
2943 354 3273 410 immensum
3317 353 3630 415 ostendit.
3723 354 3804 401 ιςέο

2143 445 2340 499 mirum
2380 446 2433 498 id
2459 446 2603 515 quod
2638 447 2907 515 principio
2947 456 2999 501 et
3038 447 3140 501 line
3163 449 3429 516 superius
3465 456 3589 508 est,
3647 461 3804 512 qna-

2142 539 2208 592 lis
2239 529 2382 591 Deus
2412 537 2559 593 solus
2589 548 2691 592 est.
2719 538 2857 594 Cum
2882 539 3046 608 igitur
3088 539 3154 593 ad
3189 540 3503 608 superiora
3546 537 3802 594 me}:

2140 630 2476 702 cogitatione
2503 631 2748 685 subvecti
2783 630 3074 697 fuerimus,
3112 633 3358 702 atquein
3383 632 3620 686 divina:
3663 631 3810 682 vit:

2142 724 2588 790 immensitatem,
2622 724 2768 779 velut
2793 723 2846 778 in
2879 723 3251 779 vastissimum
3303 723 3626 796 quoddam
3689 737 3812 791 pe-

2141 820 2318 889 lagus,
2351 818 2816 889 prospexerimus,
2844 819 2969 888 quia
3003 819 3220 873 nullum
3270 819 3687 888 principium.
3737 832 3814 870 et

2141 925 2249 981 quo
2275 908 2541 978 originem
2575 907 2816 974 duxerit,
2851 909 3095 977 arripere
3123 923 3456 978 possumus,
3525 908 3640 962 sed
3687 921 3818 960 ex-

2142 1003 2398 1058 teriorem
2424 1015 2636 1069 semper
2665 1015 2729 1054 ac
2759 999 3136 1055 sublimiorem
3167 999 3524 1068 cogitatione
3561 1007 3808 1052 nostra

2144 1096 2234 1152 Dei
2269 1096 2434 1150 vitam
2465 1108 2587 1148 esse
2626 1092 3137 1153 animadvertimus,
3194 1093 3313 1146 ideo
3373 1091 3451 1145 ab
3493 1105 3574 1145 eo
3613 1093 3814 1160 quos!

2141 1188 2410 1259 principio
2433 1196 2639 1249 careat,
2672 1185 2930 1257 ἄναρχον,
2960 1186 3012 1240 id
3037 1193 3141 1250 est,
3165 1184 3425 1256 principii
3457 1192 3810 1254 esperten

2143 1280 2555 1352 appellavimus.
2593 1278 2808 1334 Rursus
2837 1292 2961 1332 cum
2997 1278 3063 1331 ad
3102 1276 3461 1332 succedenti:
3500 1288 3568 1332 et
3616 1274 3811 1329 infe-

2143 1375 2290 1429 riora
2344 1374 2461 1428 baac
2521 1371 2717 1426 saicula
2775 1377 3015 1425 mentem
3060 1369 3518 1434 extenderimus,
3565 1382 3638 1424 ac
3681 1368 3812 1420 Dei

2143 1469 2310 1524 vitam
2338 1466 2489 1521 nullo
2511 1465 2744 1519 termino
2799 1462 3079 1518 definitam
3123 1475 3246 1517 esse
3303 1461 3607 1526 videmus,
3691 1461 3809 1514 in-

2145 1558 2489 1614 terminatam
2525 1554 2658 1610 illud
2696 1565 2859 1624 atque
2897 1553 3251 1617 immensum,
3305 1567 3414 1607 nec
3489 1553 3620 1608 line
3645 1553 3802 1607 ulla

2147 1650 2646 1719 circumscriptum,
2675 1647 2984 1702 immortale
3014 1654 3180 1717 atque
3225 1645 3496 1704 interitus
3545 1660 3800 1716 expers

2149 1746 2519 1801 nominamus.
2547 1743 2684 1798 Cum
2709 1753 2890 1799 autem
2924 1750 2978 1796 et
3010 1740 3262 1811 principii
3309 1739 3648 1796 carentiam
3709 1755 3802 1794 ex

2147 1837 2414 1908 superiori
2443 1847 2704 1905 tempore,
2751 1843 2805 1890 et
2860 1833 3326 1889 immortalitatem
3374 1847 3452 1887 ex
3481 1831 3790 1888 inferiori

2147 1931 2547 2000 collegerimus,
2579 1938 2691 1982 tum
2723 1942 2852 1981 vero
2883 1925 3052 1980 Deum
3089 1925 3333 1992 αἰώνιον,
3356 1926 3408 1978 id
3429 1934 3550 1990 est,
3591 1936 3794 1980 ate:-

2150 2042 2278 2078 nmn
2317 2025 2575 2079 dicimus.
2613 2019 2746 2076 Nam
2782 2020 3059 2076 aeternitas
3093 2035 3188 2074 seu
3235 2018 3506 2074 saeculum
3543 2017 3611 2072 in
3654 2017 3788 2073 Deo

2150 2134 2250 2172 nec
2274 2127 2489 2187 tempus
2523 2123 2628 2180 est,
2661 2131 2763 2170 nec
2784 2114 3051 2170 dimensis
3091 2113 3455 2181 temporibus,
3502 2111 3628 2166 hoc
3654 2121 3781 2175 est.

2148 2211 2341 2265 diebus
2371 2225 2435 2264 ac
2466 2208 2770 2272 mensibus,
2817 2207 3098 2276 subjacet;
3134 2221 3321 2260 verum
3363 2205 3776 2274 quemadmo-

2147 2303 2275 2356 dum
2308 2311 2524 2369 tempus
2557 2300 2660 2354 ltoc
2693 2308 2941 2354 nostrum
2970 2297 3167 2355 solaris
3218 2313 3415 2352 cursus
3478 2311 3772 2352 mensura

2148 2393 2421 2458 delinitur,
2458 2392 2540 2448 sic
2573 2391 2783 2446 infinita
2811 2391 2901 2446 illa
2954 2391 3274 2462 protractio,
3339 2407 3467 2458 qua:
3514 2389 3766 2446 mtas-Iis

2150 2488 2312 2542 rebus
2348 2486 2512 2550 inest,
2554 2484 2813 2540 saeculum
2863 2483 2998 2552 ipsis
3037 2483 3290 2544 eﬂicitur.
3330 2481 3498 2550 quasi
3529 2491 3769 2548 empo-

2151 2580 2281 2634 ralis
2309 2580 2529 2650 quidam
2567 2580 2760 2632 modus
2815 2585 2870 2632 et
2911 2577 3279 2631 intervallum.
3337 2575 3478 2630 [llud
3527 2584 3766 2638 autem.

2148 2672 2304 2740 quasi
2359 2670 2602 2740 quidam,
2652 2669 2850 2739 adjecit
2908 2667 3242 2740 Theologus,
3302 2668 3446 2736 quod
3481 2678 3758 2722 exactam

2150 2764 2503 2832 numerisque
2527 2761 2782 2816 onmibus
2812 2759 3119 2816 absolutam
3146 2759 3329 2815 saeculi
3364 2775 3461 2813 seu
3510 2759 3761 2814 aeterni-

2151 2853 2277 2909 latis
2308 2852 2722 2920 descriptionem
2753 2851 2998 2920 proferre
3028 2864 3138 2904 non
3171 2860 3373 2918 posset.

2220 2947 2353 3000 Ibid.
2416 2945 2584 3015 Atque
2639 2943 2789 2996 nobis
2840 2943 2894 2997 in
2951 2941 3238 3012 prwsentia
3301 2942 3364 2993 de
3410 2941 3566 3006 Deo,
3631 2951 3758 2997 etc.

2149 3037 2455 3102 SulIiciunt,
2491 3036 2690 3105 inquit,
2729 3049 2792 3089 ea
2822 3048 2944 3104 qua:
2976 3033 3042 3087 de
3061 3031 3172 3087 Deo
3206 3031 3348 3088 dicta
3376 3042 3529 3086 sunt.
3549 3030 3759 3102 Neque

2145 3131 2290 3186 enim
2325 3129 2429 3184 hoc
2459 3127 2579 3182 loco
2613 3125 2914 3180 divinitatis
2945 3124 3247 3180 doctrinam
3274 3122 3560 3191 explicare
3598 3139 3750 3192 pro-

2145 3223 2328 3293 posui,
2363 3220 2460 3276 sed
2487 3217 2885 3274 incarnationis
2919 3231 2984 3272 ac
3049 3214 3468 3272 summissionis
3524 3215 3752 3272 Christi

2146 3316 2437 3372 consilium
2469 3313 2722 3368 oratione
2751 3310 3060 3381 complecti.
3101 3309 3274 3364 Porro
3320 3309 3589 3365 divinitas
3621 3325 3748 3366 non

2146 3408 2288 3462 ultra
2327 3417 2438 3462 tres
2469 3419 2732 3476 personas
2787 3403 3155 3474 progreditur,
3193 3417 3294 3458 nec
3352 3417 3552 3457 rursus
3585 3403 3743 3458 intra

2145 3507 2257 3553 tres
2289 3511 2550 3568 personas
2607 3496 2952 3550 contrahitur
3011 3503 3177 3566 atque
3229 3495 3739 3550 circumscribitur.

2148 3588 2261 3644 lloc
2295 3589 2440 3642 enim
2485 3586 2701 3642 Judaici
2729 3587 2937 3642 erroris
2989 3596 3096 3651 est,
3133 3603 3297 3643 unam
3356 3596 3573 3642 tantum
3609 3604 3742 3658 per.

2144 3695 2337 3735 sonam
2386 3677 2760 3748 agnoscentis,
2785 3693 2848 3734 ac
2881 3677 3186 3734 divinitatis
3213 3688 3431 3747 egestas
3465 3688 3519 3733 et
3551 3695 3738 3749 penn-

2145 3772 2244 3826 ria.
2273 3769 2532 3840 Ejusdem
2556 3769 2702 3824 enim
2725 3768 3023 3839 impietatis
3047 3779 3150 3833 est,
3189 3777 3236 3824 et
3274 3785 3369 3839 per
3399 3769 3569 3823 unius
3601 3786 3736 3838 per-

2144 3879 2290 3918 sonae
2315 3862 2675 3918 assertionem
2706 3861 2992 3916 Judaismo
3045 3860 3249 3928 favere,
3306 3870 3362 3915 et
3397 3877 3494 3930 per
3525 3863 3738 3917 inulta-

2144 3974 2262 4011 rum
2305 3958 2698 4012 astructiouem
2733 3956 3043 4026 gentilismo
3111 3955 3734 4024 patrocinariztametsi

2143 4063 2205 4102 ca
2233 4049 2287 4102 in
2325 4049 2620 4102 contrariis
2655 4046 3018 4117 reperiantur.
3067 4047 3252 4106 Unum
3289 4050 3432 4102 enim
3465 4049 3735 4102 tnultituo

2145 4141 2254 4194 dini
2287 4141 2628 4206 adversatur,
2667 4155 2732 4194 ac
2794 4140 3036 4196 vicissim
3096 4141 3393 4194 multitudo
3457 4142 3551 4195 uni
3589 4158 3736 4195 con-

2144 4227 2313 4285 traria
2337 4240 2439 4283 est.
2478 4233 2530 4284 Id
2562 4239 2743 4284 autem
2774 4231 2981 4286 idcirco
3014 4230 3153 4286 dixit
3196 4231 3529 4301 Theologus,
3571 4234 3726 4301 quod

460 4327 656 4396 partim
690 4324 966 4393 iuc0gnita
1004 4334 1245 4378 maneat.
1282 4322 1458 4393 Hujus
1489 4331 1670 4376 autem
1704 4321 2033 4376 Eunomiani
2065 4315 2116 4374 D
2143 4321 2418 4376 contraria
2438 4337 2524 4382 ea.
2558 4338 2679 4394 qum
2727 4323 2908 4378 medio
2961 4331 3172 4390 careat,
3244 4325 3383 4379 hanc
3443 4326 3720 4381 rationem

459 4414 805 4470 deliramenti
869 4414 986 4468 haec
1039 4422 1123 4468 est
1184 4412 1406 4466 solutio.
1443 4411 1776 4480 Simplicitas
1819 4411 1875 4466 in
1925 4409 2036 4466 Deo

462 4518 670 4560 natura:
719 4507 987 4573 rationem
1039 4519 1145 4558 non
1178 4504 1361 4568 habet,
1397 4514 1453 4556 ut
1502 4519 1567 4556 ex
1631 4518 1693 4557 ea
1740 4502 2031 4575 quisquam

459 4599 700 4668 colligat,
745 4613 892 4661 eum,
931 4597 1056 4663 quia
1116 4594 1347 4664 simplex
1387 4595 1478 4660 sit,
1548 4594 1628 4647 vel
1670 4610 1916 4664 prorsus,
1952 4592 2036 4645 vel

460 4692 613 4744 nullo
640 4689 801 4744 modo
838 4688 1226 4757 comprehendi
1255 4702 1435 4755 posse.
1495 4685 1692 4741 Verum
1751 4687 1897 4739 aliud
1954 4679 2044 4739 cst‘

461 4784 641 4837 divina
683 4791 898 4846 natura,
947 4781 1272 4848 simplicitas
1330 4789 1509 4833 autem
1574 4780 1719 4832 circa
1774 4787 2028 4832 naturam

457 4871 859 4925 consideratur.
901 4868 1166 4935 Quocirca
1210 4868 1561 4939 qua-rendum
1592 4869 1742 4938 prius
1767 4878 1870 4934 est,
1901 4869 2032 4938 quid

456 4963 526 5015 sit
559 4965 700 5016 Deus
736 4974 1001 5032 quantum
1035 4963 1101 5014 ad
1136 4972 1410 5024 naturam,
1445 4975 1610 5031 quam
1667 4961 1731 5016 de
1764 4962 2032 5031 simplici-

458 5064 570 5107 tate
598 5053 910 5122 loquamur,
964 5069 1086 5122 qua:
1121 5065 1369 5107 naturam
1419 5052 1798 5124 consequitur.
1851 5053 2033 5122 Quare

458 5146 593 5198 nihil
622 5147 891 5214 prohibet,
947 5148 1240 5216 quominus
1280 5145 1496 5200 diversa
1557 5148 1790 5211 ratione,
1841 5158 1896 5201 et
1945 5149 2033 5201 in.

458 5239 991 5305 comprehensibilis,
1055 5247 1110 5293 et
1147 5241 1542 5311 compreheusu
1601 5239 1837 5295 dillicilis
1888 5239 2036 5297 Deus

456 5329 691 5383 deatur.

529 5420 662 5481 ibid.
693 5421 819 5475 Jam
851 5438 966 5476 vero
1008 5439 1126 5478 cum
1156 5425 1483 5482 immensitas
1509 5427 1761 5497 bifariam
1797 5427 2036 5483 conside-

531 5583 577 5616 ³⁸
601 5582 617 5635 1
641 5580 766 5636 Cor.
799 5597 918 5649 xm,
953 5583 1041 5636 12.

2145 4410 2343 4466 habere
2376 4410 2559 4474 sciret,
2600 4419 2658 4466 ut
2689 4412 2734 4467 si
2756 4412 2989 4467 alterum
3027 4411 3344 4483 fugiendum
3398 4413 3466 4468 sit
3514 4425 3574 4469 ut
3600 4432 3724 4470 rna-

2143 4502 2277 4566 lum,
2307 4503 2539 4558 alterum
2570 4504 2797 4563 omnino
2849 4503 3213 4574 expetendum
3265 4507 3334 4558 sit
3381 4518 3439 4560 ut
3471 4506 3686 4562 bonum
3709 4527 3727 4564 :

2142 4605 2197 4650 at
2221 4595 2273 4649 in
2298 4596 2609 4660 contrariis,
2641 4611 2762 4665 qua:
2791 4596 3030 4650 medium
3069 4597 3386 4661 admittunt,
3419 4607 3727 4669 utrumque

2143 4697 2444 4741 extremum
2499 4687 2815 4758 fugiendum
2864 4703 3008 4755 esse,
3066 4697 3124 4743 ut
3163 4703 3450 4744 excessum
3503 4705 3572 4745 ac
3625 4693 3731 4745 de-

2144 4777 2364 4834 fectum.
2394 4779 2552 4835 Verbi
2584 4796 2747 4834 causa
2788 4780 3286 4850 intemperantiam,
3327 4791 3382 4836 et
3422 4782 3728 4852 stupidita-

2143 4881 2249 4924 tem
2271 4871 2441 4926 animi
2467 4873 2534 4926 ab
2564 4872 2712 4926 onmi
2755 4872 3047 4939 voluptatis
3111 4875 3295 4944 specie
3341 4873 3720 4938 abhorrentis,

2143 4980 2296 5033 aeque
2364 4963 2650 5033 fugiendas
2699 4977 2844 5026 esse.
2903 4965 3322 5034 temperantiam
3358 4974 3568 5027 autem,
3597 4980 3723 5034 qua:

2145 5059 2382 5112 medium
2431 5059 2571 5112 inter
2619 5073 2715 5112 eas
2779 5059 2962 5113 locum
3023 5065 3203 5124 tenet,
3255 5059 3719 5128 amplectendam.

2142 5149 2284 5219 Ergo
2314 5151 2504 5205 eodem
2542 5151 2700 5206 modo
2721 5151 2811 5206 hic
2849 5167 3070 5222 quoque
3136 5151 3480 5222 gentilismus
3534 5161 3592 5205 et
3620 5149 3722 5204 .lu~

2141 5241 2388 5296 daismus
2411 5244 2554 5297 inter
2592 5258 2651 5298 se
2701 5251 2944 5312 pugnant
2992 5257 3058 5297 ac
3112 5243 3614 5311 reprehenduntur,
3660 5253 3721 5296 ut

2139 5346 2399 5386 excessus
2426 5341 2478 5387 et
2515 5332 2793 5402 defectus;
2823 5333 3372 5404 atChristiauismus,
3395 5349 3452 5390 ut
3476 5337 3723 5392 medium

2142 5424 2422 5494 quiddam,
2448 5425 2503 5479 in
2533 5425 2694 5483 laude
2721 5427 2961 5496 ponitur.
