4032 6198
333 275 476 342 1193

1139 343 1142 346 ξ
1226 267 1546 328 NICETAS
1591 265 1671 325 IN
1709 264 1932 324 ORAT.
1975 258 2285 321 XXXVIII
2323 261 2382 320 S.
2427 261 2652 322 GREG.

3463 260 3602 330 1194

406 385 859 452 col.3|9.C.Sic
882 379 1416 444 nimirum,ctc.Sic,
1445 380 1644 451 inquit,
1670 393 1732 434 se
1759 378 1918 432 habet
1949 386 1993 437 Α
2029 375 2130 429 hoc
2175 381 2283 439 est,
2318 387 2428 428 non
2467 383 2691 444 pr0pter
2746 373 3130 430 necessitatem
3160 415 3176 442 ,
3234 380 3328 433 sed
3385 387 3605 450 propter

336 495 531 544 sancta
560 479 823 540 Trinitas.
844 492 1009 548 quam
1037 491 1140 547 ego
1173 475 1374 531 Sancta
1403 480 1721 527 sanctorum
1755 485 1917 534 voco,

339 590 401 636 ut
426 589 640 634 omnem
666 570 1012 628 sanctitatem
1041 570 1094 623 in
1147 583 1208 624 se
1267 565 1717 636 complectentem
1753 581 1768 617 :
1799 577 1920 632 quae

339 670 558 743 quidem
581 674 636 721 et
665 680 696 719 a
726 662 1016 732 Seraphim
1040 660 1352 730 contegitur
1397 657 1587 727 (porro
1639 654 1916 724 incognita

337 763 435 817 illa
498 770 552 812 et
599 754 811 810 occulta
869 751 1167 808 divinitatis
1220 746 1539 816 magnitudo
1581 759 1678 816 per
1709 744 1918 798 alarum

341 849 818 922 complicationem
847 844 1186 914 designatur)
1221 859 1285 897 ac
1318 841 1494 896 tribus
1539 836 1922 894 sanctitatibus

339 957 504 1015 atque
536 958 645 998 una
686 940 1062 996 dominatione
1092 937 1423 992 celebratur.
1451 933 1585 987 Nam
1617 933 1772 1002 juxta
1808 945 1924 985 ma—

341 1053 509 1110 gnum
541 1034 901 1089 Athanasium
935 1031 1134 1085 eximia
1159 1031 1272 1083 haec
1317 1026 1574 1082 animalia
1607 1034 1690 1079 ter
1728 1024 1922 1079 dictio-

344 1148 470 1187 nem
499 1130 663 1194 hanc,
687 1126 942 1187 Sanctus,
979 1122 1331 1192 proferentia,
1366 1127 1488 1183 ,tres
1536 1132 1800 1189 personas
1834 1117 1927 1171 ab-

340 1223 524 1277 solute
547 1219 881 1275 ostendunt:
923 1230 1118 1270 rursus
1142 1229 1208 1268 eo
1251 1211 1399 1283 quod
1443 1210 1614 1267 semel
1659 1210 1926 1265 duntaxat

349 1330 547 1370 nomen
583 1315 704 1375 hoc,
748 1309 1027 1372 Dominus,
1076 1307 1334 1369 clamant,
1389 1304 1687 1359 essentiam
1739 1301 1924 1356 decla-

347 1412 490 1457 rant.
527 1401 794 1467 Quoniam
832 1407 1015 1453 autem
1062 1411 1279 1453 summo
1327 1395 1402 1450 illi
1459 1396 1626 1458 bono,
1681 1393 1786 1448 hoc
1818 1402 1924 1456 est,

345 1490 478 1554 Deo,
509 1489 600 1558 qui
650 1486 944 1542 essentiale
996 1487 1201 1540 bonum
1238 1494 1344 1550 est,
1380 1496 1729 1552 nequaquam
1787 1481 1926 1535 satis

343 1591 464 1637 erat
495 1595 593 1635 sua
626 1579 798 1649 ipsius
832 1579 1010 1633 solum
1061 1576 1521 1646 contemplatione
1584 1572 1814 1639 moveri,
1873 1571 1925 1626 id

343 1682 448 1735 est,
506 1671 748 1740 seipsum
800 1668 1157 1738 comemplari
1216 1679 1379 1736 atque
1425 1666 1768 1736 intelligere,
1831 1662 1926 1719 sed

345 1763 576 1819 diffundi
613 1777 676 1817 ac
712 1761 1002 1832 propagari
1037 1762 1240 1815 bonum
1270 1759 1406 1813 illud
1466 1756 1776 1826 oportebat,
1825 1757 1928 1809 hoc

343 1866 448 1918 est,
485 1871 659 1910 unum
697 1854 864 1910 Deum
902 1871 1000 1925 pro
1041 1855 1252 1911 ratione
1308 1869 1526 1918 eorum,
1587 1867 1710 1922 quae
1754 1851 1930 1922 ipsius

345 1952 568 2018 capacia
594 1956 799 2014 essent,
834 1965 930 2018 per
955 1949 1222 2003 bonorum
1276 1962 1506 2002 suorum
1554 1946 1933 2002 communica-

349 2043 550 2097 tionem
581 2040 808 2096 diﬂundi
841 2057 906 2097 ac
936 2040 1315 2111 multiplicari.
1349 2039 1528 2110 (Quod
1581 2048 1763 2095 autem
1797 2039 1876 2093 ait
1911 2055 1927 2096 :

350 2136 678 2204 Oportebat,
717 2150 824 2190 non
877 2135 1256 2190 necessitatem
1311 2133 1506 2199 aﬂert,
1562 2132 1658 2188 sed
1719 2133 1931 2200 upiiicis

351 2231 688 2284 voluntatem
719 2228 1056 2285 subindicat.
1088 2227 1206 2298 Ipsa
1231 2228 1376 2282 enim
1399 2227 1483 2282 lex
1513 2234 1599 2281 est
1619 2241 1932 2296 congruen-

350 2321 613 2391 tissima.)
645 2321 942 2387 Quoniam,
973 2320 1172 2390 inquit,
1205 2319 1281 2375 ita
1326 2320 1635 2390 oportebat,
1672 2319 1932 2390 primum,

349 2426 413 2470 ut
460 2420 596 2471 ordo
633 2415 913 2484 seriesque
963 2424 1171 2470 sterum
1221 2413 1450 2477 ferebat,
1475 2413 1699 2484 angelos
1733 2411 1934 2466 intelli-

351 2507 536 2577 gentia
581 2509 852 2578 coucepit.
889 2507 1067 2576 Atque
1111 2506 1202 2562 hic
1236 2505 1333 2561 tibi
1365 2504 1932 2568 animadvertendum,

352 2601 652 2671 principem
683 2617 872 2657 eorum
907 2617 1032 2672 quae
1062 2601 1222 2666 fiunt,
1257 2615 1507 2664 causam,
1538 2598 1754 2654 Patrem
1789 2614 1933 2663 esse,

348 2695 680 2751 ell‘ectricent
717 2710 850 2751 vero
879 2693 1102 2760 Filium,
1132 2693 1509 2763 perlectricem
1539 2701 1720 2747 autem
1759 2689 1936 2761 Spiri-

353 2800 469 2844 tum
503 2797 754 2844 sanctum
780 2805 796 2843 :
825 2788 897 2844 ita
928 2797 987 2842 ut
1005 2786 1186 2842 Patris
1209 2787 1432 2857 quidem
1455 2787 1735 2841 voluntate
1761 2785 1938 2840 admi-

358 2880 511 2936 nistri
539 2881 767 2948 spiritus
793 2880 1060 2935 exsistant
1084 2897 1099 2935 :
1125 2879 1338 2934 actione
1367 2893 1496 2934 vero
1522 2877 1643 2934 Filii
1667 2879 1720 2933 in
1755 2893 1936 2933 rerum

355 2981 610 3028 naturam
671 2972 1044 3042 producantur
1098 2988 1114 3026 :
1151 2969 1388 3041 Spiritus
1430 2979 1616 3026 autem
1649 2970 1935 3042 praesentia

356 3065 744 3137 perfectionem
805 3072 860 3119 et
897 3062 1257 3133 espletionem
1309 3063 1600 3133 accipiant.
1666 3062 1936 3118 Perfectio

356 3157 676 3227 angelorum
724 3154 1055 3209 illuminatio
1109 3161 1166 3208 et
1211 3152 1570 3209 sanctificatio
1637 3161 1741 3214 est.
1773 3160 1940 3221 atque

356 3249 415 3303 iu
460 3263 524 3303 ea
572 3247 904 3317 permansio.
953 3245 1116 3300 Verbo
1157 3246 1303 3300 enim
1341 3244 1579 3308 Domini,
1611 3245 1789 3313 inquit
1829 3244 1938 3307 ille,

355 3341 480 3396 cali
530 3339 736 3408 ﬁrmati
782 3348 929 3404 sunt,
951 3349 1002 3392 et
1058 3339 1253 3408 spiritu
1291 3339 1400 3392 oris
1435 3337 1550 3407 ejus
1580 3337 1748 3390 omnis
1774 3338 1938 3391 virtus

353 3449 536 3490 eorum
552 3433 616 3500 ³⁹,
649 3431 890 3502 Angelos
920 3446 1106 3502 porro,
1137 3431 1223 3485 vel
1257 3430 1437 3500 ignem
1475 3428 1704 3484 materia
1741 3439 1797 3483 et
1820 3443 1943 3483 cor-

356 3544 489 3598 pore
529 3538 806 3583 carentem
838 3541 960 3583 esse
993 3525 1275 3580 existimat
1300 3525 1474 3594 (juxta
1507 3522 1637 3577 illud
1667 3521 1886 3578 Davidis
1923 3539 1938 3578 :

358 3620 464 3686 Qui
515 3621 646 3690 facit
695 3621 910 3690 angelos
962 3636 1087 3675 suos
1130 3619 1372 3689 spiritus,
1414 3627 1462 3672 et
1502 3617 1774 3672 ministros
1816 3632 1941 3670 suos

308 3749 314 3754 ρ
357 3711 636 3780 ﬂammant
691 3711 916 3781 ignis“)
949 3711 1066 3766 sive
1118 3711 1280 3766 aliam
1327 3709 1622 3780 quamdam
1684 3718 1940 3764 naturam

359 3805 752 3874 impatibilem,
800 3812 857 3859 et
916 3812 1094 3860 motus
1147 3811 1463 3872 expertem,
1495 3817 1560 3858 ac
1608 3810 1826 3857 tenuem
1886 3808 1943 3856 et

361 3897 694 3966 simplicem,
739 3897 810 3953 ab
867 3895 937 3951 iis
983 3910 1121 3965 quas
1180 3893 1771 3960 commemoravimus,
1831 3907 1942 3948 non

363 3988 523 4057 longe
565 3999 856 4055 remotam,
888 3988 992 4042 hoc
1017 3995 1122 4052 est,
1157 3987 1226 4042 ab
1252 3987 1375 4057 igne
1402 3995 1459 4042 et
1485 3987 1706 4056 spiritu.
1731 3985 1946 4041 Caven-

365 4081 496 4132 dum
550 4079 696 4133 enim
753 4078 852 4133 tibi
886 4085 993 4140 est,
1045 4091 1116 4132 ne
1165 4091 1490 4145 corporeum
1554 4075 1816 4147 quiddam
1876 4076 1945 4130 de

361 4169 577 4240 angelis
625 4170 811 4224 animo
865 4168 1169 4239 concipias.
1204 4169 1283 4224 Ac
1313 4168 1502 4224 vellem
1553 4167 1774 4238 quidem
1809 4166 1944 4221 mihi

361 4264 546 4318 dicere
584 4251 793 4328 liceret,
850 4262 1075 4334 angelos
1128 4262 1194 4317 ad
1247 4262 1455 4316 malum
1485 4261 1712 4334 omnino
1744 4261 1946 4313 immo-

361 4352 521 4414 biles,
560 4362 748 4423 utpote
792 4351 891 4407 Dei
928 4329 1296 4421 vprOpinquos,
1341 4364 1407 4404 ac
1457 4329 1721 4420 primario
1771 4347 1944 4418 ipsius

362 4446 578 4511 fulgore
628 4446 977 4501 collucentes.
1011 4445 1118 4500 Sed
1147 4453 1207 4499 ut
1243 4459 1342 4500 eos
1371 4458 1513 4510 asgre
1551 4442 1780 4497 mobiles
1824 4440 1942 4496 exi-

365 4540 583 4594 stimem
647 4553 712 4593 ac
759 4539 980 4603 dicam,
1043 4539 1180 4593 mihi
1234 4535 1473 4592 Luciferi
1523 4535 1946 4603 daemonumque

367 4645 532 4684 casus
561 4632 877 4700 persuadet,
911 4633 1004 4702 qui
1039 4631 1260 4701 quidem
1291 4631 1359 4683 ab
1389 4626 1574 4682 habitu
1602 4625 1718 4690 illo,
1740 4639 1851 4694 quo
1877 4623 1947 4678 ad

367 4721 575 4776 bonum
626 4724 964 4788 ferebantur,
1000 4721 1200 4784 aversi.
1233 4736 1298 4776 ac
1354 4735 1448 4789 per
1496 4733 1658 4773 suum
1713 4731 1746 4771 a
1803 4715 1948 4770 bono

363 4811 669 4868 discessum
699 4823 754 4869 et
793 4813 1001 4884 fugam,
1031 4814 1235 4869 malum
1260 4811 1508 4866 fabricati
1555 4811 1757 4881 (neque
1800 4807 1945 4862 enim

365 4907 478 4960 ulla
530 4908 635 4960 alia
694 4917 781 4962 est
823 4909 954 4962 ntali
1009 4907 1352 4971 substantia,
1393 4920 1558 4976 quam
1617 4902 1887 4972 separatio
1919 4915 1950 4954 a

313 5033 316 5036 ~
368 4999 538 5069 bono)
587 5000 952 5070 cogitationes
994 5015 1122 5055 suas
1164 5014 1356 5053 omnes
1381 5007 1436 5051 et
1465 4997 1644 5051 studia
1673 5011 1740 5051 eo
1760 4991 1954 5049 confe-

365 5099 518 5148 runt.
551 5099 610 5145 ut
639 5091 778 5146 alios
803 5105 1024 5162 quoque
1053 5090 1118 5146 ad
1153 5089 1280 5144 mali
1315 5086 1652 5145 consortium
1686 5099 1742 5144 et
1771 5089 1951 5144 sucie-

365 5193 535 5240 tatem
564 5189 902 5254 pertrahant.

439 5276 559 5332 Col.
593 5278 700 5332 522
733 5282 798 5334 Α.
827 5279 920 5335 Sic
958 5281 1121 5349 igitur
1150 5289 1306 5351 atque
1347 5280 1410 5334 ob
1439 5279 1532 5334 has
1563 5295 1754 5334 causas
1793 5281 1950 5334 intel-

364 5368 561 5424 lectilis
599 5374 827 5428 mundus
858 5373 923 5427 ab
957 5390 1017 5427 eo
1049 5385 1258 5428 creatus
1293 5384 1394 5440 est,
1445 5384 1550 5429 etc.
1585 5371 1700 5440 Sic,
1751 5372 1949 5443 inquit,

367 5461 705 5520 intellectilis
741 5465 984 5522 mundus
1039 5479 1257 5524 creatus
1292 5476 1398 5534 est,
1455 5467 1559 5522 hoc
1611 5475 1724 5531 est,
1771 5465 1949 5535 primo

367 5563 583 5625 Ordine,
615 5572 668 5617 et
708 5565 870 5618 unica
901 5565 1229 5636 cogitatione
1260 5581 1274 5617 :
1305 5572 1471 5633 atque
1495 5562 1566 5616 oh
1598 5562 1696 5617 has
1730 5574 1952 5628 causas,

462 5717 508 5752 3'
533 5720 685 5779 Psal.
721 5735 897 5786 xxxu,
936 5719 991 5776 6.
1067 5722 1119 5754 ‘°
1155 5721 1300 5778 Psal.
1337 5737 1452 5788 cru,
1488 5725 1542 5781 4.

699 5814 975 5878 Pauor»
1020 5817 1137 5877 Gn.
1185 5815 1474 5877 CXXVII.

1961 1723 2002 1776 Β

1969 4411 2024 4472 D

2031 465 2332 520 bonitatem
2371 465 2569 531 solam,
2611 477 2666 520 et
2699 466 2826 534 quia
2867 467 3072 522 bonum
3108 467 3241 523 illud
3286 484 3606 539 permanere

2025 574 2088 612 ac
2116 556 2406 628 propagari
2439 557 2745 627 oportebat.
2795 557 3093 628 Postquam
3140 568 3319 614 autem
3363 561 3606 617 caelestia

2027 649 2098 704 ita
2131 660 2313 705 creata
2358 650 2730 719 praeclareque
2761 650 3061 706 constituta
3114 659 3245 706 sunt
3287 650 3412 718 (nec
3460 654 3608 707 enim

2025 740 2184 796 aliter
2210 741 2527 812 contingere
2558 743 2794 813 poterat)
2825 743 3084 798 mundum
3109 759 3326 814 quoque
3357 753 3607 814 aspecta-

2026 829 2186 885 bilem
2214 838 2378 900 atque
2409 845 2474 884 ex
2507 832 2732 886 materia
2788 842 3134 888 constantem
3186 834 3364 886 moliri
3404 844 3459 889 et
3493 834 3608 890 eili-
3638 833 3668 902 lg

2027 933 2154 973 cere
2182 919 2376 973 voluit.
2411 917 2508 974 Est
2532 930 2716 974 autem
2754 922 3014 987 mundus,
3048 921 3358 976 secundum
3399 921 3612 977 Aristo-

2030 1011 2214 1076 telem,
2248 1026 2538 1083 compages
2577 1027 2642 1066 ex
2674 1013 2836 1077 coelo,
2860 1022 2913 1068 et
2943 1024 3110 1080 terra,
3164 1014 3338 1084 iisque
3379 1015 3611 1079 naturis.

2029 1120 2154 1174 quine
2181 1119 2373 1158 eorum
2417 1104 2626 1158 ambitu
2653 1107 3030 1160 continentur.
3058 1106 3136 1160 Ac
3159 1120 3452 1176 compages
3487 1106 3614 1176 qui-

2029 1195 2150 1249 dem
2183 1205 2236 1248 et
2264 1195 2667 1265 coagmentatio
2688 1195 2907 1260 dicitur,
2930 1197 3074 1264 quod
3108 1212 3174 1251 ex
3204 1197 3287 1251 his
3318 1206 3534 1252 constet
3559 1207 3615 1250 et

2029 1286 2387 1356 compleatur,
2435 1285 2720 1356 σύγκριμα
2775 1301 2959 1342 autem
2995 1303 3060 1342 ac
3111 1289 3261 1343 velut
3293 1288 3614 1359 σύμμιγμα,

2031 1378 2134 1433 hoc
2169 1385 2275 1440 est,
2335 1377 2650 1431 eommistio
2679 1419 2694 1443 ,
2738 1385 2965 1447 propter
3016 1378 3313 1444 elementa,
3366 1394 3472 1446 que
3508 1393 3616 1433 non

2031 1469 2194 1523 modo
2243 1466 2496 1538 proprias
2536 1449 2697 1522 sedes
2751 1466 2975 1532 habent,
3009 1468 3104 1522 sed
3152 1468 3317 1521 ctiam
3371 1468 3510 1521 inter
3558 1481 3619 1521 se

2032 1560 2490 1616 commiscentur.
2519 1559 2848 1629 Quanquam
2902 1559 3048 1614 enim
3111 1575 3174 1614 ea
3216 1559 3368 1614 locali
3412 1558 3518 1614 situ
3553 1575 3620 1613 ac

2037 1663 2230 1707 natura
2265 1651 2504 1706 discreta
2541 1662 2595 1706 et
2643 1659 2894 1720 separata
2953 1650 3065 1705 sint
3113 1666 3128 1704 :
3171 1659 3352 1705 tamen
3411 1659 3618 1704 mutuae

2033 1744 2317 1798 relationis
2355 1742 2767 1798 necessitudine
2792 1741 3219 1811 conjunguntur.
3254 1739 3470 1794 Etcum
3501 1740 3618 1795 sin-

2033 1835 2171 1905 gula:
2219 1844 2486 1890 creatura:
2541 1833 2838 1904 separatim
2900 1831 3263 1888 considerata:
3315 1831 3634 1906 laudabiles.

2033 1929 2146 1979 siut
2194 1940 2208 1980 :
2250 1933 2365 1978 tum
2403 1939 2534 1980 vero
2569 1924 2642 1979 ob
2679 1931 2924 1978 mutuam
2972 1937 3163 1977 earum
3201 1922 3344 1978 inter
3384 1938 3443 1978 se
3474 1924 3617 1976 reia-

2036 2016 2237 2067 tionem
2290 2011 2683 2068 laudabiliores
2735 2012 3190 2083 conspiciuntur.
3223 2012 3373 2082 Ignis
3408 2013 3619 2068 calidus

2035 2114 2088 2159 et
2118 2104 2302 2160 siccus
2327 2115 2412 2159 est
2433 2141 2449 2168 ,
2482 2119 2575 2159 aer
2605 2103 2819 2158 calidus
2848 2113 2903 2157 et
2935 2102 3230 2170 humidus;
3263 2119 3403 2173 aqua
3437 2103 3622 2158 humi-

2035 2200 2103 2256 da
2126 2209 2181 2255 et
2233 2199 2464 2270 frigida;
2503 2207 2649 2254 terra
2708 2197 2906 2269 frigida
2959 2208 3014 2253 et
3053 2199 3220 2254 sicca.
3274 2199 3420 2268 Ignis
3446 2213 3619 2269 porro

2037 2291 2254 2348 tametsi
2298 2307 2395 2362 per
2427 2306 2486 2347 se
2539 2290 2880 2345 admirabilis
2922 2289 3193 2356 exsistat,
3241 2290 3622 2346 admirabilior

2037 2389 2219 2434 tamen
2251 2388 2337 2435 est
2365 2379 2536 2449 ipsius
2572 2395 2696 2435 cum
2732 2394 2860 2434 aere
2909 2379 3123 2447 mistio;
3156 2379 3299 2434 aeris
3326 2381 3453 2436 item
3494 2397 3619 2435 cum

2036 2484 2218 2538 aqua;
2273 2483 2427 2538 aquae
2487 2483 2681 2524 rursus
2715 2483 2839 2523 cum
2867 2477 3036 2524 terra.
3094 2469 3277 2540 Atque
3315 2471 3499 2526 omnia
3553 2473 3624 2526 ad

2038 2560 2227 2614 mundi
2275 2559 2812 2630 coagmentationem
2872 2559 2975 2615 sibi
3035 2561 3269 2616 invicem
3313 2561 3622 2627 conferunt,

2037 2659 2363 2720 naturaeque
2396 2666 2512 2705 suae
2573 2659 2628 2705 et
2676 2651 2931 2707 utilitatis
2982 2651 3223 2708 rationes
3259 2653 3482 2718 habent,
3519 2655 3624 2708 etsi

2039 2741 2243 2795 mentis
2267 2749 2472 2795 nostra:
2506 2749 2666 2811 captu
2698 2740 3050 2796 sublimiores
3078 2742 3210 2795 sint.
3261 2741 3433 2798 Porro
3478 2741 3628 2797 hunc

2039 2847 2262 2903 quoque
2309 2831 2630 2886 sensibilem
2663 2829 2928 2885 mundum
2975 2830 3123 2887 Deus
3156 2831 3438 2900 produxit,
3477 2841 3534 2886 ut
3565 2846 3628 2888 se

2040 2939 2148 2979 nou
2183 2923 2345 2978 modo
2379 2922 2750 2978 intellectilem
2800 2923 3066 2978 mundum
3098 2923 3312 2980 eﬂicere
3343 2939 3504 2994 posse
3533 2939 3627 2980 os-

2045 3015 2315 3080 tenderet,
2350 3015 2447 3069 sed
2469 3013 2635 3069 etiam
2668 3027 2992 3083 corporeum
3017 3022 3182 3084 atque
3214 3030 3243 3069 a
3275 3029 3334 3070 se
3360 3015 3622 3069 alienum.

1961 3089 2006 3137 L‘
2038 3105 2430 3175 Cognationem
2465 3105 2612 3158 enim
2642 3103 2936 3173 quamdam
2966 3119 3092 3158 eum
3141 3103 3252 3158 Deo
3304 3106 3482 3175 angeli
3528 3107 3626 3160 ha-

2041 3198 2190 3261 bent,
2218 3203 2490 3267 quatenus
2520 3207 2754 3263 corpore
2778 3204 2976 3248 vacant
3030 3210 3094 3248 ac
3115 3195 3232 3249 sola
3265 3206 3445 3250 mente
3473 3211 3626 3251 com-

2044 3287 2462 3357 prehenduntur
2501 3301 2516 3338 :
2551 3295 2741 3339 contra
2775 3283 2967 3355 procul
3018 3299 3048 3338 a
3091 3283 3202 3340 Deo
3233 3295 3459 3340 remoue
3500 3297 3629 3340 sunt

2044 3389 2098 3432 et
2147 3379 2340 3433 aliena:
2392 3385 2602 3431 naturae
2636 3388 2830 3433 omnes
2868 3393 2991 3448 qua:
3040 3377 3094 3432 in
3151 3392 3349 3433 sensus
3370 3378 3574 3433 cadunt
3607 3395 3626 3434 :

2043 3481 2209 3538 atque
2252 3469 2338 3524 his
2391 3468 2556 3523 etiam
2603 3469 2946 3534 remotiores,
3005 3483 3130 3540 quae
3183 3468 3368 3523 anima
3415 3477 3626 3525 carent.

2043 3561 2313 3615 Caeterum
2367 3559 2561 3614 alienae
2618 3574 2649 3614 a
2695 3558 2803 3615 Deo
2857 3568 2912 3615 ct
2967 3560 3267 3631 peregrinae
3314 3559 3631 3632 huiusmodi

2044 3661 2307 3705 creatura:
2345 3651 2606 3706 dicuntur
2633 3689 2648 3716 ,
2691 3653 2996 3706 secundum
3044 3659 3340 3716 naturam,
3395 3660 3451 3706 et
3503 3653 3630 3721 quia

2046 3742 2254 3796 nullam
2289 3740 2668 3797 similitudinis
2702 3743 2969 3797 rationem
2991 3756 3113 3797 cum
3143 3758 3214 3824 eo
3236 3743 3459 3799 habent.
3494 3743 3630 3798 Nam

2045 3833 2561 3905 alioqui,quantutn
2592 3833 2658 3887 ad
2683 3834 2980 3889 creationis
3031 3844 3085 3889 et
3133 3835 3494 3904 providentiae
3540 3852 3632 3890 ra-

2046 3925 2276 3990 tionem,
2331 3925 2754 3994 haudquaquam
2807 3925 2877 3979 ab
2927 3938 2994 3979 eo
3067 3925 3299 3993 ejusque
3385 3925 3634 3980 bonitate

2047 4016 2238 4071 alienae
2275 4023 2424 4069 sunt.
2463 4013 2568 4070 Sed
2617 4014 2822 4068 dixerit
2873 4013 3005 4067 mihi
3041 4014 3313 4084 quispiam
3348 4015 3400 4070 id
3424 4055 3440 4082 ,
3487 4017 3633 4086 quod

2047 4105 2257 4175 vulgari
2299 4105 2594 4174 proverbio
2641 4104 2910 4174 iactatur,
2941 4105 3084 4171 Quin
3116 4113 3172 4159 tu
3203 4145 3219 4172 ,
3255 4107 3399 4162 velut
3429 4123 3634 4178 equum

2048 4196 2116 4250 ad
2145 4203 2388 4258 metam,
2449 4195 2522 4247 ita
2582 4193 2886 4248 orationem
2932 4209 3152 4265 quoque
3203 4197 3270 4250 ad
3324 4196 3633 4254 institutam

2049 4286 2360 4351 materiam,
2384 4286 2456 4340 ob
2488 4300 2654 4354 quam
2683 4285 3042 4342 convenimus
3090 4294 3145 4341 et
3174 4288 3506 4356 assidemus,
3538 4292 3636 4345 sti-

2050 4377 2273 4434 mulas?
2333 4376 2448 4432 Hoc
2509 4377 2769 4432 nimirum
2796 4376 3030 4448 faciam,
3079 4379 3180 4436 etsi
3223 4394 3254 4434 a
3320 4378 3633 4438 Divinitalis

2049 4468 2301 4524 doctrina
2334 4482 2568 4523 exorsus
2611 4483 2756 4534 sum,
2802 4481 2831 4520 a
2879 4467 3180 4536 cupiditate
3214 4469 3464 4526 videlicet
3515 4487 3635 4526 ser-

2053 4562 2343 4628 monisque
2379 4559 2526 4614 serie
2559 4567 2893 4628 pertractus.
2931 4559 3066 4613 Nam
3099 4574 3208 4626 me,
3247 4561 3315 4615 de
3344 4560 3637 4618 Divinitate

2052 4649 2328 4704 disserere
2386 4651 2726 4718 cupientem,
2770 4649 2883 4703 huc
2936 4650 3104 4704 traxit
3149 4651 3347 4705 oratio.
3393 4651 3635 4717 Etenim,

2053 4758 2176 4798 cum
2214 4742 2282 4796 de
2329 4741 2685 4796 humanitatis
2744 4748 3042 4809 assumpta:
3098 4741 3330 4796 consilio
3385 4743 3636 4798 dicturus

2053 4851 2231 4891 essem
2258 4874 2274 4901 ,
2329 4849 2452 4905 quae
2499 4834 2674 4904 ipsius
2725 4847 2896 4888 causa
2928 4833 3220 4897 exstiterit,
3253 4835 3636 4904 exponendum

2057 4926 2188 4992 fuit,
2227 4939 2424 4994 nempe
2455 4923 2698 4979 hominis
2730 4924 3120 4994 transgressio.
3145 4923 3278 4978 Illud
3303 4925 3468 4978 etiam
3500 4925 3638 4995 adji-

2053 5032 2179 5072 cere
2212 5017 2476 5086 oportuit,
2540 5014 2776 5083 hujusce
2832 5013 3303 5083 transgressionis
3353 5025 3636 5069 auctorem

2056 5110 2334 5165 diabolum
2388 5107 2561 5163 fuisse
2593 5123 2607 5160 :
2636 5114 2804 5176 atque
2847 5107 2952 5162 hoc
3000 5115 3315 5177 propterea,
3355 5108 3636 5164 diabolum

2060 5212 2414 5268 nequaquam
2442 5211 2472 5251 a
2503 5199 2613 5252 Deo
2646 5197 2807 5252 talem
2841 5206 3083 5252 creatum
3111 5197 3304 5264 fuisse,
3348 5215 3538 5255 verum
3581 5200 3636 5254 in

2058 5290 2298 5344 deterius
2336 5289 2684 5343 immutatum
2717 5328 2732 5354 ,
2793 5301 2847 5345 et
2886 5299 3169 5361 peccatum
3224 5291 3535 5360 inchoasse,
3584 5304 3639 5350 et

2061 5381 2196 5434 alios
2221 5379 2286 5433 ad
2313 5377 2651 5448 peccandum
2682 5379 2984 5438 induxisse.

2132 5473 2268 5526 Ibid.
2310 5473 2371 5526 C.
2409 5469 2695 5525 Enimvero
2725 5489 2869 5528 mens
2912 5475 3029 5543 jam
3061 5483 3110 5530 et
3155 5491 3360 5542 sensus,
3401 5477 3476 5530 sic
3501 5477 3639 5532 inter

2063 5580 2117 5618 se
2146 5564 2400 5632 discreta,
2435 5571 2548 5620 etc.
2573 5562 2676 5620 Per
2711 5575 2952 5622 mentem
2989 5567 3305 5638 Theologus
3349 5568 3637 5624 intellecti-

2453 5805 2470 5812 »η
2477 5805 2488 5816 η

2455 5828 2487 5841 ’τ
2519 5825 2544 5841 ξ

3121 5811 3196 5870 38
