4032 6198
581 227 716 307 Ῑ195

1993 230 2030 287 Α
2045 229 2369 292 DDEND.\.

3624 239 3717 306 ιιςιθ

576 342 681 396 lem
715 350 990 406 ornatum,
1021 341 1198 405 idest,
1233 339 1454 410 angelos
1486 337 1738 409 intelligit
1768 355 1780 393 :
1817 352 1911 408 per
1937 354 2155 393 scnsmn
2190 347 2235 403 Α
2267 343 2336 398 ob
2371 343 2585 397 inanem
2646 344 2871 413 gloriam
2918 352 2967 398 et
3022 343 3218 401 fastum
3269 350 3447 405 cristas
3488 356 3721 421 SilSlulctll,

577 443 784 498 autem,
839 435 1098 488 mundum
1141 433 1285 488 hunc
1336 435 1429 503 qui
1469 448 1632 487 sensu
1685 431 1998 501 percipitur.
2030 430 2145 486 Ait-

576 541 727 596 que:
763 524 990 579 Seusilis
1022 533 1186 594 atque
1223 523 1582 594 intelligibilis
1633 522 1868 576 mundus
1920 522 1971 574 in
2019 519 2152 577 etl‘e-

576 619 743 672 ctrice
775 616 993 687 quidem
1029 626 1211 670 mente
1240 616 1404 671 simul
1434 624 1592 670 erant
1625 630 1782 670 :cum
1811 625 1990 667 autem
2024 628 2150 682 pro-

575 710 722 762 ducti
757 717 903 774 sunt,
943 717 1071 763 tunc
1110 709 1274 763 etiam
1323 710 1465 763 inter
1508 723 1565 762 se
1598 707 1822 762 discreti
1854 714 2004 771 sunt,
2050 706 2152 758 hoc

574 810 680 866 est,
731 802 1023 871 separatim
1078 801 1266 857 creati.
1336 804 1513 871 Atque
1563 811 1788 869 uterque
1835 799 1976 852 intra
2019 797 2153 852 ﬁnes

575 908 706 948 suos
737 893 1097 959 consistebat,
1135 894 1241 949 hoc
1282 904 1365 948 est
1402 891 1756 963 intelligibilia
1795 889 2152 962 intelligihilia

576 984 754 1037 solutn
805 996 981 1050 erant,
1026 994 1081 1041 et
1123 985 1404 1040 scnsibilia
1463 984 1641 1037 solum
1696 980 1998 1041 scnsibilia,
2053 995 2151 1033 nec

574 1075 718 1130 inter
746 1091 804 1130 se
835 1077 1333 1133 commisccbantnr
1370 1116 1386 1141 ,
1422 1092 1485 1130 ac
1517 1073 1926 1145 pulchritudine
1956 1082 2009 1127 et
2036 1086 2149 1124 ma-

575 1168 862 1236 gnitudine
914 1184 1011 1223 sua
1059 1168 1338 1224 Creatoris
1385 1168 1683 1238 potentiam
1714 1165 2149 1235 sapientiamque

577 1262 737 1314 tacite
793 1260 1189 1331 praedicabant.
1244 1261 1496 1315 Nondum
1533 1269 1712 1312 autem
1755 1257 1862 1311 ulla
1911 1265 2031 1311 erat
2084 1271 2150 1310 ex

574 1359 810 1420 utroque
846 1351 1195 1421 temperatio,
1249 1366 1348 1405 nec
1381 1351 1780 1404 contrariorum
1810 1348 2015 1412 mistio,
2051 1349 2152 1402 hoc

573 1448 678 1502 est,
710 1440 1062 1508 intelligibilis
1091 1449 1145 1494 et
1195 1438 1469 1494 sensibilis
1500 1436 1732 1502 mundi,
1793 1435 2152 1506 quoadusque

574 1530 740 1585 homo
789 1546 855 1585 ex
911 1530 1093 1585 anima
1151 1529 1475 1599 intelligibili
1541 1543 1604 1583 ac
1665 1538 1881 1582 terreno
1923 1542 2152 1596 corpore

582 1622 836 1675 conditus
868 1632 974 1677 est.
1011 1620 1183 1675 l’orro
1225 1621 1421 1675 animae
1455 1628 1508 1674 ct
1539 1619 1783 1689 corporis
1831 1618 2150 1688 temperatio

577 1711 796 1774 dicitur,
826 1721 882 1767 nt
912 1711 1276 1780 intelligamus
1304 1712 1540 1767 animam
1567 1721 1836 1775 nostram,
1871 1723 1930 1766 ut
1962 1714 2146 1765 vinum

575 1817 751 1873 aqua,“
772 1805 852 1859 sic
886 1814 998 1859 toto
1030 1819 1262 1874 corpore
1292 1813 1757 1875 contemperatam
1789 1818 1931 1858 esse.
1966 1803 2148 1857 Mistio

574 1905 778 1959 autem,
810 1896 939 1964 quia
965 1908 1136 1949 morte
1169 1905 1482 1965 separatur,
1522 1894 1992 1963 hnjusmodienim
2022 1906 2149 1951 sunt

573 2003 695 2057 qnte
736 1989 1058 2055 miscentur,
1094 1998 1147 2042 ut
1194 1989 1459 2043 hordeum
1484 1999 1538 2042 et
1570 1989 1832 2042 triticum.
1871 1985 1991 2041 Jam
2024 2003 2150 2042 vero

576 2081 717 2134 Deus
748 2081 1020 2135 hominem
1054 2080 1371 2146 fabricatur,
1412 2079 1609 2149 partim
1643 2095 1706 2132 ex
1742 2079 1963 2133 materia
1992 2088 2150 2135 terra:

567 2171 680 2240 jam
717 2173 898 2241 primo
935 2172 1023 2226 die
1059 2172 1234 2236 factm,
1297 2172 1493 2242 partim
1526 2187 1593 2226 ex
1646 2172 1825 2225 anima
1863 2172 1961 2242 ipsi
2008 2188 2036 2225 a
2091 2189 2149 2227 se

571 2265 860 2333 inspirata,
900 2265 1000 2318 hoc
1057 2273 1158 2323 est.
1216 2263 1285 2318 ab
1316 2262 1588 2318 effectrice
1644 2261 1817 2335 ipsius
1876 2265 2144 2333 potentia,

570 2354 734 2423 idque.
765 2370 832 2408 ex
871 2355 1038 2409 nihilo
1065 2396 1082 2420 ,
1132 2372 1195 2409 ae
1237 2370 1344 2408 non
1396 2370 1461 2409 ex
1512 2354 1853 2433 przejacente.
1880 2358 2145 2412 materia:

573 2461 808 2515 ettmque
846 2446 900 2499 in
936 2456 1080 2502 terra
1144 2449 1428 2501 constituit
1484 2463 1738 2517 rnagnnm
1789 2450 2047 2503 muluium
2090 2451 2140 2503 in

582 2553 749 2606 parvo
783 2542 1007 2606 mundo,
1045 2539 1147 2594 hoc
1175 2549 1277 2602 est,
1315 2539 1583 2593 sensibili.
1622 2539 1835 2594 Parvus
1870 2540 2014 2593 enim
2064 2550 2148 2597 est

578 2629 665 2684 hic
698 2632 962 2699 mundus,
994 2632 1039 2688 si
1085 2648 1207 2686 cum
1247 2632 1489 2697 homine,
1544 2632 1704 2700 cujus
1748 2647 1915 2686 causa
1968 2636 2148 2687 omnia

575 2722 716 2777 facta
752 2736 899 2791 sunt,
926 2726 1269 2781 conferatur.
1326 2726 1381 2780 lJ
1413 2725 1582 2792 enim,
1628 2725 1787 2795 cujus
1820 2740 1985 2781 causa
2047 2726 2148 2779 ali-

577 2813 706 2877 quid
743 2815 823 2879 tit,
859 2815 1036 2884 majus
1062 2825 1145 2870 est
1170 2826 1222 2868 et
1253 2815 1613 2870 excellentius
1645 2830 1710 2868 eo
1740 2816 1882 2883 quod
1922 2826 2146 2884 propter

574 2904 719 2955 aliud
752 2905 1008 2975 quiddam
1042 2906 1287 2959 ellicitur.
1326 2907 1504 2974 Atque
1534 2919 1658 2959 eum
1687 2904 1929 2958 omnium
1957 2920 2142 2959 earum

573 3012 780 3058 rerum,
819 3013 939 3066 qua:
984 2997 1121 3050 infra
1171 2997 1356 3051 lunam
1417 3003 1567 3059 sunt,
1606 3011 1784 3066 regem
1839 3000 2139 3065 constituit,
2170 3029 2215 3087 ο

576 3093 633 3137 ιιι
666 3085 924 3139 omnibus
951 3085 1138 3150 rebus,
1172 3100 1310 3156 quas
1346 3085 1665 3141 condiderat
1690 3101 1754 3141 ac
1788 3088 2142 3158 produxerant,

577 3176 955 3232 dominaretur
988 3198 1000 3232 :
1042 3189 1261 3249 propter
1286 3193 1489 3248 corpus
1531 3178 1751 3247 quidem
1786 3190 2057 3235 terrenum
2092 3191 2146 3237 et

571 3270 838 3323 caducum
893 3284 957 3325 ac
1011 3271 1279 3327 visibilem
1312 3289 1331 3347 _:
1363 3280 1587 3343 propter
1638 3273 1877 3329 animam
1938 3285 2140 3336 autem.

567 3361 845 3415 emlestem
906 3370 961 3417 et
1035 3363 1400 3418 immortalem
1473 3372 1640 3434 atque
1721 3365 2140 3434 intelligibilem.

486 3518 489 3521 _
568 3452 804 3508 Medium
842 3452 1450 3526 inter'magnitudinem
1487 3466 1540 3511 ct
1596 3455 1999 3526 humilitatem,
2042 3459 2145 3515 hoc

568 3556 673 3611 est,
708 3547 851 3601 inter
884 3557 1116 3602 mortem
1147 3556 1201 3602 et
1232 3548 1724 3613 immortalitatem,
1750 3558 1929 3603 utrum
1949 3549 2143 3605 horum

571 3637 723 3704 sitqui
759 3644 920 3702 atque
969 3638 1221 3706 amplecti
1262 3638 1443 3701 vellet,
1487 3636 1722 3693 arbitrio
1767 3638 1945 3707 ipsius
1976 3640 2143 3695 relin-

571 3742 766 3795 quens.
805 3726 1129 3798 Quanquam
1155 3729 1300 3783 enim
1351 3730 1518 3783 homo
1547 3738 1746 3784 natura
1782 3731 2035 3787 mortalis
2057 3747 2145 3788 es-

572 3827 677 3879 set,
712 3828 897 3886 utpote
948 3835 1013 3873 ex
1051 3834 1155 3873 non
1191 3819 1487 3874 exsistente
1532 3819 1712 3875 factus
1742 3837 1757 3874 :
1796 3828 1978 3875 tamen
2011 3836 2142 3891 pto-

575 3919 694 3978 pter
728 3909 900 3979 ipsius
933 3924 1056 3965 cum
1088 3911 1420 3979 sempiterno
1456 3910 1567 3964 Deo
1594 3911 2009 3969 similitudinem
2042 3915 2144 3969 hac

576 4010 695 4055 erat
725 4001 1061 4068 conditione,
1105 4013 1166 4056 ut
1193 4003 1239 4058 si
1272 4016 1389 4058 eam
1421 4002 1686 4074 integram
1720 4016 1990 4060 servasset
2033 4005 2142 4078 (ni-

576 4095 774 4147 mirum
802 4094 953 4148 omui
990 4095 1185 4150 mentis
1217 4094 1582 4164 prepensione
1630 4094 1700 4149 ad
1726 4110 1852 4150 eum
1890 4097 2140 4163 tendens,

575 4186 879 4239 naturalem
911 4186 1190 4241 interitum
1224 4186 1539 4251 retudisset,
1575 4195 1630 4241 et
1656 4188 1987 4245 immortalis
2020 4207 2144 4261 per-

575 4277 827 4340 stitisset,
863 4290 928 4330 ac
977 4277 1217 4343 tandem,
1268 4286 1327 4331 ut
1367 4276 1510 4331 Deus
1544 4278 1788 4334 vixisset.
1826 4276 1923 4333 Vel
1978 4284 2141 4336 etiam

2259 448 2479 512 propter
2513 448 2715 491 terram
2773 454 2965 494 rursus
3008 440 3191 493 animo
3222 445 3560 509 contrahatur,
3587 451 3704 505 modo

2257 531 2538 599 ratiusque
2567 529 2632 583 de
2664 545 2721 584 se
2742 530 3034 584 existimet.
3078 530 3244 587 Porro
3283 546 3448 589 autem
3469 536 3515 589 in
3544 538 3724 592 conﬁnio

2256 621 2349 676 Dei
2383 631 2436 675 et
2467 623 2707 676 materite
2740 623 2923 692 positi,
2955 639 3050 692 per
3080 625 3474 681 declinationem
3509 629 3565 682 ad
3590 641 3717 683 ntale-

2256 713 2392 766 riam
2434 713 2608 766 crassi
2636 729 2700 768 ac
2745 715 2945 768 terreni
2973 712 3235 769 elIieimur
3268 736 3280 771 :
3311 731 3400 787 per
3453 719 3618 774 mentis
3660 735 3708 772 an

2258 809 2363 855 tem
2392 802 2457 856 ad
2491 800 2659 856 Deum
2699 802 3059 868 cvecrionem,
3100 803 3303 866 divini,
3342 812 3488 874 atque
3525 807 3725 860 ctiannlii

2257 892 2629 945 nominamur.
2667 891 2746 947 lla
2788 893 3071 948 subvectio
3098 893 3164 947 ad
3202 892 3384 956 Deum,
3416 898 3726 964 praesentisla~

2255 981 2405 1036 buris
2455 992 2613 1052 atque
2664 983 2948 1039 industriae
3006 1000 3145 1053 opus
3196 994 3293 1050 est,
3338 988 3577 1041 deilicalio
3599 999 3729 1042 autem

2257 1071 2424 1128 futuri
2480 1075 2661 1129 sa-culi
2710 1075 3017 1145 praemium.
3080 1075 3316 1147 Exiguus
3369 1079 3501 1131 enim
3547 1080 3729 1131 veritatis

2258 1166 2539 1236 Splendor,
2588 1168 2680 1237 qui
2733 1167 2787 1221 in
2826 1175 2969 1221 terra
3006 1170 3289 1239 contingit,
3325 1168 3372 1221 id
3421 1178 3512 1235 est,
3559 1170 3730 1237 exiguus

2254 1272 2317 1311 ac
2353 1260 2533 1313 tenuis
2560 1259 2800 1313 scientiae
2832 1259 3036 1324 radius,
3084 1274 3151 1313 eo
3182 1260 3366 1313 tendit.
3395 1259 3503 1326 Quo
3533 1261 3732 1314 tandem?

2252 1350 2529 1407 Nimirum
2554 1351 2606 1404 in
2638 1350 2762 1417 hoc,
2799 1358 2858 1404 ut
2893 1358 3022 1405 tunc
3076 1351 3167 1406 Dei
3199 1352 3481 1406 claritatem
3512 1360 3560 1404 et
3595 1352 3730 1404 \‘idcac

2253 1458 2397 1504 mus,
2430 1452 2484 1496 et
2511 1442 2834 1508 sentiamus,
2869 1442 2920 1496 id
2949 1451 3049 1505 est,
3074 1451 3133 1496 ut
3175 1442 3461 1497 secundant
3486 1456 3589 1496 eam
3615 1441 3735 1495 ellur-

2254 1550 2466 1589 memur
2493 1543 2657 1604 atque
2687 1534 3046 1591 illustremur.
3075 1538 3088 1556 ⁶
3113 1533 3224 1590 lloc
3252 1535 3530 1599 sciendum,
3551 1535 3734 1589 animant

2254 1621 2575 1677 rationalem
2622 1637 2684 1676 ea
2717 1621 2976 1676 facultate
3028 1624 3304 1691 praeditam
3332 1612 3465 1687 esse,
3488 1632 3541 1676 ut
3572 1621 3737 1691 corpori

2255 1722 2630 1784 augmentum,
2666 1728 2888 1768 sensum
2936 1731 3002 1768 ac
3055 1715 3160 1767 vim
3197 1712 3438 1785 gignendi
3466 1713 3645 1777 afferat,
3667 1729 3741 1766 nec

2255 1805 2418 1858 aliam
2478 1814 2711 1858 mentem
2746 1805 2890 1859 circa
2920 1821 2978 1861 se
3014 1805 3235 1862 habere.
3268 1807 3410 1861 Mens
3438 1807 3585 1871 enim,
3606 1815 3650 1857 ut
3680 1816 3742 1857 te-

2252 1905 2425 1950 statur
2458 1895 2851 1962 Damascenus,
2877 1897 3169 1966 purissima
3208 1900 3395 1955 animae
3414 1914 3526 1969 pars
3562 1908 3629 1952 cst
3653 1896 3742 1965 (l').

2336 2056 2453 2111 Col.
2475 2056 2580 2111 513
2604 2057 2663 2111 Β.
2700 2055 2851 2111 Hunc
2897 2059 3108 2112 arbitrii
3132 2061 3377 2116 libertate
3405 2060 3643 2123 donatum,
3664 2069 3743 2111 etc.

2256 2149 2417 2216 Deus,
2453 2153 2653 2222 inquit,
2684 2154 2864 2207 sedem
2900 2162 2954 2208 et
2985 2155 3324 2210 domicilium
3363 2154 3549 2210 homini
3574 2152 3742 2224 paradi-

2252 2258 2374 2297 sum
2416 2245 2736 2313 assignavit,
2775 2246 3090 2314 quicunque
3122 2247 3337 2300 tandem
3379 2255 3486 2300 erat
3518 2245 3745 2315 paradisus

2251 2334 2360 2398 ille,
2419 2336 2534 2389 sive
2591 2336 2900 2402 sensibilis,
2971 2341 3086 2392 sive
3140 2320 3479 2402 intellectil‘is,
3512 2348 3666 2406 anne,
3702 2345 3744 2389 ιιι

2253 2425 2441 2480 Sir-ach
2481 2427 2557 2480 ait
2590 2443 2605 2482 :
2644 2427 2854 2482 Dimisit
2905 2446 3022 2483 eum
3054 2447 3217 2487 manu
3261 2433 3458 2486 consilii
3480 2430 3630 2495 sui“,
3671 2430 3745 2482 hoc

2250 2528 2357 2582 cst,
2390 2520 2598 2574 arbitrii
2637 2522 2890 2576 libertate
2921 2524 3173 2588 donavit,
3232 2535 3288 2579 ut
3317 2526 3524 2586 bonum,
3558 2522 3676 2594 quod
3694 2523 3744 2573 ab

2251 2608 2372 2678 ipso
2414 2612 2673 2678 praeclare
2705 2623 2985 2681 gereretur
3018 2630 3318 2671 commune
3349 2624 3501 2677 esset.
3532 2624 3578 2668 et
3616 2612 3688 2666 Dei
3724 2627 3745 2663 a

2252 2715 2362 2769 quo
2392 2716 2563 2771 capax
2621 2702 2748 2756 boni
2803 2713 3026 2760 creatus
3083 2705 3288 2771 fuerat,
3335 2714 3386 2761 et
3433 2703 3655 2764 hominis.
3680 2700 3746 2769 qui

2253 2792 2507 2848 virtutem
2534 2796 2789 2863 elegisset
2836 2809 2999 2867 atque
3056 2809 3341 2853 assecutus
3370 2807 3525 2854 esset.
3555 2797 3648 2850 Mea
3676 2811 3747 2848 an-

2252 2891 2359 2935 tem
2384 2884 2654 2937 sententia
2687 2884 2810 2956 (l‘),
2835 2887 3119 2954 paradisus
3156 2890 3310 2943 beata
3341 2900 3391 2942 et
3438 2889 3642 2942 etc-lastis
3668 2886 3745 2935 vita

2249 2986 2354 3041 est,
2387 2977 2441 3031 in
2477 2993 2585 3047 qua
2636 2978 2801 3032 homo
2856 2981 3138 3035 institutus
3193 2984 3405 3036 divinas
3454 2980 3747 3050 cogitationes

2249 3070 2409 3140 quasi
2442 3070 2656 3138 plantas
2689 3071 2938 3125 excolere
2962 3073 3155 3138 jussus
3189 3085 3289 3135 est,
3325 3090 3425 3128 una
3450 3082 3628 3127 tantum
3655 3082 3747 3138 ντ-

2248 3159 2472 3214 tectiore
2497 3161 2690 3214 arbore
2719 3160 2820 3230 ipsi
2853 3159 3167 3228 interdicta,
3205 3180 3327 3233 quae
3363 3165 3414 3217 in
3443 3180 3498 3218 se
3523 3159 3751 3216 discretio-

2248 3267 2370 3306 nem
2424 3253 2548 3308 boni
2599 3261 2653 3307 et
2696 3252 2823 3306 mali
2876 3251 3131 3308 habebat.
3164 3257 3341 3311 Arbor
3388 3265 3552 3309 autem
3595 3252 3664 3306 illa
3688 3250 3747 3320 (ut

2249 3347 2369 3416 ipse
2433 3344 2853 3413 contemplando
2908 3347 3227 3420 assequar)
3293 3347 3381 3403 Dei
3425 3341 3747 3413 contemplatio

2245 3450 2386 3505 erat,
2418 3439 2818 3510 perl’ectiorque
2851 3440 3025 3509 ipsius
3048 3443 3295 3511 cognitio
3321 3458 3383 3495 ac
3408 3440 3624 3511 jucunda
3648 3434 3749 3487 lrni-

2247 3536 2348 3588 tio.
2399 3530 2704 3606 [(2),Porro
2727 3534 2970 3590 scientiae
3002 3535 3128 3589 boui
3166 3545 3221 3590 ct
3255 3535 3378 3589 mali
3406 3534 3628 3588 arborem
3649 3530 3749 3581 dixit

2244 3635 2466 3696 propter
2501 3625 2664 3682 variat
2716 3625 3145 3697 multiplicisque
3177 3627 3551 3698 speculationis
3587 3631 3633 3675 et
3655 3632 3751 3671 con-

2247 3718 2624 3785 templationis
2677 3718 3110 3773 distinctionem.
3174 3719 3300 3774 Haec
3342 3728 3511 3774 autem
3573 3709 3775 3785 propri?

2245 3808 2516 3877 cujusque
2555 3817 2766 3862 natura:
2813 3809 2901 3864 vel
2946 3811 3110 3864 etiam
3149 3809 3244 3866 Dei
3290 3809 3509 3881 agnitio,
3549 3800 3752 3876 perfectis

2244 3900 2462 3971 quidem
2492 3910 2661 3970 atque
2707 3901 2876 3956 altius
2930 3901 2985 3954 in
3030 3903 3488 3973 contemplatione
3535 3890 3751 3969 provectis

2244 3994 2387 4049 bona
2419 4003 2524 4057 est,
2582 4002 2770 4065 utpote
2801 4008 2863 4047 ex
2903 4008 3025 4048 sese
3056 3994 3284 4063 Opiticis
3318 3991 3664 4050 excellentiam
3681 3985 3751 4038 de-

2243 4088 2575 4158 praedieans,
2602 4089 2692 4153 iis,
2740 4088 2989 4158 inquam,
3024 4089 3232 4158 quibus
3282 4089 3354 4143 ob
3382 4082 3751 4158 cjusmodicon-

2246 4182 2618 4249 templationis
2664 4181 2909 4237 habitum
2942 4183 3212 4237 diuturno
3260 4183 3751 4253 temporecompara-

2244 4284 2360 4329 tum
2393 4275 2538 4326 nulla
2572 4276 2680 4345 jam
2710 4273 2764 4328 in
2797 4275 3042 4329 deterius
3075 4275 3357 4345 prolapsio
3382 4270 3639 4326 metuenda
3673 4266 3750 4314 est.

579 4367 693 4419 haec
726 4366 887 4421 verba
923 4383 939 4421 :
972 4365 1207 4422 Medium
1237 4368 1375 4420 inter
1407 4367 1842 4436 magnitudinem
1875 4376 1930 4423 et
1953 4369 2136 4424 humi-
2171 4389 2214 4444 ι)
2244 4366 2424 4421 Arbor
2452 4375 2631 4419 autem
2660 4365 2783 4420 vitae
2806 4365 3029 4426 dicitur,
3067 4368 3336 4434 quoniam
3370 4364 3553 4418 divina:
3580 4350 3754 4428 partici-

574 4459 803 4525 litatem,
835 4460 939 4515 hoc
969 4472 1130 4514 sensu
1163 4458 1484 4528 explicanda
1519 4466 1669 4513 sunt.
1700 4457 1877 4514 Homo
1911 4461 2138 4518 humilis

570 4551 734 4607 simul
764 4560 820 4605 et
867 4566 1098 4620 magnus
1137 4560 1243 4615 est,
1284 4565 1347 4605 ac
1369 4550 1601 4603 duorum
1628 4549 1826 4604 borum
1855 4559 1936 4604 est
1964 4554 2135 4620 parti-

571 4662 747 4715 ceps,
806 4642 1061 4698 nimirum
1123 4642 1514 4713 magnitudinis
1574 4652 1793 4712 propter
1850 4641 2130 4709 animam,

566 4739 888 4793 humilitatis
922 4747 1142 4808 pmptcr
1173 4751 1392 4806 corpus.
1427 4737 1604 4804 Atque
1649 4734 1788 4799 idem
1823 4742 1878 4789 et
1908 4735 2136 4804 spiritus

570 4842 623 4885 et
654 4845 782 4886 caro
818 4839 923 4894 est,
985 4839 1045 4884 ut
1105 4828 1151 4882 si
1202 4828 1418 4897 quando
1455 4835 1673 4896 propter
1733 4836 1969 4880 mentem
2021 4841 2144 4881 sese

566 4927 750 4978 animo
789 4925 1061 4989 extulerit,
1095 4940 1158 4979 ac
1180 4924 1246 4979 de
1280 4937 1339 4979 sc
1375 4920 1659 4992 magniﬁce
1688 4920 1944 4984 srnserit,
1978 4929 2143 4990 atque

672 5129 715 5162 "
743 5130 910 5186 Eccli.
936 5145 1025 5194 xv,
1057 5127 1143 5184 ﬂ.

640 5311 716 5384 (t)
748 5311 874 5368 llaec
900 5312 1027 5384 quia
1048 5310 1102 5365 in
1122 5311 1238 5384 solo
1263 5310 1483 5384 Regina:
1506 5307 1691 5384 codice
1715 5305 2010 5384 habentur,
2041 5315 2141 5383 nec

568 5378 894 5451 magimpere
920 5378 992 5435 ad
1022 5397 1135 5436 rem
1171 5380 1400 5451 iaciunt,
1427 5394 1456 5431 a
1490 5378 1700 5451 reliquo
1734 5378 2133 5444 interpretatio-

572 5447 944 5505 nis—contextu
980 5451 1281 5518 separanda
1304 5449 1456 5501 duxi.
1491 5447 1609 5518 Bill.

638 5520 737 5589 (Γ)
784 5519 901 5573 Mea
951 5512 1121 5573 autem
1174 5520 1448 5570 sententia.
1482 5519 1540 5571 D.
1582 5517 1812 5585 August.
1865 5512 1958 5568 lib.
2007 5526 2124 5589 iiut.

567 5585 687 5658 cap.
712 5585 802 5651 i2,
832 5590 908 5643 De
939 5593 1081 5650 civit.
1116 5589 1228 5649 Dei,
1265 5588 1578 5656 Opinionem
1616 5600 1808 5658 eorum
1842 5585 2129 5650 improbat.

570 5657 665 5733 qui
695 5660 775 5716 vel
809 5675 1127 5732 corporeum
1160 5668 1392 5723 tantum,
1430 5658 1511 5711 vel
1545 5657 1879 5727 Spiritualcm
1921 5665 2128 5709 tantum

2246 4455 2489 4527 pationis
2524 4458 2770 4510 suavitas
2811 4456 2878 4511 iis
2900 4457 2994 4525 qui
3024 4457 3180 4519 hunc
3239 4456 3471 4510 fructum
3496 4446 3747 4521 percipiunt

2243 4553 2412 4609 vitam
2444 4551 2591 4606 trulla
2625 4559 2797 4605 morte
2833 4552 3196 4619 interruptam
3231 4549 3408 4603 aﬂ'crt.
3458 4542 3597 4610 Quod
3629 4536 3751 4589 etiam

2240 4660 2401 4700 onme
2434 4645 2637 4714 lignum
2670 4658 2699 4697 a
2724 4641 2834 4697 Deo
2862 4652 3123 4697 vocatur:
3152 4642 3233 4695 De
3266 4642 3408 4695 omui
3427 4639 3579 4708 ligna.
3598 4621 3752 4696 ίιιιιυί¹ν

2237 4736 2375 4806 quod
2402 4747 2478 4791 est
2509 4737 2563 4789 in
2596 4734 2870 4804 paradiso,
2903 4734 3161 4787 comedet.
3195 4734 3293 4788 lllu
3318 4736 3329 4785 l
3353 4730 3493 4786 enim
3523 4736 3653 4779 omne
3675 4722 3752 4773 est.

2239 4842 2336 4898 per
2354 4827 2523 4896 quod.
2553 4835 2606 4880 et
2643 4829 2698 4878 in
2731 4837 2843 4893 quo
2872 4840 3051 4877 rerum
3081 4823 3421 4878 universitas
3438 4812 3753 4884 coagmentati

2241 4931 2296 4974 et
2318 4921 2613 4973 constituta
2644 4915 2775 4987 est.]
2811 4917 2950 4986 Ergo
2994 4915 3197 4971 adultis
3229 4914 3450 4985 quidem
3480 4919 3626 4977 atque
3661 4907 3754 4968 lle"

2249 5298 2396 5352 hunc
2442 5294 2753 5365 paradisum
2804 5291 2990 5365 fuisse
3026 5288 3348 5365 existimant
3384 5306 3397 5342 :
3432 5295 3603 5365 atque,
3641 5268 3752 5365 sit"?

2238 5347 2851 5423 iniuriam-rationis
2906 5362 3176 5417 historica:
3231 5361 3301 5413 de
3348 5347 3604 5424 corporali
3646 5347 3757 5400 ioco.

2235 5453 2398 5508 posse
2430 5435 2710 5508 spirituale
2741 5434 2943 5508 aliquid
2979 5429 3231 5508 intelligi.

2309 5506 2384 5576 (9.)
2432 5490 2576 5569 llzec,
2629 5519 2751 5574 quae
2806 5490 3267 5576 tincinisjnclirsa
3301 5497 3472 5559 vides,
3520 5490 3756 5576 inlitos}?

2235 5550 2576 5630 Niélia’iioif
2603 5550 3252 5640 tdiiénﬁifi'ifnégioa
3295 5550 3476 5623 tamen
3511 5560 3675 5619 codice
3696 5550 3755 5602 IC'

2230 5656 2453 5717 guntut‘.
