  <div class='ocr_page' id='page_1' title='image "/cluster/home/n/w/nwhite01/storage/ocr_20150623/127/hvd.32044073502411/604.png"; bbox 0 0 3958 6204; ppageno 0'>
   <div class='ocr_carea' id='block_1_1' title="bbox 293 354 439 420">
    <p class='ocr_par' dir='ltr' id='par_1_1' title="bbox 293 354 439 420">
     <span class='ocr_line' id='line_1_1' title="bbox 293 354 439 420; baseline -0.021 0"><span class='ocrx_word' id='word_1_1' title='bbox 293 354 439 420; x_wconf 80' lang='grc'><strong>1197</strong></span> 
     </span>
    </p>
   </div>
   <div class='ocr_carea' id='block_1_2' title="bbox 1184 338 2608 408">
    <p class='ocr_par' dir='ltr' id='par_1_2' title="bbox 1184 338 2608 408">
     <span class='ocr_line' id='line_1_2' title="bbox 1184 338 2608 408; baseline -0.008 1"><span class='ocrx_word' id='word_1_2' title='bbox 1184 345 1504 408; x_wconf 74' lang='lat' dir='ltr'><strong>NICETAS</strong></span> <span class='ocrx_word' id='word_1_3' title='bbox 1546 345 1628 405; x_wconf 83' lang='grc' dir='ltr'><strong>ΙΝ</strong></span> <span class='ocrx_word' id='word_1_4' title='bbox 1669 343 1894 404; x_wconf 79' lang='lat' dir='ltr'><strong>ORAT.</strong></span> <span class='ocrx_word' id='word_1_5' title='bbox 1936 341 2243 402; x_wconf 81' lang='lat' dir='ltr'><strong>XXXVIII</strong></span> <span class='ocrx_word' id='word_1_6' title='bbox 2287 341 2346 400; x_wconf 90' lang='lat' dir='ltr'><strong>S.</strong></span> <span class='ocrx_word' id='word_1_7' title='bbox 2383 338 2608 399; x_wconf 81' lang='lat' dir='ltr'>GREG.</span> 
     </span>
    </p>
   </div>
   <div class='ocr_carea' id='block_1_3' title="bbox 3405 308 3540 394">
    <p class='ocr_par' dir='ltr' id='par_1_3' title="bbox 3405 308 3540 394">
     <span class='ocr_line' id='line_1_3' title="bbox 3405 308 3540 394; baseline -0.037 0"><span class='ocrx_word' id='word_1_8' title='bbox 3405 308 3540 394; x_wconf 63' lang='lat' dir='ltr'><strong>tias</strong></span> 
     </span>
    </p>
   </div>
   <div class='ocr_carea' id='block_1_4' title="bbox 297 442 3545 525">
    <p class='ocr_par' dir='ltr' id='par_1_4' title="bbox 297 442 3545 525">
     <span class='ocr_line' id='line_1_4' title="bbox 297 442 3545 525; baseline -0.007 -8"><span class='ocrx_word' id='word_1_9' title='bbox 297 463 459 519; x_wconf 76' lang='lat' dir='ltr'><strong>tectis</strong></span> <span class='ocrx_word' id='word_1_10' title='bbox 493 454 849 514; x_wconf 97' lang='lat' dir='ltr'><strong>conveniebat</strong></span> <span class='ocrx_word' id='word_1_11' title='bbox 885 451 1179 525; x_wconf 88' lang='lat' dir='ltr'><strong>perfectior</strong></span> <span class='ocrx_word' id='word_1_12' title='bbox 1203 451 1444 522; x_wconf 76' lang='lat' dir='ltr'><strong>cognitio</strong></span> <span class='ocrx_word' id='word_1_13' title='bbox 1475 469 1488 517; x_wconf 91' lang='lat'>;</span> <span class='ocrx_word' id='word_1_14' title='bbox 1523 461 1576 504; x_wconf 85' lang='lat' dir='ltr'><strong>at</strong></span> <span class='ocrx_word' id='word_1_15' title='bbox 1600 449 1863 519; x_wconf 84' lang='lat' dir='ltr'><strong>incipien-</strong></span> <span class='ocrx_word' id='word_1_16' title='bbox 1896 455 1940 512; x_wconf 74' lang='grc' dir='ltr'>Α</span> <span class='ocrx_word' id='word_1_17' title='bbox 1973 445 2272 500; x_wconf 88' lang='lat' dir='ltr'><strong>tentatione</strong></span> <span class='ocrx_word' id='word_1_18' title='bbox 2318 443 2627 514; x_wconf 88' lang='lat' dir='ltr'><strong>probatum,</strong></span> <span class='ocrx_word' id='word_1_19' title='bbox 2661 442 3125 498; x_wconf 74' lang='lat' dir='ltr'><strong>immortalitatem</strong></span> <span class='ocrx_word' id='word_1_20' title='bbox 3154 442 3442 511; x_wconf 81' lang='lat' dir='ltr'><strong>consequi,</strong></span> <span class='ocrx_word' id='word_1_21' title='bbox 3476 457 3545 494; x_wconf 90' lang='lat' dir='ltr'><strong>ne</strong></span> 
     </span>
    </p>
   </div>
   <div class='ocr_carea' id='block_1_5' title="bbox 292 541 1868 617">
    <p class='ocr_par' dir='ltr' id='par_1_5' title="bbox 292 541 1868 617">
     <span class='ocr_line' id='line_1_5' title="bbox 292 541 1868 617; baseline -0.011 -8"><span class='ocrx_word' id='word_1_22' title='bbox 292 554 444 609; x_wconf 86' lang='lat' dir='ltr'><strong>tibus</strong></span> <span class='ocrx_word' id='word_1_23' title='bbox 475 559 584 604; x_wconf 83' lang='lat' dir='ltr'><strong>tam</strong></span> <span class='ocrx_word' id='word_1_24' title='bbox 638 547 820 617; x_wconf 83' lang='lat' dir='ltr'><strong>gravis</strong></span> <span class='ocrx_word' id='word_1_25' title='bbox 867 556 921 598; x_wconf 87' lang='lat' dir='ltr'><strong>et</strong></span> <span class='ocrx_word' id='word_1_26' title='bbox 960 543 1171 598; x_wconf 89' lang='lat' dir='ltr'><strong>inutilis</strong></span> <span class='ocrx_word' id='word_1_27' title='bbox 1216 552 1356 607; x_wconf 87' lang='lat' dir='ltr'><strong>erat,</strong></span> <span class='ocrx_word' id='word_1_28' title='bbox 1405 559 1566 612; x_wconf 84' lang='lat' dir='ltr'><strong>quam</strong></span> <span class='ocrx_word' id='word_1_29' title='bbox 1596 541 1774 610; x_wconf 75' lang='lat' dir='ltr'><strong>gravis</strong></span> <span class='ocrx_word' id='word_1_30' title='bbox 1815 547 1868 592; x_wconf 85' lang='lat' dir='ltr'><strong>et</strong></span> 
     </span>
    </p>
   </div>
   <div class='ocr_carea' id='block_1_6' title="bbox 295 631 1868 707">
    <p class='ocr_par' dir='ltr' id='par_1_6' title="bbox 295 631 1868 707">
     <span class='ocr_line' id='line_1_6' title="bbox 295 631 1868 707; baseline -0.008 -11"><span class='ocrx_word' id='word_1_31' title='bbox 295 641 494 697; x_wconf 84' lang='lat' dir='ltr'><strong>noxius</strong></span> <span class='ocrx_word' id='word_1_32' title='bbox 527 634 762 707; x_wconf 78' lang='lat' dir='ltr'><strong>parvulis</strong></span> <span class='ocrx_word' id='word_1_33' title='bbox 789 648 910 688; x_wconf 89' lang='lat' dir='ltr'><strong>esse</strong></span> <span class='ocrx_word' id='word_1_34' title='bbox 943 633 1082 688; x_wconf 89' lang='lat' dir='ltr'><strong>solet</strong></span> <span class='ocrx_word' id='word_1_35' title='bbox 1117 631 1324 687; x_wconf 88' lang='lat' dir='ltr'><strong>solidus</strong></span> <span class='ocrx_word' id='word_1_36' title='bbox 1360 631 1536 687; x_wconf 86' lang='lat' dir='ltr'><strong>cibus.</strong></span> <span class='ocrx_word' id='word_1_37' title='bbox 1576 631 1698 684; x_wconf 80' lang='lat' dir='ltr'><strong>Jam</strong></span> <span class='ocrx_word' id='word_1_38' title='bbox 1741 644 1868 683; x_wconf 87' lang='lat' dir='ltr'><strong>vero</strong></span> 
     </span>
    </p>
   </div>
   <div class='ocr_carea' id='block_1_7' title="bbox 295 713 1896 798">
    <p class='ocr_par' dir='ltr' id='par_1_7' title="bbox 295 713 1896 798">
     <span class='ocr_line' id='line_1_7' title="bbox 295 713 1896 798; baseline -0.008 -15"><span class='ocrx_word' id='word_1_39' title='bbox 295 729 492 798; x_wconf 81' lang='lat' dir='ltr'><strong>triplici</strong></span> <span class='ocrx_word' id='word_1_40' title='bbox 518 726 728 780; x_wconf 82' lang='lat' dir='ltr'><strong>ratione</strong></span> <span class='ocrx_word' id='word_1_41' title='bbox 759 725 938 778; x_wconf 81' lang='lat' dir='ltr'><strong>nudus</strong></span> <span class='ocrx_word' id='word_1_42' title='bbox 964 731 1081 777; x_wconf 88' lang='lat' dir='ltr'><strong>erat</strong></span> <span class='ocrx_word' id='word_1_43' title='bbox 1117 722 1301 786; x_wconf 86' lang='lat' dir='ltr'><strong>homo,</strong></span> <span class='ocrx_word' id='word_1_44' title='bbox 1345 731 1458 776; x_wconf 93' lang='lat' dir='ltr'><strong>tum</strong></span> <span class='ocrx_word' id='word_1_45' title='bbox 1493 719 1622 790; x_wconf 87' lang='lat' dir='ltr'><strong>quia</strong></span> <span class='ocrx_word' id='word_1_46' title='bbox 1652 713 1896 773; x_wconf 72' lang='lat' dir='ltr'><strong>morum~</strong></span> 
     </span>
    </p>
   </div>
   <div class='ocr_carea' id='block_1_8' title="bbox 291 811 1868 889">
    <p class='ocr_par' dir='ltr' id='par_1_8' title="bbox 291 811 1868 889">
     <span class='ocr_line' id='line_1_8' title="bbox 291 811 1868 889; baseline -0.007 -13"><span class='ocrx_word' id='word_1_47' title='bbox 291 819 645 889; x_wconf 82' lang='lat' dir='ltr'><strong>simplicitate</strong></span> <span class='ocrx_word' id='word_1_48' title='bbox 675 815 932 885; x_wconf 68' lang='lat' dir='ltr'><strong>praeditus</strong></span> <span class='ocrx_word' id='word_1_49' title='bbox 962 823 1102 874; x_wconf 88' lang='lat' dir='ltr'><strong>erat,</strong></span> <span class='ocrx_word' id='word_1_50' title='bbox 1139 823 1253 867; x_wconf 91' lang='lat' dir='ltr'><strong>tum</strong></span> <span class='ocrx_word' id='word_1_51' title='bbox 1288 813 1418 880; x_wconf 86' lang='lat' dir='ltr'><strong>quia</strong></span> <span class='ocrx_word' id='word_1_52' title='bbox 1447 812 1612 866; x_wconf 90' lang='lat' dir='ltr'><strong>nullis</strong></span> <span class='ocrx_word' id='word_1_53' title='bbox 1657 811 1868 865; x_wconf 88' lang='lat' dir='ltr'><strong>artibus</strong></span> 
     </span>
    </p>
   </div>
   <div class='ocr_carea' id='block_1_9' title="bbox 291 902 1870 982">
    <p class='ocr_par' dir='ltr' id='par_1_9' title="bbox 291 902 1870 982">
     <span class='ocr_line' id='line_1_9' title="bbox 291 902 1870 982; baseline -0.008 -16"><span class='ocrx_word' id='word_1_54' title='bbox 291 911 473 982; x_wconf 86' lang='lat' dir='ltr'><strong>ipsius</strong></span> <span class='ocrx_word' id='word_1_55' title='bbox 502 910 612 962; x_wconf 88' lang='lat' dir='ltr'><strong>vita</strong></span> <span class='ocrx_word' id='word_1_56' title='bbox 639 907 906 960; x_wconf 87' lang='lat' dir='ltr'><strong>instructa</strong></span> <span class='ocrx_word' id='word_1_57' title='bbox 940 913 1078 968; x_wconf 89' lang='lat' dir='ltr'><strong>erat,</strong></span> <span class='ocrx_word' id='word_1_58' title='bbox 1110 915 1222 957; x_wconf 91' lang='lat' dir='ltr'><strong>tum</strong></span> <span class='ocrx_word' id='word_1_59' title='bbox 1243 903 1372 972; x_wconf 85' lang='lat' dir='ltr'><strong>quia</strong></span> <span class='ocrx_word' id='word_1_60' title='bbox 1402 902 1739 957; x_wconf 79' lang='lat' dir='ltr'><strong>vestimentis</strong></span> <span class='ocrx_word' id='word_1_61' title='bbox 1780 915 1870 954; x_wconf 90' lang='lat' dir='ltr'><strong>ca-</strong></span> 
     </span>
    </p>
   </div>
   <div class='ocr_carea' id='block_1_10' title="bbox 295 991 1867 1066">
    <p class='ocr_par' dir='ltr' id='par_1_10' title="bbox 295 991 1867 1066">
     <span class='ocr_line' id='line_1_10' title="bbox 295 991 1867 1066; baseline -0.008 -9"><span class='ocrx_word' id='word_1_62' title='bbox 295 1002 480 1057; x_wconf 83' lang='lat' dir='ltr'><strong>rebat.</strong></span> <span class='ocrx_word' id='word_1_63' title='bbox 523 997 660 1052; x_wconf 83' lang='lat' dir='ltr'><strong>Nam</strong></span> <span class='ocrx_word' id='word_1_64' title='bbox 695 1004 820 1066; x_wconf 78' lang='lat' dir='ltr'><strong>post</strong></span> <span class='ocrx_word' id='word_1_65' title='bbox 869 995 1042 1063; x_wconf 83' lang='lat' dir='ltr'><strong>legem</strong></span> <span class='ocrx_word' id='word_1_66' title='bbox 1071 994 1330 1048; x_wconf 81' lang='lat' dir='ltr'><strong>violatam</strong></span> <span class='ocrx_word' id='word_1_67' title='bbox 1368 1001 1586 1047; x_wconf 76' lang='lat' dir='ltr'><strong>versuta</strong></span> <span class='ocrx_word' id='word_1_68' title='bbox 1638 991 1867 1056; x_wconf 88' lang='lat' dir='ltr'><strong>malitia,</strong></span> 
     </span>
    </p>
   </div>
   <div class='ocr_carea' id='block_1_11' title="bbox 285 1081 1870 1154">
    <p class='ocr_par' dir='ltr' id='par_1_11' title="bbox 285 1081 1870 1154">
     <span class='ocr_line' id='line_1_11' title="bbox 285 1081 1870 1154; baseline -0.008 -8"><span class='ocrx_word' id='word_1_69' title='bbox 285 1100 353 1146; x_wconf 71' lang='lat' dir='ltr'><strong>et</strong></span> <span class='ocrx_word' id='word_1_70' title='bbox 383 1101 550 1154; x_wconf 77' lang='lat' dir='ltr'><strong>artes,</strong></span> <span class='ocrx_word' id='word_1_71' title='bbox 593 1102 657 1142; x_wconf 84' lang='lat' dir='ltr'><strong>ac</strong></span> <span class='ocrx_word' id='word_1_72' title='bbox 688 1094 865 1140; x_wconf 86' lang='lat' dir='ltr'><strong>vestes</strong></span> <span class='ocrx_word' id='word_1_73' title='bbox 894 1085 1244 1139; x_wconf 89' lang='lat' dir='ltr'><strong>exstiterunt.</strong></span> <span class='ocrx_word' id='word_1_74' title='bbox 1278 1082 1345 1137; x_wconf 82' lang='lat' dir='ltr'><strong>At</strong></span> <span class='ocrx_word' id='word_1_75' title='bbox 1383 1098 1510 1136; x_wconf 86' lang='lat' dir='ltr'><strong>vero</strong></span> <span class='ocrx_word' id='word_1_76' title='bbox 1532 1083 1772 1138; x_wconf 64' lang='lat' dir='ltr'><strong>scientia:</strong></span> <span class='ocrx_word' id='word_1_77' title='bbox 1803 1081 1870 1134; x_wconf 85' lang='lat' dir='ltr'><strong>li-</strong></span> 
     </span>
    </p>
   </div>
   <div class='ocr_carea' id='block_1_12' title="bbox 293 1174 1870 1251">
    <p class='ocr_par' dir='ltr' id='par_1_12' title="bbox 293 1174 1870 1251">
     <span class='ocr_line' id='line_1_12' title="bbox 293 1174 1870 1251; baseline -0.005 -17"><span class='ocrx_word' id='word_1_78' title='bbox 293 1197 464 1251; x_wconf 77' lang='lat' dir='ltr'><strong>gnum</strong></span> <span class='ocrx_word' id='word_1_79' title='bbox 499 1187 692 1232; x_wconf 89' lang='lat' dir='ltr'><strong>natura</strong></span> <span class='ocrx_word' id='word_1_80' title='bbox 744 1176 963 1245; x_wconf 88' lang='lat' dir='ltr'><strong>quidem</strong></span> <span class='ocrx_word' id='word_1_81' title='bbox 1021 1174 1223 1229; x_wconf 92' lang='lat' dir='ltr'><strong>bonum</strong></span> <span class='ocrx_word' id='word_1_82' title='bbox 1251 1183 1390 1238; x_wconf 90' lang='lat' dir='ltr'><strong>erat,</strong></span> <span class='ocrx_word' id='word_1_83' title='bbox 1427 1190 1530 1229; x_wconf 91' lang='lat' dir='ltr'><strong>usu</strong></span> <span class='ocrx_word' id='word_1_84' title='bbox 1579 1183 1758 1228; x_wconf 89' lang='lat' dir='ltr'><strong>autem</strong></span> <span class='ocrx_word' id='word_1_85' title='bbox 1797 1174 1870 1226; x_wconf 91' lang='lat' dir='ltr'><strong>ita</strong></span> 
     </span>
    </p>
   </div>
   <div class='ocr_carea' id='block_1_13' title="bbox 293 1265 1870 1337">
    <p class='ocr_par' dir='ltr' id='par_1_13' title="bbox 293 1265 1870 1337">
     <span class='ocr_line' id='line_1_13' title="bbox 293 1265 1870 1337; baseline -0.004 -12"><span class='ocrx_word' id='word_1_86' title='bbox 293 1273 516 1326; x_wconf 87' lang='lat' dir='ltr'><strong>demum</strong></span> <span class='ocrx_word' id='word_1_87' title='bbox 546 1270 747 1322; x_wconf 89' lang='lat' dir='ltr'><strong>bonum</strong></span> <span class='ocrx_word' id='word_1_88' title='bbox 773 1269 815 1321; x_wconf 82' lang='lat' dir='ltr'><strong>si</strong></span> <span class='ocrx_word' id='word_1_89' title='bbox 841 1278 1087 1336; x_wconf 90' lang='lat' dir='ltr'><strong>tempore</strong></span> <span class='ocrx_word' id='word_1_90' title='bbox 1113 1282 1215 1322; x_wconf 89' lang='lat' dir='ltr'><strong>suo</strong></span> <span class='ocrx_word' id='word_1_91' title='bbox 1238 1268 1632 1337; x_wconf 85' lang='lat' dir='ltr'><strong>perciperetur,</strong></span> <span class='ocrx_word' id='word_1_92' title='bbox 1664 1265 1870 1334; x_wconf 86' lang='lat' dir='ltr'><strong>alioqui</strong></span> 
     </span>
    </p>
   </div>
   <div class='ocr_carea' id='block_1_14' title="bbox 295 1359 1869 1428">
    <p class='ocr_par' dir='ltr' id='par_1_14' title="bbox 295 1359 1869 1428">
     <span class='ocr_line' id='line_1_14' title="bbox 295 1359 1869 1428; baseline -0.003 -14"><span class='ocrx_word' id='word_1_93' title='bbox 295 1361 526 1424; x_wconf 80' lang='lat' dir='ltr'><strong>malum,</strong></span> <span class='ocrx_word' id='word_1_94' title='bbox 559 1359 603 1414; x_wconf 92' lang='lat' dir='ltr'><strong>si</strong></span> <span class='ocrx_word' id='word_1_95' title='bbox 641 1359 1041 1428; x_wconf 79' lang='lat' dir='ltr'><strong>intempestive.</strong></span> <span class='ocrx_word' id='word_1_96' title='bbox 1075 1359 1278 1413; x_wconf 70' lang='lat' dir='ltr'><strong>Adbaee</strong></span> <span class='ocrx_word' id='word_1_97' title='bbox 1309 1359 1490 1414; x_wconf 91' lang='lat' dir='ltr'><strong>nudus</strong></span> <span class='ocrx_word' id='word_1_98' title='bbox 1535 1369 1656 1412; x_wconf 88' lang='lat' dir='ltr'><strong>erat</strong></span> <span class='ocrx_word' id='word_1_99' title='bbox 1684 1359 1869 1420; x_wconf 91' lang='lat' dir='ltr'><strong>homo,</strong></span> 
     </span>
    </p>
   </div>
   <div class='ocr_carea' id='block_1_15' title="bbox 289 1450 1870 1520">
    <p class='ocr_par' dir='ltr' id='par_1_15' title="bbox 289 1450 1870 1520">
     <span class='ocr_line' id='line_1_15' title="bbox 289 1450 1870 1520; baseline -0.003 -13"><span class='ocrx_word' id='word_1_100' title='bbox 289 1468 404 1507; x_wconf 77' lang='lat' dir='ltr'><strong>non</strong></span> <span class='ocrx_word' id='word_1_101' title='bbox 433 1462 493 1505; x_wconf 92' lang='lat' dir='ltr'><strong>ut</strong></span> <span class='ocrx_word' id='word_1_102' title='bbox 551 1451 736 1505; x_wconf 81' lang='lat' dir='ltr'><strong>carnis</strong></span> <span class='ocrx_word' id='word_1_103' title='bbox 780 1458 830 1504; x_wconf 88' lang='lat' dir='ltr'><strong>et</strong></span> <span class='ocrx_word' id='word_1_104' title='bbox 889 1450 1135 1519; x_wconf 90' lang='lat' dir='ltr'><strong>corporis</strong></span> <span class='ocrx_word' id='word_1_105' title='bbox 1169 1466 1361 1520; x_wconf 79' lang='lat' dir='ltr'><strong>expers</strong></span> <span class='ocrx_word' id='word_1_106' title='bbox 1386 1491 1400 1516; x_wconf 93' lang='lat'><strong>,</strong></span> <span class='ocrx_word' id='word_1_107' title='bbox 1435 1467 1618 1506; x_wconf 88' lang='lat' dir='ltr'><strong>verum</strong></span> <span class='ocrx_word' id='word_1_108' title='bbox 1655 1459 1714 1504; x_wconf 91' lang='lat' dir='ltr'><strong>ut</strong></span> <span class='ocrx_word' id='word_1_109' title='bbox 1751 1464 1870 1503; x_wconf 83' lang='lat' dir='ltr'><strong>eam</strong></span> 
     </span>
    </p>
   </div>
   <div class='ocr_carea' id='block_1_16' title="bbox 290 1541 1869 1613">
    <p class='ocr_par' dir='ltr' id='par_1_16' title="bbox 290 1541 1869 1613">
     <span class='ocr_line' id='line_1_16' title="bbox 290 1541 1869 1613; baseline -0.003 -17"><span class='ocrx_word' id='word_1_110' title='bbox 290 1551 726 1613; x_wconf 68' lang='lat' dir='ltr'><strong>temperaturam</strong></span> <span class='ocrx_word' id='word_1_111' title='bbox 755 1555 860 1594; x_wconf 89' lang='lat' dir='ltr'><strong>non</strong></span> <span class='ocrx_word' id='word_1_112' title='bbox 890 1541 1119 1606; x_wconf 86' lang='lat' dir='ltr'><strong>habens,</strong></span> <span class='ocrx_word' id='word_1_113' title='bbox 1143 1556 1264 1611; x_wconf 71' lang='lat' dir='ltr'><strong>quae</strong></span> <span class='ocrx_word' id='word_1_114' title='bbox 1295 1541 1618 1595; x_wconf 87' lang='lat' dir='ltr'><strong>crassiorem</strong></span> <span class='ocrx_word' id='word_1_115' title='bbox 1651 1554 1869 1594; x_wconf 87' lang='lat' dir='ltr'><strong>carnem</strong></span> 
     </span>
    </p>
   </div>
   <div class='ocr_carea' id='block_1_17' title="bbox 289 1629 1872 1699">
    <p class='ocr_par' dir='ltr' id='par_1_17' title="bbox 289 1629 1872 1699">
     <span class='ocr_line' id='line_1_17' title="bbox 289 1629 1872 1699; baseline -0.002 -13"><span class='ocrx_word' id='word_1_116' title='bbox 289 1633 570 1694; x_wconf 72' lang='lat' dir='ltr'><strong>redderet,</strong></span> <span class='ocrx_word' id='word_1_117' title='bbox 619 1646 682 1684; x_wconf 84' lang='lat' dir='ltr'><strong>ac</strong></span> <span class='ocrx_word' id='word_1_118' title='bbox 726 1629 1022 1685; x_wconf 78' lang='lat' dir='ltr'><strong>contrariis</strong></span> <span class='ocrx_word' id='word_1_119' title='bbox 1067 1637 1122 1685; x_wconf 89' lang='lat' dir='ltr'><strong>et</strong></span> <span class='ocrx_word' id='word_1_120' title='bbox 1157 1630 1486 1699; x_wconf 88' lang='lat' dir='ltr'><strong>perniciosis</strong></span> <span class='ocrx_word' id='word_1_121' title='bbox 1517 1629 1872 1699; x_wconf 85' lang='lat' dir='ltr'><strong>qualitatibus</strong></span> 
     </span>
    </p>
   </div>
   <div class='ocr_carea' id='block_1_18' title="bbox 289 1721 1872 1791">
    <p class='ocr_par' dir='ltr' id='par_1_18' title="bbox 289 1721 1872 1791">
     <span class='ocr_line' id='line_1_18' title="bbox 289 1721 1872 1791; baseline -0.003 -14"><span class='ocrx_word' id='word_1_122' title='bbox 289 1725 615 1778; x_wconf 82' lang='lat' dir='ltr'><strong>distractam</strong></span> <span class='ocrx_word' id='word_1_123' title='bbox 653 1731 817 1791; x_wconf 86' lang='lat' dir='ltr'><strong>atque</strong></span> <span class='ocrx_word' id='word_1_124' title='bbox 851 1721 1148 1775; x_wconf 89' lang='lat' dir='ltr'><strong>divulsam.</strong></span> <span class='ocrx_word' id='word_1_125' title='bbox 1203 1721 1369 1776; x_wconf 83' lang='lat' dir='ltr'><strong>Plane</strong></span> <span class='ocrx_word' id='word_1_126' title='bbox 1404 1721 1549 1776; x_wconf 90' lang='lat' dir='ltr'><strong>enim</strong></span> <span class='ocrx_word' id='word_1_127' title='bbox 1597 1721 1673 1774; x_wconf 91' lang='lat' dir='ltr'><strong>ita</strong></span> <span class='ocrx_word' id='word_1_128' title='bbox 1721 1721 1872 1774; x_wconf 83' lang='lat' dir='ltr'><strong>vive-</strong></span> 
     </span>
    </p>
   </div>
   <div class='ocr_carea' id='block_1_19' title="bbox 1973 532 3544 607">
    <p class='ocr_par' dir='ltr' id='par_1_19' title="bbox 1973 532 3544 607">
     <span class='ocr_line' id='line_1_19' title="bbox 1973 532 3544 607; baseline -0.005 -14"><span class='ocrx_word' id='word_1_129' title='bbox 1973 539 2026 593; x_wconf 90' lang='lat' dir='ltr'><strong>in</strong></span> <span class='ocrx_word' id='word_1_130' title='bbox 2083 538 2395 607; x_wconf 88' lang='lat' dir='ltr'><strong>superbiam</strong></span> <span class='ocrx_word' id='word_1_131' title='bbox 2457 534 2722 590; x_wconf 87' lang='lat' dir='ltr'><strong>incideret</strong></span> <span class='ocrx_word' id='word_1_132' title='bbox 2777 549 2842 587; x_wconf 87' lang='lat' dir='ltr'><strong>ac</strong></span> <span class='ocrx_word' id='word_1_133' title='bbox 2885 533 3152 603; x_wconf 84' lang='lat' dir='ltr'><strong>judicium</strong></span> <span class='ocrx_word' id='word_1_134' title='bbox 3185 533 3410 588; x_wconf 87' lang='lat' dir='ltr'><strong>diaboli.</strong></span> <span class='ocrx_word' id='word_1_135' title='bbox 3453 532 3544 586; x_wconf 90' lang='lat' dir='ltr'><strong>llle</strong></span> 
     </span>
    </p>
   </div>
   <div class='ocr_carea' id='block_1_20' title="bbox 1970 626 3543 698">
    <p class='ocr_par' dir='ltr' id='par_1_20' title="bbox 1970 626 3543 698">
     <span class='ocr_line' id='line_1_20' title="bbox 1970 626 3543 698; baseline -0.004 -14"><span class='ocrx_word' id='word_1_136' title='bbox 1970 629 2114 684; x_wconf 89' lang='lat' dir='ltr'><strong>enim</strong></span> <span class='ocrx_word' id='word_1_137' title='bbox 2156 640 2379 698; x_wconf 86' lang='lat' dir='ltr'><strong>propter</strong></span> <span class='ocrx_word' id='word_1_138' title='bbox 2431 627 2918 690; x_wconf 83' lang='lat' dir='ltr'><strong>immortalitatem,</strong></span> <span class='ocrx_word' id='word_1_139' title='bbox 2953 642 3059 696; x_wconf 88' lang='lat' dir='ltr'><strong>qua</strong></span> <span class='ocrx_word' id='word_1_140' title='bbox 3104 626 3361 698; x_wconf 54' lang='lat' dir='ltr'><strong>praeditus</strong></span> <span class='ocrx_word' id='word_1_141' title='bbox 3404 635 3543 689; x_wconf 76' lang='lat' dir='ltr'><strong>erat,</strong></span> 
     </span>
    </p>
   </div>
   <div class='ocr_carea' id='block_1_21' title="bbox 1969 717 3548 790">
    <p class='ocr_par' dir='ltr' id='par_1_21' title="bbox 1969 717 3548 790">
     <span class='ocr_line' id='line_1_21' title="bbox 1969 717 3548 790; baseline -0.002 -17"><span class='ocrx_word' id='word_1_142' title='bbox 1969 728 2320 790; x_wconf 84' lang='lat' dir='ltr'><strong>posteaquam</strong></span> <span class='ocrx_word' id='word_1_143' title='bbox 2352 717 2630 772; x_wconf 86' lang='lat' dir='ltr'><strong>voluntate</strong></span> <span class='ocrx_word' id='word_1_144' title='bbox 2674 717 2981 787; x_wconf 83' lang='lat' dir='ltr'><strong>mentisque</strong></span> <span class='ocrx_word' id='word_1_145' title='bbox 3039 717 3401 771; x_wconf 82' lang='lat' dir='ltr'><strong>destinatione</strong></span> <span class='ocrx_word' id='word_1_146' title='bbox 3450 732 3548 772; x_wconf 81' lang='lat' dir='ltr'><strong>su-</strong></span> 
     </span>
    </p>
   </div>
   <div class='ocr_carea' id='block_1_22' title="bbox 1973 807 3544 880">
    <p class='ocr_par' dir='ltr' id='par_1_22' title="bbox 1973 807 3544 880">
     <span class='ocr_line' id='line_1_22' title="bbox 1973 807 3544 880; baseline -0.003 -15"><span class='ocrx_word' id='word_1_147' title='bbox 1973 811 2136 880; x_wconf 89' lang='lat' dir='ltr'><strong>perbe</strong></span> <span class='ocrx_word' id='word_1_148' title='bbox 2193 825 2250 864; x_wconf 92' lang='lat' dir='ltr'><strong>se</strong></span> <span class='ocrx_word' id='word_1_149' title='bbox 2275 809 2489 872; x_wconf 80' lang='lat' dir='ltr'><strong>extulit,</strong></span> <span class='ocrx_word' id='word_1_150' title='bbox 2537 807 2929 862; x_wconf 85' lang='lat' dir='ltr'><strong>immutabilem</strong></span> <span class='ocrx_word' id='word_1_151' title='bbox 2978 807 3032 862; x_wconf 91' lang='lat' dir='ltr'><strong>in</strong></span> <span class='ocrx_word' id='word_1_152' title='bbox 3063 807 3208 862; x_wconf 84' lang='lat' dir='ltr'><strong>malo</strong></span> <span class='ocrx_word' id='word_1_153' title='bbox 3229 807 3544 869; x_wconf 78' lang='lat' dir='ltr'><strong>ﬁrmitatem</strong></span> 
     </span>
    </p>
   </div>
   <div class='ocr_carea' id='block_1_23' title="bbox 1972 897 3541 969">
    <p class='ocr_par' dir='ltr' id='par_1_23' title="bbox 1972 897 3541 969">
     <span class='ocr_line' id='line_1_23' title="bbox 1972 897 3541 969; baseline -0.002 -15"><span class='ocrx_word' id='word_1_154' title='bbox 1972 899 2180 954; x_wconf 78' lang='lat' dir='ltr'><strong>habuit.</strong></span> <span class='ocrx_word' id='word_1_155' title='bbox 2211 899 2352 968; x_wconf 86' lang='lat' dir='ltr'><strong>Ergo</strong></span> <span class='ocrx_word' id='word_1_156' title='bbox 2376 907 2433 952; x_wconf 92' lang='lat' dir='ltr'><strong>ut</strong></span> <span class='ocrx_word' id='word_1_157' title='bbox 2457 909 2675 969; x_wconf 89' lang='lat' dir='ltr'><strong>propter</strong></span> <span class='ocrx_word' id='word_1_158' title='bbox 2708 897 3010 967; x_wconf 87' lang='lat' dir='ltr'><strong>improbam</strong></span> <span class='ocrx_word' id='word_1_159' title='bbox 3042 897 3371 953; x_wconf 82' lang='lat' dir='ltr'><strong>voluntatem</strong></span> <span class='ocrx_word' id='word_1_160' title='bbox 3395 897 3541 952; x_wconf 87' lang='lat' dir='ltr'><strong>Ada-</strong></span> 
     </span>
    </p>
   </div>
   <div class='ocr_carea' id='block_1_24' title="bbox 1974 988 3548 1058">
    <p class='ocr_par' dir='ltr' id='par_1_24' title="bbox 1974 988 3548 1058">
     <span class='ocr_line' id='line_1_24' title="bbox 1974 988 3548 1058; baseline -0.003 -15"><span class='ocrx_word' id='word_1_161' title='bbox 1974 1005 2097 1043; x_wconf 93' lang='lat' dir='ltr'><strong>mus</strong></span> <span class='ocrx_word' id='word_1_162' title='bbox 2162 988 2447 1058; x_wconf 86' lang='lat' dir='ltr'><strong>peccavit,</strong></span> <span class='ocrx_word' id='word_1_163' title='bbox 2515 989 2589 1043; x_wconf 92' lang='lat' dir='ltr'><strong>ita</strong></span> <span class='ocrx_word' id='word_1_164' title='bbox 2651 1000 2874 1058; x_wconf 86' lang='lat' dir='ltr'><strong>propter</strong></span> <span class='ocrx_word' id='word_1_165' title='bbox 2926 997 3209 1057; x_wconf 85' lang='lat' dir='ltr'><strong>peccatum</strong></span> <span class='ocrx_word' id='word_1_166' title='bbox 3253 989 3306 1040; x_wconf 92' lang='lat' dir='ltr'><strong>in</strong></span> <span class='ocrx_word' id='word_1_167' title='bbox 3357 989 3548 1041; x_wconf 81' lang='lat' dir='ltr'><strong>mortis</strong></span> 
     </span>
    </p>
   </div>
   <div class='ocr_carea' id='block_1_25' title="bbox 1975 1079 3546 1151">
    <p class='ocr_par' dir='ltr' id='par_1_25' title="bbox 1975 1079 3546 1151">
     <span class='ocr_line' id='line_1_25' title="bbox 1975 1079 3546 1151; baseline -0.001 -17"><span class='ocrx_word' id='word_1_168' title='bbox 1975 1079 2348 1135; x_wconf 82' lang='lat' dir='ltr'><strong>necessitatem</strong></span> <span class='ocrx_word' id='word_1_169' title='bbox 2383 1081 2593 1136; x_wconf 85' lang='lat' dir='ltr'><strong>incidit.</strong></span> <span class='ocrx_word' id='word_1_170' title='bbox 2621 1079 2900 1151; x_wconf 79' lang='lat' dir='ltr'><strong>Stipendia</strong></span> <span class='ocrx_word' id='word_1_171' title='bbox 2929 1083 3065 1135; x_wconf 81' lang='lat' dir='ltr'><strong>enim</strong></span> <span class='ocrx_word' id='word_1_172' title='bbox 3090 1085 3290 1149; x_wconf 81' lang='lat' dir='ltr'><strong>peccati</strong></span> <span class='ocrx_word' id='word_1_173' title='bbox 3317 1097 3457 1134; x_wconf 76' lang='lat' dir='ltr'><strong>mors</strong></span> <span class='ocrx_word' id='word_1_174' title='bbox 3477 1081 3546 1133; x_wconf 63' lang='grc' dir='ltr'><strong>δ’.</strong></span> 
     </span>
    </p>
   </div>
   <div class='ocr_carea' id='block_1_26' title="bbox 1972 1170 3546 1241">
    <p class='ocr_par' dir='ltr' id='par_1_26' title="bbox 1972 1170 3546 1241">
     <span class='ocr_line' id='line_1_26' title="bbox 1972 1170 3546 1241; baseline 0.001 -16"><span class='ocrx_word' id='word_1_175' title='bbox 1972 1170 2249 1238; x_wconf 89' lang='lat' dir='ltr'><strong>Quantum</strong></span> <span class='ocrx_word' id='word_1_176' title='bbox 2289 1174 2434 1226; x_wconf 89' lang='lat' dir='ltr'><strong>enim</strong></span> <span class='ocrx_word' id='word_1_177' title='bbox 2487 1189 2516 1226; x_wconf 93' lang='lat' dir='ltr'><strong>a</strong></span> <span class='ocrx_word' id='word_1_178' title='bbox 2565 1175 2674 1228; x_wconf 90' lang='lat' dir='ltr'><strong>vita</strong></span> <span class='ocrx_word' id='word_1_179' title='bbox 2715 1175 3021 1241; x_wconf 82' lang='lat' dir='ltr'><strong>recedebat,</strong></span> <span class='ocrx_word' id='word_1_180' title='bbox 3053 1183 3264 1229; x_wconf 90' lang='lat' dir='ltr'><strong>tantum</strong></span> <span class='ocrx_word' id='word_1_181' title='bbox 3291 1174 3357 1228; x_wconf 93' lang='lat' dir='ltr'><strong>ad</strong></span> <span class='ocrx_word' id='word_1_182' title='bbox 3394 1188 3546 1229; x_wconf 85' lang='lat' dir='ltr'><strong>mor-</strong></span> 
     </span>
    </p>
   </div>
   <div class='ocr_carea' id='block_1_27' title="bbox 1975 1265 3546 1332">
    <p class='ocr_par' dir='ltr' id='par_1_27' title="bbox 1975 1265 3546 1332">
     <span class='ocr_line' id='line_1_27' title="bbox 1975 1265 3546 1332; baseline 0 -13"><span class='ocrx_word' id='word_1_183' title='bbox 1975 1273 2082 1319; x_wconf 90' lang='lat' dir='ltr'><strong>tem</strong></span> <span class='ocrx_word' id='word_1_184' title='bbox 2133 1265 2450 1320; x_wconf 88' lang='lat' dir='ltr'><strong>accedebat.</strong></span> <span class='ocrx_word' id='word_1_185' title='bbox 2483 1266 2629 1322; x_wconf 87' lang='lat' dir='ltr'><strong>Deus</strong></span> <span class='ocrx_word' id='word_1_186' title='bbox 2685 1267 2829 1321; x_wconf 90' lang='lat' dir='ltr'><strong>enim</strong></span> <span class='ocrx_word' id='word_1_187' title='bbox 2889 1268 2995 1321; x_wconf 84' lang='lat' dir='ltr'><strong>vita</strong></span> <span class='ocrx_word' id='word_1_188' title='bbox 3040 1276 3146 1332; x_wconf 89' lang='lat' dir='ltr'><strong>est,</strong></span> <span class='ocrx_word' id='word_1_189' title='bbox 3184 1283 3332 1322; x_wconf 90' lang='lat' dir='ltr'><strong>mors</strong></span> <span class='ocrx_word' id='word_1_190' title='bbox 3365 1275 3546 1322; x_wconf 86' lang='lat' dir='ltr'><strong>autem</strong></span> 
     </span>
    </p>
   </div>
   <div class='ocr_carea' id='block_1_28' title="bbox 1975 1355 3547 1426">
    <p class='ocr_par' dir='ltr' id='par_1_28' title="bbox 1975 1355 3547 1426">
     <span class='ocr_line' id='line_1_28' title="bbox 1975 1355 3547 1426; baseline 0.001 -18"><span class='ocrx_word' id='word_1_191' title='bbox 1975 1355 2096 1408; x_wconf 78' lang='lat' dir='ltr'><strong>vita:</strong></span> <span class='ocrx_word' id='word_1_192' title='bbox 2130 1355 2381 1424; x_wconf 87' lang='lat' dir='ltr'><strong>privatio.</strong></span> <span class='ocrx_word' id='word_1_193' title='bbox 2415 1355 2493 1410; x_wconf 88' lang='lat' dir='ltr'><strong>lla</strong></span> <span class='ocrx_word' id='word_1_194' title='bbox 2528 1372 2622 1426; x_wconf 89' lang='lat' dir='ltr'><strong>per</strong></span> <span class='ocrx_word' id='word_1_195' title='bbox 2661 1372 2941 1412; x_wconf 90' lang='lat' dir='ltr'><strong>recessum</strong></span> <span class='ocrx_word' id='word_1_196' title='bbox 2980 1373 3007 1411; x_wconf 90' lang='lat' dir='ltr'><strong>a</strong></span> <span class='ocrx_word' id='word_1_197' title='bbox 3045 1359 3152 1414; x_wconf 90' lang='lat' dir='ltr'><strong>Deo</strong></span> <span class='ocrx_word' id='word_1_198' title='bbox 3187 1369 3414 1413; x_wconf 89' lang='lat' dir='ltr'><strong>mortem</strong></span> <span class='ocrx_word' id='word_1_199' title='bbox 3442 1359 3547 1414; x_wconf 88' lang='lat' dir='ltr'><strong>sibi</strong></span> 
     </span>
    </p>
   </div>
   <div class='ocr_carea' id='block_1_29' title="bbox 1973 1447 3547 1505">
    <p class='ocr_par' dir='ltr' id='par_1_29' title="bbox 1973 1447 3547 1505">
     <span class='ocr_line' id='line_1_29' title="bbox 1973 1447 3547 1505; baseline 0 -3"><span class='ocrx_word' id='word_1_200' title='bbox 1973 1447 2213 1502; x_wconf 83' lang='lat' dir='ltr'><strong>Adamus</strong></span> <span class='ocrx_word' id='word_1_201' title='bbox 2258 1447 2545 1502; x_wconf 88' lang='lat' dir='ltr'><strong>accersivit</strong></span> <span class='ocrx_word' id='word_1_202' title='bbox 2573 1464 2588 1502; x_wconf 88' lang='lat'><strong>:</strong></span> <span class='ocrx_word' id='word_1_203' title='bbox 2618 1462 2727 1502; x_wconf 90' lang='lat' dir='ltr'><strong>non</strong></span> <span class='ocrx_word' id='word_1_204' title='bbox 2780 1458 2957 1504; x_wconf 89' lang='lat' dir='ltr'><strong>autem</strong></span> <span class='ocrx_word' id='word_1_205' title='bbox 2996 1465 3115 1504; x_wconf 91' lang='lat' dir='ltr'><strong>eam</strong></span> <span class='ocrx_word' id='word_1_206' title='bbox 3151 1451 3290 1505; x_wconf 89' lang='lat' dir='ltr'><strong>Deus</strong></span> <span class='ocrx_word' id='word_1_207' title='bbox 3322 1450 3547 1504; x_wconf 85' lang='lat' dir='ltr'><strong>creavit.</strong></span> 
     </span>
    </p>
   </div>
   <div class='ocr_carea' id='block_1_30' title="bbox 1971 1537 3549 1611">
    <p class='ocr_par' dir='ltr' id='par_1_30' title="bbox 1971 1537 3549 1611">
     <span class='ocr_line' id='line_1_30' title="bbox 1971 1537 3549 1611; baseline 0.001 -19"><span class='ocrx_word' id='word_1_208' title='bbox 1971 1537 2085 1593; x_wconf 88' lang='lat' dir='ltr'><strong>Nec</strong></span> <span class='ocrx_word' id='word_1_209' title='bbox 2139 1549 2318 1592; x_wconf 87' lang='lat' dir='ltr'><strong>tamen</strong></span> <span class='ocrx_word' id='word_1_210' title='bbox 2375 1538 2518 1592; x_wconf 90' lang='lat' dir='ltr'><strong>idem</strong></span> <span class='ocrx_word' id='word_1_211' title='bbox 2566 1539 2812 1608; x_wconf 89' lang='lat' dir='ltr'><strong>corporis</strong></span> <span class='ocrx_word' id='word_1_212' title='bbox 2867 1541 3171 1611; x_wconf 58' lang='lat' dir='ltr'><strong>animaeque</strong></span> <span class='ocrx_word' id='word_1_213' title='bbox 3221 1541 3549 1596; x_wconf 86' lang='lat' dir='ltr'><strong>solutionem</strong></span> 
     </span>
    </p>
   </div>
   <div class='ocr_carea' id='block_1_31' title="bbox 1975 1629 3553 1699">
    <p class='ocr_par' dir='ltr' id='par_1_31' title="bbox 1975 1629 3553 1699">
     <span class='ocr_line' id='line_1_31' title="bbox 1975 1629 3553 1699; baseline 0 -17"><span class='ocrx_word' id='word_1_214' title='bbox 1975 1629 2276 1698; x_wconf 83' lang='lat' dir='ltr'><strong>prohibuit,</strong></span> <span class='ocrx_word' id='word_1_215' title='bbox 2325 1643 2390 1682; x_wconf 91' lang='lat' dir='ltr'><strong>ne</strong></span> <span class='ocrx_word' id='word_1_216' title='bbox 2425 1637 2709 1699; x_wconf 89' lang='lat' dir='ltr'><strong>peccatum</strong></span> <span class='ocrx_word' id='word_1_217' title='bbox 2742 1642 2989 1685; x_wconf 88' lang='lat' dir='ltr'><strong>nostrum</strong></span> <span class='ocrx_word' id='word_1_218' title='bbox 3032 1632 3338 1686; x_wconf 81' lang='lat' dir='ltr'><strong>immortale</strong></span> <span class='ocrx_word' id='word_1_219' title='bbox 3369 1645 3553 1685; x_wconf 84' lang='lat' dir='ltr'><strong>serva-</strong></span> 
     </span>
    </p>
   </div>
   <div class='ocr_carea' id='block_1_32' title="bbox 1977 1718 3555 1789">
    <p class='ocr_par' dir='ltr' id='par_1_32' title="bbox 1977 1718 3555 1789">
     <span class='ocr_line' id='line_1_32' title="bbox 1977 1718 3555 1789; baseline 0.003 -20"><span class='ocrx_word' id='word_1_220' title='bbox 1977 1727 2056 1771; x_wconf 91' lang='lat' dir='ltr'><strong>ret</strong></span> <span class='ocrx_word' id='word_1_221' title='bbox 2087 1734 2100 1770; x_wconf 87' lang='lat'><strong>:</strong></span> <span class='ocrx_word' id='word_1_222' title='bbox 2138 1718 2362 1786; x_wconf 64' lang='lat' dir='ltr'><strong>perinde</strong></span> <span class='ocrx_word' id='word_1_223' title='bbox 2408 1733 2474 1772; x_wconf 89' lang='lat' dir='ltr'><strong>ac</strong></span> <span class='ocrx_word' id='word_1_224' title='bbox 2530 1721 2575 1773; x_wconf 89' lang='lat' dir='ltr'><strong>si</strong></span> <span class='ocrx_word' id='word_1_225' title='bbox 2610 1719 2732 1788; x_wconf 88' lang='lat' dir='ltr'><strong>quis</strong></span> <span class='ocrx_word' id='word_1_226' title='bbox 2762 1735 2858 1774; x_wconf 89' lang='lat' dir='ltr'><strong>vas</strong></span> <span class='ocrx_word' id='word_1_227' title='bbox 2913 1731 3206 1776; x_wconf 87' lang='lat' dir='ltr'><strong>testaceum</strong></span> <span class='ocrx_word' id='word_1_228' title='bbox 3241 1721 3396 1776; x_wconf 90' lang='lat' dir='ltr'><strong>rimis</strong></span> <span class='ocrx_word' id='word_1_229' title='bbox 3433 1735 3555 1789; x_wconf 91' lang='lat' dir='ltr'><strong>per-</strong></span> 
     </span>
    </p>
   </div>
   <div class='ocr_carea' id='block_1_33' title="bbox 292 1783 3550 1881">
    <p class='ocr_par' dir='ltr' id='par_1_33' title="bbox 292 1783 3550 1881">
     <span class='ocr_line' id='line_1_33' title="bbox 292 1783 3550 1881; baseline -0.001 -15"><span class='ocrx_word' id='word_1_230' title='bbox 292 1815 406 1879; x_wconf 85' lang='lat' dir='ltr'><strong>hat,</strong></span> <span class='ocrx_word' id='word_1_231' title='bbox 442 1823 501 1867; x_wconf 93' lang='lat' dir='ltr'><strong>ut</strong></span> <span class='ocrx_word' id='word_1_232' title='bbox 547 1783 745 1867; x_wconf 80' lang='lat' dir='ltr'><strong>bonam</strong></span> <span class='ocrx_word' id='word_1_233' title='bbox 775 1812 1148 1866; x_wconf 88' lang='lat' dir='ltr'><strong>habitudinem</strong></span> <span class='ocrx_word' id='word_1_234' title='bbox 1199 1811 1502 1866; x_wconf 89' lang='lat' dir='ltr'><strong>naturalem</strong></span> <span class='ocrx_word' id='word_1_235' title='bbox 1555 1812 1658 1880; x_wconf 87' lang='lat' dir='ltr'><strong>ipsi</strong></span> <span class='ocrx_word' id='word_1_236' title='bbox 1685 1826 1871 1866; x_wconf 85' lang='lat' dir='ltr'><strong>essen-</strong></span> <span class='ocrx_word' id='word_1_237' title='bbox 1905 1783 1948 1843; x_wconf 77' lang='grc' dir='ltr'><strong>Β</strong></span> <span class='ocrx_word' id='word_1_238' title='bbox 1976 1806 2150 1863; x_wconf 84' lang='lat' dir='ltr'><strong>fluens</strong></span> <span class='ocrx_word' id='word_1_239' title='bbox 2207 1808 2260 1862; x_wconf 90' lang='lat' dir='ltr'><strong>in</strong></span> <span class='ocrx_word' id='word_1_240' title='bbox 2326 1807 2503 1878; x_wconf 90' lang='lat' dir='ltr'><strong>ignem</strong></span> <span class='ocrx_word' id='word_1_241' title='bbox 2549 1810 2829 1879; x_wconf 87' lang='lat' dir='ltr'><strong>imponere</strong></span> <span class='ocrx_word' id='word_1_242' title='bbox 2866 1812 3128 1881; x_wconf 88' lang='lat' dir='ltr'><strong>tantisper</strong></span> <span class='ocrx_word' id='word_1_243' title='bbox 3153 1822 3390 1876; x_wconf 77' lang='lat' dir='ltr'><strong>recuset,</strong></span> <span class='ocrx_word' id='word_1_244' title='bbox 3422 1812 3550 1866; x_wconf 88' lang='lat' dir='ltr'><strong>dum</strong></span> 
     </span>
    </p>
   </div>
   <div class='ocr_carea' id='block_1_34' title="bbox 287 1899 1855 1970">
    <p class='ocr_par' dir='ltr' id='par_1_34' title="bbox 287 1899 1855 1970">
     <span class='ocr_line' id='line_1_34' title="bbox 287 1899 1855 1970; baseline -0.002 -13"><span class='ocrx_word' id='word_1_245' title='bbox 287 1900 742 1957; x_wconf 82' lang='lat' dir='ltr'><strong>tialiterinditam</strong></span> <span class='ocrx_word' id='word_1_246' title='bbox 779 1899 1204 1970; x_wconf 86' lang='lat' dir='ltr'><strong>haudquaquam</strong></span> <span class='ocrx_word' id='word_1_247' title='bbox 1235 1899 1480 1964; x_wconf 76' lang='lat' dir='ltr'><strong>eﬂlaret,</strong></span> <span class='ocrx_word' id='word_1_248' title='bbox 1519 1901 1623 1954; x_wconf 88' lang='lat' dir='ltr'><strong>hoc</strong></span> <span class='ocrx_word' id='word_1_249' title='bbox 1654 1909 1758 1966; x_wconf 90' lang='lat' dir='ltr'><strong>est,</strong></span> <span class='ocrx_word' id='word_1_250' title='bbox 1791 1917 1855 1955; x_wconf 86' lang='lat' dir='ltr'><strong>ex</strong></span> 
     </span>
    </p>
   </div>
   <div class='ocr_carea' id='block_1_35' title="bbox 286 1991 1862 2061">
    <p class='ocr_par' dir='ltr' id='par_1_35' title="bbox 286 1991 1862 2061">
     <span class='ocr_line' id='line_1_35' title="bbox 286 1991 1862 2061; baseline -0.001 -13"><span class='ocrx_word' id='word_1_251' title='bbox 286 1997 652 2048; x_wconf 77' lang='lat' dir='ltr'><strong>obscurorum</strong></span> <span class='ocrx_word' id='word_1_252' title='bbox 687 1993 935 2061; x_wconf 86' lang='lat' dir='ltr'><strong>corporis</strong></span> <span class='ocrx_word' id='word_1_253' title='bbox 963 2003 1240 2046; x_wconf 88' lang='lat' dir='ltr'><strong>meatuum</strong></span> <span class='ocrx_word' id='word_1_254' title='bbox 1271 1991 1552 2061; x_wconf 82' lang='lat' dir='ltr'><strong>egestione</strong></span> <span class='ocrx_word' id='word_1_255' title='bbox 1583 1991 1862 2046; x_wconf 77' lang='lat' dir='ltr'><strong>minuere~</strong></span> 
     </span>
    </p>
   </div>
   <div class='ocr_carea' id='block_1_36' title="bbox 284 2083 1868 2152">
    <p class='ocr_par' dir='ltr' id='par_1_36' title="bbox 284 2083 1868 2152">
     <span class='ocr_line' id='line_1_36' title="bbox 284 2083 1868 2152; baseline -0.002 -12"><span class='ocrx_word' id='word_1_256' title='bbox 284 2097 405 2148; x_wconf 80' lang='lat' dir='ltr'><strong>tur,</strong></span> <span class='ocrx_word' id='word_1_257' title='bbox 470 2094 634 2152; x_wconf 87' lang='lat' dir='ltr'><strong>atque</strong></span> <span class='ocrx_word' id='word_1_258' title='bbox 686 2083 925 2138; x_wconf 84' lang='lat' dir='ltr'><strong>essentia</strong></span> <span class='ocrx_word' id='word_1_259' title='bbox 989 2083 1136 2138; x_wconf 88' lang='lat' dir='ltr'><strong>velut</strong></span> <span class='ocrx_word' id='word_1_260' title='bbox 1193 2083 1580 2137; x_wconf 86' lang='lat' dir='ltr'><strong>exbauriretur</strong></span> <span class='ocrx_word' id='word_1_261' title='bbox 1627 2100 1640 2137; x_wconf 90' lang='lat'><strong>:</strong></span> <span class='ocrx_word' id='word_1_262' title='bbox 1681 2099 1868 2137; x_wconf 86' lang='lat' dir='ltr'><strong>verum</strong></span> 
     </span>
    </p>
   </div>
   <div class='ocr_carea' id='block_1_37' title="bbox 291 2174 1874 2245">
    <p class='ocr_par' dir='ltr' id='par_1_37' title="bbox 291 2174 1874 2245">
     <span class='ocr_line' id='line_1_37' title="bbox 291 2174 1874 2245; baseline 0.001 -16"><span class='ocrx_word' id='word_1_263' title='bbox 291 2175 482 2230; x_wconf 90' lang='lat' dir='ltr'><strong>eodem</strong></span> <span class='ocrx_word' id='word_1_264' title='bbox 518 2189 738 2244; x_wconf 82' lang='lat' dir='ltr'><strong>semper</strong></span> <span class='ocrx_word' id='word_1_265' title='bbox 767 2175 928 2228; x_wconf 92' lang='lat' dir='ltr'><strong>modo</strong></span> <span class='ocrx_word' id='word_1_266' title='bbox 962 2189 1023 2230; x_wconf 90' lang='lat' dir='ltr'><strong>se</strong></span> <span class='ocrx_word' id='word_1_267' title='bbox 1054 2175 1298 2239; x_wconf 89' lang='lat' dir='ltr'><strong>haberet,</strong></span> <span class='ocrx_word' id='word_1_268' title='bbox 1339 2175 1550 2245; x_wconf 90' lang='lat' dir='ltr'><strong>absque</strong></span> <span class='ocrx_word' id='word_1_269' title='bbox 1598 2174 1746 2230; x_wconf 82' lang='lat' dir='ltr'><strong>ﬂuxu</strong></span> <span class='ocrx_word' id='word_1_270' title='bbox 1790 2186 1874 2231; x_wconf 62' lang='lat' dir='ltr'><strong>at-v</strong></span> 
     </span>
    </p>
   </div>
   <div class='ocr_carea' id='block_1_38' title="bbox 285 2264 1868 2337">
    <p class='ocr_par' dir='ltr' id='par_1_38' title="bbox 285 2264 1868 2337">
     <span class='ocr_line' id='line_1_38' title="bbox 285 2264 1868 2337; baseline 0.003 -23"><span class='ocrx_word' id='word_1_271' title='bbox 285 2283 402 2335; x_wconf 78' lang='lat' dir='ltr'><strong>que</strong></span> <span class='ocrx_word' id='word_1_272' title='bbox 436 2264 754 2330; x_wconf 76' lang='lat' dir='ltr'><strong>iulluxioue,</strong></span> <span class='ocrx_word' id='word_1_273' title='bbox 818 2265 1189 2328; x_wconf 84' lang='lat' dir='ltr'><strong>continuaque</strong></span> <span class='ocrx_word' id='word_1_274' title='bbox 1239 2265 1306 2320; x_wconf 90' lang='lat' dir='ltr'><strong>ad</strong></span> <span class='ocrx_word' id='word_1_275' title='bbox 1341 2275 1639 2337; x_wconf 90' lang='lat' dir='ltr'><strong>utrumque</strong></span> <span class='ocrx_word' id='word_1_276' title='bbox 1675 2267 1868 2321; x_wconf 90' lang='lat' dir='ltr'><strong>horum</strong></span> 
     </span>
    </p>
   </div>
   <div class='ocr_carea' id='block_1_39' title="bbox 293 2352 1868 2422">
    <p class='ocr_par' dir='ltr' id='par_1_39' title="bbox 293 2352 1868 2422">
     <span class='ocr_line' id='line_1_39' title="bbox 293 2352 1868 2422; baseline 0.003 -16"><span class='ocrx_word' id='word_1_277' title='bbox 293 2353 598 2407; x_wconf 86' lang='lat' dir='ltr'><strong>secundum</strong></span> <span class='ocrx_word' id='word_1_278' title='bbox 655 2352 975 2422; x_wconf 89' lang='lat' dir='ltr'><strong>qualitatum</strong></span> <span class='ocrx_word' id='word_1_279' title='bbox 1034 2354 1466 2409; x_wconf 87' lang='lat' dir='ltr'><strong>dominationem</strong></span> <span class='ocrx_word' id='word_1_280' title='bbox 1526 2355 1868 2410; x_wconf 86' lang='lat' dir='ltr'><strong>alteratione.</strong></span> 
     </span>
    </p>
   </div>
   <div class='ocr_carea' id='block_1_40' title="bbox 294 2442 1870 2514">
    <p class='ocr_par' dir='ltr' id='par_1_40' title="bbox 294 2442 1870 2514">
     <span class='ocr_line' id='line_1_40' title="bbox 294 2442 1870 2514; baseline 0.003 -18"><span class='ocrx_word' id='word_1_281' title='bbox 294 2442 461 2497; x_wconf 82' lang='lat' dir='ltr'><strong>Liber</strong></span> <span class='ocrx_word' id='word_1_282' title='bbox 484 2442 646 2496; x_wconf 87' lang='lat' dir='ltr'><strong>etiam</strong></span> <span class='ocrx_word' id='word_1_283' title='bbox 671 2443 986 2508; x_wconf 79' lang='lat' dir='ltr'><strong>exsistebat,</strong></span> <span class='ocrx_word' id='word_1_284' title='bbox 1026 2454 1212 2514; x_wconf 88' lang='lat' dir='ltr'><strong>utpote</strong></span> <span class='ocrx_word' id='word_1_285' title='bbox 1247 2444 1674 2500; x_wconf 87' lang='lat' dir='ltr'><strong>immortalitatis</strong></span> <span class='ocrx_word' id='word_1_286' title='bbox 1701 2446 1870 2510; x_wconf 89' lang='lat' dir='ltr'><strong>illius,</strong></span> 
     </span>
    </p>
   </div>
   <div class='ocr_carea' id='block_1_41' title="bbox 292 2534 1868 2606">
    <p class='ocr_par' dir='ltr' id='par_1_41' title="bbox 292 2534 1868 2606">
     <span class='ocr_line' id='line_1_41' title="bbox 292 2534 1868 2606; baseline 0.004 -20"><span class='ocrx_word' id='word_1_287' title='bbox 292 2549 419 2604; x_wconf 70' lang='lat' dir='ltr'><strong>quae</strong></span> <span class='ocrx_word' id='word_1_288' title='bbox 446 2534 632 2587; x_wconf 84' lang='lat' dir='ltr'><strong>divina</strong></span> <span class='ocrx_word' id='word_1_289' title='bbox 701 2535 876 2604; x_wconf 81' lang='lat' dir='ltr'><strong>gratia</strong></span> <span class='ocrx_word' id='word_1_290' title='bbox 939 2536 1229 2604; x_wconf 87' lang='lat' dir='ltr'><strong>accipitur,</strong></span> <span class='ocrx_word' id='word_1_291' title='bbox 1293 2537 1717 2606; x_wconf 83' lang='lat' dir='ltr'><strong>haudquaquam</strong></span> <span class='ocrx_word' id='word_1_292' title='bbox 1776 2554 1868 2592; x_wconf 83' lang='lat' dir='ltr'><strong>ex-</strong></span> 
     </span>
    </p>
   </div>
   <div class='ocr_carea' id='block_1_42' title="bbox 291 2618 1870 2693">
    <p class='ocr_par' dir='ltr' id='par_1_42' title="bbox 291 2618 1870 2693">
     <span class='ocr_line' id='line_1_42' title="bbox 291 2618 1870 2693; baseline 0.002 -17"><span class='ocrx_word' id='word_1_293' title='bbox 291 2637 440 2692; x_wconf 85' lang='lat' dir='ltr'><strong>pers.</strong></span> <span class='ocrx_word' id='word_1_294' title='bbox 483 2618 597 2675; x_wconf 84' lang='lat' dir='ltr'><strong>Nec</strong></span> <span class='ocrx_word' id='word_1_295' title='bbox 658 2636 789 2675; x_wconf 87' lang='lat' dir='ltr'><strong>vero</strong></span> <span class='ocrx_word' id='word_1_296' title='bbox 846 2622 1105 2676; x_wconf 91' lang='lat' dir='ltr'><strong>amictum</strong></span> <span class='ocrx_word' id='word_1_297' title='bbox 1135 2623 1306 2677; x_wconf 89' lang='lat' dir='ltr'><strong>ullum</strong></span> <span class='ocrx_word' id='word_1_298' title='bbox 1363 2624 1709 2693; x_wconf 77' lang='lat' dir='ltr'><strong>requirebat,</strong></span> <span class='ocrx_word' id='word_1_299' title='bbox 1756 2637 1870 2680; x_wconf 89' lang='lat' dir='ltr'><strong>tum</strong></span> 
     </span>
    </p>
   </div>
   <div class='ocr_carea' id='block_1_43' title="bbox 289 2712 1871 2782">
    <p class='ocr_par' dir='ltr' id='par_1_43' title="bbox 289 2712 1871 2782">
     <span class='ocr_line' id='line_1_43' title="bbox 289 2712 1871 2782; baseline 0.004 -19"><span class='ocrx_word' id='word_1_300' title='bbox 289 2712 441 2782; x_wconf 91' lang='lat' dir='ltr'><strong>quod</strong></span> <span class='ocrx_word' id='word_1_301' title='bbox 473 2719 695 2781; x_wconf 85' lang='lat' dir='ltr'><strong>prepter</strong></span> <span class='ocrx_word' id='word_1_302' title='bbox 732 2712 953 2766; x_wconf 90' lang='lat' dir='ltr'><strong>insitam</strong></span> <span class='ocrx_word' id='word_1_303' title='bbox 996 2713 1290 2768; x_wconf 75' lang='lat' dir='ltr'><strong>affectuum</strong></span> <span class='ocrx_word' id='word_1_304' title='bbox 1335 2715 1740 2771; x_wconf 89' lang='lat' dir='ltr'><strong>immunitatem</strong></span> <span class='ocrx_word' id='word_1_305' title='bbox 1791 2716 1871 2770; x_wconf 84' lang='lat' dir='ltr'><strong>in-</strong></span> 
     </span>
    </p>
   </div>
   <div class='ocr_carea' id='block_1_44' title="bbox 291 2801 1872 2884">
    <p class='ocr_par' dir='ltr' id='par_1_44' title="bbox 291 2801 1872 2884">
     <span class='ocr_line' id='line_1_44' title="bbox 291 2801 1872 2884; baseline 0.004 -30"><span class='ocrx_word' id='word_1_306' title='bbox 291 2801 516 2855; x_wconf 86' lang='lat' dir='ltr'><strong>famiam</strong></span> <span class='ocrx_word' id='word_1_307' title='bbox 551 2801 759 2856; x_wconf 89' lang='lat' dir='ltr'><strong>nullam</strong></span> <span class='ocrx_word' id='word_1_308' title='bbox 783 2803 1192 2871; x_wconf 86' lang='lat' dir='ltr'><strong>extimesceret,</strong></span> <span class='ocrx_word' id='word_1_309' title='bbox 1234 2813 1346 2859; x_wconf 92' lang='lat' dir='ltr'><strong>tum</strong></span> <span class='ocrx_word' id='word_1_310' title='bbox 1369 2806 1515 2875; x_wconf 91' lang='lat' dir='ltr'><strong>quod</strong></span> <span class='ocrx_word' id='word_1_311' title='bbox 1546 2821 1644 2860; x_wconf 92' lang='lat' dir='ltr'><strong>nec</strong></span> <span class='ocrx_word' id='word_1_312' title='bbox 1674 2807 1872 2884; x_wconf 84' lang='lat' dir='ltr'><strong>caloris</strong></span> 
     </span>
    </p>
   </div>
   <div class='ocr_carea' id='block_1_45' title="bbox 290 2891 1872 2964">
    <p class='ocr_par' dir='ltr' id='par_1_45' title="bbox 290 2891 1872 2964">
     <span class='ocr_line' id='line_1_45' title="bbox 290 2891 1872 2964; baseline 0.001 -15"><span class='ocrx_word' id='word_1_313' title='bbox 290 2908 394 2949; x_wconf 87' lang='lat' dir='ltr'><strong>nec</strong></span> <span class='ocrx_word' id='word_1_314' title='bbox 411 2891 630 2964; x_wconf 84' lang='lat' dir='ltr'><strong>frigoris</strong></span> <span class='ocrx_word' id='word_1_315' title='bbox 657 2892 874 2962; x_wconf 89' lang='lat' dir='ltr'><strong>injuriis</strong></span> <span class='ocrx_word' id='word_1_316' title='bbox 886 2893 1153 2950; x_wconf 89' lang='lat' dir='ltr'><strong>obnoxius</strong></span> <span class='ocrx_word' id='word_1_317' title='bbox 1171 2903 1339 2950; x_wconf 86' lang='lat' dir='ltr'><strong>esset.</strong></span> <span class='ocrx_word' id='word_1_318' title='bbox 1361 2897 1430 2950; x_wconf 80' lang='lat' dir='ltr'><strong>At</strong></span> <span class='ocrx_word' id='word_1_319' title='bbox 1451 2911 1578 2950; x_wconf 90' lang='lat' dir='ltr'><strong>vero</strong></span> <span class='ocrx_word' id='word_1_320' title='bbox 1596 2896 1872 2963; x_wconf 85' lang='lat' dir='ltr'><strong>diabolus,</strong></span> 
     </span>
    </p>
   </div>
   <div class='ocr_carea' id='block_1_46' title="bbox 294 2987 1869 3063">
    <p class='ocr_par' dir='ltr' id='par_1_46' title="bbox 294 2987 1869 3063">
     <span class='ocr_line' id='line_1_46' title="bbox 294 2987 1869 3063; baseline 0.002 -22"><span class='ocrx_word' id='word_1_321' title='bbox 294 2987 542 3042; x_wconf 84' lang='lat' dir='ltr'><strong>mulieris</strong></span> <span class='ocrx_word' id='word_1_322' title='bbox 574 2987 856 3042; x_wconf 89' lang='lat' dir='ltr'><strong>mollitiem</strong></span> <span class='ocrx_word' id='word_1_323' title='bbox 883 2989 1346 3051; x_wconf 82' lang='lat' dir='ltr'><strong>animadvertetis,</strong></span> <span class='ocrx_word' id='word_1_324' title='bbox 1396 2991 1763 3060; x_wconf 88' lang='lat' dir='ltr'><strong>cessilcmque</strong></span> <span class='ocrx_word' id='word_1_325' title='bbox 1793 2989 1869 3063; x_wconf 81' lang='grc'><strong>(5)</strong></span> 
     </span>
    </p>
   </div>
   <div class='ocr_carea' id='block_1_47' title="bbox 1973 1897 3553 1968">
    <p class='ocr_par' dir='ltr' id='par_1_47' title="bbox 1973 1897 3553 1968">
     <span class='ocr_line' id='line_1_47' title="bbox 1973 1897 3553 1968; baseline 0.003 -17"><span class='ocrx_word' id='word_1_326' title='bbox 1973 1897 2145 1967; x_wconf 87' lang='lat' dir='ltr'><strong>ipsius</strong></span> <span class='ocrx_word' id='word_1_327' title='bbox 2205 1898 2394 1952; x_wconf 89' lang='lat' dir='ltr'><strong>vitium</strong></span> <span class='ocrx_word' id='word_1_328' title='bbox 2465 1915 2605 1954; x_wconf 86' lang='lat' dir='ltr'><strong>nova</strong></span> <span class='ocrx_word' id='word_1_329' title='bbox 2662 1900 2882 1957; x_wconf 82' lang='lat' dir='ltr'><strong>fictione</strong></span> <span class='ocrx_word' id='word_1_330' title='bbox 2935 1911 3101 1968; x_wconf 85' lang='lat' dir='ltr'><strong>atque</strong></span> <span class='ocrx_word' id='word_1_331' title='bbox 3153 1902 3553 1958; x_wconf 88' lang='lat' dir='ltr'><strong>instauratione</strong></span> 
     </span>
    </p>
   </div>
   <div class='ocr_carea' id='block_1_48' title="bbox 1973 1988 3551 2063">
    <p class='ocr_par' dir='ltr' id='par_1_48' title="bbox 1973 1988 3551 2063">
     <span class='ocr_line' id='line_1_48' title="bbox 1973 1988 3551 2063; baseline 0.003 -20"><span class='ocrx_word' id='word_1_332' title='bbox 1973 1989 2268 2043; x_wconf 85' lang='lat' dir='ltr'><strong>sanaverit.</strong></span> <span class='ocrx_word' id='word_1_333' title='bbox 2305 1988 2656 2061; x_wconf 86' lang='lat' dir='ltr'><strong>Nequaquam</strong></span> <span class='ocrx_word' id='word_1_334' title='bbox 2704 2001 2887 2045; x_wconf 89' lang='lat' dir='ltr'><strong>autem</strong></span> <span class='ocrx_word' id='word_1_335' title='bbox 2933 1993 3075 2048; x_wconf 89' lang='lat' dir='ltr'><strong>bona</strong></span> <span class='ocrx_word' id='word_1_336' title='bbox 3125 1993 3551 2063; x_wconf 85' lang='lat' dir='ltr'><strong>simplicioribus</strong></span> 
     </span>
    </p>
   </div>
   <div class='ocr_carea' id='block_1_49' title="bbox 1972 2081 3550 2154">
    <p class='ocr_par' dir='ltr' id='par_1_49' title="bbox 1972 2081 3550 2154">
     <span class='ocr_line' id='line_1_49' title="bbox 1972 2081 3550 2154; baseline 0.004 -19"><span class='ocrx_word' id='word_1_337' title='bbox 1972 2081 2150 2137; x_wconf 90' lang='lat' dir='ltr'><strong>adhuc</strong></span> <span class='ocrx_word' id='word_1_338' title='bbox 2199 2083 2437 2150; x_wconf 86' lang='lat' dir='ltr'><strong>animis,</strong></span> <span class='ocrx_word' id='word_1_339' title='bbox 2485 2095 2649 2154; x_wconf 88' lang='lat' dir='ltr'><strong>atque</strong></span> <span class='ocrx_word' id='word_1_340' title='bbox 2700 2085 2942 2154; x_wconf 84' lang='lat' dir='ltr'><strong>appetitu</strong></span> <span class='ocrx_word' id='word_1_341' title='bbox 3005 2085 3232 2141; x_wconf 90' lang='lat' dir='ltr'><strong>avidiori</strong></span> <span class='ocrx_word' id='word_1_342' title='bbox 3287 2086 3550 2153; x_wconf 79' lang='lat' dir='ltr'><strong>praeditis,</strong></span> 
     </span>
    </p>
   </div>
   <div class='ocr_carea' id='block_1_50' title="bbox 1973 2173 3553 2246">
    <p class='ocr_par' dir='ltr' id='par_1_50' title="bbox 1973 2173 3553 2246">
     <span class='ocr_line' id='line_1_50' title="bbox 1973 2173 3553 2246; baseline 0.004 -22"><span class='ocrx_word' id='word_1_343' title='bbox 1973 2187 2112 2242; x_wconf 80' lang='lat' dir='ltr'><strong>quos</strong></span> <span class='ocrx_word' id='word_1_344' title='bbox 2145 2173 2215 2228; x_wconf 92' lang='lat' dir='ltr'><strong>ob</strong></span> <span class='ocrx_word' id='word_1_345' title='bbox 2248 2175 2513 2229; x_wconf 89' lang='lat' dir='ltr'><strong>incertam</strong></span> <span class='ocrx_word' id='word_1_346' title='bbox 2563 2184 2618 2230; x_wconf 91' lang='lat' dir='ltr'><strong>et</strong></span> <span class='ocrx_word' id='word_1_347' title='bbox 2659 2176 2880 2230; x_wconf 86' lang='lat' dir='ltr'><strong>infidam</strong></span> <span class='ocrx_word' id='word_1_348' title='bbox 2927 2176 2984 2231; x_wconf 88' lang='lat' dir='ltr'><strong>in</strong></span> <span class='ocrx_word' id='word_1_349' title='bbox 3011 2177 3154 2232; x_wconf 88' lang='lat' dir='ltr'><strong>bono</strong></span> <span class='ocrx_word' id='word_1_350' title='bbox 3203 2192 3553 2246; x_wconf 89' lang='lat' dir='ltr'><strong>perseveran-</strong></span> 
     </span>
    </p>
   </div>
   <div class='ocr_carea' id='block_1_51' title="bbox 1973 2265 3550 2336">
    <p class='ocr_par' dir='ltr' id='par_1_51' title="bbox 1973 2265 3550 2336">
     <span class='ocr_line' id='line_1_51' title="bbox 1973 2265 3550 2336; baseline 0.003 -18"><span class='ocrx_word' id='word_1_351' title='bbox 1973 2266 2128 2328; x_wconf 83' lang='lat' dir='ltr'><strong>tiam,</strong></span> <span class='ocrx_word' id='word_1_352' title='bbox 2154 2265 2444 2336; x_wconf 87' lang='lat' dir='ltr'><strong>minusque</strong></span> <span class='ocrx_word' id='word_1_353' title='bbox 2475 2267 2685 2322; x_wconf 82' lang='lat' dir='ltr'><strong>ﬁrmam</strong></span> <span class='ocrx_word' id='word_1_354' title='bbox 2711 2268 2764 2322; x_wconf 92' lang='lat' dir='ltr'><strong>in</strong></span> <span class='ocrx_word' id='word_1_355' title='bbox 2791 2268 2953 2322; x_wconf 91' lang='lat' dir='ltr'><strong>unico</strong></span> <span class='ocrx_word' id='word_1_356' title='bbox 2982 2268 3127 2323; x_wconf 91' lang='lat' dir='ltr'><strong>bono</strong></span> <span class='ocrx_word' id='word_1_357' title='bbox 3156 2271 3550 2334; x_wconf 89' lang='lat' dir='ltr'><strong>constantiam,</strong></span> 
     </span>
    </p>
   </div>
   <div class='ocr_carea' id='block_1_52' title="bbox 1974 2356 3550 2430">
    <p class='ocr_par' dir='ltr' id='par_1_52' title="bbox 1974 2356 3550 2430">
     <span class='ocr_line' id='line_1_52' title="bbox 1974 2356 3550 2430; baseline 0.004 -22"><span class='ocrx_word' id='word_1_358' title='bbox 1974 2356 2178 2425; x_wconf 91' lang='lat' dir='ltr'><strong>proprii</strong></span> <span class='ocrx_word' id='word_1_359' title='bbox 2241 2358 2490 2426; x_wconf 90' lang='lat' dir='ltr'><strong>corporis</strong></span> <span class='ocrx_word' id='word_1_360' title='bbox 2544 2375 2676 2414; x_wconf 89' lang='lat' dir='ltr'><strong>cura</strong></span> <span class='ocrx_word' id='word_1_361' title='bbox 2726 2367 2780 2412; x_wconf 89' lang='lat' dir='ltr'><strong>et</strong></span> <span class='ocrx_word' id='word_1_362' title='bbox 2833 2359 3144 2415; x_wconf 82' lang='lat' dir='ltr'><strong>sollicitudo</strong></span> <span class='ocrx_word' id='word_1_363' title='bbox 3187 2362 3254 2414; x_wconf 88' lang='lat' dir='ltr'><strong>ad</strong></span> <span class='ocrx_word' id='word_1_364' title='bbox 3311 2361 3550 2430; x_wconf 88' lang='lat' dir='ltr'><strong>seipsam</strong></span> 
     </span>
    </p>
   </div>
   <div class='ocr_carea' id='block_1_53' title="bbox 1974 2451 3554 2521">
    <p class='ocr_par' dir='ltr' id='par_1_53' title="bbox 1974 2451 3554 2521">
     <span class='ocr_line' id='line_1_53' title="bbox 1974 2451 3554 2521; baseline 0.003 -20"><span class='ocrx_word' id='word_1_365' title='bbox 1974 2462 2233 2503; x_wconf 89' lang='lat' dir='ltr'><strong>revocare</strong></span> <span class='ocrx_word' id='word_1_366' title='bbox 2262 2464 2326 2503; x_wconf 92' lang='lat' dir='ltr'><strong>ac</strong></span> <span class='ocrx_word' id='word_1_367' title='bbox 2382 2451 2660 2505; x_wconf 85' lang='lat' dir='ltr'><strong>retrahere</strong></span> <span class='ocrx_word' id='word_1_368' title='bbox 2716 2451 2877 2506; x_wconf 81' lang='lat' dir='ltr'><strong>solet.</strong></span> <span class='ocrx_word' id='word_1_369' title='bbox 2913 2451 3089 2521; x_wconf 80' lang='lat' dir='ltr'><strong>Atque</strong></span> <span class='ocrx_word' id='word_1_370' title='bbox 3119 2452 3283 2507; x_wconf 88' lang='lat' dir='ltr'><strong>etiam</strong></span> <span class='ocrx_word' id='word_1_371' title='bbox 3327 2451 3554 2521; x_wconf 78' lang='lat' dir='ltr'><strong>Magnus</strong></span> 
     </span>
    </p>
   </div>
   <div class='ocr_carea' id='block_1_54' title="bbox 1977 2539 3551 2614">
    <p class='ocr_par' dir='ltr' id='par_1_54' title="bbox 1977 2539 3551 2614">
     <span class='ocr_line' id='line_1_54' title="bbox 1977 2539 3551 2614; baseline 0.006 -23"><span class='ocrx_word' id='word_1_372' title='bbox 1977 2539 2314 2594; x_wconf 88' lang='lat' dir='ltr'><strong>Athanasius</strong></span> <span class='ocrx_word' id='word_1_373' title='bbox 2365 2541 2512 2596; x_wconf 90' lang='lat' dir='ltr'><strong>hunc</strong></span> <span class='ocrx_word' id='word_1_374' title='bbox 2563 2542 2744 2596; x_wconf 90' lang='lat' dir='ltr'><strong>locum</strong></span> <span class='ocrx_word' id='word_1_375' title='bbox 2799 2559 3102 2614; x_wconf 79' lang='lat' dir='ltr'><strong>exponens,</strong></span> <span class='ocrx_word' id='word_1_376' title='bbox 3148 2546 3227 2601; x_wconf 88' lang='lat' dir='ltr'><strong>sic</strong></span> <span class='ocrx_word' id='word_1_377' title='bbox 3275 2545 3388 2600; x_wconf 90' lang='lat' dir='ltr'><strong>fere</strong></span> <span class='ocrx_word' id='word_1_378' title='bbox 3433 2548 3551 2600; x_wconf 88' lang='lat' dir='ltr'><strong>ait:</strong></span> 
     </span>
    </p>
   </div>
   <div class='ocr_carea' id='block_1_55' title="bbox 1976 2630 3551 2707">
    <p class='ocr_par' dir='ltr' id='par_1_55' title="bbox 1976 2630 3551 2707">
     <span class='ocr_line' id='line_1_55' title="bbox 1976 2630 3551 2707; baseline 0.004 -22"><span class='ocrx_word' id='word_1_379' title='bbox 1976 2630 2237 2690; x_wconf 82' lang='lat' dir='ltr'><strong>Homines</strong></span> <span class='ocrx_word' id='word_1_380' title='bbox 2288 2633 2514 2688; x_wconf 86' lang='lat' dir='ltr'><strong>meliora</strong></span> <span class='ocrx_word' id='word_1_381' title='bbox 2583 2644 2746 2704; x_wconf 91' lang='lat' dir='ltr'><strong>atque</strong></span> <span class='ocrx_word' id='word_1_382' title='bbox 2795 2636 3182 2692; x_wconf 82' lang='lat' dir='ltr'><strong>excellentiora</strong></span> <span class='ocrx_word' id='word_1_383' title='bbox 3238 2638 3551 2707; x_wconf 83' lang='lat' dir='ltr'><strong>aspernati,</strong></span> 
     </span>
    </p>
   </div>
   <div class='ocr_carea' id='block_1_56' title="bbox 1975 2725 3554 2796">
    <p class='ocr_par' dir='ltr' id='par_1_56' title="bbox 1975 2725 3554 2796">
     <span class='ocr_line' id='line_1_56' title="bbox 1975 2725 3554 2796; baseline 0.002 -17"><span class='ocrx_word' id='word_1_384' title='bbox 1975 2734 2140 2794; x_wconf 83' lang='lat' dir='ltr'><strong>atque</strong></span> <span class='ocrx_word' id='word_1_385' title='bbox 2188 2739 2378 2778; x_wconf 89' lang='lat' dir='ltr'><strong>eorum</strong></span> <span class='ocrx_word' id='word_1_386' title='bbox 2411 2725 2776 2794; x_wconf 81' lang='lat' dir='ltr'><strong>cognitionem</strong></span> <span class='ocrx_word' id='word_1_387' title='bbox 2820 2742 2929 2796; x_wconf 77' lang='lat' dir='ltr'><strong>pra:</strong></span> <span class='ocrx_word' id='word_1_388' title='bbox 2974 2728 3166 2783; x_wconf 91' lang='lat' dir='ltr'><strong>inertia</strong></span> <span class='ocrx_word' id='word_1_389' title='bbox 3196 2730 3453 2792; x_wconf 89' lang='lat' dir='ltr'><strong>aversati,</strong></span> <span class='ocrx_word' id='word_1_390' title='bbox 3486 2731 3554 2783; x_wconf 89' lang='lat' dir='ltr'><strong>ad</strong></span> 
     </span>
    </p>
   </div>
   <div class='ocr_carea' id='block_1_57' title="bbox 1975 2817 3556 2887">
    <p class='ocr_par' dir='ltr' id='par_1_57' title="bbox 1975 2817 3556 2887">
     <span class='ocr_line' id='line_1_57' title="bbox 1975 2817 3556 2887; baseline 0.003 -17"><span class='ocrx_word' id='word_1_391' title='bbox 1975 2831 2040 2870; x_wconf 91' lang='lat' dir='ltr'><strong>ea</strong></span> <span class='ocrx_word' id='word_1_392' title='bbox 2073 2830 2195 2885; x_wconf 72' lang='lat' dir='ltr'><strong>quae</strong></span> <span class='ocrx_word' id='word_1_393' title='bbox 2220 2817 2496 2884; x_wconf 56' lang='lat' dir='ltr'><strong>propiora,</strong></span> <span class='ocrx_word' id='word_1_394' title='bbox 2525 2817 2659 2886; x_wconf 88' lang='lat' dir='ltr'><strong>ipsis</strong></span> <span class='ocrx_word' id='word_1_395' title='bbox 2711 2829 2886 2884; x_wconf 86' lang='lat' dir='ltr'><strong>erant,</strong></span> <span class='ocrx_word' id='word_1_396' title='bbox 2919 2820 3211 2887; x_wconf 63' lang='lat' dir='ltr'><strong>quaerenda</strong></span> <span class='ocrx_word' id='word_1_397' title='bbox 3254 2820 3556 2875; x_wconf 86' lang='lat' dir='ltr'><strong>studiosius</strong></span> 
     </span>
    </p>
   </div>
   <div class='ocr_carea' id='block_1_58' title="bbox 1978 2904 3554 2980">
    <p class='ocr_par' dir='ltr' id='par_1_58' title="bbox 1978 2904 3554 2980">
     <span class='ocr_line' id='line_1_58' title="bbox 1978 2904 3554 2980; baseline 0.005 -23"><span class='ocrx_word' id='word_1_398' title='bbox 1978 2904 2363 2960; x_wconf 87' lang='lat' dir='ltr'><strong>incubueruut.</strong></span> <span class='ocrx_word' id='word_1_399' title='bbox 2383 2907 2782 2976; x_wconf 86' lang='lat' dir='ltr'><strong>Pr0pinquiora</strong></span> <span class='ocrx_word' id='word_1_400' title='bbox 2813 2923 2979 2977; x_wconf 88' lang='lat' dir='ltr'><strong>porro</strong></span> <span class='ocrx_word' id='word_1_401' title='bbox 3005 2910 3138 2978; x_wconf 91' lang='lat' dir='ltr'><strong>ipsis</strong></span> <span class='ocrx_word' id='word_1_402' title='bbox 3169 2921 3329 2964; x_wconf 89' lang='lat' dir='ltr'><strong>erant</strong></span> <span class='ocrx_word' id='word_1_403' title='bbox 3351 2925 3554 2980; x_wconf 78' lang='lat' dir='ltr'><strong>corpus</strong></span> 
     </span>
    </p>
   </div>
   <div class='ocr_carea' id='block_1_59' title="bbox 1977 2996 3558 3069">
    <p class='ocr_par' dir='ltr' id='par_1_59' title="bbox 1977 2996 3558 3069">
     <span class='ocr_line' id='line_1_59' title="bbox 1977 2996 3558 3069; baseline 0.004 -19"><span class='ocrx_word' id='word_1_404' title='bbox 1977 3003 2142 3065; x_wconf 85' lang='lat' dir='ltr'><strong>atque</strong></span> <span class='ocrx_word' id='word_1_405' title='bbox 2176 2996 2348 3064; x_wconf 87' lang='lat' dir='ltr'><strong>ipsius</strong></span> <span class='ocrx_word' id='word_1_406' title='bbox 2381 3012 2600 3052; x_wconf 87' lang='lat' dir='ltr'><strong>sensus.</strong></span> <span class='ocrx_word' id='word_1_407' title='bbox 2641 2996 2717 3051; x_wconf 88' lang='lat' dir='ltr'><strong>Ex</strong></span> <span class='ocrx_word' id='word_1_408' title='bbox 2773 3014 2882 3069; x_wconf 92' lang='lat' dir='ltr'><strong>quo</strong></span> <span class='ocrx_word' id='word_1_409' title='bbox 2915 3001 3117 3054; x_wconf 90' lang='lat' dir='ltr'><strong>factum</strong></span> <span class='ocrx_word' id='word_1_410' title='bbox 3146 3009 3251 3065; x_wconf 89' lang='lat' dir='ltr'><strong>est,</strong></span> <span class='ocrx_word' id='word_1_411' title='bbox 3289 3010 3346 3055; x_wconf 89' lang='lat' dir='ltr'><strong>ut</strong></span> <span class='ocrx_word' id='word_1_412' title='bbox 3375 3011 3558 3056; x_wconf 86' lang='lat' dir='ltr'><strong>mente</strong></span> 
     </span>
    </p>
   </div>
   <div class='ocr_carea' id='block_1_60' title="bbox 293 3078 3552 3170">
    <p class='ocr_par' dir='ltr' id='par_1_60' title="bbox 293 3078 3552 3170">
     <span class='ocr_line' id='line_1_60' title="bbox 293 3078 3552 3170; baseline 0.004 -36"><span class='ocrx_word' id='word_1_413' title='bbox 293 3086 352 3134; x_wconf 89' lang='lat' dir='ltr'><strong>et</strong></span> <span class='ocrx_word' id='word_1_414' title='bbox 414 3079 678 3134; x_wconf 89' lang='lat' dir='ltr'><strong>lubricam</strong></span> <span class='ocrx_word' id='word_1_415' title='bbox 757 3078 824 3134; x_wconf 90' lang='lat' dir='ltr'><strong>ad</strong></span> <span class='ocrx_word' id='word_1_416' title='bbox 892 3080 1148 3134; x_wconf 87' lang='lat' dir='ltr'><strong>virtutem</strong></span> <span class='ocrx_word' id='word_1_417' title='bbox 1206 3079 1520 3137; x_wconf 77' lang='lat' dir='ltr'><strong>facilitatem</strong></span> <span class='ocrx_word' id='word_1_418' title='bbox 1546 3120 1562 3147; x_wconf 93' lang='lat'><strong>,</strong></span> <span class='ocrx_word' id='word_1_419' title='bbox 1623 3081 1872 3137; x_wconf 86' lang='lat' dir='ltr'><strong>fraudem</strong></span> <span class='ocrx_word' id='word_1_420' title='bbox 1901 3107 1950 3170; x_wconf 69' lang='grc' dir='ltr'>ο</span> <span class='ocrx_word' id='word_1_421' title='bbox 1980 3089 2047 3142; x_wconf 88' lang='lat' dir='ltr'><strong>ab</strong></span> <span class='ocrx_word' id='word_1_422' title='bbox 2081 3088 2150 3143; x_wconf 89' lang='lat' dir='ltr'><strong>iis</strong></span> <span class='ocrx_word' id='word_1_423' title='bbox 2181 3088 2364 3153; x_wconf 92' lang='lat' dir='ltr'><strong>rebus,</strong></span> <span class='ocrx_word' id='word_1_424' title='bbox 2391 3104 2512 3160; x_wconf 65' lang='lat' dir='ltr'><strong>quae</strong></span> <span class='ocrx_word' id='word_1_425' title='bbox 2547 3090 2734 3146; x_wconf 90' lang='lat' dir='ltr'><strong>animo</strong></span> <span class='ocrx_word' id='word_1_426' title='bbox 2762 3100 2816 3146; x_wconf 91' lang='lat' dir='ltr'><strong>et</strong></span> <span class='ocrx_word' id='word_1_427' title='bbox 2845 3091 3198 3162; x_wconf 79' lang='lat' dir='ltr'><strong>intelligentia</strong></span> <span class='ocrx_word' id='word_1_428' title='bbox 3230 3102 3552 3160; x_wconf 88' lang='lat' dir='ltr'><strong>cernuntur,</strong></span> 
     </span>
    </p>
   </div>
   <div class='ocr_carea' id='block_1_61' title="bbox 297 3171 1872 3245">
    <p class='ocr_par' dir='ltr' id='par_1_61' title="bbox 297 3171 1872 3245">
     <span class='ocr_line' id='line_1_61' title="bbox 297 3171 1872 3245; baseline 0.002 -20"><span class='ocrx_word' id='word_1_429' title='bbox 297 3171 618 3226; x_wconf 85' lang='lat' dir='ltr'><strong>introduxit.</strong></span> <span class='ocrx_word' id='word_1_430' title='bbox 655 3171 830 3226; x_wconf 81' lang='lat' dir='ltr'><strong>Mollis</strong></span> <span class='ocrx_word' id='word_1_431' title='bbox 854 3171 997 3227; x_wconf 88' lang='lat' dir='ltr'><strong>enim</strong></span> <span class='ocrx_word' id='word_1_432' title='bbox 1030 3187 1096 3227; x_wconf 89' lang='lat' dir='ltr'><strong>ac</strong></span> <span class='ocrx_word' id='word_1_433' title='bbox 1132 3175 1527 3230; x_wconf 80' lang='lat' dir='ltr'><strong>mlsericordia:</strong></span> <span class='ocrx_word' id='word_1_434' title='bbox 1554 3175 1711 3245; x_wconf 90' lang='lat' dir='ltr'><strong>plena</strong></span> <span class='ocrx_word' id='word_1_435' title='bbox 1746 3191 1872 3228; x_wconf 83' lang='lat' dir='ltr'><strong>mu-</strong></span> 
     </span>
    </p>
   </div>
   <div class='ocr_carea' id='block_1_62' title="bbox 296 3251 1874 3332">
    <p class='ocr_par' dir='ltr' id='par_1_62' title="bbox 296 3251 1874 3332">
     <span class='ocr_line' id='line_1_62' title="bbox 296 3251 1874 3332; baseline 0.001 -16"><span class='ocrx_word' id='word_1_436' title='bbox 296 3262 484 3316; x_wconf 85' lang='lat' dir='ltr'><strong>liebris</strong></span> <span class='ocrx_word' id='word_1_437' title='bbox 533 3272 728 3317; x_wconf 90' lang='lat' dir='ltr'><strong>natura</strong></span> <span class='ocrx_word' id='word_1_438' title='bbox 762 3251 1026 3332; x_wconf 85' lang='lat' dir='ltr'><strong>producta</strong></span> <span class='ocrx_word' id='word_1_439' title='bbox 1056 3275 1162 3331; x_wconf 89' lang='lat' dir='ltr'><strong>est,</strong></span> <span class='ocrx_word' id='word_1_440' title='bbox 1186 3274 1246 3319; x_wconf 92' lang='lat' dir='ltr'><strong>ut</strong></span> <span class='ocrx_word' id='word_1_441' title='bbox 1273 3265 1342 3320; x_wconf 92' lang='lat' dir='ltr'><strong>ad</strong></span> <span class='ocrx_word' id='word_1_442' title='bbox 1374 3266 1613 3321; x_wconf 76' lang='lat' dir='ltr'><strong>infantes</strong></span> <span class='ocrx_word' id='word_1_443' title='bbox 1642 3267 1874 3321; x_wconf 90' lang='lat' dir='ltr'><strong>libenter</strong></span> 
     </span>
    </p>
   </div>
   <div class='ocr_carea' id='block_1_63' title="bbox 299 3353 1872 3427">
    <p class='ocr_par' dir='ltr' id='par_1_63' title="bbox 299 3353 1872 3427">
     <span class='ocr_line' id='line_1_63' title="bbox 299 3353 1872 3427; baseline 0.002 -20"><span class='ocrx_word' id='word_1_444' title='bbox 299 3353 524 3409; x_wconf 87' lang='lat' dir='ltr'><strong>alendos</strong></span> <span class='ocrx_word' id='word_1_445' title='bbox 581 3354 958 3408; x_wconf 89' lang='lat' dir='ltr'><strong>misericordia</strong></span> <span class='ocrx_word' id='word_1_446' title='bbox 1005 3355 1337 3423; x_wconf 86' lang='lat' dir='ltr'><strong>impellatur.</strong></span> <span class='ocrx_word' id='word_1_447' title='bbox 1395 3356 1546 3412; x_wconf 88' lang='lat' dir='ltr'><strong>llanc</strong></span> <span class='ocrx_word' id='word_1_448' title='bbox 1598 3357 1766 3427; x_wconf 79' lang='lat' dir='ltr'><strong>igitur</strong></span> <span class='ocrx_word' id='word_1_449' title='bbox 1806 3356 1872 3410; x_wconf 89' lang='lat' dir='ltr'><strong>ad</strong></span> 
     </span>
    </p>
   </div>
   <div class='ocr_carea' id='block_1_64' title="bbox 297 3443 1869 3514">
    <p class='ocr_par' dir='ltr' id='par_1_64' title="bbox 297 3443 1869 3514">
     <span class='ocr_line' id='line_1_64' title="bbox 297 3443 1869 3514; baseline 0.001 -17"><span class='ocrx_word' id='word_1_450' title='bbox 297 3443 446 3498; x_wconf 91' lang='lat' dir='ltr'><strong>hunc</strong></span> <span class='ocrx_word' id='word_1_451' title='bbox 474 3443 697 3498; x_wconf 90' lang='lat' dir='ltr'><strong>modum</strong></span> <span class='ocrx_word' id='word_1_452' title='bbox 775 3444 1250 3510; x_wconf 88' lang='lat' dir='ltr'><strong>circumventam,</strong></span> <span class='ocrx_word' id='word_1_453' title='bbox 1323 3447 1617 3514; x_wconf 88' lang='lat' dir='ltr'><strong>ipsumque</strong></span> <span class='ocrx_word' id='word_1_454' title='bbox 1700 3445 1869 3500; x_wconf 89' lang='lat' dir='ltr'><strong>etiam</strong></span> 
     </span>
    </p>
   </div>
   <div class='ocr_carea' id='block_1_65' title="bbox 295 3536 1870 3606">
    <p class='ocr_par' dir='ltr' id='par_1_65' title="bbox 295 3536 1870 3606">
     <span class='ocr_line' id='line_1_65' title="bbox 295 3536 1870 3606; baseline -0.001 -15"><span class='ocrx_word' id='word_1_455' title='bbox 295 3537 563 3591; x_wconf 80' lang='lat' dir='ltr'><strong>Adamum</strong></span> <span class='ocrx_word' id='word_1_456' title='bbox 627 3536 750 3604; x_wconf 84' lang='lat' dir='ltr'><strong>ejus</strong></span> <span class='ocrx_word' id='word_1_457' title='bbox 801 3550 966 3604; x_wconf 87' lang='lat' dir='ltr'><strong>opera</strong></span> <span class='ocrx_word' id='word_1_458' title='bbox 1019 3536 1086 3588; x_wconf 88' lang='lat' dir='ltr'><strong>ad</strong></span> <span class='ocrx_word' id='word_1_459' title='bbox 1147 3536 1540 3606; x_wconf 84' lang='lat' dir='ltr'><strong>degustandam</strong></span> <span class='ocrx_word' id='word_1_460' title='bbox 1585 3537 1870 3591; x_wconf 88' lang='lat' dir='ltr'><strong>scientiam</strong></span> 
     </span>
    </p>
   </div>
   <div class='ocr_carea' id='block_1_66' title="bbox 299 3627 1874 3698">
    <p class='ocr_par' dir='ltr' id='par_1_66' title="bbox 299 3627 1874 3698">
     <span class='ocr_line' id='line_1_66' title="bbox 299 3627 1874 3698; baseline -0.001 -15"><span class='ocrx_word' id='word_1_461' title='bbox 299 3637 632 3698; x_wconf 84' lang='lat' dir='ltr'><strong>pertractum</strong></span> <span class='ocrx_word' id='word_1_462' title='bbox 687 3629 835 3696; x_wconf 70' lang='lat' dir='ltr'><strong>(quae</strong></span> <span class='ocrx_word' id='word_1_463' title='bbox 863 3627 1113 3681; x_wconf 89' lang='lat' dir='ltr'><strong>acerbam</strong></span> <span class='ocrx_word' id='word_1_464' title='bbox 1150 3642 1366 3696; x_wconf 74' lang='lat' dir='ltr'><strong>pinnam</strong></span> <span class='ocrx_word' id='word_1_465' title='bbox 1402 3627 1656 3693; x_wconf 87' lang='lat' dir='ltr'><strong>habebat,</strong></span> <span class='ocrx_word' id='word_1_466' title='bbox 1709 3628 1874 3681; x_wconf 87' lang='lat' dir='ltr'><strong>nimi-</strong></span> 
     </span>
    </p>
   </div>
   <div class='ocr_carea' id='block_1_67' title="bbox 301 3717 1870 3788">
    <p class='ocr_par' dir='ltr' id='par_1_67' title="bbox 301 3717 1870 3788">
     <span class='ocr_line' id='line_1_67' title="bbox 301 3717 1870 3788; baseline -0.001 -14"><span class='ocrx_word' id='word_1_467' title='bbox 301 3734 420 3774; x_wconf 85' lang='lat' dir='ltr'><strong>rum</strong></span> <span class='ocrx_word' id='word_1_468' title='bbox 450 3731 739 3772; x_wconf 73' lang='lat' dir='ltr'><strong>mmrorem</strong></span> <span class='ocrx_word' id='word_1_469' title='bbox 791 3731 859 3771; x_wconf 91' lang='lat' dir='ltr'><strong>ac</strong></span> <span class='ocrx_word' id='word_1_470' title='bbox 916 3717 1173 3785; x_wconf 88' lang='lat' dir='ltr'><strong>mortem)</strong></span> <span class='ocrx_word' id='word_1_471' title='bbox 1232 3718 1489 3788; x_wconf 85' lang='lat' dir='ltr'><strong>paradiso</strong></span> <span class='ocrx_word' id='word_1_472' title='bbox 1540 3719 1870 3780; x_wconf 87' lang='lat' dir='ltr'><strong>exturbavit,</strong></span> 
     </span>
    </p>
   </div>
   <div class='ocr_carea' id='block_1_68' title="bbox 300 3809 1873 3882">
    <p class='ocr_par' dir='ltr' id='par_1_68' title="bbox 300 3809 1873 3882">
     <span class='ocr_line' id='line_1_68' title="bbox 300 3809 1873 3882; baseline -0.001 -17"><span class='ocrx_word' id='word_1_473' title='bbox 300 3812 538 3882; x_wconf 85' lang='lat' dir='ltr'><strong>pellieeis</strong></span> <span class='ocrx_word' id='word_1_474' title='bbox 570 3809 767 3864; x_wconf 90' lang='lat' dir='ltr'><strong>tunicis</strong></span> <span class='ocrx_word' id='word_1_475' title='bbox 797 3809 1045 3874; x_wconf 90' lang='lat' dir='ltr'><strong>indutos,</strong></span> <span class='ocrx_word' id='word_1_476' title='bbox 1081 3809 1284 3878; x_wconf 90' lang='lat' dir='ltr'><strong>quibus</strong></span> <span class='ocrx_word' id='word_1_477' title='bbox 1322 3809 1604 3865; x_wconf 90' lang='lat' dir='ltr'><strong>crassities</strong></span> <span class='ocrx_word' id='word_1_478' title='bbox 1632 3821 1686 3865; x_wconf 93' lang='lat' dir='ltr'><strong>et</strong></span> <span class='ocrx_word' id='word_1_479' title='bbox 1718 3810 1873 3865; x_wconf 84' lang='lat' dir='ltr'><strong>duri-</strong></span> 
     </span>
    </p>
   </div>
   <div class='ocr_carea' id='block_1_69' title="bbox 301 3899 1873 3970">
    <p class='ocr_par' dir='ltr' id='par_1_69' title="bbox 301 3899 1873 3970">
     <span class='ocr_line' id='line_1_69' title="bbox 301 3899 1873 3970; baseline -0.001 -14"><span class='ocrx_word' id='word_1_480' title='bbox 301 3903 398 3956; x_wconf 70' lang='lat' dir='ltr'><strong>tirs</strong></span> <span class='ocrx_word' id='word_1_481' title='bbox 431 3899 788 3968; x_wconf 86' lang='lat' dir='ltr'><strong>mortalisque</strong></span> <span class='ocrx_word' id='word_1_482' title='bbox 842 3899 1084 3954; x_wconf 87' lang='lat' dir='ltr'><strong>hominis</strong></span> <span class='ocrx_word' id='word_1_483' title='bbox 1116 3901 1361 3955; x_wconf 90' lang='lat' dir='ltr'><strong>conditio</strong></span> <span class='ocrx_word' id='word_1_484' title='bbox 1390 3900 1725 3970; x_wconf 86' lang='lat' dir='ltr'><strong>designatur.</strong></span> <span class='ocrx_word' id='word_1_485' title='bbox 1770 3899 1873 3956; x_wconf 86' lang='lat' dir='ltr'><strong>Te-</strong></span> 
     </span>
    </p>
   </div>
   <div class='ocr_carea' id='block_1_70' title="bbox 299 3983 1868 4062">
    <p class='ocr_par' dir='ltr' id='par_1_70' title="bbox 299 3983 1868 4062">
     <span class='ocr_line' id='line_1_70' title="bbox 299 3983 1868 4062; baseline -0.001 -14"><span class='ocrx_word' id='word_1_486' title='bbox 299 3994 462 4048; x_wconf 87' lang='lat' dir='ltr'><strong>nuius</strong></span> <span class='ocrx_word' id='word_1_487' title='bbox 494 3983 638 4046; x_wconf 78' lang='lat' dir='ltr'><strong>enini</strong></span> <span class='ocrx_word' id='word_1_488' title='bbox 689 3990 865 4059; x_wconf 89' lang='lat' dir='ltr'><strong>primo</strong></span> <span class='ocrx_word' id='word_1_489' title='bbox 904 4004 1106 4059; x_wconf 87' lang='lat' dir='ltr'><strong>corpus</strong></span> <span class='ocrx_word' id='word_1_490' title='bbox 1155 3999 1320 4057; x_wconf 87' lang='lat' dir='ltr'><strong>erat,</strong></span> <span class='ocrx_word' id='word_1_491' title='bbox 1373 4000 1558 4062; x_wconf 89' lang='lat' dir='ltr'><strong>utpote</strong></span> <span class='ocrx_word' id='word_1_492' title='bbox 1629 3993 1868 4048; x_wconf 90' lang='lat' dir='ltr'><strong>medium</strong></span> 
     </span>
    </p>
   </div>
   <div class='ocr_carea' id='block_1_71' title="bbox 301 4079 1876 4139">
    <p class='ocr_par' dir='ltr' id='par_1_71' title="bbox 301 4079 1876 4139">
     <span class='ocr_line' id='line_1_71' title="bbox 301 4079 1876 4139; baseline 0.001 -3"><span class='ocrx_word' id='word_1_493' title='bbox 301 4083 439 4136; x_wconf 85' lang='lat' dir='ltr'><strong>inter</strong></span> <span class='ocrx_word' id='word_1_494' title='bbox 466 4080 693 4136; x_wconf 80' lang='lat' dir='ltr'><strong>mortale</strong></span> <span class='ocrx_word' id='word_1_495' title='bbox 723 4089 779 4134; x_wconf 88' lang='lat' dir='ltr'><strong>et</strong></span> <span class='ocrx_word' id='word_1_496' title='bbox 810 4079 1142 4134; x_wconf 86' lang='lat' dir='ltr'><strong>immortale.</strong></span> <span class='ocrx_word' id='word_1_497' title='bbox 1173 4085 1386 4136; x_wconf 82' lang='lat' dir='ltr'><strong>Actum</strong></span> <span class='ocrx_word' id='word_1_498' title='bbox 1415 4083 1636 4137; x_wconf 90' lang='lat' dir='ltr'><strong>demum</strong></span> <span class='ocrx_word' id='word_1_499' title='bbox 1679 4083 1734 4137; x_wconf 89' lang='lat' dir='ltr'><strong>in</strong></span> <span class='ocrx_word' id='word_1_500' title='bbox 1758 4099 1876 4139; x_wconf 83' lang='lat' dir='ltr'><strong>cor-</strong></span> 
     </span>
    </p>
   </div>
   <div class='ocr_carea' id='block_1_72' title="bbox 299 4170 1872 4244">
    <p class='ocr_par' dir='ltr' id='par_1_72' title="bbox 299 4170 1872 4244">
     <span class='ocr_line' id='line_1_72' title="bbox 299 4170 1872 4244; baseline 0.001 -16"><span class='ocrx_word' id='word_1_501' title='bbox 299 4173 446 4244; x_wconf 85' lang='lat' dir='ltr'><strong>poris</strong></span> <span class='ocrx_word' id='word_1_502' title='bbox 473 4171 831 4241; x_wconf 89' lang='lat' dir='ltr'><strong>cupiditatem</strong></span> <span class='ocrx_word' id='word_1_503' title='bbox 885 4170 1096 4240; x_wconf 87' lang='lat' dir='ltr'><strong>delapsi</strong></span> <span class='ocrx_word' id='word_1_504' title='bbox 1125 4182 1273 4238; x_wconf 87' lang='lat' dir='ltr'><strong>sunt,</strong></span> <span class='ocrx_word' id='word_1_505' title='bbox 1329 4187 1499 4242; x_wconf 83' lang='lat' dir='ltr'><strong>seque</strong></span> <span class='ocrx_word' id='word_1_506' title='bbox 1543 4174 1721 4229; x_wconf 90' lang='lat' dir='ltr'><strong>nudos</strong></span> <span class='ocrx_word' id='word_1_507' title='bbox 1749 4189 1872 4231; x_wconf 85' lang='lat' dir='ltr'><strong>esse</strong></span> 
     </span>
    </p>
   </div>
   <div class='ocr_carea' id='block_1_73' title="bbox 299 4263 1872 4334">
    <p class='ocr_par' dir='ltr' id='par_1_73' title="bbox 299 4263 1872 4334">
     <span class='ocr_line' id='line_1_73' title="bbox 299 4263 1872 4334; baseline 0.001 -15"><span class='ocrx_word' id='word_1_508' title='bbox 299 4271 706 4334; x_wconf 85' lang='lat' dir='ltr'><strong>cognoverunt,</strong></span> <span class='ocrx_word' id='word_1_509' title='bbox 765 4271 934 4332; x_wconf 83' lang='lat' dir='ltr'><strong>atque</strong></span> <span class='ocrx_word' id='word_1_510' title='bbox 983 4264 1343 4318; x_wconf 89' lang='lat' dir='ltr'><strong>erubuerunt.</strong></span> <span class='ocrx_word' id='word_1_511' title='bbox 1394 4263 1566 4320; x_wconf 86' lang='lat' dir='ltr'><strong>Porro</strong></span> <span class='ocrx_word' id='word_1_512' title='bbox 1592 4266 1768 4320; x_wconf 90' lang='lat' dir='ltr'><strong>nudos</strong></span> <span class='ocrx_word' id='word_1_513' title='bbox 1813 4282 1872 4320; x_wconf 89' lang='lat' dir='ltr'><strong>se</strong></span> 
     </span>
    </p>
   </div>
   <div class='ocr_carea' id='block_1_74' title="bbox 300 4355 1870 4427">
    <p class='ocr_par' dir='ltr' id='par_1_74' title="bbox 300 4355 1870 4427">
     <span class='ocr_line' id='line_1_74' title="bbox 300 4355 1870 4427; baseline 0.001 -18"><span class='ocrx_word' id='word_1_514' title='bbox 300 4363 688 4426; x_wconf 82' lang='lat' dir='ltr'><strong>cognoverunt.</strong></span> <span class='ocrx_word' id='word_1_515' title='bbox 741 4369 850 4406; x_wconf 87' lang='lat' dir='ltr'><strong>non</strong></span> <span class='ocrx_word' id='word_1_516' title='bbox 905 4361 1012 4407; x_wconf 88' lang='lat' dir='ltr'><strong>tam</strong></span> <span class='ocrx_word' id='word_1_517' title='bbox 1063 4355 1480 4421; x_wconf 85' lang='lat' dir='ltr'><strong>avestimentis,</strong></span> <span class='ocrx_word' id='word_1_518' title='bbox 1527 4372 1690 4427; x_wconf 89' lang='lat' dir='ltr'><strong>quam</strong></span> <span class='ocrx_word' id='word_1_519' title='bbox 1725 4357 1870 4427; x_wconf 83' lang='lat' dir='ltr'><strong>quod</strong></span> 
     </span>
    </p>
   </div>
   <div class='ocr_carea' id='block_1_75' title="bbox 1982 3181 3554 3256">
    <p class='ocr_par' dir='ltr' id='par_1_75' title="bbox 1982 3181 3554 3256">
     <span class='ocr_line' id='line_1_75' title="bbox 1982 3181 3554 3256; baseline 0.004 -22"><span class='ocrx_word' id='word_1_520' title='bbox 1982 3194 2196 3243; x_wconf 89' lang='lat' dir='ltr'><strong>aversa,</strong></span> <span class='ocrx_word' id='word_1_521' title='bbox 2224 3183 2434 3250; x_wconf 90' lang='lat' dir='ltr'><strong>seipsos</strong></span> <span class='ocrx_word' id='word_1_522' title='bbox 2463 3181 2813 3237; x_wconf 86' lang='lat' dir='ltr'><strong>considerare</strong></span> <span class='ocrx_word' id='word_1_523' title='bbox 2845 3184 3227 3252; x_wconf 89' lang='lat' dir='ltr'><strong>atqueintueri</strong></span> <span class='ocrx_word' id='word_1_524' title='bbox 3251 3188 3554 3256; x_wconf 69' lang='lat' dir='ltr'><strong>cmperint:</strong></span> 
     </span>
    </p>
   </div>
   <div class='ocr_carea' id='block_1_76' title="bbox 1982 3270 3558 3345">
    <p class='ocr_par' dir='ltr' id='par_1_76' title="bbox 1982 3270 3558 3345">
     <span class='ocr_line' id='line_1_76' title="bbox 1982 3270 3558 3345; baseline 0.004 -21"><span class='ocrx_word' id='word_1_525' title='bbox 1982 3270 2191 3338; x_wconf 88' lang='lat' dir='ltr'><strong>seipsos</strong></span> <span class='ocrx_word' id='word_1_526' title='bbox 2248 3286 2414 3339; x_wconf 88' lang='lat' dir='ltr'><strong>porro</strong></span> <span class='ocrx_word' id='word_1_527' title='bbox 2471 3272 2787 3335; x_wconf 84' lang='lat' dir='ltr'><strong>intuentes,</strong></span> <span class='ocrx_word' id='word_1_528' title='bbox 2841 3289 3150 3343; x_wconf 91' lang='lat' dir='ltr'><strong>corpusque</strong></span> <span class='ocrx_word' id='word_1_529' title='bbox 3199 3284 3256 3329; x_wconf 88' lang='lat' dir='ltr'><strong>et</strong></span> <span class='ocrx_word' id='word_1_530' title='bbox 3307 3279 3558 3345; x_wconf 89' lang='lat' dir='ltr'><strong>corporis</strong></span> 
     </span>
    </p>
   </div>
   <div class='ocr_carea' id='block_1_77' title="bbox 1982 3361 3554 3433">
    <p class='ocr_par' dir='ltr' id='par_1_77' title="bbox 1982 3361 3554 3433">
     <span class='ocr_line' id='line_1_77' title="bbox 1982 3361 3554 3433; baseline 0.005 -20"><span class='ocrx_word' id='word_1_531' title='bbox 1982 3373 2178 3413; x_wconf 88' lang='lat' dir='ltr'><strong>sensus</strong></span> <span class='ocrx_word' id='word_1_532' title='bbox 2225 3361 2639 3428; x_wconf 88' lang='lat' dir='ltr'><strong>amplectentes,</strong></span> <span class='ocrx_word' id='word_1_533' title='bbox 2666 3369 2854 3430; x_wconf 86' lang='lat' dir='ltr'><strong>atque,</strong></span> <span class='ocrx_word' id='word_1_534' title='bbox 2892 3374 2950 3414; x_wconf 92' lang='lat' dir='ltr'><strong>ut</strong></span> <span class='ocrx_word' id='word_1_535' title='bbox 2994 3363 3048 3416; x_wconf 89' lang='lat' dir='ltr'><strong>in</strong></span> <span class='ocrx_word' id='word_1_536' title='bbox 3099 3365 3336 3433; x_wconf 85' lang='lat' dir='ltr'><strong>propriis</strong></span> <span class='ocrx_word' id='word_1_537' title='bbox 3369 3366 3554 3429; x_wconf 88' lang='lat' dir='ltr'><strong>bonis.</strong></span> 
     </span>
    </p>
   </div>
   <div class='ocr_carea' id='block_1_78' title="bbox 1983 3451 3556 3526">
    <p class='ocr_par' dir='ltr' id='par_1_78' title="bbox 1983 3451 3556 3526">
     <span class='ocr_line' id='line_1_78' title="bbox 1983 3451 3556 3526; baseline 0.005 -20"><span class='ocrx_word' id='word_1_538' title='bbox 1983 3451 2400 3518; x_wconf 73' lang='lat' dir='ltr'><strong>hallucinantes,</strong></span> <span class='ocrx_word' id='word_1_539' title='bbox 2437 3453 2524 3509; x_wconf 88' lang='lat' dir='ltr'><strong>sui</strong></span> <span class='ocrx_word' id='word_1_540' title='bbox 2580 3455 2823 3523; x_wconf 85' lang='lat' dir='ltr'><strong>ipsorum</strong></span> <span class='ocrx_word' id='word_1_541' title='bbox 2871 3455 3172 3526; x_wconf 90' lang='lat' dir='ltr'><strong>cupiditate</strong></span> <span class='ocrx_word' id='word_1_542' title='bbox 3225 3461 3556 3524; x_wconf 84' lang='lat' dir='ltr'><strong>exarserint,</strong></span> 
     </span>
    </p>
   </div>
   <div class='ocr_carea' id='block_1_79' title="bbox 1982 3543 3557 3615">
    <p class='ocr_par' dir='ltr' id='par_1_79' title="bbox 1982 3543 3557 3615">
     <span class='ocr_line' id='line_1_79' title="bbox 1982 3543 3557 3615; baseline 0.007 -20"><span class='ocrx_word' id='word_1_543' title='bbox 1982 3557 2082 3596; x_wconf 87' lang='lat' dir='ltr'><strong>sua</strong></span> <span class='ocrx_word' id='word_1_544' title='bbox 2115 3543 2373 3597; x_wconf 92' lang='lat' dir='ltr'><strong>nimirum</strong></span> <span class='ocrx_word' id='word_1_545' title='bbox 2407 3545 2550 3598; x_wconf 90' lang='lat' dir='ltr'><strong>bona</strong></span> <span class='ocrx_word' id='word_1_546' title='bbox 2577 3547 3024 3615; x_wconf 88' lang='lat' dir='ltr'><strong>contemplationi</strong></span> <span class='ocrx_word' id='word_1_547' title='bbox 3057 3549 3111 3602; x_wconf 93' lang='lat' dir='ltr'><strong>in</strong></span> <span class='ocrx_word' id='word_1_548' title='bbox 3145 3548 3346 3606; x_wconf 87' lang='lat' dir='ltr'><strong>divinis</strong></span> <span class='ocrx_word' id='word_1_549' title='bbox 3391 3553 3557 3606; x_wconf 87' lang='lat' dir='ltr'><strong>rebus</strong></span> 
     </span>
    </p>
   </div>
   <div class='ocr_carea' id='block_1_80' title="bbox 1981 3635 3555 3711">
    <p class='ocr_par' dir='ltr' id='par_1_80' title="bbox 1981 3635 3555 3711">
     <span class='ocr_line' id='line_1_80' title="bbox 1981 3635 3555 3711; baseline 0.006 -23"><span class='ocrx_word' id='word_1_550' title='bbox 1981 3636 2172 3702; x_wconf 65' lang='lat' dir='ltr'><strong>positae</strong></span> <span class='ocrx_word' id='word_1_551' title='bbox 2214 3635 2584 3705; x_wconf 87' lang='lat' dir='ltr'><strong>praeferentes.</strong></span> <span class='ocrx_word' id='word_1_552' title='bbox 2617 3637 2697 3694; x_wconf 81' lang='lat' dir='ltr'><strong>Ae</strong></span> <span class='ocrx_word' id='word_1_553' title='bbox 2730 3638 2954 3708; x_wconf 85' lang='lat' dir='ltr'><strong>proinde</strong></span> <span class='ocrx_word' id='word_1_554' title='bbox 2981 3655 3106 3694; x_wconf 90' lang='lat' dir='ltr'><strong>cum</strong></span> <span class='ocrx_word' id='word_1_555' title='bbox 3136 3655 3167 3695; x_wconf 88' lang='lat' dir='ltr'><strong>a</strong></span> <span class='ocrx_word' id='word_1_556' title='bbox 3197 3641 3555 3711; x_wconf 89' lang='lat' dir='ltr'><strong>propinquio-</strong></span> 
     </span>
    </p>
   </div>
   <div class='ocr_carea' id='block_1_81' title="bbox 1983 3726 3556 3796">
    <p class='ocr_par' dir='ltr' id='par_1_81' title="bbox 1983 3726 3556 3796">
     <span class='ocr_line' id='line_1_81' title="bbox 1983 3726 3556 3796; baseline 0.004 -14"><span class='ocrx_word' id='word_1_557' title='bbox 1983 3729 2136 3782; x_wconf 87' lang='lat' dir='ltr'><strong>ribus</strong></span> <span class='ocrx_word' id='word_1_558' title='bbox 2179 3726 2346 3782; x_wconf 90' lang='lat' dir='ltr'><strong>rebus</strong></span> <span class='ocrx_word' id='word_1_559' title='bbox 2384 3727 2628 3782; x_wconf 84' lang='lat' dir='ltr'><strong>animum</strong></span> <span class='ocrx_word' id='word_1_560' title='bbox 2670 3728 2942 3785; x_wconf 86' lang='lat' dir='ltr'><strong>abducere</strong></span> <span class='ocrx_word' id='word_1_561' title='bbox 2968 3731 3195 3796; x_wconf 90' lang='lat' dir='ltr'><strong>nollent,</strong></span> <span class='ocrx_word' id='word_1_562' title='bbox 3223 3747 3288 3787; x_wconf 89' lang='lat' dir='ltr'><strong>eo</strong></span> <span class='ocrx_word' id='word_1_563' title='bbox 3321 3734 3556 3790; x_wconf 72' lang='lat' dir='ltr'><strong>miseria:</strong></span> 
     </span>
    </p>
   </div>
   <div class='ocr_carea' id='block_1_82' title="bbox 1981 3819 3554 3894">
    <p class='ocr_par' dir='ltr' id='par_1_82' title="bbox 1981 3819 3554 3894">
     <span class='ocr_line' id='line_1_82' title="bbox 1981 3819 3554 3894; baseline 0.005 -21"><span class='ocrx_word' id='word_1_564' title='bbox 1981 3819 2254 3888; x_wconf 85' lang='lat' dir='ltr'><strong>provoluti</strong></span> <span class='ocrx_word' id='word_1_565' title='bbox 2287 3829 2434 3885; x_wconf 91' lang='lat' dir='ltr'><strong>sunt,</strong></span> <span class='ocrx_word' id='word_1_566' title='bbox 2469 3828 2527 3875; x_wconf 91' lang='lat' dir='ltr'><strong>ut</strong></span> <span class='ocrx_word' id='word_1_567' title='bbox 2557 3829 2611 3876; x_wconf 89' lang='lat' dir='ltr'><strong>et</strong></span> <span class='ocrx_word' id='word_1_568' title='bbox 2635 3822 2880 3892; x_wconf 88' lang='lat' dir='ltr'><strong>corporis</strong></span> <span class='ocrx_word' id='word_1_569' title='bbox 2909 3823 3282 3894; x_wconf 88' lang='lat' dir='ltr'><strong>voluptatibus</strong></span> <span class='ocrx_word' id='word_1_570' title='bbox 3314 3826 3554 3881; x_wconf 89' lang='lat' dir='ltr'><strong>animam</strong></span> 
     </span>
    </p>
   </div>
   <div class='ocr_carea' id='block_1_83' title="bbox 1981 3911 3557 3987">
    <p class='ocr_par' dir='ltr' id='par_1_83' title="bbox 1981 3911 3557 3987">
     <span class='ocr_line' id='line_1_83' title="bbox 1981 3911 3557 3987; baseline 0.004 -20"><span class='ocrx_word' id='word_1_571' title='bbox 1981 3927 2136 3967; x_wconf 90' lang='lat' dir='ltr'><strong>suam</strong></span> <span class='ocrx_word' id='word_1_572' title='bbox 2195 3911 2623 3979; x_wconf 87' lang='lat' dir='ltr'><strong>concluderent,</strong></span> <span class='ocrx_word' id='word_1_573' title='bbox 2661 3914 2843 3970; x_wconf 90' lang='lat' dir='ltr'><strong>omnis</strong></span> <span class='ocrx_word' id='word_1_574' title='bbox 2895 3917 3112 3984; x_wconf 88' lang='lat' dir='ltr'><strong>generis</strong></span> <span class='ocrx_word' id='word_1_575' title='bbox 3160 3917 3557 3987; x_wconf 78' lang='lat' dir='ltr'><strong>cupiditatibus</strong></span> 
     </span>
    </p>
   </div>
   <div class='ocr_carea' id='block_1_84' title="bbox 1981 4000 3556 4072">
    <p class='ocr_par' dir='ltr' id='par_1_84' title="bbox 1981 4000 3556 4072">
     <span class='ocr_line' id='line_1_84' title="bbox 1981 4000 3556 4072; baseline 0.005 -19"><span class='ocrx_word' id='word_1_576' title='bbox 1981 4000 2356 4068; x_wconf 89' lang='lat' dir='ltr'><strong>perturbatam</strong></span> <span class='ocrx_word' id='word_1_577' title='bbox 2406 4011 2570 4072; x_wconf 90' lang='lat' dir='ltr'><strong>atque</strong></span> <span class='ocrx_word' id='word_1_578' title='bbox 2623 4001 2960 4068; x_wconf 89' lang='lat' dir='ltr'><strong>immersam,</strong></span> <span class='ocrx_word' id='word_1_579' title='bbox 2993 4012 3048 4057; x_wconf 90' lang='lat' dir='ltr'><strong>et</strong></span> <span class='ocrx_word' id='word_1_580' title='bbox 3084 4006 3341 4072; x_wconf 77' lang='lat' dir='ltr'><strong>potentia:</strong></span> <span class='ocrx_word' id='word_1_581' title='bbox 3367 4005 3556 4061; x_wconf 84' lang='lat' dir='ltr'><strong>divino</strong></span> 
     </span>
    </p>
   </div>
   <div class='ocr_carea' id='block_1_85' title="bbox 1981 4089 3552 4161">
    <p class='ocr_par' dir='ltr' id='par_1_85' title="bbox 1981 4089 3552 4161">
     <span class='ocr_line' id='line_1_85' title="bbox 1981 4089 3552 4161; baseline 0.006 -19"><span class='ocrx_word' id='word_1_582' title='bbox 1981 4089 2246 4145; x_wconf 84' lang='lat' dir='ltr'><strong>beneflcio</strong></span> <span class='ocrx_word' id='word_1_583' title='bbox 2298 4091 2431 4161; x_wconf 87' lang='lat' dir='ltr'><strong>ipsis</strong></span> <span class='ocrx_word' id='word_1_584' title='bbox 2487 4093 2723 4161; x_wconf 91' lang='lat' dir='ltr'><strong>primum</strong></span> <span class='ocrx_word' id='word_1_585' title='bbox 2759 4107 3034 4147; x_wconf 58' lang='lat' dir='ltr'><strong>concessae</strong></span> <span class='ocrx_word' id='word_1_586' title='bbox 3077 4094 3552 4151; x_wconf 87' lang='lat' dir='ltr'><strong>obliviscerentur.</strong></span> 
     </span>
    </p>
   </div>
   <div class='ocr_carea' id='block_1_86' title="bbox 1982 4181 3556 4251">
    <p class='ocr_par' dir='ltr' id='par_1_86' title="bbox 1982 4181 3556 4251">
     <span class='ocr_line' id='line_1_86' title="bbox 1982 4181 3556 4251; baseline 0.004 -16"><span class='ocrx_word' id='word_1_587' title='bbox 1982 4181 2234 4247; x_wconf 89' lang='lat' dir='ltr'><strong>Quandiu</strong></span> <span class='ocrx_word' id='word_1_588' title='bbox 2260 4185 2405 4238; x_wconf 91' lang='lat' dir='ltr'><strong>enim</strong></span> <span class='ocrx_word' id='word_1_589' title='bbox 2428 4183 2597 4237; x_wconf 82' lang='lat' dir='ltr'><strong>Adam</strong></span> <span class='ocrx_word' id='word_1_590' title='bbox 2622 4183 2688 4237; x_wconf 91' lang='lat' dir='ltr'><strong>ad</strong></span> <span class='ocrx_word' id='word_1_591' title='bbox 2713 4181 2807 4236; x_wconf 90' lang='lat' dir='ltr'><strong>Dei</strong></span> <span class='ocrx_word' id='word_1_592' title='bbox 2825 4183 3340 4251; x_wconf 89' lang='lat' dir='ltr'><strong>contemplationem</strong></span> <span class='ocrx_word' id='word_1_593' title='bbox 3373 4197 3556 4242; x_wconf 91' lang='lat' dir='ltr'><strong>mente</strong></span> 
     </span>
    </p>
   </div>
   <div class='ocr_carea' id='block_1_87' title="bbox 1979 4272 3551 4349">
    <p class='ocr_par' dir='ltr' id='par_1_87' title="bbox 1979 4272 3551 4349">
     <span class='ocr_line' id='line_1_87' title="bbox 1979 4272 3551 4349; baseline 0.006 -23"><span class='ocrx_word' id='word_1_594' title='bbox 1979 4272 2277 4340; x_wconf 81' lang='lat' dir='ltr'><strong>ferebatur,</strong></span> <span class='ocrx_word' id='word_1_595' title='bbox 2309 4273 2556 4342; x_wconf 89' lang='lat' dir='ltr'><strong>corporis</strong></span> <span class='ocrx_word' id='word_1_596' title='bbox 2603 4287 2736 4326; x_wconf 91' lang='lat' dir='ltr'><strong>cura</strong></span> <span class='ocrx_word' id='word_1_597' title='bbox 2791 4273 2943 4328; x_wconf 92' lang='lat' dir='ltr'><strong>nullo</strong></span> <span class='ocrx_word' id='word_1_598' title='bbox 2990 4274 3151 4330; x_wconf 90' lang='lat' dir='ltr'><strong>modo</strong></span> <span class='ocrx_word' id='word_1_599' title='bbox 3183 4278 3504 4349; x_wconf 76' lang='lat' dir='ltr'><strong>tangebatur</strong></span> <span class='ocrx_word' id='word_1_600' title='bbox 3536 4297 3551 4336; x_wconf 92' lang='lat'><strong>:</strong></span> 
     </span>
    </p>
   </div>
   <div class='ocr_carea' id='block_1_88' title="bbox 1979 4364 3552 4440">
    <p class='ocr_par' dir='ltr' id='par_1_88' title="bbox 1979 4364 3552 4440">
     <span class='ocr_line' id='line_1_88' title="bbox 1979 4364 3552 4440; baseline 0.004 -22"><span class='ocrx_word' id='word_1_601' title='bbox 1979 4373 2035 4418; x_wconf 90' lang='lat' dir='ltr'><strong>at</strong></span> <span class='ocrx_word' id='word_1_602' title='bbox 2093 4373 2446 4434; x_wconf 83' lang='lat' dir='ltr'><strong>posteaquam</strong></span> <span class='ocrx_word' id='word_1_603' title='bbox 2508 4364 2747 4434; x_wconf 88' lang='lat' dir='ltr'><strong>seipsum</strong></span> <span class='ocrx_word' id='word_1_604' title='bbox 2803 4364 3004 4422; x_wconf 88' lang='lat' dir='ltr'><strong>intueri</strong></span> <span class='ocrx_word' id='word_1_605' title='bbox 3059 4370 3261 4440; x_wconf 73' lang='lat' dir='ltr'><strong>cmpit,</strong></span> <span class='ocrx_word' id='word_1_606' title='bbox 3313 4373 3552 4428; x_wconf 84' lang='lat' dir='ltr'><strong>crassior</strong></span> 
     </span>
    </p>
   </div>
   <div class='ocr_carea' id='block_1_89' title="bbox 304 4445 2830 4525">
    <p class='ocr_par' dir='ltr' id='par_1_89' title="bbox 304 4445 2830 4525">
     <span class='ocr_line' id='line_1_89' title="bbox 304 4445 2830 4525; baseline 0.004 -26"><span class='ocrx_word' id='word_1_607' title='bbox 304 4445 606 4500; x_wconf 73' lang='lat' dir='ltr'><strong>divinarum</strong></span> <span class='ocrx_word' id='word_1_608' title='bbox 661 4458 844 4497; x_wconf 91' lang='lat' dir='ltr'><strong>rerum</strong></span> <span class='ocrx_word' id='word_1_609' title='bbox 905 4446 1368 4514; x_wconf 82' lang='lat' dir='ltr'><strong>contemplatione</strong></span> <span class='ocrx_word' id='word_1_610' title='bbox 1421 4448 1637 4516; x_wconf 90' lang='lat' dir='ltr'><strong>spoliati</strong></span> <span class='ocrx_word' id='word_1_611' title='bbox 1695 4456 1875 4513; x_wconf 88' lang='lat' dir='ltr'><strong>erant,</strong></span> <span class='ocrx_word' id='word_1_612' title='bbox 1912 4450 1953 4504; x_wconf 88' lang='lat' dir='ltr'><strong>D</strong></span> <span class='ocrx_word' id='word_1_613' title='bbox 1981 4457 2092 4525; x_wconf 81' lang='lat' dir='ltr'><strong>jam</strong></span> <span class='ocrx_word' id='word_1_614' title='bbox 2127 4466 2489 4525; x_wconf 87' lang='lat' dir='ltr'><strong>tcrrenusque</strong></span> <span class='ocrx_word' id='word_1_615' title='bbox 2521 4455 2696 4512; x_wconf 85' lang='lat' dir='ltr'><strong>factus</strong></span> <span class='ocrx_word' id='word_1_616' title='bbox 2726 4465 2830 4514; x_wconf 83' lang='lat' dir='ltr'><strong>est.</strong></span> 
     </span>
    </p>
   </div>
   <div class='ocr_carea' id='block_1_90' title="bbox 303 4533 1871 4608">
    <p class='ocr_par' dir='ltr' id='par_1_90' title="bbox 303 4533 1871 4608">
     <span class='ocr_line' id='line_1_90' title="bbox 303 4533 1871 4608; baseline 0.003 -19"><span class='ocrx_word' id='word_1_617' title='bbox 303 4550 364 4589; x_wconf 88' lang='lat' dir='ltr'><strong>ac</strong></span> <span class='ocrx_word' id='word_1_618' title='bbox 390 4544 621 4588; x_wconf 89' lang='lat' dir='ltr'><strong>mentem</strong></span> <span class='ocrx_word' id='word_1_619' title='bbox 674 4533 740 4586; x_wconf 89' lang='lat' dir='ltr'><strong>ad</strong></span> <span class='ocrx_word' id='word_1_620' title='bbox 777 4533 1049 4588; x_wconf 88' lang='lat' dir='ltr'><strong>contraria</strong></span> <span class='ocrx_word' id='word_1_621' title='bbox 1097 4534 1475 4592; x_wconf 81' lang='lat' dir='ltr'><strong>traduxerant.</strong></span> <span class='ocrx_word' id='word_1_622' title='bbox 1509 4537 1716 4608; x_wconf 87' lang='lat' dir='ltr'><strong>Duplex</strong></span> <span class='ocrx_word' id='word_1_623' title='bbox 1779 4555 1871 4594; x_wconf 88' lang='lat' dir='ltr'><strong>au-</strong></span> 
     </span>
    </p>
   </div>
   <div class='ocr_carea' id='block_1_91' title="bbox 309 4621 1870 4700">
    <p class='ocr_par' dir='ltr' id='par_1_91' title="bbox 309 4621 1870 4700">
     <span class='ocr_line' id='line_1_91' title="bbox 309 4621 1870 4700; baseline 0.004 -23"><span class='ocrx_word' id='word_1_624' title='bbox 309 4634 406 4677; x_wconf 87' lang='lat' dir='ltr'><strong>tem</strong></span> <span class='ocrx_word' id='word_1_625' title='bbox 431 4632 515 4677; x_wconf 84' lang='lat' dir='ltr'><strong>est</strong></span> <span class='ocrx_word' id='word_1_626' title='bbox 545 4621 810 4692; x_wconf 87' lang='lat' dir='ltr'><strong>cognitio,</strong></span> <span class='ocrx_word' id='word_1_627' title='bbox 859 4623 1029 4676; x_wconf 90' lang='lat' dir='ltr'><strong>altera</strong></span> <span class='ocrx_word' id='word_1_628' title='bbox 1061 4638 1184 4692; x_wconf 81' lang='lat' dir='ltr'><strong>qua:</strong></span> <span class='ocrx_word' id='word_1_629' title='bbox 1206 4638 1293 4679; x_wconf 88' lang='lat' dir='ltr'><strong>res</strong></span> <span class='ocrx_word' id='word_1_630' title='bbox 1329 4628 1604 4695; x_wconf 62' lang='lat' dir='ltr'><strong>praecedit,</strong></span> <span class='ocrx_word' id='word_1_631' title='bbox 1631 4645 1694 4683; x_wconf 89' lang='lat' dir='ltr'><strong>ac</strong></span> <span class='ocrx_word' id='word_1_632' title='bbox 1725 4629 1870 4700; x_wconf 91' lang='lat' dir='ltr'><strong>diju-</strong></span> 
     </span>
    </p>
   </div>
   <div class='ocr_carea' id='block_1_92' title="bbox 304 4703 1867 4789">
    <p class='ocr_par' dir='ltr' id='par_1_92' title="bbox 304 4703 1867 4789">
     <span class='ocr_line' id='line_1_92' title="bbox 304 4703 1867 4789; baseline 0.006 -23"><span class='ocrx_word' id='word_1_633' title='bbox 304 4713 530 4768; x_wconf 88' lang='lat' dir='ltr'><strong>dieatrix</strong></span> <span class='ocrx_word' id='word_1_634' title='bbox 565 4712 788 4776; x_wconf 90' lang='lat' dir='ltr'><strong>dicitur,</strong></span> <span class='ocrx_word' id='word_1_635' title='bbox 823 4728 933 4782; x_wconf 88' lang='lat' dir='ltr'><strong>qua</strong></span> <span class='ocrx_word' id='word_1_636' title='bbox 965 4715 1128 4769; x_wconf 91' lang='lat' dir='ltr'><strong>etiam</strong></span> <span class='ocrx_word' id='word_1_637' title='bbox 1160 4721 1288 4770; x_wconf 90' lang='lat' dir='ltr'><strong>ante</strong></span> <span class='ocrx_word' id='word_1_638' title='bbox 1323 4703 1867 4789; x_wconf 62' lang='lat' dir='ltr'><strong>perceptum‘lignum</strong></span> 
     </span>
    </p>
   </div>
   <div class='ocr_carea' id='block_1_93' title="bbox 310 4805 1868 4876">
    <p class='ocr_par' dir='ltr' id='par_1_93' title="bbox 310 4805 1868 4876">
     <span class='ocr_line' id='line_1_93' title="bbox 310 4805 1868 4876; baseline 0.006 -23"><span class='ocrx_word' id='word_1_639' title='bbox 310 4807 555 4871; x_wconf 74' lang='lat' dir='ltr'><strong>praeditus</strong></span> <span class='ocrx_word' id='word_1_640' title='bbox 590 4812 709 4859; x_wconf 87' lang='lat' dir='ltr'><strong>erat</strong></span> <span class='ocrx_word' id='word_1_641' title='bbox 758 4805 963 4870; x_wconf 83' lang='lat' dir='ltr'><strong>Adam;</strong></span> <span class='ocrx_word' id='word_1_642' title='bbox 994 4805 1162 4859; x_wconf 90' lang='lat' dir='ltr'><strong>altera</strong></span> <span class='ocrx_word' id='word_1_643' title='bbox 1192 4821 1314 4875; x_wconf 76' lang='lat' dir='ltr'><strong>qua:</strong></span> <span class='ocrx_word' id='word_1_644' title='bbox 1345 4807 1510 4862; x_wconf 87' lang='lat' dir='ltr'><strong>rebus</strong></span> <span class='ocrx_word' id='word_1_645' title='bbox 1541 4807 1676 4876; x_wconf 86' lang='lat' dir='ltr'><strong>ipsis</strong></span> <span class='ocrx_word' id='word_1_646' title='bbox 1705 4810 1868 4874; x_wconf 89' lang='lat' dir='ltr'><strong>inest,</strong></span> 
     </span>
    </p>
   </div>
   <div class='ocr_carea' id='block_1_94' title="bbox 309 4896 1871 4969">
    <p class='ocr_par' dir='ltr' id='par_1_94' title="bbox 309 4896 1871 4969">
     <span class='ocr_line' id='line_1_94' title="bbox 309 4896 1871 4969; baseline 0.006 -24"><span class='ocrx_word' id='word_1_647' title='bbox 309 4902 462 4960; x_wconf 83' lang='lat' dir='ltr'><strong>atque</strong></span> <span class='ocrx_word' id='word_1_648' title='bbox 511 4896 689 4950; x_wconf 88' lang='lat' dir='ltr'><strong>activa</strong></span> <span class='ocrx_word' id='word_1_649' title='bbox 750 4907 1123 4964; x_wconf 91' lang='lat' dir='ltr'><strong>nuncupatur,</strong></span> <span class='ocrx_word' id='word_1_650' title='bbox 1181 4912 1344 4967; x_wconf 91' lang='lat' dir='ltr'><strong>quam</strong></span> <span class='ocrx_word' id='word_1_651' title='bbox 1394 4898 1696 4968; x_wconf 82' lang='lat' dir='ltr'><strong>degustato</strong></span> <span class='ocrx_word' id='word_1_652' title='bbox 1724 4900 1871 4969; x_wconf 90' lang='lat' dir='ltr'><strong>ligno</strong></span> 
     </span>
    </p>
   </div>
   <div class='ocr_carea' id='block_1_95' title="bbox 314 4985 1869 5057">
    <p class='ocr_par' dir='ltr' id='par_1_95' title="bbox 314 4985 1869 5057">
     <span class='ocr_line' id='line_1_95' title="bbox 314 4985 1869 5057; baseline 0.008 -23"><span class='ocrx_word' id='word_1_653' title='bbox 314 4985 526 5052; x_wconf 86' lang='lat' dir='ltr'><strong>insuper</strong></span> <span class='ocrx_word' id='word_1_654' title='bbox 557 4986 786 5053; x_wconf 84' lang='lat' dir='ltr'><strong>adeptus</strong></span> <span class='ocrx_word' id='word_1_655' title='bbox 824 4995 930 5040; x_wconf 90' lang='lat' dir='ltr'><strong>est.</strong></span> <span class='ocrx_word' id='word_1_656' title='bbox 986 4988 1055 5041; x_wconf 84' lang='lat' dir='ltr'><strong>At</strong></span> <span class='ocrx_word' id='word_1_657' title='bbox 1090 5002 1238 5043; x_wconf 79' lang='lat' dir='ltr'><strong>more</strong></span> <span class='ocrx_word' id='word_1_658' title='bbox 1284 4989 1449 5043; x_wconf 89' lang='lat' dir='ltr'><strong>etiam</strong></span> <span class='ocrx_word' id='word_1_659' title='bbox 1484 4990 1585 5057; x_wconf 88' lang='lat' dir='ltr'><strong>ipsi</strong></span> <span class='ocrx_word' id='word_1_660' title='bbox 1621 4991 1869 5046; x_wconf 81' lang='lat' dir='ltr'><strong>beneficii</strong></span> 
     </span>
    </p>
   </div>
   <div class='ocr_carea' id='block_1_96' title="bbox 311 5077 1866 5148">
    <p class='ocr_par' dir='ltr' id='par_1_96' title="bbox 311 5077 1866 5148">
     <span class='ocr_line' id='line_1_96' title="bbox 311 5077 1866 5148; baseline 0.006 -20"><span class='ocrx_word' id='word_1_661' title='bbox 311 5091 463 5128; x_wconf 82' lang='lat' dir='ltr'><strong>causa</strong></span> <span class='ocrx_word' id='word_1_662' title='bbox 495 5077 728 5144; x_wconf 83' lang='lat' dir='ltr'><strong>irregata</strong></span> <span class='ocrx_word' id='word_1_663' title='bbox 767 5088 876 5139; x_wconf 84' lang='lat' dir='ltr'><strong>est,</strong></span> <span class='ocrx_word' id='word_1_664' title='bbox 923 5087 981 5132; x_wconf 90' lang='lat' dir='ltr'><strong>ut</strong></span> <span class='ocrx_word' id='word_1_665' title='bbox 1007 5094 1129 5148; x_wconf 73' lang='lat' dir='ltr'><strong>qua:</strong></span> <span class='ocrx_word' id='word_1_666' title='bbox 1161 5090 1446 5148; x_wconf 88' lang='lat' dir='ltr'><strong>peccatum</strong></span> <span class='ocrx_word' id='word_1_667' title='bbox 1485 5081 1822 5138; x_wconf 89' lang='lat' dir='ltr'><strong>interciderit</strong></span> <span class='ocrx_word' id='word_1_668' title='bbox 1853 5101 1866 5138; x_wconf 91' lang='lat'><strong>:</strong></span> 
     </span>
    </p>
   </div>
   <div class='ocr_carea' id='block_1_97' title="bbox 309 5171 1868 5240">
    <p class='ocr_par' dir='ltr' id='par_1_97' title="bbox 309 5171 1868 5240">
     <span class='ocr_line' id='line_1_97' title="bbox 309 5171 1868 5240; baseline 0.006 -18"><span class='ocrx_word' id='word_1_669' title='bbox 309 5183 476 5240; x_wconf 83' lang='lat' dir='ltr'><strong>neque</strong></span> <span class='ocrx_word' id='word_1_670' title='bbox 545 5171 687 5224; x_wconf 90' lang='lat' dir='ltr'><strong>enim</strong></span> <span class='ocrx_word' id='word_1_671' title='bbox 752 5171 1065 5240; x_wconf 87' lang='lat' dir='ltr'><strong>expediebat</strong></span> <span class='ocrx_word' id='word_1_672' title='bbox 1129 5173 1406 5229; x_wconf 86' lang='lat' dir='ltr'><strong>hominem</strong></span> <span class='ocrx_word' id='word_1_673' title='bbox 1464 5176 1706 5232; x_wconf 90' lang='lat' dir='ltr'><strong>nondum</strong></span> <span class='ocrx_word' id='word_1_674' title='bbox 1761 5180 1868 5232; x_wconf 89' lang='lat' dir='ltr'><strong>ulla</strong></span> 
     </span>
    </p>
   </div>
   <div class='ocr_carea' id='block_1_98' title="bbox 373 5322 852 5389">
    <p class='ocr_par' dir='ltr' id='par_1_98' title="bbox 373 5322 852 5389">
     <span class='ocr_line' id='line_1_98' title="bbox 373 5322 852 5389; baseline 0.006 -12"><span class='ocrx_word' id='word_1_675' title='bbox 373 5322 418 5354; x_wconf 79' lang='lat'>“</span> <span class='ocrx_word' id='word_1_676' title='bbox 453 5323 614 5377; x_wconf 74' lang='lat' dir='ltr'><strong>Rom.</strong></span> <span class='ocrx_word' id='word_1_677' title='bbox 643 5337 733 5389; x_wconf 87' lang='lat' dir='ltr'><strong>vt,</strong></span> <span class='ocrx_word' id='word_1_678' title='bbox 761 5323 852 5380; x_wconf 74' lang='grc'><strong>25.</strong></span> 
     </span>
    </p>
   </div>
   <div class='ocr_carea' id='block_1_99' title="bbox 375 5497 1877 5580">
    <p class='ocr_par' dir='ltr' id='par_1_99' title="bbox 375 5497 1877 5580">
     <span class='ocr_line' id='line_1_99' title="bbox 375 5497 1877 5580; baseline 0.009 -27"><span class='ocrx_word' id='word_1_679' title='bbox 375 5499 449 5578; x_wconf 80' lang='grc'><strong>(5)</strong></span> <span class='ocrx_word' id='word_1_680' title='bbox 475 5497 850 5580; x_wconf 56' lang='lat' dir='ltr'><strong>genitamque.</strong></span> <span class='ocrx_word' id='word_1_681' title='bbox 876 5503 1164 5580; x_wconf 64' lang='grc' dir='ltr'><strong>Ὕττςκιλος⁸</strong></span> <span class='ocrx_word' id='word_1_682' title='bbox 1173 5506 1340 5580; x_wconf 76' lang='lat' dir='ltr'><strong>locus</strong></span> <span class='ocrx_word' id='word_1_683' title='bbox 1357 5509 1409 5562; x_wconf 90' lang='lat' dir='ltr'><strong>in</strong></span> <span class='ocrx_word' id='word_1_684' title='bbox 1440 5521 1671 5580; x_wconf 87' lang='lat' dir='ltr'><strong>utroque</strong></span> <span class='ocrx_word' id='word_1_685' title='bbox 1694 5527 1877 5567; x_wconf 83' lang='lat' dir='ltr'><strong>exent-</strong></span> 
     </span>
    </p>
   </div>
   <div class='ocr_carea' id='block_1_100' title="bbox 316 5568 1874 5652">
    <p class='ocr_par' dir='ltr' id='par_1_100' title="bbox 316 5568 1874 5652">
     <span class='ocr_line' id='line_1_100' title="bbox 316 5568 1874 5652; baseline 0.012 -35"><span class='ocrx_word' id='word_1_686' title='bbox 316 5569 462 5652; x_wconf 55' lang='lat' dir='ltr'><strong>plari:</strong></span> <span class='ocrx_word' id='word_1_687' title='bbox 489 5568 896 5652; x_wconf 39' lang='lat' dir='ltr'><strong>Reginae&#39;codex</strong></span> <span class='ocrx_word' id='word_1_688' title='bbox 924 5575 1121 5652; x_wconf 65' lang='lat' dir='ltr'><strong>habet:</strong></span> <span class='ocrx_word' id='word_1_689' title='bbox 1147 5577 1256 5630; x_wconf 76' lang='grc' dir='ltr'><strong>Καὶ</strong></span> <span class='ocrx_word' id='word_1_690' title='bbox 1277 5578 1352 5652; x_wconf 58' lang='grc' dir='ltr'><strong>τῷ</strong></span> <span class='ocrx_word' id='word_1_691' title='bbox 1374 5568 1598 5652; x_wconf 57' lang='lat' dir='ltr'><strong>elaeatae};</strong></span> <span class='ocrx_word' id='word_1_692' title='bbox 1618 5585 1715 5652; x_wconf 81' lang='grc' dir='ltr'><strong>τῆς</strong></span> <span class='ocrx_word' id='word_1_693' title='bbox 1741 5583 1874 5652; x_wconf 81' lang='grc' dir='ltr'><strong>πρὸς</strong></span> 
     </span>
    </p>
   </div>
   <div class='ocr_carea' id='block_1_101' title="bbox 316 5640 1873 5722">
    <p class='ocr_par' dir='ltr' id='par_1_101' title="bbox 316 5640 1873 5722">
     <span class='ocr_line' id='line_1_101' title="bbox 316 5640 1873 5722; baseline 0.01 -30"><span class='ocrx_word' id='word_1_694' title='bbox 316 5640 504 5709; x_wconf 76' lang='grc' dir='ltr'><strong>ἀρετὴν</strong></span> <span class='ocrx_word' id='word_1_695' title='bbox 545 5642 790 5722; x_wconf 56' lang='lat' dir='ltr'><strong>abitalia;</strong></span> <span class='ocrx_word' id='word_1_696' title='bbox 839 5643 937 5722; x_wconf 49' lang='grc' dir='ltr'><strong>τῂρθ</strong></span> <span class='ocrx_word' id='word_1_697' title='bbox 993 5646 1204 5716; x_wconf 80' lang='grc' dir='ltr'><strong>ἀπάτην</strong></span> <span class='ocrx_word' id='word_1_698' title='bbox 1255 5640 1873 5722; x_wconf 62' lang='grc' dir='ltr'><strong>ειὰεῖτοιήσᾰτο;”(ιιιέυἶ</strong></span> 
     </span>
    </p>
   </div>
   <div class='ocr_carea' id='block_1_102' title="bbox 318 5710 1868 5790">
    <p class='ocr_par' dir='ltr' id='par_1_102' title="bbox 318 5710 1868 5790">
     <span class='ocr_line' id='line_1_102' title="bbox 318 5710 1868 5790; baseline 0.01 -30"><span class='ocrx_word' id='word_1_699' title='bbox 318 5724 404 5763; x_wconf 83' lang='lat' dir='ltr'><strong>nos</strong></span> <span class='ocrx_word' id='word_1_700' title='bbox 433 5710 600 5764; x_wconf 78' lang='lat' dir='ltr'><strong>secuti</strong></span> <span class='ocrx_word' id='word_1_701' title='bbox 635 5725 846 5769; x_wconf 81' lang='lat' dir='ltr'><strong>sumus.</strong></span> <span class='ocrx_word' id='word_1_702' title='bbox 875 5710 1198 5786; x_wconf 82' lang='lat' dir='ltr'><strong>Quanquam</strong></span> <span class='ocrx_word' id='word_1_703' title='bbox 1237 5733 1344 5772; x_wconf 88' lang='lat' dir='ltr'><strong>non</strong></span> <span class='ocrx_word' id='word_1_704' title='bbox 1371 5710 1585 5790; x_wconf 63' lang='grc' dir='ltr'>ἁπάὶην</span> <span class='ocrx_word' id='word_1_705' title='bbox 1611 5710 1702 5776; x_wconf 79' lang='lat' dir='ltr'><strong>sed</strong></span> <span class='ocrx_word' id='word_1_706' title='bbox 1728 5710 1868 5775; x_wconf 59' lang='grc' dir='ltr'><strong>ἆπας</strong></span> 
     </span>
    </p>
   </div>
   <div class='ocr_carea' id='block_1_103' title="bbox 2048 4546 3555 4620">
    <p class='ocr_par' dir='ltr' id='par_1_103' title="bbox 2048 4546 3555 4620">
     <span class='ocr_line' id='line_1_103' title="bbox 2048 4546 3555 4620; baseline 0.005 -19"><span class='ocrx_word' id='word_1_707' title='bbox 2048 4546 2167 4601; x_wconf 90' lang='lat' dir='ltr'><strong>Col.</strong></span> <span class='ocrx_word' id='word_1_708' title='bbox 2196 4546 2299 4601; x_wconf 71' lang='lat'><strong>320</strong></span> <span class='ocrx_word' id='word_1_709' title='bbox 2330 4547 2396 4602; x_wconf 79' lang='grc' dir='ltr'><strong>Δ.</strong></span> <span class='ocrx_word' id='word_1_710' title='bbox 2426 4547 2614 4602; x_wconf 78' lang='lat' dir='ltr'><strong>Multis</strong></span> <span class='ocrx_word' id='word_1_711' title='bbox 2648 4559 2820 4603; x_wconf 81' lang='lat' dir='ltr'><strong>autem</strong></span> <span class='ocrx_word' id='word_1_712' title='bbox 2869 4551 3020 4620; x_wconf 74' lang='lat' dir='ltr'><strong>prius</strong></span> <span class='ocrx_word' id='word_1_713' title='bbox 3051 4554 3244 4618; x_wconf 70' lang='lat' dir='ltr'><strong>ntodis,</strong></span> <span class='ocrx_word' id='word_1_714' title='bbox 3279 4564 3386 4610; x_wconf 87' lang='lat' dir='ltr'><strong>etc.</strong></span> <span class='ocrx_word' id='word_1_715' title='bbox 3420 4555 3555 4611; x_wconf 87' lang='lat' dir='ltr'><strong>Cor-</strong></span> 
     </span>
    </p>
   </div>
   <div class='ocr_carea' id='block_1_104' title="bbox 1979 4639 3550 4714">
    <p class='ocr_par' dir='ltr' id='par_1_104' title="bbox 1979 4639 3550 4714">
     <span class='ocr_line' id='line_1_104' title="bbox 1979 4639 3550 4714; baseline 0.007 -22"><span class='ocrx_word' id='word_1_716' title='bbox 1979 4645 2186 4707; x_wconf 85' lang='lat' dir='ltr'><strong>reptus,</strong></span> <span class='ocrx_word' id='word_1_717' title='bbox 2219 4639 2416 4706; x_wconf 88' lang='lat' dir='ltr'><strong>inquit,</strong></span> <span class='ocrx_word' id='word_1_718' title='bbox 2473 4649 2558 4694; x_wconf 91' lang='lat' dir='ltr'><strong>est</strong></span> <span class='ocrx_word' id='word_1_719' title='bbox 2617 4640 2814 4705; x_wconf 80' lang='lat' dir='ltr'><strong>Adam,</strong></span> <span class='ocrx_word' id='word_1_720' title='bbox 2873 4644 2979 4698; x_wconf 89' lang='lat' dir='ltr'><strong>hoc</strong></span> <span class='ocrx_word' id='word_1_721' title='bbox 3035 4653 3140 4708; x_wconf 90' lang='lat' dir='ltr'><strong>est,</strong></span> <span class='ocrx_word' id='word_1_722' title='bbox 3198 4647 3432 4714; x_wconf 88' lang='lat' dir='ltr'><strong>populus</strong></span> <span class='ocrx_word' id='word_1_723' title='bbox 3480 4664 3550 4702; x_wconf 88' lang='lat' dir='ltr'><strong>ex</strong></span> 
     </span>
    </p>
   </div>
   <div class='ocr_carea' id='block_1_105' title="bbox 1977 4730 3549 4806">
    <p class='ocr_par' dir='ltr' id='par_1_105' title="bbox 1977 4730 3549 4806">
     <span class='ocr_line' id='line_1_105' title="bbox 1977 4730 3549 4806; baseline 0.007 -23"><span class='ocrx_word' id='word_1_724' title='bbox 1977 4730 2172 4784; x_wconf 81' lang='lat' dir='ltr'><strong>Adami</strong></span> <span class='ocrx_word' id='word_1_725' title='bbox 2227 4731 2395 4800; x_wconf 90' lang='lat' dir='ltr'><strong>stirpe</strong></span> <span class='ocrx_word' id='word_1_726' title='bbox 2451 4742 2626 4798; x_wconf 88' lang='lat' dir='ltr'><strong>ortus,</strong></span> <span class='ocrx_word' id='word_1_727' title='bbox 2679 4733 2868 4790; x_wconf 91' lang='lat' dir='ltr'><strong>multis</strong></span> <span class='ocrx_word' id='word_1_728' title='bbox 2918 4737 3280 4806; x_wconf 89' lang='lat' dir='ltr'><strong>correptionis</strong></span> <span class='ocrx_word' id='word_1_729' title='bbox 3349 4740 3549 4805; x_wconf 90' lang='lat' dir='ltr'><strong>modis,</strong></span> 
     </span>
    </p>
   </div>
   <div class='ocr_carea' id='block_1_106' title="bbox 1981 4823 3553 4902">
    <p class='ocr_par' dir='ltr' id='par_1_106' title="bbox 1981 4823 3553 4902">
     <span class='ocr_line' id='line_1_106' title="bbox 1981 4823 3553 4902; baseline 0.008 -28"><span class='ocrx_word' id='word_1_730' title='bbox 1981 4823 2360 4893; x_wconf 90' lang='lat' dir='ltr'><strong>unusquisque</strong></span> <span class='ocrx_word' id='word_1_731' title='bbox 2428 4840 2527 4894; x_wconf 90' lang='lat' dir='ltr'><strong>pro</strong></span> <span class='ocrx_word' id='word_1_732' title='bbox 2595 4827 2864 4880; x_wconf 89' lang='lat' dir='ltr'><strong>scelerum</strong></span> <span class='ocrx_word' id='word_1_733' title='bbox 2896 4843 3122 4884; x_wconf 89' lang='lat' dir='ltr'><strong>suorum</strong></span> <span class='ocrx_word' id='word_1_734' title='bbox 3167 4831 3382 4898; x_wconf 90' lang='lat' dir='ltr'><strong>merito,</strong></span> <span class='ocrx_word' id='word_1_735' title='bbox 3415 4847 3553 4902; x_wconf 92' lang='lat' dir='ltr'><strong>quo-</strong></span> 
     </span>
    </p>
   </div>
   <div class='ocr_carea' id='block_1_107' title="bbox 1981 4911 3552 4992">
    <p class='ocr_par' dir='ltr' id='par_1_107' title="bbox 1981 4911 3552 4992">
     <span class='ocr_line' id='line_1_107' title="bbox 1981 4911 3552 4992; baseline 0.006 -29"><span class='ocrx_word' id='word_1_736' title='bbox 1981 4925 2099 4963; x_wconf 91' lang='lat' dir='ltr'><strong>rum</strong></span> <span class='ocrx_word' id='word_1_737' title='bbox 2136 4911 2460 4980; x_wconf 91' lang='lat' dir='ltr'><strong>principium</strong></span> <span class='ocrx_word' id='word_1_738' title='bbox 2505 4926 2570 4966; x_wconf 87' lang='lat' dir='ltr'><strong>ac</strong></span> <span class='ocrx_word' id='word_1_739' title='bbox 2603 4913 2747 4967; x_wconf 87' lang='lat' dir='ltr'><strong>velut</strong></span> <span class='ocrx_word' id='word_1_740' title='bbox 2779 4915 2933 4969; x_wconf 89' lang='lat' dir='ltr'><strong>radix</strong></span> <span class='ocrx_word' id='word_1_741' title='bbox 2965 4918 3140 4986; x_wconf 87' lang='lat' dir='ltr'><strong>prima</strong></span> <span class='ocrx_word' id='word_1_742' title='bbox 3187 4921 3552 4992; x_wconf 86' lang='lat' dir='ltr'><strong>transgressio</strong></span> 
     </span>
    </p>
   </div>
   <div class='ocr_carea' id='block_1_108' title="bbox 1982 4999 3549 5075">
    <p class='ocr_par' dir='ltr' id='par_1_108' title="bbox 1982 4999 3549 5075">
     <span class='ocr_line' id='line_1_108' title="bbox 1982 4999 3549 5075; baseline 0.01 -23"><span class='ocrx_word' id='word_1_743' title='bbox 1982 4999 2274 5061; x_wconf 81' lang='lat' dir='ltr'><strong>fuit,lrane</strong></span> <span class='ocrx_word' id='word_1_744' title='bbox 2333 5002 2476 5055; x_wconf 90' lang='lat' dir='ltr'><strong>enim</strong></span> <span class='ocrx_word' id='word_1_745' title='bbox 2519 5002 2632 5058; x_wconf 91' lang='lat' dir='ltr'><strong>vitii</strong></span> <span class='ocrx_word' id='word_1_746' title='bbox 2700 5005 2938 5061; x_wconf 87' lang='lat' dir='ltr'><strong>radicem</strong></span> <span class='ocrx_word' id='word_1_747' title='bbox 3001 5018 3188 5075; x_wconf 90' lang='lat' dir='ltr'><strong>vocat,</strong></span> <span class='ocrx_word' id='word_1_748' title='bbox 3248 5013 3549 5067; x_wconf 89' lang='lat' dir='ltr'><strong>secundum</strong></span> 
     </span>
    </p>
   </div>
   <div class='ocr_carea' id='block_1_109' title="bbox 1980 5092 3548 5169">
    <p class='ocr_par' dir='ltr' id='par_1_109' title="bbox 1980 5092 3548 5169">
     <span class='ocr_line' id='line_1_109' title="bbox 1980 5092 3548 5169; baseline 0.008 -24"><span class='ocrx_word' id='word_1_749' title='bbox 1980 5092 2228 5146; x_wconf 81' lang='lat' dir='ltr'><strong>diversas</strong></span> <span class='ocrx_word' id='word_1_750' title='bbox 2249 5107 2447 5149; x_wconf 91' lang='lat' dir='ltr'><strong>causas</strong></span> <span class='ocrx_word' id='word_1_751' title='bbox 2481 5102 2536 5150; x_wconf 90' lang='lat' dir='ltr'><strong>et</strong></span> <span class='ocrx_word' id='word_1_752' title='bbox 2567 5104 2832 5166; x_wconf 89' lang='lat' dir='ltr'><strong>tempora.</strong></span> <span class='ocrx_word' id='word_1_753' title='bbox 2859 5095 3048 5169; x_wconf 84' lang='lat' dir='ltr'><strong>Neque</strong></span> <span class='ocrx_word' id='word_1_754' title='bbox 3072 5101 3218 5156; x_wconf 90' lang='lat' dir='ltr'><strong>enim</strong></span> <span class='ocrx_word' id='word_1_755' title='bbox 3249 5103 3318 5158; x_wconf 90' lang='lat' dir='ltr'><strong>ob</strong></span> <span class='ocrx_word' id='word_1_756' title='bbox 3357 5104 3548 5166; x_wconf 85' lang='lat' dir='ltr'><strong>eadem</strong></span> 
     </span>
    </p>
   </div>
   <div class='ocr_carea' id='block_1_110' title="bbox 1982 5187 3550 5268">
    <p class='ocr_par' dir='ltr' id='par_1_110' title="bbox 1982 5187 3550 5268">
     <span class='ocr_line' id='line_1_110' title="bbox 1982 5187 3550 5268; baseline 0.01 -31"><span class='ocrx_word' id='word_1_757' title='bbox 1982 5194 2224 5251; x_wconf 88' lang='lat' dir='ltr'><strong>peccata,</strong></span> <span class='ocrx_word' id='word_1_758' title='bbox 2245 5202 2354 5241; x_wconf 92' lang='lat' dir='ltr'><strong>uno</strong></span> <span class='ocrx_word' id='word_1_759' title='bbox 2386 5195 2550 5258; x_wconf 89' lang='lat' dir='ltr'><strong>atque</strong></span> <span class='ocrx_word' id='word_1_760' title='bbox 2577 5187 2768 5245; x_wconf 88' lang='lat' dir='ltr'><strong>eodem</strong></span> <span class='ocrx_word' id='word_1_761' title='bbox 2801 5199 3065 5263; x_wconf 88' lang='lat' dir='ltr'><strong>tempore,</strong></span> <span class='ocrx_word' id='word_1_762' title='bbox 3095 5208 3286 5252; x_wconf 81' lang='lat' dir='ltr'><strong>omnes</strong></span> <span class='ocrx_word' id='word_1_763' title='bbox 3314 5197 3550 5268; x_wconf 89' lang='lat' dir='ltr'><strong>correpti</strong></span> 
     </span>
    </p>
   </div>
   <div class='ocr_carea' id='block_1_111' title="bbox 1975 5515 3549 5598">
    <p class='ocr_par' dir='ltr' id='par_1_111' title="bbox 1975 5515 3549 5598">
     <span class='ocr_line' id='line_1_111' title="bbox 1975 5515 3549 5598; baseline 0.013 -31"><span class='ocrx_word' id='word_1_764' title='bbox 1975 5515 2071 5598; x_wconf 73' lang='grc' dir='ltr'><strong>λῂν</strong></span> <span class='ocrx_word' id='word_1_765' title='bbox 2103 5518 2384 5598; x_wconf 76' lang='lat' dir='ltr'><strong>legendum</strong></span> <span class='ocrx_word' id='word_1_766' title='bbox 2415 5531 2552 5598; x_wconf 9' lang='lat' dir='ltr'><strong>puto,</strong></span> <span class='ocrx_word' id='word_1_767' title='bbox 2572 5532 2792 5598; x_wconf 82' lang='lat' dir='ltr'><strong>propter</strong></span> <span class='ocrx_word' id='word_1_768' title='bbox 2821 5541 3054 5598; x_wconf 88' lang='lat' dir='ltr'><strong>sequens</strong></span> <span class='ocrx_word' id='word_1_769' title='bbox 3079 5532 3304 5588; x_wconf 87' lang='lat' dir='ltr'><strong>verbum</strong></span> <span class='ocrx_word' id='word_1_770' title='bbox 3335 5545 3549 5587; x_wconf 76' lang='grc' dir='ltr'><strong>εισεποο</strong></span> 
     </span>
    </p>
   </div>
   <div class='ocr_carea' id='block_1_112' title="bbox 1979 5588 3548 5672">
    <p class='ocr_par' dir='ltr' id='par_1_112' title="bbox 1979 5588 3548 5672">
     <span class='ocr_line' id='line_1_112' title="bbox 1979 5588 3548 5672; baseline 0.013 -36"><span class='ocrx_word' id='word_1_771' title='bbox 1979 5588 2188 5669; x_wconf 62' lang='grc' dir='ltr'><strong>ιήσαξο.</strong></span> <span class='ocrx_word' id='word_1_772' title='bbox 2217 5591 2298 5672; x_wconf 43' lang='lat' dir='ltr'><strong>‘ln</strong></span> <span class='ocrx_word' id='word_1_773' title='bbox 2337 5588 2458 5672; x_wconf 68' lang='lat' dir='ltr'><strong>meo</strong></span> <span class='ocrx_word' id='word_1_774' title='bbox 2493 5588 2689 5672; x_wconf 38' lang='grc' dir='ltr'><strong>μίξει-ιε’</strong></span> <span class='ocrx_word' id='word_1_775' title='bbox 2725 5588 2911 5672; x_wconf 42' lang='lat' dir='ltr'><strong>aliter:</strong></span> <span class='ocrx_word' id='word_1_776' title='bbox 2929 5599 3126 5669; x_wconf 89' lang='lat' dir='ltr'><strong>legitur</strong></span> <span class='ocrx_word' id='word_1_777' title='bbox 3160 5620 3174 5660; x_wconf 88' lang='lat'><strong>:</strong></span> <span class='ocrx_word' id='word_1_778' title='bbox 3209 5605 3318 5659; x_wconf 76' lang='grc' dir='ltr'><strong>Καὶ</strong></span> <span class='ocrx_word' id='word_1_779' title='bbox 3363 5604 3439 5672; x_wconf 80' lang='grc' dir='ltr'><strong>τῷ</strong></span> <span class='ocrx_word' id='word_1_780' title='bbox 3471 5606 3548 5657; x_wconf 76' lang='grc' dir='ltr'><strong>ει-</strong></span> 
     </span>
    </p>
   </div>
   <div class='ocr_carea' id='block_1_113' title="bbox 1976 5659 3548 5742">
    <p class='ocr_par' dir='ltr' id='par_1_113' title="bbox 1976 5659 3548 5742">
     <span class='ocr_line' id='line_1_113' title="bbox 1976 5659 3548 5742; baseline 0.013 -36"><span class='ocrx_word' id='word_1_781' title='bbox 1976 5659 2148 5740; x_wconf 62' lang='grc' dir='ltr'><strong>δξτικῷ</strong></span> <span class='ocrx_word' id='word_1_782' title='bbox 2177 5659 2275 5732; x_wconf 74' lang='grc' dir='ltr'><strong>τὴν</strong></span> <span class='ocrx_word' id='word_1_783' title='bbox 2311 5663 2445 5733; x_wconf 79' lang='grc' dir='ltr'><strong>πρὸς</strong></span> <span class='ocrx_word' id='word_1_784' title='bbox 2480 5665 2681 5736; x_wconf 81' lang='grc' dir='ltr'><strong>ἀρετὴν</strong></span> <span class='ocrx_word' id='word_1_785' title='bbox 2719 5667 2967 5723; x_wconf 72' lang='grc' dir='ltr'><strong>εὐκολίαν</strong></span> <span class='ocrx_word' id='word_1_786' title='bbox 2981 5659 3133 5742; x_wconf 73' lang='grc' dir='ltr'>’πρὸς</span> <span class='ocrx_word' id='word_1_787' title='bbox 3168 5659 3366 5728; x_wconf 68' lang='grc' dir='ltr'><strong>κακίαν</strong></span> <span class='ocrx_word' id='word_1_788' title='bbox 3398 5659 3548 5727; x_wconf 81' lang='grc' dir='ltr'><strong>ἐποι-</strong></span> 
     </span>
    </p>
   </div>
   <div class='ocr_carea' id='block_1_114' title="bbox 1976 5742 2164 5795">
    <p class='ocr_par' dir='ltr' id='par_1_114' title="bbox 1976 5742 2164 5795">
     <span class='ocr_line' id='line_1_114' title="bbox 1976 5742 2164 5795; baseline 0.011 -17"><span class='ocrx_word' id='word_1_789' title='bbox 1976 5742 2164 5795; x_wconf 66' lang='lat' dir='ltr'><strong>nemo.</strong></span> 
     </span>
    </p>
   </div>
  </div>
