  <div class='ocr_page' id='page_1' title='image "/cluster/home/n/w/nwhite01/storage/ocr_20150623/127/hvd.32044073502411/605.png"; bbox 0 0 3958 6204; ppageno 0'>
   <div class='ocr_carea' id='block_1_1' title="bbox 375 140 515 206">
    <p class='ocr_par' dir='ltr' id='par_1_1' title="bbox 375 140 515 206">
     <span class='ocr_line' id='line_1_1' title="bbox 375 140 515 206; baseline -0.007 0"><span class='ocrx_word' id='word_1_1' title='bbox 375 140 515 206; x_wconf 76' lang='lat'><strong>1190</strong></span> 
     </span>
    </p>
   </div>
   <div class='ocr_carea' id='block_1_2' title="bbox 1786 132 2166 197">
    <p class='ocr_par' dir='ltr' id='par_1_2' title="bbox 1786 132 2166 197">
     <span class='ocr_line' id='line_1_2' title="bbox 1786 132 2166 197; baseline 0 -1"><span class='ocrx_word' id='word_1_2' title='bbox 1786 132 2166 197; x_wconf 60' lang='lat' dir='ltr'><strong>ADDEN’DA.</strong></span> 
     </span>
    </p>
   </div>
   <div class='ocr_carea' id='block_1_3' title="bbox 3495 132 3661 197">
    <p class='ocr_par' dir='ltr' id='par_1_3' title="bbox 3495 132 3661 197">
     <span class='ocr_line' id='line_1_3' title="bbox 3495 132 3661 197; baseline 0.012 -2"><span class='ocrx_word' id='word_1_3' title='bbox 3495 132 3661 197; x_wconf 70' lang='lat'><strong>1290</strong></span> 
     </span>
    </p>
   </div>
   <div class='ocr_carea' id='block_1_4' title="bbox 369 242 3665 321">
    <p class='ocr_par' dir='ltr' id='par_1_4' title="bbox 369 242 3665 321">
     <span class='ocr_line' id='line_1_4' title="bbox 369 242 3665 321; baseline -0.004 -9"><span class='ocrx_word' id='word_1_4' title='bbox 369 263 518 312; x_wconf 87' lang='lat' dir='ltr'><strong>sunt.</strong></span> <span class='ocrx_word' id='word_1_5' title='bbox 563 251 832 308; x_wconf 83' lang='lat' dir='ltr'><strong>Caeterum</strong></span> <span class='ocrx_word' id='word_1_6' title='bbox 878 252 1078 321; x_wconf 82' lang='lat' dir='ltr'><strong>quibus</strong></span> <span class='ocrx_word' id='word_1_7' title='bbox 1129 249 1305 304; x_wconf 83' lang='lat' dir='ltr'><strong>modis</strong></span> <span class='ocrx_word' id='word_1_8' title='bbox 1347 247 1580 320; x_wconf 87' lang='lat' dir='ltr'><strong>correpti</strong></span> <span class='ocrx_word' id='word_1_9' title='bbox 1617 247 1788 305; x_wconf 88' lang='lat' dir='ltr'><strong>sunt?</strong></span> <span class='ocrx_word' id='word_1_10' title='bbox 1820 252 1946 306; x_wconf 68' lang='grc' dir='ltr'><strong>δεῖ·</strong></span> <span class='ocrx_word' id='word_1_11' title='bbox 1974 256 2019 311; x_wconf 79' lang='grc' dir='ltr'>Α</span> <span class='ocrx_word' id='word_1_12' title='bbox 2047 248 2380 302; x_wconf 79' lang='lat' dir='ltr'><strong>Alioautem</strong></span> <span class='ocrx_word' id='word_1_13' title='bbox 2421 246 2540 301; x_wconf 90' lang='lat' dir='ltr'><strong>loco</strong></span> <span class='ocrx_word' id='word_1_14' title='bbox 2567 245 2636 300; x_wconf 86' lang='lat' dir='ltr'><strong>ait</strong></span> <span class='ocrx_word' id='word_1_15' title='bbox 2666 243 2901 317; x_wconf 77' lang='lat' dir='ltr'><strong>sigillum</strong></span> <span class='ocrx_word' id='word_1_16' title='bbox 2937 242 3160 308; x_wconf 91' lang='lat' dir='ltr'><strong>mobile,</strong></span> <span class='ocrx_word' id='word_1_17' title='bbox 3194 242 3248 298; x_wconf 94' lang='lat' dir='ltr'><strong>id</strong></span> <span class='ocrx_word' id='word_1_18' title='bbox 3281 253 3390 310; x_wconf 87' lang='lat' dir='ltr'><strong>est,</strong></span> <span class='ocrx_word' id='word_1_19' title='bbox 3417 247 3665 300; x_wconf 76' lang='lat' dir='ltr'><strong>vivens.</strong></span> 
     </span>
    </p>
   </div>
   <div class='ocr_carea' id='block_1_5' title="bbox 370 339 1945 414">
    <p class='ocr_par' dir='ltr' id='par_1_5' title="bbox 370 339 1945 414">
     <span class='ocr_line' id='line_1_5' title="bbox 370 339 1945 414; baseline -0.002 -15"><span class='ocrx_word' id='word_1_20' title='bbox 370 361 537 400; x_wconf 82' lang='lat' dir='ltr'><strong>mone</strong></span> <span class='ocrx_word' id='word_1_21' title='bbox 591 354 756 414; x_wconf 89' lang='lat' dir='ltr'><strong>atque</strong></span> <span class='ocrx_word' id='word_1_22' title='bbox 815 342 1053 412; x_wconf 80' lang='lat' dir='ltr'><strong>alloquio</strong></span> <span class='ocrx_word' id='word_1_23' title='bbox 1089 381 1104 394; x_wconf 93' lang='lat'><strong>.</strong></span> <span class='ocrx_word' id='word_1_24' title='bbox 1156 341 1480 410; x_wconf 86' lang='lat' dir='ltr'><strong>Complures</strong></span> <span class='ocrx_word' id='word_1_25' title='bbox 1510 340 1652 394; x_wconf 90' lang='lat' dir='ltr'><strong>enim</strong></span> <span class='ocrx_word' id='word_1_26' title='bbox 1683 339 1826 394; x_wconf 83' lang='lat' dir='ltr'><strong>Deus</strong></span> <span class='ocrx_word' id='word_1_27' title='bbox 1861 350 1945 396; x_wconf 82' lang='lat' dir='ltr'><strong>est</strong></span> 
     </span>
    </p>
   </div>
   <div class='ocr_carea' id='block_1_6' title="bbox 371 433 1947 505">
    <p class='ocr_par' dir='ltr' id='par_1_6' title="bbox 371 433 1947 505">
     <span class='ocr_line' id='line_1_6' title="bbox 371 433 1947 505; baseline -0.004 -11"><span class='ocrx_word' id='word_1_28' title='bbox 371 440 676 504; x_wconf 80' lang='lat' dir='ltr'><strong>allocutus;</strong></span> <span class='ocrx_word' id='word_1_29' title='bbox 713 438 795 493; x_wconf 81' lang='lat' dir='ltr'><strong>vel</strong></span> <span class='ocrx_word' id='word_1_30' title='bbox 849 438 1010 492; x_wconf 84' lang='lat' dir='ltr'><strong>etiam</strong></span> <span class='ocrx_word' id='word_1_31' title='bbox 1052 435 1218 505; x_wconf 72' lang='grc' dir='ltr'>λόγῳ,</span> <span class='ocrx_word' id='word_1_32' title='bbox 1266 434 1321 488; x_wconf 91' lang='lat' dir='ltr'><strong>id</strong></span> <span class='ocrx_word' id='word_1_33' title='bbox 1371 443 1473 499; x_wconf 84' lang='lat' dir='ltr'><strong>est,</strong></span> <span class='ocrx_word' id='word_1_34' title='bbox 1508 435 1670 488; x_wconf 89' lang='lat' dir='ltr'><strong>insita</strong></span> <span class='ocrx_word' id='word_1_35' title='bbox 1711 433 1866 487; x_wconf 91' lang='lat' dir='ltr'><strong>nobis</strong></span> <span class='ocrx_word' id='word_1_36' title='bbox 1892 444 1947 488; x_wconf 88' lang='lat' dir='ltr'><strong>et</strong></span> 
     </span>
    </p>
   </div>
   <div class='ocr_carea' id='block_1_7' title="bbox 375 524 1948 596">
    <p class='ocr_par' dir='ltr' id='par_1_7' title="bbox 375 524 1948 596">
     <span class='ocr_line' id='line_1_7' title="bbox 375 524 1948 596; baseline -0.006 -10"><span class='ocrx_word' id='word_1_37' title='bbox 375 531 608 586; x_wconf 72' lang='lat' dir='ltr'><strong>naturali</strong></span> <span class='ocrx_word' id='word_1_38' title='bbox 642 530 883 592; x_wconf 80' lang='lat' dir='ltr'><strong>ratione;</strong></span> <span class='ocrx_word' id='word_1_39' title='bbox 915 528 1030 595; x_wconf 79' lang='lat' dir='ltr'><strong>lege</strong></span> <span class='ocrx_word' id='word_1_40' title='bbox 1061 541 1156 595; x_wconf 89' lang='lat' dir='ltr'><strong>per</strong></span> <span class='ocrx_word' id='word_1_41' title='bbox 1185 524 1388 579; x_wconf 80' lang='lat' dir='ltr'><strong>Mosem</strong></span> <span class='ocrx_word' id='word_1_42' title='bbox 1420 525 1794 596; x_wconf 72' lang='lat' dir='ltr'><strong>promulgata;</strong></span> <span class='ocrx_word' id='word_1_43' title='bbox 1825 541 1948 593; x_wconf 88' lang='lat' dir='ltr'><strong>pro-</strong></span> 
     </span>
    </p>
   </div>
   <div class='ocr_carea' id='block_1_8' title="bbox 374 616 1950 695">
    <p class='ocr_par' dir='ltr' id='par_1_8' title="bbox 374 616 1950 695">
     <span class='ocr_line' id='line_1_8' title="bbox 374 616 1950 695; baseline -0.007 -18"><span class='ocrx_word' id='word_1_44' title='bbox 374 623 576 695; x_wconf 81' lang='lat' dir='ltr'><strong>phetis,</strong></span> <span class='ocrx_word' id='word_1_45' title='bbox 607 622 707 675; x_wconf 88' lang='lat' dir='ltr'><strong>hoc</strong></span> <span class='ocrx_word' id='word_1_46' title='bbox 739 629 844 684; x_wconf 78' lang='grc' dir='ltr'>εει,</span> <span class='ocrx_word' id='word_1_47' title='bbox 879 619 1270 689; x_wconf 80' lang='lat' dir='ltr'><strong>prephetarum</strong></span> <span class='ocrx_word' id='word_1_48' title='bbox 1305 617 1590 687; x_wconf 74' lang='lat' dir='ltr'><strong>praeceptis</strong></span> <span class='ocrx_word' id='word_1_49' title='bbox 1630 625 1683 670; x_wconf 88' lang='lat' dir='ltr'><strong>et</strong></span> <span class='ocrx_word' id='word_1_50' title='bbox 1731 616 1950 669; x_wconf 60' lang='lat' dir='ltr'><strong>instituo</strong></span> 
     </span>
    </p>
   </div>
   <div class='ocr_carea' id='block_1_9' title="bbox 375 707 1949 781">
    <p class='ocr_par' dir='ltr' id='par_1_9' title="bbox 375 707 1949 781">
     <span class='ocr_line' id='line_1_9' title="bbox 375 707 1949 781; baseline -0.007 -11"><span class='ocrx_word' id='word_1_51' title='bbox 375 717 652 781; x_wconf 86' lang='lat' dir='ltr'><strong>tionibus,</strong></span> <span class='ocrx_word' id='word_1_52' title='bbox 692 712 997 776; x_wconf 76' lang='lat' dir='ltr'><strong>beneﬂciis,</strong></span> <span class='ocrx_word' id='word_1_53' title='bbox 1030 707 1574 772; x_wconf 74' lang='lat' dir='ltr'><strong>comminationibus,</strong></span> <span class='ocrx_word' id='word_1_54' title='bbox 1621 707 1814 776; x_wconf 74' lang='lat' dir='ltr'><strong>plagis.</strong></span> <span class='ocrx_word' id='word_1_55' title='bbox 1849 707 1949 760; x_wconf 85' lang='lat' dir='ltr'><strong>Per</strong></span> 
     </span>
    </p>
   </div>
   <div class='ocr_carea' id='block_1_10' title="bbox 374 798 1945 869">
    <p class='ocr_par' dir='ltr' id='par_1_10' title="bbox 374 798 1945 869">
     <span class='ocr_line' id='line_1_10' title="bbox 374 798 1945 869; baseline -0.008 -7"><span class='ocrx_word' id='word_1_56' title='bbox 374 807 649 862; x_wconf 90' lang='lat' dir='ltr'><strong>contraria</strong></span> <span class='ocrx_word' id='word_1_57' title='bbox 700 805 1120 860; x_wconf 84' lang='lat' dir='ltr'><strong>instruebantur</strong></span> <span class='ocrx_word' id='word_1_58' title='bbox 1151 811 1204 856; x_wconf 88' lang='lat' dir='ltr'><strong>et</strong></span> <span class='ocrx_word' id='word_1_59' title='bbox 1248 799 1689 869; x_wconf 78' lang='lat' dir='ltr'><strong>corripiebantur</strong></span> <span class='ocrx_word' id='word_1_60' title='bbox 1723 817 1738 851; x_wconf 89' lang='lat'><strong>:</strong></span> <span class='ocrx_word' id='word_1_61' title='bbox 1767 798 1945 867; x_wconf 86' lang='lat' dir='ltr'><strong>aquis,</strong></span> 
     </span>
    </p>
   </div>
   <div class='ocr_carea' id='block_1_11' title="bbox 378 889 1950 967">
    <p class='ocr_par' dir='ltr' id='par_1_11' title="bbox 378 889 1950 967">
     <span class='ocr_line' id='line_1_11' title="bbox 378 889 1950 967; baseline -0.007 -13"><span class='ocrx_word' id='word_1_62' title='bbox 378 912 436 956; x_wconf 91' lang='lat' dir='ltr'><strong>ut</strong></span> <span class='ocrx_word' id='word_1_63' title='bbox 470 899 656 955; x_wconf 80' lang='lat' dir='ltr'><strong>diluvii</strong></span> <span class='ocrx_word' id='word_1_64' title='bbox 707 907 986 967; x_wconf 90' lang='lat' dir='ltr'><strong>tempore;</strong></span> <span class='ocrx_word' id='word_1_65' title='bbox 1043 893 1327 956; x_wconf 89' lang='lat' dir='ltr'><strong>incendiis,</strong></span> <span class='ocrx_word' id='word_1_66' title='bbox 1375 901 1435 946; x_wconf 87' lang='lat' dir='ltr'><strong>ut</strong></span> <span class='ocrx_word' id='word_1_67' title='bbox 1480 907 1605 945; x_wconf 88' lang='lat' dir='ltr'><strong>cum</strong></span> <span class='ocrx_word' id='word_1_68' title='bbox 1650 889 1950 944; x_wconf 64' lang='lat' dir='ltr'><strong>Sodomita:</strong></span> 
     </span>
    </p>
   </div>
   <div class='ocr_carea' id='block_1_12' title="bbox 379 982 1950 1059">
    <p class='ocr_par' dir='ltr' id='par_1_12' title="bbox 379 982 1950 1059">
     <span class='ocr_line' id='line_1_12' title="bbox 379 982 1950 1059; baseline -0.008 -13"><span class='ocrx_word' id='word_1_69' title='bbox 379 991 590 1046; x_wconf 74' lang='lat' dir='ltr'><strong>emlesti</strong></span> <span class='ocrx_word' id='word_1_70' title='bbox 648 990 772 1059; x_wconf 78' lang='lat' dir='ltr'><strong>igne</strong></span> <span class='ocrx_word' id='word_1_71' title='bbox 828 986 1274 1057; x_wconf 66' lang='lat' dir='ltr'><strong>conﬂagrarunt;</strong></span> <span class='ocrx_word' id='word_1_72' title='bbox 1309 983 1482 1054; x_wconf 82' lang='lat' dir='ltr'><strong>signis</strong></span> <span class='ocrx_word' id='word_1_73' title='bbox 1521 998 1550 1036; x_wconf 91' lang='lat' dir='ltr'><strong>e</strong></span> <span class='ocrx_word' id='word_1_74' title='bbox 1581 982 1720 1036; x_wconf 76' lang='lat' dir='ltr'><strong>cmlo</strong></span> <span class='ocrx_word' id='word_1_75' title='bbox 1748 982 1950 1045; x_wconf 85' lang='lat' dir='ltr'><strong>missis,</strong></span> 
     </span>
    </p>
   </div>
   <div class='ocr_carea' id='block_1_13' title="bbox 385 1072 1954 1146">
    <p class='ocr_par' dir='ltr' id='par_1_13' title="bbox 385 1072 1954 1146">
     <span class='ocr_line' id='line_1_13' title="bbox 385 1072 1954 1146; baseline -0.006 -13"><span class='ocrx_word' id='word_1_76' title='bbox 385 1093 442 1135; x_wconf 94' lang='grc' dir='ltr'><strong>ιιι</strong></span> <span class='ocrx_word' id='word_1_77' title='bbox 478 1097 601 1135; x_wconf 91' lang='lat' dir='ltr'><strong>cum</strong></span> <span class='ocrx_word' id='word_1_78' title='bbox 657 1079 738 1134; x_wconf 89' lang='lat' dir='ltr'><strong>sol</strong></span> <span class='ocrx_word' id='word_1_79' title='bbox 788 1079 933 1133; x_wconf 79' lang='lat' dir='ltr'><strong>stetit</strong></span> <span class='ocrx_word' id='word_1_80' title='bbox 969 1085 1211 1146; x_wconf 87' lang='lat' dir='ltr'><strong>tempore</strong></span> <span class='ocrx_word' id='word_1_81' title='bbox 1265 1072 1472 1133; x_wconf 73' lang='lat' dir='ltr'><strong>Josue:</strong></span> <span class='ocrx_word' id='word_1_82' title='bbox 1504 1073 1675 1142; x_wconf 71' lang='lat' dir='ltr'><strong>signis</strong></span> <span class='ocrx_word' id='word_1_83' title='bbox 1721 1088 1784 1126; x_wconf 79' lang='lat' dir='ltr'><strong>ex</strong></span> <span class='ocrx_word' id='word_1_84' title='bbox 1830 1086 1954 1125; x_wconf 89' lang='lat' dir='ltr'><strong>aere</strong></span> 
     </span>
    </p>
   </div>
   <div class='ocr_carea' id='block_1_14' title="bbox 381 1163 1954 1244">
    <p class='ocr_par' dir='ltr' id='par_1_14' title="bbox 381 1163 1954 1244">
     <span class='ocr_line' id='line_1_14' title="bbox 381 1163 1954 1244; baseline -0.01 -16"><span class='ocrx_word' id='word_1_85' title='bbox 381 1184 440 1229; x_wconf 91' lang='lat' dir='ltr'><strong>ut</strong></span> <span class='ocrx_word' id='word_1_86' title='bbox 483 1186 760 1244; x_wconf 68' lang='lat' dir='ltr'><strong>cynomyaa</strong></span> <span class='ocrx_word' id='word_1_87' title='bbox 809 1172 916 1234; x_wconf 91' lang='lat' dir='ltr'><strong>lue,</strong></span> <span class='ocrx_word' id='word_1_88' title='bbox 959 1168 1241 1238; x_wconf 74' lang='lat' dir='ltr'><strong>grandine,</strong></span> <span class='ocrx_word' id='word_1_89' title='bbox 1280 1164 1641 1235; x_wconf 81' lang='lat' dir='ltr'><strong>palpabilibus</strong></span> <span class='ocrx_word' id='word_1_90' title='bbox 1693 1163 1954 1230; x_wconf 83' lang='lat' dir='ltr'><strong>tenebris,</strong></span> 
     </span>
    </p>
   </div>
   <div class='ocr_carea' id='block_1_15' title="bbox 385 1259 1955 1327">
    <p class='ocr_par' dir='ltr' id='par_1_15' title="bbox 385 1259 1955 1327">
     <span class='ocr_line' id='line_1_15' title="bbox 385 1259 1955 1327; baseline -0.008 -9"><span class='ocrx_word' id='word_1_91' title='bbox 385 1265 690 1325; x_wconf 87' lang='lat' dir='ltr'><strong>coturnice,</strong></span> <span class='ocrx_word' id='word_1_92' title='bbox 741 1268 874 1326; x_wconf 88' lang='lat' dir='ltr'><strong>etc.;</strong></span> <span class='ocrx_word' id='word_1_93' title='bbox 924 1259 1095 1327; x_wconf 82' lang='lat' dir='ltr'><strong>signis</strong></span> <span class='ocrx_word' id='word_1_94' title='bbox 1148 1271 1213 1310; x_wconf 81' lang='lat' dir='ltr'><strong>ex</strong></span> <span class='ocrx_word' id='word_1_95' title='bbox 1259 1266 1443 1318; x_wconf 91' lang='lat' dir='ltr'><strong>terra,</strong></span> <span class='ocrx_word' id='word_1_96' title='bbox 1483 1261 1540 1306; x_wconf 90' lang='grc' dir='ltr'><strong>ιιι</strong></span> <span class='ocrx_word' id='word_1_97' title='bbox 1590 1265 1854 1322; x_wconf 88' lang='lat' dir='ltr'><strong>aquarum</strong></span> <span class='ocrx_word' id='word_1_98' title='bbox 1889 1268 1955 1306; x_wconf 76' lang='lat' dir='ltr'><strong>ex</strong></span> 
     </span>
    </p>
   </div>
   <div class='ocr_carea' id='block_1_16' title="bbox 384 1344 1956 1425">
    <p class='ocr_par' dir='ltr' id='par_1_16' title="bbox 384 1344 1956 1425">
     <span class='ocr_line' id='line_1_16' title="bbox 384 1344 1956 1425; baseline -0.008 -15"><span class='ocrx_word' id='word_1_99' title='bbox 384 1365 532 1425; x_wconf 80' lang='lat' dir='ltr'><strong>petra</strong></span> <span class='ocrx_word' id='word_1_100' title='bbox 574 1353 876 1418; x_wconf 67' lang='lat' dir='ltr'><strong>effusione;</strong></span> <span class='ocrx_word' id='word_1_101' title='bbox 913 1350 1083 1420; x_wconf 78' lang='lat' dir='ltr'><strong>signis</strong></span> <span class='ocrx_word' id='word_1_102' title='bbox 1126 1363 1193 1402; x_wconf 76' lang='lat' dir='ltr'><strong>ex</strong></span> <span class='ocrx_word' id='word_1_103' title='bbox 1228 1347 1388 1414; x_wconf 89' lang='lat' dir='ltr'><strong>mari,</strong></span> <span class='ocrx_word' id='word_1_104' title='bbox 1419 1357 1477 1400; x_wconf 93' lang='lat' dir='ltr'><strong>ut</strong></span> <span class='ocrx_word' id='word_1_105' title='bbox 1509 1346 1676 1400; x_wconf 91' lang='lat' dir='ltr'><strong>maris</strong></span> <span class='ocrx_word' id='word_1_106' title='bbox 1705 1344 1874 1399; x_wconf 80' lang='lat' dir='ltr'><strong>Rubri</strong></span> <span class='ocrx_word' id='word_1_107' title='bbox 1903 1345 1956 1399; x_wconf 92' lang='lat' dir='ltr'><strong>in</strong></span> 
     </span>
    </p>
   </div>
   <div class='ocr_carea' id='block_1_17' title="bbox 383 1437 1961 1508">
    <p class='ocr_par' dir='ltr' id='par_1_17' title="bbox 383 1437 1961 1508">
     <span class='ocr_line' id='line_1_17' title="bbox 383 1437 1961 1508; baseline -0.008 -6"><span class='ocrx_word' id='word_1_108' title='bbox 383 1447 756 1502; x_wconf 89' lang='lat' dir='ltr'><strong>continentem</strong></span> <span class='ocrx_word' id='word_1_109' title='bbox 795 1443 1130 1508; x_wconf 88' lang='lat' dir='ltr'><strong>mutatione;</strong></span> <span class='ocrx_word' id='word_1_110' title='bbox 1180 1439 1488 1503; x_wconf 89' lang='lat' dir='ltr'><strong>hominum,</strong></span> <span class='ocrx_word' id='word_1_111' title='bbox 1545 1437 1784 1501; x_wconf 89' lang='lat' dir='ltr'><strong>urbium,</strong></span> <span class='ocrx_word' id='word_1_112' title='bbox 1827 1452 1961 1506; x_wconf 82' lang='lat' dir='ltr'><strong>gen-</strong></span> 
     </span>
    </p>
   </div>
   <div class='ocr_carea' id='block_1_18' title="bbox 385 1529 1960 1603">
    <p class='ocr_par' dir='ltr' id='par_1_18' title="bbox 385 1529 1960 1603">
     <span class='ocr_line' id='line_1_18' title="bbox 385 1529 1960 1603; baseline -0.004 -13"><span class='ocrx_word' id='word_1_113' title='bbox 385 1537 520 1590; x_wconf 90' lang='lat' dir='ltr'><strong>tium</strong></span> <span class='ocrx_word' id='word_1_114' title='bbox 548 1536 840 1603; x_wconf 85' lang='lat' dir='ltr'><strong>insperatis</strong></span> <span class='ocrx_word' id='word_1_115' title='bbox 859 1531 1272 1586; x_wconf 83' lang='lat' dir='ltr'><strong>mutationibus.</strong></span> <span class='ocrx_word' id='word_1_116' title='bbox 1291 1529 1499 1596; x_wconf 88' lang='lat' dir='ltr'><strong>Quibus</strong></span> <span class='ocrx_word' id='word_1_117' title='bbox 1523 1530 1778 1584; x_wconf 90' lang='lat' dir='ltr'><strong>omnibus</strong></span> <span class='ocrx_word' id='word_1_118' title='bbox 1802 1529 1960 1584; x_wconf 91' lang='lat' dir='ltr'><strong>rebus</strong></span> 
     </span>
    </p>
   </div>
   <div class='ocr_carea' id='block_1_19' title="bbox 388 1621 1961 1691">
    <p class='ocr_par' dir='ltr' id='par_1_19' title="bbox 388 1621 1961 1691">
     <span class='ocr_line' id='line_1_19' title="bbox 388 1621 1961 1691; baseline -0.004 -11"><span class='ocrx_word' id='word_1_119' title='bbox 388 1627 650 1680; x_wconf 81' lang='lat' dir='ltr'><strong>malitiam</strong></span> <span class='ocrx_word' id='word_1_120' title='bbox 708 1633 1011 1691; x_wconf 84' lang='lat' dir='ltr'><strong>conterere,</strong></span> <span class='ocrx_word' id='word_1_121' title='bbox 1047 1637 1110 1677; x_wconf 91' lang='lat' dir='ltr'><strong>ac</strong></span> <span class='ocrx_word' id='word_1_122' title='bbox 1150 1628 1215 1676; x_wconf 87' lang='lat' dir='ltr'><strong>de</strong></span> <span class='ocrx_word' id='word_1_123' title='bbox 1248 1621 1427 1675; x_wconf 87' lang='lat' dir='ltr'><strong>medio</strong></span> <span class='ocrx_word' id='word_1_124' title='bbox 1454 1621 1642 1675; x_wconf 91' lang='lat' dir='ltr'><strong>tollere</strong></span> <span class='ocrx_word' id='word_1_125' title='bbox 1686 1622 1961 1690; x_wconf 79' lang='lat' dir='ltr'><strong>satagebat</strong></span> 
     </span>
    </p>
   </div>
   <div class='ocr_carea' id='block_1_20' title="bbox 387 1711 1959 1783">
    <p class='ocr_par' dir='ltr' id='par_1_20' title="bbox 387 1711 1959 1783">
     <span class='ocr_line' id='line_1_20' title="bbox 387 1711 1959 1783; baseline -0.006 -10"><span class='ocrx_word' id='word_1_126' title='bbox 387 1719 552 1773; x_wconf 81' lang='lat' dir='ltr'><strong>D‘eus.</strong></span> <span class='ocrx_word' id='word_1_127' title='bbox 583 1720 650 1772; x_wconf 85' lang='lat' dir='ltr'><strong>At</strong></span> <span class='ocrx_word' id='word_1_128' title='bbox 693 1733 821 1772; x_wconf 82' lang='lat' dir='ltr'><strong>vero</strong></span> <span class='ocrx_word' id='word_1_129' title='bbox 874 1715 1130 1770; x_wconf 88' lang='lat' dir='ltr'><strong>mortales</strong></span> <span class='ocrx_word' id='word_1_130' title='bbox 1167 1715 1219 1768; x_wconf 91' lang='lat' dir='ltr'><strong>in</strong></span> <span class='ocrx_word' id='word_1_131' title='bbox 1263 1713 1481 1783; x_wconf 80' lang='lat' dir='ltr'><strong>ﬂagitiis</strong></span> <span class='ocrx_word' id='word_1_132' title='bbox 1534 1711 1959 1782; x_wconf 84' lang='lat' dir='ltr'><strong>haudquaquam</strong></span> 
     </span>
    </p>
   </div>
   <div class='ocr_carea' id='block_1_21' title="bbox 394 1806 1962 1875">
    <p class='ocr_par' dir='ltr' id='par_1_21' title="bbox 394 1806 1962 1875">
     <span class='ocr_line' id='line_1_21' title="bbox 394 1806 1962 1875; baseline -0.004 -10"><span class='ocrx_word' id='word_1_133' title='bbox 394 1811 560 1865; x_wconf 87' lang='lat' dir='ltr'><strong>certis</strong></span> <span class='ocrx_word' id='word_1_134' title='bbox 600 1810 849 1865; x_wconf 84' lang='lat' dir='ltr'><strong>terminis</strong></span> <span class='ocrx_word' id='word_1_135' title='bbox 876 1807 1250 1864; x_wconf 88' lang='lat' dir='ltr'><strong>consistebant</strong></span> <span class='ocrx_word' id='word_1_136' title='bbox 1289 1823 1303 1860; x_wconf 91' lang='lat'><strong>:</strong></span> <span class='ocrx_word' id='word_1_137' title='bbox 1336 1807 1429 1862; x_wconf 88' lang='lat' dir='ltr'><strong>sed</strong></span> <span class='ocrx_word' id='word_1_138' title='bbox 1462 1821 1586 1860; x_wconf 92' lang='lat' dir='ltr'><strong>cum</strong></span> <span class='ocrx_word' id='word_1_139' title='bbox 1629 1821 1659 1860; x_wconf 92' lang='lat' dir='ltr'><strong>a</strong></span> <span class='ocrx_word' id='word_1_140' title='bbox 1699 1806 1962 1875; x_wconf 86' lang='lat' dir='ltr'><strong>principio</strong></span> 
     </span>
    </p>
   </div>
   <div class='ocr_carea' id='block_1_22' title="bbox 397 1899 1962 1966">
    <p class='ocr_par' dir='ltr' id='par_1_22' title="bbox 397 1899 1962 1966">
     <span class='ocr_line' id='line_1_22' title="bbox 397 1899 1962 1966; baseline -0.004 -8"><span class='ocrx_word' id='word_1_141' title='bbox 397 1907 709 1959; x_wconf 83' lang='lat' dir='ltr'><strong>inventores</strong></span> <span class='ocrx_word' id='word_1_142' title='bbox 739 1903 865 1957; x_wconf 85' lang='lat' dir='ltr'><strong>ntali</strong></span> <span class='ocrx_word' id='word_1_143' title='bbox 892 1902 1255 1966; x_wconf 79' lang='lat' dir='ltr'><strong>exstitissent,</strong></span> <span class='ocrx_word' id='word_1_144' title='bbox 1278 1914 1415 1954; x_wconf 90' lang='lat' dir='ltr'><strong>nova</strong></span> <span class='ocrx_word' id='word_1_145' title='bbox 1437 1899 1667 1953; x_wconf 79' lang='lat' dir='ltr'><strong>subinde</strong></span> <span class='ocrx_word' id='word_1_146' title='bbox 1697 1899 1962 1952; x_wconf 75' lang='lat' dir='ltr'><strong>scelerum</strong></span> 
     </span>
    </p>
   </div>
   <div class='ocr_carea' id='block_1_23' title="bbox 390 1990 1966 2067">
    <p class='ocr_par' dir='ltr' id='par_1_23' title="bbox 390 1990 1966 2067">
     <span class='ocr_line' id='line_1_23' title="bbox 390 1990 1966 2067; baseline -0.003 -17"><span class='ocrx_word' id='word_1_147' title='bbox 390 2012 586 2067; x_wconf 78' lang='lat' dir='ltr'><strong>genera</strong></span> <span class='ocrx_word' id='word_1_148' title='bbox 638 1995 1234 2060; x_wconf 82' lang='lat' dir='ltr'><strong>comniiniscebantnr,</strong></span> <span class='ocrx_word' id='word_1_149' title='bbox 1270 2003 1436 2062; x_wconf 88' lang='lat' dir='ltr'><strong>atque</strong></span> <span class='ocrx_word' id='word_1_150' title='bbox 1492 1990 1805 2059; x_wconf 81' lang='lat' dir='ltr'><strong>inexplebili</strong></span> <span class='ocrx_word' id='word_1_151' title='bbox 1843 2005 1966 2060; x_wconf 85' lang='lat' dir='ltr'><strong>pec-</strong></span> 
     </span>
    </p>
   </div>
   <div class='ocr_carea' id='block_1_24' title="bbox 389 2083 1964 2156">
    <p class='ocr_par' dir='ltr' id='par_1_24' title="bbox 389 2083 1964 2156">
     <span class='ocr_line' id='line_1_24' title="bbox 389 2083 1964 2156; baseline -0.005 -11"><span class='ocrx_word' id='word_1_152' title='bbox 389 2091 550 2147; x_wconf 81' lang='lat' dir='ltr'><strong>candi</strong></span> <span class='ocrx_word' id='word_1_153' title='bbox 597 2090 820 2144; x_wconf 89' lang='lat' dir='ltr'><strong>libidine</strong></span> <span class='ocrx_word' id='word_1_154' title='bbox 853 2088 1168 2156; x_wconf 71' lang='lat' dir='ltr'><strong>ﬂagrabant.</strong></span> <span class='ocrx_word' id='word_1_155' title='bbox 1221 2085 1502 2140; x_wconf 83' lang='lat' dir='ltr'><strong>Adulteria</strong></span> <span class='ocrx_word' id='word_1_156' title='bbox 1534 2085 1678 2138; x_wconf 88' lang='lat' dir='ltr'><strong>enim</strong></span> <span class='ocrx_word' id='word_1_157' title='bbox 1729 2096 1783 2138; x_wconf 88' lang='lat' dir='ltr'><strong>et</strong></span> <span class='ocrx_word' id='word_1_158' title='bbox 1821 2083 1964 2138; x_wconf 79' lang='lat' dir='ltr'><strong>furta</strong></span> 
     </span>
    </p>
   </div>
   <div class='ocr_carea' id='block_1_25' title="bbox 392 2177 1966 2253">
    <p class='ocr_par' dir='ltr' id='par_1_25' title="bbox 392 2177 1966 2253">
     <span class='ocr_line' id='line_1_25' title="bbox 392 2177 1966 2253; baseline -0.004 -17"><span class='ocrx_word' id='word_1_159' title='bbox 392 2183 597 2251; x_wconf 87' lang='lat' dir='ltr'><strong>passim</strong></span> <span class='ocrx_word' id='word_1_160' title='bbox 654 2180 1090 2253; x_wconf 77' lang='lat' dir='ltr'><strong>grassabantur,</strong></span> <span class='ocrx_word' id='word_1_161' title='bbox 1129 2193 1191 2233; x_wconf 90' lang='lat' dir='ltr'><strong>ac</strong></span> <span class='ocrx_word' id='word_1_162' title='bbox 1251 2177 1490 2232; x_wconf 77' lang='lat' dir='ltr'><strong>ca-dihus</strong></span> <span class='ocrx_word' id='word_1_163' title='bbox 1550 2187 1602 2230; x_wconf 89' lang='lat' dir='ltr'><strong>et</strong></span> <span class='ocrx_word' id='word_1_164' title='bbox 1670 2177 1966 2230; x_wconf 89' lang='lat' dir='ltr'><strong>latrociniis</strong></span> 
     </span>
    </p>
   </div>
   <div class='ocr_carea' id='block_1_26' title="bbox 393 2269 1966 2337">
    <p class='ocr_par' dir='ltr' id='par_1_26' title="bbox 393 2269 1966 2337">
     <span class='ocr_line' id='line_1_26' title="bbox 393 2269 1966 2337; baseline -0.005 -11"><span class='ocrx_word' id='word_1_165' title='bbox 393 2274 542 2327; x_wconf 86' lang='lat' dir='ltr'><strong>orbis</strong></span> <span class='ocrx_word' id='word_1_166' title='bbox 597 2273 891 2326; x_wconf 60' lang='lat' dir='ltr'><strong>universus</strong></span> <span class='ocrx_word' id='word_1_167' title='bbox 944 2279 1214 2325; x_wconf 90' lang='lat' dir='ltr'><strong>terrarum</strong></span> <span class='ocrx_word' id='word_1_168' title='bbox 1252 2270 1519 2333; x_wconf 81' lang='lat' dir='ltr'><strong>scatebat,</strong></span> <span class='ocrx_word' id='word_1_169' title='bbox 1573 2277 1736 2337; x_wconf 88' lang='lat' dir='ltr'><strong>atque</strong></span> <span class='ocrx_word' id='word_1_170' title='bbox 1784 2269 1966 2320; x_wconf 91' lang='lat' dir='ltr'><strong>omnia</strong></span> 
     </span>
    </p>
   </div>
   <div class='ocr_carea' id='block_1_27' title="bbox 393 2360 1968 2432">
    <p class='ocr_par' dir='ltr' id='par_1_27' title="bbox 393 2360 1968 2432">
     <span class='ocr_line' id='line_1_27' title="bbox 393 2360 1968 2432; baseline -0.004 -13"><span class='ocrx_word' id='word_1_171' title='bbox 393 2363 618 2432; x_wconf 50' lang='lat' dir='ltr'><strong>ﬂaoitia,</strong></span> <span class='ocrx_word' id='word_1_172' title='bbox 651 2373 760 2418; x_wconf 88' lang='lat' dir='ltr'><strong>tum</strong></span> <span class='ocrx_word' id='word_1_173' title='bbox 794 2364 1046 2431; x_wconf 80' lang='lat' dir='ltr'><strong>privatim</strong></span> <span class='ocrx_word' id='word_1_174' title='bbox 1074 2378 1103 2416; x_wconf 91' lang='lat' dir='ltr'><strong>a</strong></span> <span class='ocrx_word' id='word_1_175' title='bbox 1137 2361 1416 2431; x_wconf 89' lang='lat' dir='ltr'><strong>quolibet,</strong></span> <span class='ocrx_word' id='word_1_176' title='bbox 1466 2369 1577 2414; x_wconf 87' lang='lat' dir='ltr'><strong>tum</strong></span> <span class='ocrx_word' id='word_1_177' title='bbox 1607 2360 1968 2413; x_wconf 74' lang='lat' dir='ltr'><strong>communiter</strong></span> 
     </span>
    </p>
   </div>
   <div class='ocr_carea' id='block_1_28' title="bbox 395 2451 1968 2524">
    <p class='ocr_par' dir='ltr' id='par_1_28' title="bbox 395 2451 1968 2524">
     <span class='ocr_line' id='line_1_28' title="bbox 395 2451 1968 2524; baseline -0.003 -16"><span class='ocrx_word' id='word_1_178' title='bbox 395 2456 464 2508; x_wconf 83' lang='lat' dir='ltr'><strong>ab</strong></span> <span class='ocrx_word' id='word_1_179' title='bbox 496 2454 773 2520; x_wconf 70' lang='lat' dir='ltr'><strong>cornibus,</strong></span> <span class='ocrx_word' id='word_1_180' title='bbox 809 2455 1290 2524; x_wconf 82' lang='lat' dir='ltr'><strong>perpetrabantur:</strong></span> <span class='ocrx_word' id='word_1_181' title='bbox 1313 2467 1382 2507; x_wconf 90' lang='lat' dir='ltr'><strong>ne</strong></span> <span class='ocrx_word' id='word_1_182' title='bbox 1404 2451 1472 2506; x_wconf 90' lang='lat' dir='ltr'><strong>ab</strong></span> <span class='ocrx_word' id='word_1_183' title='bbox 1504 2466 1568 2506; x_wconf 91' lang='lat' dir='ltr'><strong>eo</strong></span> <span class='ocrx_word' id='word_1_184' title='bbox 1597 2451 1815 2522; x_wconf 88' lang='lat' dir='ltr'><strong>quidem</strong></span> <span class='ocrx_word' id='word_1_185' title='bbox 1847 2465 1968 2504; x_wconf 89' lang='lat' dir='ltr'><strong>scc-</strong></span> 
     </span>
    </p>
   </div>
   <div class='ocr_carea' id='block_1_29' title="bbox 395 2542 1966 2612">
    <p class='ocr_par' dir='ltr' id='par_1_29' title="bbox 395 2542 1966 2612">
     <span class='ocr_line' id='line_1_29' title="bbox 395 2542 1966 2612; baseline -0.005 -11"><span class='ocrx_word' id='word_1_186' title='bbox 395 2547 506 2604; x_wconf 82' lang='lat' dir='ltr'><strong>lere</strong></span> <span class='ocrx_word' id='word_1_187' title='bbox 547 2555 598 2600; x_wconf 88' lang='lat' dir='ltr'><strong>et</strong></span> <span class='ocrx_word' id='word_1_188' title='bbox 648 2545 985 2600; x_wconf 79' lang='lat' dir='ltr'><strong>exsecrando</strong></span> <span class='ocrx_word' id='word_1_189' title='bbox 1027 2543 1234 2610; x_wconf 82' lang='lat' dir='ltr'><strong>furore,</strong></span> <span class='ocrx_word' id='word_1_190' title='bbox 1260 2558 1290 2598; x_wconf 92' lang='lat' dir='ltr'><strong>a</strong></span> <span class='ocrx_word' id='word_1_191' title='bbox 1323 2557 1429 2612; x_wconf 88' lang='lat' dir='ltr'><strong>quo</strong></span> <span class='ocrx_word' id='word_1_192' title='bbox 1462 2550 1656 2596; x_wconf 89' lang='lat' dir='ltr'><strong>natura</strong></span> <span class='ocrx_word' id='word_1_193' title='bbox 1688 2542 1966 2607; x_wconf 80' lang='lat' dir='ltr'><strong>abhorret,</strong></span> 
     </span>
    </p>
   </div>
   <div class='ocr_carea' id='block_1_30' title="bbox 396 2629 1970 2690">
    <p class='ocr_par' dir='ltr' id='par_1_30' title="bbox 396 2629 1970 2690">
     <span class='ocr_line' id='line_1_30' title="bbox 396 2629 1970 2690; baseline -0.003 0"><span class='ocrx_word' id='word_1_194' title='bbox 396 2637 794 2690; x_wconf 79' lang='lat' dir='ltr'><strong>abstinebatur.</strong></span> <span class='ocrx_word' id='word_1_195' title='bbox 831 2634 976 2690; x_wconf 83' lang='lat' dir='ltr'><strong>Fons</strong></span> <span class='ocrx_word' id='word_1_196' title='bbox 1009 2643 1188 2688; x_wconf 82' lang='lat' dir='ltr'><strong>autem</strong></span> <span class='ocrx_word' id='word_1_197' title='bbox 1244 2643 1298 2688; x_wconf 90' lang='lat' dir='ltr'><strong>et</strong></span> <span class='ocrx_word' id='word_1_198' title='bbox 1350 2648 1514 2687; x_wconf 87' lang='lat' dir='ltr'><strong>causa</strong></span> <span class='ocrx_word' id='word_1_199' title='bbox 1541 2647 1605 2687; x_wconf 91' lang='lat' dir='ltr'><strong>ac</strong></span> <span class='ocrx_word' id='word_1_200' title='bbox 1635 2629 1755 2686; x_wconf 79' lang='lat' dir='ltr'><strong>linis</strong></span> <span class='ocrx_word' id='word_1_201' title='bbox 1791 2632 1970 2685; x_wconf 71' lang='lat' dir='ltr'><strong>Omnis</strong></span> 
     </span>
    </p>
   </div>
   <div class='ocr_carea' id='block_1_31' title="bbox 399 2719 1971 2789">
    <p class='ocr_par' dir='ltr' id='par_1_31' title="bbox 399 2719 1971 2789">
     <span class='ocr_line' id='line_1_31' title="bbox 399 2719 1971 2789; baseline -0.003 -13"><span class='ocrx_word' id='word_1_202' title='bbox 399 2726 523 2776; x_wconf 88' lang='lat' dir='ltr'><strong>tnali</strong></span> <span class='ocrx_word' id='word_1_203' title='bbox 559 2734 675 2777; x_wconf 87' lang='lat' dir='ltr'><strong>erat</strong></span> <span class='ocrx_word' id='word_1_204' title='bbox 707 2724 976 2776; x_wconf 86' lang='lat' dir='ltr'><strong>idolorum</strong></span> <span class='ocrx_word' id='word_1_205' title='bbox 1001 2723 1203 2786; x_wconf 91' lang='lat' dir='ltr'><strong>cultus,</strong></span> <span class='ocrx_word' id='word_1_206' title='bbox 1233 2731 1286 2776; x_wconf 90' lang='lat' dir='ltr'><strong>et</strong></span> <span class='ocrx_word' id='word_1_207' title='bbox 1332 2729 1597 2776; x_wconf 65' lang='lat' dir='ltr'><strong>creaturae</strong></span> <span class='ocrx_word' id='word_1_208' title='bbox 1628 2735 1790 2789; x_wconf 85' lang='lat' dir='ltr'><strong>supra</strong></span> <span class='ocrx_word' id='word_1_209' title='bbox 1809 2719 1971 2774; x_wconf 90' lang='lat' dir='ltr'><strong>Crea-</strong></span> 
     </span>
    </p>
   </div>
   <div class='ocr_carea' id='block_1_32' title="bbox 399 2811 1968 2875">
    <p class='ocr_par' dir='ltr' id='par_1_32' title="bbox 399 2811 1968 2875">
     <span class='ocr_line' id='line_1_32' title="bbox 399 2811 1968 2875; baseline -0.003 -7"><span class='ocrx_word' id='word_1_210' title='bbox 399 2823 572 2868; x_wconf 72' lang='lat' dir='ltr'><strong>towm</strong></span> <span class='ocrx_word' id='word_1_211' title='bbox 600 2815 863 2868; x_wconf 86' lang='lat' dir='ltr'><strong>adoratio.</strong></span> <span class='ocrx_word' id='word_1_212' title='bbox 892 2813 1198 2866; x_wconf 87' lang='lat' dir='ltr'><strong>idololatria</strong></span> <span class='ocrx_word' id='word_1_213' title='bbox 1228 2813 1396 2875; x_wconf 89' lang='lat' dir='ltr'><strong>enim,</strong></span> <span class='ocrx_word' id='word_1_214' title='bbox 1417 2821 1476 2866; x_wconf 86' lang='lat' dir='ltr'><strong>ut</strong></span> <span class='ocrx_word' id='word_1_215' title='bbox 1507 2811 1662 2865; x_wconf 87' lang='lat' dir='ltr'><strong>malis</strong></span> <span class='ocrx_word' id='word_1_216' title='bbox 1693 2811 1968 2874; x_wconf 89' lang='lat' dir='ltr'><strong>onmibus,</strong></span> 
     </span>
    </p>
   </div>
   <div class='ocr_carea' id='block_1_33' title="bbox 2050 335 3664 408">
    <p class='ocr_par' dir='ltr' id='par_1_33' title="bbox 2050 335 3664 408">
     <span class='ocr_line' id='line_1_33' title="bbox 2050 335 3664 408; baseline 0.001 -17"><span class='ocrx_word' id='word_1_217' title='bbox 2050 339 2142 391; x_wconf 71' lang='lat' dir='ltr'><strong>lita</strong></span> <span class='ocrx_word' id='word_1_218' title='bbox 2174 353 2269 407; x_wconf 88' lang='lat' dir='ltr'><strong>per</strong></span> <span class='ocrx_word' id='word_1_219' title='bbox 2300 339 2481 392; x_wconf 91' lang='lat' dir='ltr'><strong>omnia</strong></span> <span class='ocrx_word' id='word_1_220' title='bbox 2526 339 2721 393; x_wconf 87' lang='lat' dir='ltr'><strong>similis</strong></span> <span class='ocrx_word' id='word_1_221' title='bbox 2755 342 2936 408; x_wconf 72' lang='lat' dir='ltr'><strong>imago</strong></span> <span class='ocrx_word' id='word_1_222' title='bbox 2965 335 3061 392; x_wconf 86' lang='lat' dir='ltr'><strong>Dei</strong></span> <span class='ocrx_word' id='word_1_223' title='bbox 3098 336 3398 392; x_wconf 79' lang='lat' dir='ltr'><strong>invisibilis</strong></span> <span class='ocrx_word' id='word_1_224' title='bbox 3419 337 3499 402; x_wconf 68' lang='grc'><strong>⁸⁸,</strong></span> <span class='ocrx_word' id='word_1_225' title='bbox 3534 353 3664 392; x_wconf 86' lang='lat' dir='ltr'><strong>non</strong></span> 
     </span>
    </p>
   </div>
   <div class='ocr_carea' id='block_1_34' title="bbox 2049 431 3672 496">
    <p class='ocr_par' dir='ltr' id='par_1_34' title="bbox 2049 431 3672 496">
     <span class='ocr_line' id='line_1_34' title="bbox 2049 431 3672 496; baseline -0.001 -13"><span class='ocrx_word' id='word_1_226' title='bbox 2049 441 2262 484; x_wconf 85' lang='lat' dir='ltr'><strong>mortua</strong></span> <span class='ocrx_word' id='word_1_227' title='bbox 2312 439 2364 484; x_wconf 80' lang='lat' dir='ltr'><strong>ct</strong></span> <span class='ocrx_word' id='word_1_228' title='bbox 2415 446 2577 483; x_wconf 90' lang='lat' dir='ltr'><strong>manu</strong></span> <span class='ocrx_word' id='word_1_229' title='bbox 2625 431 2896 496; x_wconf 80' lang='lat' dir='ltr'><strong>conlecta,</strong></span> <span class='ocrx_word' id='word_1_230' title='bbox 2927 433 3020 485; x_wconf 88' lang='lat' dir='ltr'><strong>sed</strong></span> <span class='ocrx_word' id='word_1_231' title='bbox 3053 431 3199 494; x_wconf 87' lang='lat' dir='ltr'><strong>viva,</strong></span> <span class='ocrx_word' id='word_1_232' title='bbox 3229 446 3336 484; x_wconf 84' lang='lat' dir='ltr'><strong>non</strong></span> <span class='ocrx_word' id='word_1_233' title='bbox 3368 431 3672 484; x_wconf 78' lang='lat' dir='ltr'><strong>similitu-</strong></span> 
     </span>
    </p>
   </div>
   <div class='ocr_carea' id='block_1_35' title="bbox 2047 521 3669 590">
    <p class='ocr_par' dir='ltr' id='par_1_35' title="bbox 2047 521 3669 590">
     <span class='ocr_line' id='line_1_35' title="bbox 2047 521 3669 590; baseline 0.001 -15"><span class='ocrx_word' id='word_1_234' title='bbox 2047 521 2192 577; x_wconf 90' lang='lat' dir='ltr'><strong>dinis</strong></span> <span class='ocrx_word' id='word_1_235' title='bbox 2229 521 2424 589; x_wconf 80' lang='lat' dir='ltr'><strong>forma,</strong></span> <span class='ocrx_word' id='word_1_236' title='bbox 2452 525 2544 577; x_wconf 87' lang='lat' dir='ltr'><strong>sed</strong></span> <span class='ocrx_word' id='word_1_237' title='bbox 2592 524 2644 577; x_wconf 92' lang='lat' dir='ltr'><strong>in</strong></span> <span class='ocrx_word' id='word_1_238' title='bbox 2698 525 2815 590; x_wconf 90' lang='lat' dir='ltr'><strong>ipsa</strong></span> <span class='ocrx_word' id='word_1_239' title='bbox 2869 523 3174 577; x_wconf 88' lang='lat' dir='ltr'><strong>substantia</strong></span> <span class='ocrx_word' id='word_1_240' title='bbox 3209 523 3669 577; x_wconf 77' lang='lat' dir='ltr'><strong>immutabiliu-</strong></span> 
     </span>
    </p>
   </div>
   <div class='ocr_carea' id='block_1_36' title="bbox 2051 593 3677 683">
    <p class='ocr_par' dir='ltr' id='par_1_36' title="bbox 2051 593 3677 683">
     <span class='ocr_line' id='line_1_36' title="bbox 2051 593 3677 683; baseline 0.001 -16"><span class='ocrx_word' id='word_1_241' title='bbox 2051 623 2155 667; x_wconf 86' lang='lat' dir='ltr'><strong>tem</strong></span> <span class='ocrx_word' id='word_1_242' title='bbox 2214 628 2458 668; x_wconf 84' lang='lat' dir='ltr'><strong>servans.</strong></span> <span class='ocrx_word' id='word_1_243' title='bbox 2523 613 2701 668; x_wconf 87' lang='lat' dir='ltr'><strong>Patris</strong></span> <span class='ocrx_word' id='word_1_244' title='bbox 2756 615 3058 677; x_wconf 89' lang='lat' dir='ltr'><strong>terminus,</strong></span> <span class='ocrx_word' id='word_1_245' title='bbox 3115 593 3386 676; x_wconf 61' lang='lat' dir='ltr'><strong>et.ratio,</strong></span> <span class='ocrx_word' id='word_1_246' title='bbox 3446 625 3677 683; x_wconf 80' lang='grc' dir='ltr'>ιιιροιε</span> 
     </span>
    </p>
   </div>
   <div class='ocr_carea' id='block_1_37' title="bbox 2051 700 3665 771">
    <p class='ocr_par' dir='ltr' id='par_1_37' title="bbox 2051 700 3665 771">
     <span class='ocr_line' id='line_1_37' title="bbox 2051 700 3665 771; baseline 0 -15"><span class='ocrx_word' id='word_1_247' title='bbox 2051 703 2264 757; x_wconf 68' lang='lat' dir='ltr'><strong>Putrem</strong></span> <span class='ocrx_word' id='word_1_248' title='bbox 2331 703 2648 759; x_wconf 86' lang='lat' dir='ltr'><strong>ostendens.</strong></span> <span class='ocrx_word' id='word_1_249' title='bbox 2707 700 2805 756; x_wconf 84' lang='lat' dir='ltr'><strong>llic</strong></span> <span class='ocrx_word' id='word_1_250' title='bbox 2865 703 2932 755; x_wconf 74' lang='lat' dir='ltr'><strong>ai</strong></span> <span class='ocrx_word' id='word_1_251' title='bbox 2987 702 3287 766; x_wconf 88' lang='lat' dir='ltr'><strong>hominem,</strong></span> <span class='ocrx_word' id='word_1_252' title='bbox 3335 718 3520 771; x_wconf 84' lang='lat' dir='ltr'><strong>quem</strong></span> <span class='ocrx_word' id='word_1_253' title='bbox 3583 706 3665 756; x_wconf 77' lang='lat' dir='ltr'><strong>ad</strong></span> 
     </span>
    </p>
   </div>
   <div class='ocr_carea' id='block_1_38' title="bbox 2055 792 3668 863">
    <p class='ocr_par' dir='ltr' id='par_1_38' title="bbox 2055 792 3668 863">
     <span class='ocr_line' id='line_1_38' title="bbox 2055 792 3668 863; baseline 0.001 -17"><span class='ocrx_word' id='word_1_254' title='bbox 2055 793 2343 863; x_wconf 75' lang='lat' dir='ltr'><strong>imaginem</strong></span> <span class='ocrx_word' id='word_1_255' title='bbox 2427 809 2582 849; x_wconf 89' lang='lat' dir='ltr'><strong>suam</strong></span> <span class='ocrx_word' id='word_1_256' title='bbox 2652 794 3008 859; x_wconf 86' lang='lat' dir='ltr'><strong>condiderat,</strong></span> <span class='ocrx_word' id='word_1_257' title='bbox 3070 795 3241 848; x_wconf 88' lang='lat' dir='ltr'><strong>venit.</strong></span> <span class='ocrx_word' id='word_1_258' title='bbox 3299 792 3442 847; x_wconf 76' lang='lat' dir='ltr'><strong>Nam</strong></span> <span class='ocrx_word' id='word_1_259' title='bbox 3513 809 3668 849; x_wconf 86' lang='lat' dir='ltr'><strong>cum</strong></span> 
     </span>
    </p>
   </div>
   <div class='ocr_carea' id='block_1_39' title="bbox 2057 884 3676 953">
    <p class='ocr_par' dir='ltr' id='par_1_39' title="bbox 2057 884 3676 953">
     <span class='ocr_line' id='line_1_39' title="bbox 2057 884 3676 953; baseline 0.001 -15"><span class='ocrx_word' id='word_1_260' title='bbox 2057 884 2334 939; x_wconf 89' lang='lat' dir='ltr'><strong>hominem</strong></span> <span class='ocrx_word' id='word_1_261' title='bbox 2369 884 2435 938; x_wconf 88' lang='lat' dir='ltr'><strong>ad</strong></span> <span class='ocrx_word' id='word_1_262' title='bbox 2459 884 2871 938; x_wconf 88' lang='lat' dir='ltr'><strong>similitudinem</strong></span> <span class='ocrx_word' id='word_1_263' title='bbox 2900 899 3057 938; x_wconf 88' lang='lat' dir='ltr'><strong>suam</strong></span> <span class='ocrx_word' id='word_1_264' title='bbox 3090 899 3121 936; x_wconf 90' lang='lat' dir='ltr'><strong>a</strong></span> <span class='ocrx_word' id='word_1_265' title='bbox 3145 885 3417 953; x_wconf 89' lang='lat' dir='ltr'><strong>principio</strong></span> <span class='ocrx_word' id='word_1_266' title='bbox 3449 901 3676 939; x_wconf 79' lang='lat' dir='ltr'><strong>creas-</strong></span> 
     </span>
    </p>
   </div>
   <div class='ocr_carea' id='block_1_40' title="bbox 2056 973 3674 1042">
    <p class='ocr_par' dir='ltr' id='par_1_40' title="bbox 2056 973 3674 1042">
     <span class='ocr_line' id='line_1_40' title="bbox 2056 973 3674 1042; baseline -0.001 -15"><span class='ocrx_word' id='word_1_267' title='bbox 2056 983 2158 1037; x_wconf 86' lang='lat' dir='ltr'><strong>set,</strong></span> <span class='ocrx_word' id='word_1_268' title='bbox 2230 975 2479 1028; x_wconf 86' lang='lat' dir='ltr'><strong>eumdem</strong></span> <span class='ocrx_word' id='word_1_269' title='bbox 2545 987 2739 1027; x_wconf 90' lang='lat' dir='ltr'><strong>rursus</strong></span> <span class='ocrx_word' id='word_1_270' title='bbox 2787 974 2856 1027; x_wconf 88' lang='lat' dir='ltr'><strong>ad</strong></span> <span class='ocrx_word' id='word_1_271' title='bbox 2905 973 3316 1042; x_wconf 76' lang='lat' dir='ltr'><strong>exprimendam</strong></span> <span class='ocrx_word' id='word_1_272' title='bbox 3347 975 3436 1027; x_wconf 90' lang='lat' dir='ltr'><strong>sui</strong></span> <span class='ocrx_word' id='word_1_273' title='bbox 3479 975 3674 1026; x_wconf 80' lang='lat' dir='ltr'><strong>simi-</strong></span> 
     </span>
    </p>
   </div>
   <div class='ocr_carea' id='block_1_41' title="bbox 2056 1063 3673 1130">
    <p class='ocr_par' dir='ltr' id='par_1_41' title="bbox 2056 1063 3673 1130">
     <span class='ocr_line' id='line_1_41' title="bbox 2056 1063 3673 1130; baseline 0.001 -13"><span class='ocrx_word' id='word_1_274' title='bbox 2056 1064 2343 1118; x_wconf 89' lang='lat' dir='ltr'><strong>litudinem</strong></span> <span class='ocrx_word' id='word_1_275' title='bbox 2396 1064 2630 1130; x_wconf 86' lang='lat' dir='ltr'><strong>reducit,</strong></span> <span class='ocrx_word' id='word_1_276' title='bbox 2666 1079 2778 1118; x_wconf 64' lang='lat' dir='ltr'><strong>suae</strong></span> <span class='ocrx_word' id='word_1_277' title='bbox 2833 1063 3086 1118; x_wconf 78' lang='lat' dir='ltr'><strong>videlicet</strong></span> <span class='ocrx_word' id='word_1_278' title='bbox 3117 1073 3385 1118; x_wconf 71' lang='lat' dir='ltr'><strong>creatum</strong></span> <span class='ocrx_word' id='word_1_279' title='bbox 3439 1066 3673 1118; x_wconf 69' lang='lat' dir='ltr'><strong>similis</strong></span> 
     </span>
    </p>
   </div>
   <div class='ocr_carea' id='block_1_42' title="bbox 2057 1151 3675 1220">
    <p class='ocr_par' dir='ltr' id='par_1_42' title="bbox 2057 1151 3675 1220">
     <span class='ocr_line' id='line_1_42' title="bbox 2057 1151 3675 1220; baseline -0.001 -14"><span class='ocrx_word' id='word_1_280' title='bbox 2057 1153 2300 1207; x_wconf 80' lang='lat' dir='ltr'><strong>eli&#39;ertus.</strong></span> <span class='ocrx_word' id='word_1_281' title='bbox 2330 1153 2700 1206; x_wconf 78' lang='lat' dir='ltr'><strong>Conveniebat</strong></span> <span class='ocrx_word' id='word_1_282' title='bbox 2737 1151 2912 1214; x_wconf 91' lang='lat' dir='ltr'><strong>enim,</strong></span> <span class='ocrx_word' id='word_1_283' title='bbox 2953 1161 3012 1207; x_wconf 86' lang='lat' dir='ltr'><strong>ut</strong></span> <span class='ocrx_word' id='word_1_284' title='bbox 3060 1152 3153 1220; x_wconf 91' lang='lat' dir='ltr'><strong>qui</strong></span> <span class='ocrx_word' id='word_1_285' title='bbox 3195 1152 3435 1220; x_wconf 84' lang='lat' dir='ltr'><strong>primum</strong></span> <span class='ocrx_word' id='word_1_286' title='bbox 3469 1151 3675 1204; x_wconf 73' lang='lat' dir='ltr'><strong>tinxe-</strong></span> 
     </span>
    </p>
   </div>
   <div class='ocr_carea' id='block_1_43' title="bbox 2059 1245 3675 1314">
    <p class='ocr_par' dir='ltr' id='par_1_43' title="bbox 2059 1245 3675 1314">
     <span class='ocr_line' id='line_1_43' title="bbox 2059 1245 3675 1314; baseline -0.001 -16"><span class='ocrx_word' id='word_1_287' title='bbox 2059 1255 2164 1308; x_wconf 90' lang='lat' dir='ltr'><strong>rat,</strong></span> <span class='ocrx_word' id='word_1_288' title='bbox 2198 1245 2339 1298; x_wconf 87' lang='lat' dir='ltr'><strong>idem</strong></span> <span class='ocrx_word' id='word_1_289' title='bbox 2379 1260 2595 1314; x_wconf 87' lang='lat' dir='ltr'><strong>quoque</strong></span> <span class='ocrx_word' id='word_1_290' title='bbox 2634 1249 2950 1314; x_wconf 69' lang='lat' dir='ltr'><strong>ligtnetttunt</strong></span> <span class='ocrx_word' id='word_1_291' title='bbox 2981 1258 3140 1297; x_wconf 91' lang='lat' dir='ltr'><strong>suum</strong></span> <span class='ocrx_word' id='word_1_292' title='bbox 3164 1259 3195 1297; x_wconf 92' lang='lat' dir='ltr'><strong>a</strong></span> <span class='ocrx_word' id='word_1_293' title='bbox 3221 1255 3447 1312; x_wconf 87' lang='lat' dir='ltr'><strong>peccato</strong></span> <span class='ocrx_word' id='word_1_294' title='bbox 3490 1246 3675 1297; x_wconf 81' lang='lat' dir='ltr'><strong>labe-</strong></span> 
     </span>
    </p>
   </div>
   <div class='ocr_carea' id='block_1_44' title="bbox 2063 1333 3678 1404">
    <p class='ocr_par' dir='ltr' id='par_1_44' title="bbox 2063 1333 3678 1404">
     <span class='ocr_line' id='line_1_44' title="bbox 2063 1333 3678 1404; baseline 0.001 -18"><span class='ocrx_word' id='word_1_295' title='bbox 2063 1333 2328 1387; x_wconf 79' lang='lat' dir='ltr'><strong>factatum</strong></span> <span class='ocrx_word' id='word_1_296' title='bbox 2370 1345 2536 1404; x_wconf 91' lang='lat' dir='ltr'><strong>atque</strong></span> <span class='ocrx_word' id='word_1_297' title='bbox 2588 1335 2932 1389; x_wconf 77' lang='lat' dir='ltr'><strong>contractum</strong></span> <span class='ocrx_word' id='word_1_298' title='bbox 2959 1335 3292 1389; x_wconf 74' lang='lat' dir='ltr'><strong>inatauraret</strong></span> <span class='ocrx_word' id='word_1_299' title='bbox 3319 1333 3506 1388; x_wconf 82' lang='lat' dir='ltr'><strong>Patris</strong></span> <span class='ocrx_word' id='word_1_300' title='bbox 3541 1345 3678 1388; x_wconf 74' lang='lat' dir='ltr'><strong>ter-</strong></span> 
     </span>
    </p>
   </div>
   <div class='ocr_carea' id='block_1_45' title="bbox 2062 1423 3670 1494">
    <p class='ocr_par' dir='ltr' id='par_1_45' title="bbox 2062 1423 3670 1494">
     <span class='ocr_line' id='line_1_45' title="bbox 2062 1423 3670 1494; baseline 0 -16"><span class='ocrx_word' id='word_1_301' title='bbox 2062 1425 2247 1479; x_wconf 87' lang='lat' dir='ltr'><strong>minus</strong></span> <span class='ocrx_word' id='word_1_302' title='bbox 2298 1434 2350 1478; x_wconf 88' lang='lat' dir='ltr'><strong>et</strong></span> <span class='ocrx_word' id='word_1_303' title='bbox 2396 1435 2556 1479; x_wconf 92' lang='lat' dir='ltr'><strong>rat.o.</strong></span> <span class='ocrx_word' id='word_1_304' title='bbox 2597 1424 2736 1489; x_wconf 87' lang='lat' dir='ltr'><strong>Quid</strong></span> <span class='ocrx_word' id='word_1_305' title='bbox 2774 1425 2887 1479; x_wconf 85' lang='lat' dir='ltr'><strong>ait?</strong></span> <span class='ocrx_word' id='word_1_306' title='bbox 2916 1423 3056 1479; x_wconf 80' lang='lat' dir='ltr'><strong>Num</strong></span> <span class='ocrx_word' id='word_1_307' title='bbox 3087 1426 3245 1494; x_wconf 76' lang='lat' dir='ltr'><strong>juxta</strong></span> <span class='ocrx_word' id='word_1_308' title='bbox 3283 1429 3502 1479; x_wconf 86' lang='lat' dir='ltr'><strong>termini</strong></span> <span class='ocrx_word' id='word_1_309' title='bbox 3553 1443 3670 1480; x_wconf 82' lang='lat' dir='ltr'><strong>ra-</strong></span> 
     </span>
    </p>
   </div>
   <div class='ocr_carea' id='block_1_46' title="bbox 2064 1517 3672 1591">
    <p class='ocr_par' dir='ltr' id='par_1_46' title="bbox 2064 1517 3672 1591">
     <span class='ocr_line' id='line_1_46' title="bbox 2064 1517 3672 1591; baseline 0.003 -19"><span class='ocrx_word' id='word_1_310' title='bbox 2064 1522 2264 1573; x_wconf 88' lang='lat' dir='ltr'><strong>tionem</strong></span> <span class='ocrx_word' id='word_1_311' title='bbox 2299 1517 2459 1574; x_wconf 85' lang='lat' dir='ltr'><strong>Pater</strong></span> <span class='ocrx_word' id='word_1_312' title='bbox 2501 1519 2640 1574; x_wconf 84' lang='lat' dir='ltr'><strong>Filio</strong></span> <span class='ocrx_word' id='word_1_313' title='bbox 2682 1521 3029 1587; x_wconf 86' lang='lat' dir='ltr'><strong>terminatur,</strong></span> <span class='ocrx_word' id='word_1_314' title='bbox 3061 1522 3332 1591; x_wconf 83' lang='lat' dir='ltr'><strong>siquidem</strong></span> <span class='ocrx_word' id='word_1_315' title='bbox 3365 1525 3672 1577; x_wconf 78' lang='lat' dir='ltr'><strong>terminus</strong></span> 
     </span>
    </p>
   </div>
   <div class='ocr_carea' id='block_1_47' title="bbox 1992 1595 3668 1684">
    <p class='ocr_par' dir='ltr' id='par_1_47' title="bbox 1992 1595 3668 1684">
     <span class='ocr_line' id='line_1_47' title="bbox 1992 1595 3668 1684; baseline 0.003 -19"><span class='ocrx_word' id='word_1_316' title='bbox 1992 1595 2037 1648; x_wconf 68' lang='grc' dir='ltr'><strong>Β</strong></span> <span class='ocrx_word' id='word_1_317' title='bbox 2065 1612 2237 1682; x_wconf 84' lang='lat' dir='ltr'><strong>ipsius</strong></span> <span class='ocrx_word' id='word_1_318' title='bbox 2267 1622 2368 1678; x_wconf 91' lang='grc' dir='ltr'>εει,</span> <span class='ocrx_word' id='word_1_319' title='bbox 2399 1613 2481 1669; x_wconf 90' lang='lat' dir='ltr'><strong>sic</strong></span> <span class='ocrx_word' id='word_1_320' title='bbox 2537 1625 2594 1668; x_wconf 90' lang='lat' dir='ltr'><strong>ut</strong></span> <span class='ocrx_word' id='word_1_321' title='bbox 2637 1624 2862 1684; x_wconf 87' lang='lat' dir='ltr'><strong>paterna</strong></span> <span class='ocrx_word' id='word_1_322' title='bbox 2898 1625 3093 1670; x_wconf 89' lang='lat' dir='ltr'><strong>natura</strong></span> <span class='ocrx_word' id='word_1_323' title='bbox 3122 1615 3248 1669; x_wconf 86' lang='lat' dir='ltr'><strong>Filii</strong></span> <span class='ocrx_word' id='word_1_324' title='bbox 3279 1629 3476 1671; x_wconf 85' lang='lat' dir='ltr'><strong>natura</strong></span> <span class='ocrx_word' id='word_1_325' title='bbox 3507 1634 3668 1670; x_wconf 85' lang='lat' dir='ltr'><strong>con-</strong></span> 
     </span>
    </p>
   </div>
   <div class='ocr_carea' id='block_1_48' title="bbox 2064 1708 3669 1782">
    <p class='ocr_par' dir='ltr' id='par_1_48' title="bbox 2064 1708 3669 1782">
     <span class='ocr_line' id='line_1_48' title="bbox 2064 1708 3669 1782; baseline 0.003 -19"><span class='ocrx_word' id='word_1_326' title='bbox 2064 1708 2214 1764; x_wconf 87' lang='lat' dir='ltr'><strong>clusa</strong></span> <span class='ocrx_word' id='word_1_327' title='bbox 2248 1725 2312 1764; x_wconf 89' lang='lat' dir='ltr'><strong>ac</strong></span> <span class='ocrx_word' id='word_1_328' title='bbox 2334 1711 2559 1766; x_wconf 80' lang='lat' dir='ltr'><strong>deﬁnita</strong></span> <span class='ocrx_word' id='word_1_329' title='bbox 2583 1712 2694 1766; x_wconf 88' lang='lat' dir='ltr'><strong>sit?</strong></span> <span class='ocrx_word' id='word_1_330' title='bbox 2722 1713 2798 1764; x_wconf 89' lang='lat' dir='ltr'><strong>lta</strong></span> <span class='ocrx_word' id='word_1_331' title='bbox 2831 1727 2964 1766; x_wconf 86' lang='lat' dir='ltr'><strong>sane</strong></span> <span class='ocrx_word' id='word_1_332' title='bbox 2987 1731 3001 1768; x_wconf 91' lang='lat'>:</span> <span class='ocrx_word' id='word_1_333' title='bbox 3031 1713 3332 1768; x_wconf 86' lang='lat' dir='ltr'><strong>dummodo</strong></span> <span class='ocrx_word' id='word_1_334' title='bbox 3353 1714 3669 1782; x_wconf 79' lang='lat' dir='ltr'><strong>sapienter</strong></span> 
     </span>
    </p>
   </div>
   <div class='ocr_carea' id='block_1_49' title="bbox 2066 1801 3667 1860">
    <p class='ocr_par' dir='ltr' id='par_1_49' title="bbox 2066 1801 3667 1860">
     <span class='ocr_line' id='line_1_49' title="bbox 2066 1801 3667 1860; baseline 0.004 -7"><span class='ocrx_word' id='word_1_335' title='bbox 2066 1813 2130 1854; x_wconf 90' lang='lat' dir='ltr'><strong>ac</strong></span> <span class='ocrx_word' id='word_1_336' title='bbox 2172 1801 2403 1858; x_wconf 88' lang='lat' dir='ltr'><strong>candide</strong></span> <span class='ocrx_word' id='word_1_337' title='bbox 2461 1805 2786 1858; x_wconf 87' lang='lat' dir='ltr'><strong>sententiam</strong></span> <span class='ocrx_word' id='word_1_338' title='bbox 2840 1805 3036 1858; x_wconf 91' lang='lat' dir='ltr'><strong>horum</strong></span> <span class='ocrx_word' id='word_1_339' title='bbox 3102 1805 3389 1860; x_wconf 77' lang='lat' dir='ltr'><strong>verborum</strong></span> <span class='ocrx_word' id='word_1_340' title='bbox 3449 1807 3667 1859; x_wconf 87' lang='lat' dir='ltr'><strong>audire</strong></span> 
     </span>
    </p>
   </div>
   <div class='ocr_carea' id='block_1_50' title="bbox 2066 1893 3659 1965">
    <p class='ocr_par' dir='ltr' id='par_1_50' title="bbox 2066 1893 3659 1965">
     <span class='ocr_line' id='line_1_50' title="bbox 2066 1893 3659 1965; baseline 0.002 -19"><span class='ocrx_word' id='word_1_341' title='bbox 2066 1893 2338 1962; x_wconf 89' lang='lat' dir='ltr'><strong>quispiam</strong></span> <span class='ocrx_word' id='word_1_342' title='bbox 2395 1894 2544 1950; x_wconf 89' lang='lat' dir='ltr'><strong>velit.</strong></span> <span class='ocrx_word' id='word_1_343' title='bbox 2601 1895 2848 1950; x_wconf 63' lang='lat' dir='ltr'><strong>Paterne</strong></span> <span class='ocrx_word' id='word_1_344' title='bbox 2901 1897 3121 1965; x_wconf 89' lang='lat' dir='ltr'><strong>quidem</strong></span> <span class='ocrx_word' id='word_1_345' title='bbox 3166 1899 3415 1952; x_wconf 69' lang='lat' dir='ltr'><strong>essentia:</strong></span> <span class='ocrx_word' id='word_1_346' title='bbox 3453 1897 3659 1949; x_wconf 84' lang='lat' dir='ltr'><strong>nullus</strong></span> 
     </span>
    </p>
   </div>
   <div class='ocr_carea' id='block_1_51' title="bbox 2066 1985 3658 2057">
    <p class='ocr_par' dir='ltr' id='par_1_51' title="bbox 2066 1985 3658 2057">
     <span class='ocr_line' id='line_1_51' title="bbox 2066 1985 3658 2057; baseline 0.003 -20"><span class='ocrx_word' id='word_1_347' title='bbox 2066 1985 2292 2039; x_wconf 90' lang='lat' dir='ltr'><strong>omnino</strong></span> <span class='ocrx_word' id='word_1_348' title='bbox 2317 1994 2401 2042; x_wconf 82' lang='lat' dir='ltr'><strong>est</strong></span> <span class='ocrx_word' id='word_1_349' title='bbox 2430 1987 2721 2053; x_wconf 89' lang='lat' dir='ltr'><strong>terminus,</strong></span> <span class='ocrx_word' id='word_1_350' title='bbox 2749 1989 3212 2057; x_wconf 86' lang='lat' dir='ltr'><strong>quemadmodum</strong></span> <span class='ocrx_word' id='word_1_351' title='bbox 3263 2003 3360 2043; x_wconf 90' lang='lat' dir='ltr'><strong>nec</strong></span> <span class='ocrx_word' id='word_1_352' title='bbox 3403 1989 3658 2042; x_wconf 76' lang='lat' dir='ltr'><strong>aliarum</strong></span> 
     </span>
    </p>
   </div>
   <div class='ocr_carea' id='block_1_52' title="bbox 2067 2075 3660 2149">
    <p class='ocr_par' dir='ltr' id='par_1_52' title="bbox 2067 2075 3660 2149">
     <span class='ocr_line' id='line_1_52' title="bbox 2067 2075 3660 2149; baseline 0.001 -20"><span class='ocrx_word' id='word_1_353' title='bbox 2067 2075 2296 2130; x_wconf 87' lang='lat' dir='ltr'><strong>duaruut</strong></span> <span class='ocrx_word' id='word_1_354' title='bbox 2334 2092 2692 2146; x_wconf 88' lang='lat' dir='ltr'><strong>personarum</strong></span> <span class='ocrx_word' id='word_1_355' title='bbox 2733 2096 2746 2132; x_wconf 93' lang='lat'><strong>:</strong></span> <span class='ocrx_word' id='word_1_356' title='bbox 2774 2088 2830 2141; x_wconf 71' lang='lat' dir='ltr'><strong>at</strong></span> <span class='ocrx_word' id='word_1_357' title='bbox 2862 2081 3073 2149; x_wconf 84' lang='lat' dir='ltr'><strong>paterni</strong></span> <span class='ocrx_word' id='word_1_358' title='bbox 3104 2081 3342 2134; x_wconf 88' lang='lat' dir='ltr'><strong>nominis</strong></span> <span class='ocrx_word' id='word_1_359' title='bbox 3370 2081 3660 2133; x_wconf 82' lang='lat' dir='ltr'><strong>terminus</strong></span> 
     </span>
    </p>
   </div>
   <div class='ocr_carea' id='block_1_53' title="bbox 2067 2167 3658 2234">
    <p class='ocr_par' dir='ltr' id='par_1_53' title="bbox 2067 2167 3658 2234">
     <span class='ocr_line' id='line_1_53' title="bbox 2067 2167 3658 2234; baseline 0.003 -14"><span class='ocrx_word' id='word_1_360' title='bbox 2067 2177 2151 2221; x_wconf 89' lang='lat' dir='ltr'><strong>est</strong></span> <span class='ocrx_word' id='word_1_361' title='bbox 2190 2167 2384 2224; x_wconf 87' lang='lat' dir='ltr'><strong>Filius.</strong></span> <span class='ocrx_word' id='word_1_362' title='bbox 2416 2168 2688 2234; x_wconf 83' lang='lat' dir='ltr'><strong>Quoniam</strong></span> <span class='ocrx_word' id='word_1_363' title='bbox 2723 2171 2868 2225; x_wconf 88' lang='lat' dir='ltr'><strong>enim</strong></span> <span class='ocrx_word' id='word_1_364' title='bbox 2905 2171 3023 2226; x_wconf 71' lang='lat' dir='ltr'><strong>haec</strong></span> <span class='ocrx_word' id='word_1_365' title='bbox 3081 2172 3306 2225; x_wconf 88' lang='lat' dir='ltr'><strong>nomina</strong></span> <span class='ocrx_word' id='word_1_366' title='bbox 3349 2187 3414 2225; x_wconf 77' lang='lat' dir='ltr'><strong>ex</strong></span> <span class='ocrx_word' id='word_1_367' title='bbox 3440 2187 3658 2225; x_wconf 87' lang='lat' dir='ltr'><strong>eorum</strong></span> 
     </span>
    </p>
   </div>
   <div class='ocr_carea' id='block_1_54' title="bbox 2070 2264 3662 2338">
    <p class='ocr_par' dir='ltr' id='par_1_54' title="bbox 2070 2264 3662 2338">
     <span class='ocr_line' id='line_1_54' title="bbox 2070 2264 3662 2338; baseline 0.006 -24"><span class='ocrx_word' id='word_1_368' title='bbox 2070 2276 2298 2317; x_wconf 88' lang='lat' dir='ltr'><strong>numero</strong></span> <span class='ocrx_word' id='word_1_369' title='bbox 2329 2273 2478 2329; x_wconf 84' lang='lat' dir='ltr'><strong>sunt,</strong></span> <span class='ocrx_word' id='word_1_370' title='bbox 2510 2278 2632 2332; x_wconf 61' lang='lat' dir='ltr'><strong>quis</strong></span> <span class='ocrx_word' id='word_1_371' title='bbox 2675 2266 2742 2318; x_wconf 89' lang='lat' dir='ltr'><strong>ad</strong></span> <span class='ocrx_word' id='word_1_372' title='bbox 2786 2265 2993 2336; x_wconf 88' lang='lat' dir='ltr'><strong>aliquid</strong></span> <span class='ocrx_word' id='word_1_373' title='bbox 3029 2264 3361 2330; x_wconf 77' lang='lat' dir='ltr'><strong>referuntur,</strong></span> <span class='ocrx_word' id='word_1_374' title='bbox 3396 2267 3662 2338; x_wconf 79' lang='lat' dir='ltr'><strong>profecto</strong></span> 
     </span>
    </p>
   </div>
   <div class='ocr_carea' id='block_1_55' title="bbox 2069 2355 3659 2427">
    <p class='ocr_par' dir='ltr' id='par_1_55' title="bbox 2069 2355 3659 2427">
     <span class='ocr_line' id='line_1_55' title="bbox 2069 2355 3659 2427; baseline 0.006 -23"><span class='ocrx_word' id='word_1_375' title='bbox 2069 2366 2189 2405; x_wconf 90' lang='lat' dir='ltr'><strong>eam</strong></span> <span class='ocrx_word' id='word_1_376' title='bbox 2219 2361 2470 2408; x_wconf 89' lang='lat' dir='ltr'><strong>naturam</strong></span> <span class='ocrx_word' id='word_1_377' title='bbox 2519 2355 2740 2417; x_wconf 87' lang='lat' dir='ltr'><strong>habent.</strong></span> <span class='ocrx_word' id='word_1_378' title='bbox 2778 2367 2837 2410; x_wconf 92' lang='lat' dir='ltr'><strong>ut</strong></span> <span class='ocrx_word' id='word_1_379' title='bbox 2873 2367 3167 2427; x_wconf 89' lang='lat' dir='ltr'><strong>utrumque</strong></span> <span class='ocrx_word' id='word_1_380' title='bbox 3230 2357 3403 2412; x_wconf 91' lang='lat' dir='ltr'><strong>altero</strong></span> <span class='ocrx_word' id='word_1_381' title='bbox 3452 2361 3659 2413; x_wconf 83' lang='lat' dir='ltr'><strong>termi-</strong></span> 
     </span>
    </p>
   </div>
   <div class='ocr_carea' id='block_1_56' title="bbox 2072 2445 3655 2519">
    <p class='ocr_par' dir='ltr' id='par_1_56' title="bbox 2072 2445 3655 2519">
     <span class='ocr_line' id='line_1_56' title="bbox 2072 2445 3655 2519; baseline 0.006 -25"><span class='ocrx_word' id='word_1_382' title='bbox 2072 2451 2250 2496; x_wconf 88' lang='lat' dir='ltr'><strong>netur.</strong></span> <span class='ocrx_word' id='word_1_383' title='bbox 2291 2445 2369 2498; x_wconf 83' lang='lat' dir='ltr'><strong>Ac</strong></span> <span class='ocrx_word' id='word_1_384' title='bbox 2394 2445 2619 2515; x_wconf 89' lang='lat' dir='ltr'><strong>proinde</strong></span> <span class='ocrx_word' id='word_1_385' title='bbox 2647 2445 2863 2502; x_wconf 83' lang='lat' dir='ltr'><strong>Patrem</strong></span> <span class='ocrx_word' id='word_1_386' title='bbox 2903 2447 3074 2502; x_wconf 85' lang='lat' dir='ltr'><strong>Filius</strong></span> <span class='ocrx_word' id='word_1_387' title='bbox 3123 2449 3410 2511; x_wconf 89' lang='lat' dir='ltr'><strong>terminat,</strong></span> <span class='ocrx_word' id='word_1_388' title='bbox 3441 2465 3655 2519; x_wconf 80' lang='lat' dir='ltr'><strong>quem-</strong></span> 
     </span>
    </p>
   </div>
   <div class='ocr_carea' id='block_1_57' title="bbox 2072 2533 3657 2608">
    <p class='ocr_par' dir='ltr' id='par_1_57' title="bbox 2072 2533 3657 2608">
     <span class='ocr_line' id='line_1_57' title="bbox 2072 2533 3657 2608; baseline 0.006 -24"><span class='ocrx_word' id='word_1_389' title='bbox 2072 2533 2369 2587; x_wconf 86' lang='lat' dir='ltr'><strong>admodum</strong></span> <span class='ocrx_word' id='word_1_390' title='bbox 2434 2536 2676 2590; x_wconf 86' lang='lat' dir='ltr'><strong>vicissim</strong></span> <span class='ocrx_word' id='word_1_391' title='bbox 2728 2535 2890 2591; x_wconf 89' lang='lat' dir='ltr'><strong>Pater</strong></span> <span class='ocrx_word' id='word_1_392' title='bbox 2922 2535 3144 2592; x_wconf 84' lang='lat' dir='ltr'><strong>Filium.</strong></span> <span class='ocrx_word' id='word_1_393' title='bbox 3177 2537 3473 2592; x_wconf 81' lang='lat' dir='ltr'><strong>Enimvero</strong></span> <span class='ocrx_word' id='word_1_394' title='bbox 3504 2554 3657 2608; x_wconf 88' lang='lat' dir='ltr'><strong>quo-</strong></span> 
     </span>
    </p>
   </div>
   <div class='ocr_carea' id='block_1_58' title="bbox 2072 2627 3652 2699">
    <p class='ocr_par' dir='ltr' id='par_1_58' title="bbox 2072 2627 3652 2699">
     <span class='ocr_line' id='line_1_58' title="bbox 2072 2627 3652 2699; baseline 0.004 -21"><span class='ocrx_word' id='word_1_395' title='bbox 2072 2627 2218 2680; x_wconf 88' lang='lat' dir='ltr'><strong>niam</strong></span> <span class='ocrx_word' id='word_1_396' title='bbox 2271 2627 2412 2682; x_wconf 89' lang='lat' dir='ltr'><strong>Deus</strong></span> <span class='ocrx_word' id='word_1_397' title='bbox 2458 2629 2766 2684; x_wconf 80' lang='lat' dir='ltr'><strong>ntistiuncm</strong></span> <span class='ocrx_word' id='word_1_398' title='bbox 2822 2645 2945 2684; x_wconf 90' lang='lat' dir='ltr'><strong>cum</strong></span> <span class='ocrx_word' id='word_1_399' title='bbox 2998 2645 3164 2686; x_wconf 90' lang='lat' dir='ltr'><strong>carne</strong></span> <span class='ocrx_word' id='word_1_400' title='bbox 3215 2646 3323 2685; x_wconf 91' lang='lat' dir='ltr'><strong>non</strong></span> <span class='ocrx_word' id='word_1_401' title='bbox 3378 2633 3652 2699; x_wconf 74' lang='lat' dir='ltr'><strong>admittit,</strong></span> 
     </span>
    </p>
   </div>
   <div class='ocr_carea' id='block_1_59' title="bbox 2071 2716 3656 2793">
    <p class='ocr_par' dir='ltr' id='par_1_59' title="bbox 2071 2716 3656 2793">
     <span class='ocr_line' id='line_1_59' title="bbox 2071 2716 3656 2793; baseline 0.006 -23"><span class='ocrx_word' id='word_1_402' title='bbox 2071 2716 2250 2770; x_wconf 86' lang='lat' dir='ltr'><strong>anima</strong></span> <span class='ocrx_word' id='word_1_403' title='bbox 2286 2729 2468 2772; x_wconf 91' lang='lat' dir='ltr'><strong>autem</strong></span> <span class='ocrx_word' id='word_1_404' title='bbox 2522 2729 2577 2774; x_wconf 89' lang='lat' dir='ltr'><strong>et</strong></span> <span class='ocrx_word' id='word_1_405' title='bbox 2620 2736 2773 2776; x_wconf 88' lang='lat' dir='ltr'><strong>mens</strong></span> <span class='ocrx_word' id='word_1_406' title='bbox 2808 2722 2951 2776; x_wconf 87' lang='lat' dir='ltr'><strong>velut</strong></span> <span class='ocrx_word' id='word_1_407' title='bbox 2985 2723 3038 2776; x_wconf 92' lang='lat' dir='ltr'><strong>in</strong></span> <span class='ocrx_word' id='word_1_408' title='bbox 3073 2722 3163 2777; x_wconf 87' lang='lat' dir='ltr'><strong>Dei</strong></span> <span class='ocrx_word' id='word_1_409' title='bbox 3191 2726 3480 2793; x_wconf 87' lang='lat' dir='ltr'><strong>carnisque</strong></span> <span class='ocrx_word' id='word_1_410' title='bbox 3512 2741 3656 2779; x_wconf 85' lang='lat' dir='ltr'><strong>con-</strong></span> 
     </span>
    </p>
   </div>
   <div class='ocr_carea' id='block_1_60' title="bbox 2075 2803 3653 2883">
    <p class='ocr_par' dir='ltr' id='par_1_60' title="bbox 2075 2803 3653 2883">
     <span class='ocr_line' id='line_1_60' title="bbox 2075 2803 3653 2883; baseline 0.007 -26"><span class='ocrx_word' id='word_1_411' title='bbox 2075 2803 2202 2858; x_wconf 83' lang='lat' dir='ltr'><strong>ﬁnio</strong></span> <span class='ocrx_word' id='word_1_412' title='bbox 2240 2817 2344 2870; x_wconf 86' lang='lat' dir='ltr'><strong>est,</strong></span> <span class='ocrx_word' id='word_1_413' title='bbox 2372 2809 2555 2864; x_wconf 89' lang='lat' dir='ltr'><strong>carnis</strong></span> <span class='ocrx_word' id='word_1_414' title='bbox 2580 2812 2824 2879; x_wconf 86' lang='lat' dir='ltr'><strong>quidem,</strong></span> <span class='ocrx_word' id='word_1_415' title='bbox 2854 2822 2912 2866; x_wconf 91' lang='lat' dir='ltr'><strong>ut</strong></span> <span class='ocrx_word' id='word_1_416' title='bbox 2941 2813 3254 2883; x_wconf 73' lang='lat' dir='ltr'><strong>conjugata,</strong></span> <span class='ocrx_word' id='word_1_417' title='bbox 3285 2813 3378 2868; x_wconf 87' lang='lat' dir='ltr'><strong>Dei</strong></span> <span class='ocrx_word' id='word_1_418' title='bbox 3434 2823 3653 2882; x_wconf 86' lang='lat' dir='ltr'><strong>autem,</strong></span> 
     </span>
    </p>
   </div>
   <div class='ocr_carea' id='block_1_61' title="bbox 399 2898 3653 2976">
    <p class='ocr_par' dir='ltr' id='par_1_61' title="bbox 399 2898 3653 2976">
     <span class='ocr_line' id='line_1_61' title="bbox 399 2898 3653 2976; baseline 0.001 -16"><span class='ocrx_word' id='word_1_419' title='bbox 399 2909 446 2961; x_wconf 90' lang='lat' dir='ltr'><strong>si</strong></span> <span class='ocrx_word' id='word_1_420' title='bbox 515 2905 777 2974; x_wconf 71' lang='lat' dir='ltr'><strong>temporis</strong></span> <span class='ocrx_word' id='word_1_421' title='bbox 857 2904 999 2956; x_wconf 84' lang='lat' dir='ltr'><strong>ratio</strong></span> <span class='ocrx_word' id='word_1_422' title='bbox 1061 2903 1348 2970; x_wconf 87' lang='lat' dir='ltr'><strong>habeatur,</strong></span> <span class='ocrx_word' id='word_1_423' title='bbox 1416 2903 1688 2972; x_wconf 87' lang='lat' dir='ltr'><strong>posterior</strong></span> <span class='ocrx_word' id='word_1_424' title='bbox 1739 2909 1843 2966; x_wconf 91' lang='lat' dir='ltr'><strong>est,</strong></span> <span class='ocrx_word' id='word_1_425' title='bbox 1895 2902 2038 2966; x_wconf 84' lang='lat' dir='ltr'><strong>itaC</strong></span> <span class='ocrx_word' id='word_1_426' title='bbox 2075 2906 2134 2950; x_wconf 89' lang='grc' dir='ltr'><strong>ιιι</strong></span> <span class='ocrx_word' id='word_1_427' title='bbox 2180 2898 2358 2968; x_wconf 78' lang='lat' dir='ltr'><strong>imago</strong></span> <span class='ocrx_word' id='word_1_428' title='bbox 2393 2917 2408 2954; x_wconf 93' lang='lat'><strong>:</strong></span> <span class='ocrx_word' id='word_1_429' title='bbox 2442 2900 2645 2956; x_wconf 79' lang='lat' dir='ltr'><strong>ideirco</strong></span> <span class='ocrx_word' id='word_1_430' title='bbox 2706 2918 2829 2958; x_wconf 90' lang='lat' dir='ltr'><strong>cum</strong></span> <span class='ocrx_word' id='word_1_431' title='bbox 2887 2916 3116 2974; x_wconf 73' lang='lat' dir='ltr'><strong>cognata</strong></span> <span class='ocrx_word' id='word_1_432' title='bbox 3149 2920 3327 2961; x_wconf 87' lang='lat' dir='ltr'><strong>mente</strong></span> <span class='ocrx_word' id='word_1_433' title='bbox 3355 2918 3522 2976; x_wconf 88' lang='lat' dir='ltr'><strong>atque</strong></span> <span class='ocrx_word' id='word_1_434' title='bbox 3565 2908 3653 2962; x_wconf 81' lang='lat' dir='ltr'><strong>in-</strong></span> 
     </span>
    </p>
   </div>
   <div class='ocr_carea' id='block_1_62' title="bbox 398 2979 1965 3066">
    <p class='ocr_par' dir='ltr' id='par_1_62' title="bbox 398 2979 1965 3066">
     <span class='ocr_line' id='line_1_62' title="bbox 398 2979 1965 3066; baseline -0.004 -17"><span class='ocrx_word' id='word_1_435' title='bbox 398 3006 661 3066; x_wconf 83' lang='lat' dir='ltr'><strong>quantum</strong></span> <span class='ocrx_word' id='word_1_436' title='bbox 706 2995 772 3050; x_wconf 86' lang='lat' dir='ltr'><strong>ad</strong></span> <span class='ocrx_word' id='word_1_437' title='bbox 812 2979 948 3050; x_wconf 66' lang='grc' dir='ltr'><strong>’ωυιί</strong></span> <span class='ocrx_word' id='word_1_438' title='bbox 1007 2994 1329 3063; x_wconf 67' lang='lat' dir='ltr'><strong>gravitatem</strong></span> <span class='ocrx_word' id='word_1_439' title='bbox 1395 3002 1558 3062; x_wconf 88' lang='lat' dir='ltr'><strong>atque</strong></span> <span class='ocrx_word' id='word_1_440' title='bbox 1610 2993 1965 3058; x_wconf 88' lang='lat' dir='ltr'><strong>atrocitatem,</strong></span> 
     </span>
    </p>
   </div>
   <div class='ocr_carea' id='block_1_63' title="bbox 403 3082 1968 3157">
    <p class='ocr_par' dir='ltr' id='par_1_63' title="bbox 403 3082 1968 3157">
     <span class='ocr_line' id='line_1_63' title="bbox 403 3082 1968 3157; baseline -0.002 -18"><span class='ocrx_word' id='word_1_441' title='bbox 403 3085 640 3157; x_wconf 88' lang='lat' dir='ltr'><strong>primum</strong></span> <span class='ocrx_word' id='word_1_442' title='bbox 692 3085 870 3139; x_wconf 89' lang='lat' dir='ltr'><strong>locum</strong></span> <span class='ocrx_word' id='word_1_443' title='bbox 931 3085 1036 3138; x_wconf 84' lang='lat' dir='ltr'><strong>sibi</strong></span> <span class='ocrx_word' id='word_1_444' title='bbox 1105 3084 1363 3140; x_wconf 90' lang='lat' dir='ltr'><strong>vindicat.</strong></span> <span class='ocrx_word' id='word_1_445' title='bbox 1427 3082 1740 3138; x_wconf 75' lang='lat' dir='ltr'><strong>Extremum</strong></span> <span class='ocrx_word' id='word_1_446' title='bbox 1805 3085 1968 3138; x_wconf 88' lang='lat' dir='ltr'><strong>etiam</strong></span> 
     </span>
    </p>
   </div>
   <div class='ocr_carea' id='block_1_64' title="bbox 405 3176 1970 3247">
    <p class='ocr_par' dir='ltr' id='par_1_64' title="bbox 405 3176 1970 3247">
     <span class='ocr_line' id='line_1_64' title="bbox 405 3176 1970 3247; baseline 0 -15"><span class='ocrx_word' id='word_1_447' title='bbox 405 3180 676 3232; x_wconf 88' lang='lat' dir='ltr'><strong>malorum</strong></span> <span class='ocrx_word' id='word_1_448' title='bbox 721 3176 829 3232; x_wconf 86' lang='lat' dir='ltr'><strong>diei</strong></span> <span class='ocrx_word' id='word_1_449' title='bbox 877 3187 1075 3247; x_wconf 90' lang='lat' dir='ltr'><strong>potest,</strong></span> <span class='ocrx_word' id='word_1_450' title='bbox 1115 3184 1174 3231; x_wconf 92' lang='lat' dir='ltr'><strong>ut</strong></span> <span class='ocrx_word' id='word_1_451' title='bbox 1220 3177 1343 3231; x_wconf 85' lang='lat' dir='ltr'><strong>linis</strong></span> <span class='ocrx_word' id='word_1_452' title='bbox 1375 3185 1429 3232; x_wconf 91' lang='lat' dir='ltr'><strong>et</strong></span> <span class='ocrx_word' id='word_1_453' title='bbox 1460 3177 1735 3242; x_wconf 84' lang='lat' dir='ltr'><strong>cumulus,</strong></span> <span class='ocrx_word' id='word_1_454' title='bbox 1764 3189 1817 3232; x_wconf 91' lang='lat' dir='ltr'><strong>et</strong></span> <span class='ocrx_word' id='word_1_455' title='bbox 1842 3178 1970 3247; x_wconf 84' lang='lat' dir='ltr'><strong>quia</strong></span> 
     </span>
    </p>
   </div>
   <div class='ocr_carea' id='block_1_65' title="bbox 401 3271 1970 3342">
    <p class='ocr_par' dir='ltr' id='par_1_65' title="bbox 401 3271 1970 3342">
     <span class='ocr_line' id='line_1_65' title="bbox 401 3271 1970 3342; baseline 0.001 -17"><span class='ocrx_word' id='word_1_456' title='bbox 401 3273 542 3325; x_wconf 83' lang='lat' dir='ltr'><strong>ultra</strong></span> <span class='ocrx_word' id='word_1_457' title='bbox 609 3286 727 3326; x_wconf 85' lang='lat' dir='ltr'><strong>eam</strong></span> <span class='ocrx_word' id='word_1_458' title='bbox 795 3271 1005 3325; x_wconf 91' lang='lat' dir='ltr'><strong>nullum</strong></span> <span class='ocrx_word' id='word_1_459' title='bbox 1058 3271 1205 3327; x_wconf 88' lang='lat' dir='ltr'><strong>aliud</strong></span> <span class='ocrx_word' id='word_1_460' title='bbox 1265 3271 1448 3326; x_wconf 84' lang='lat' dir='ltr'><strong>scelus</strong></span> <span class='ocrx_word' id='word_1_461' title='bbox 1506 3271 1752 3342; x_wconf 77' lang='lat' dir='ltr'><strong>progredi</strong></span> <span class='ocrx_word' id='word_1_462' title='bbox 1807 3278 1970 3341; x_wconf 88' lang='lat' dir='ltr'><strong>atque</strong></span> 
     </span>
    </p>
   </div>
   <div class='ocr_carea' id='block_1_66' title="bbox 397 3364 839 3434">
    <p class='ocr_par' dir='ltr' id='par_1_66' title="bbox 397 3364 839 3434">
     <span class='ocr_line' id='line_1_66' title="bbox 397 3364 839 3434; baseline 0.005 -17"><span class='ocrx_word' id='word_1_463' title='bbox 397 3364 612 3418; x_wconf 74' lang='lat' dir='ltr'><strong>extendi</strong></span> <span class='ocrx_word' id='word_1_464' title='bbox 641 3373 839 3434; x_wconf 90' lang='lat' dir='ltr'><strong>potest.</strong></span> 
     </span>
    </p>
   </div>
   <div class='ocr_carea' id='block_1_67' title="bbox 466 3454 1968 3526">
    <p class='ocr_par' dir='ltr' id='par_1_67' title="bbox 466 3454 1968 3526">
     <span class='ocr_line' id='line_1_67' title="bbox 466 3454 1968 3526; baseline 0.001 -19"><span class='ocrx_word' id='word_1_465' title='bbox 466 3454 713 3510; x_wconf 64' lang='lat' dir='ltr'><strong>Col.516</strong></span> <span class='ocrx_word' id='word_1_466' title='bbox 753 3456 818 3510; x_wconf 83' lang='grc' dir='ltr'><strong>Λ.</strong></span> <span class='ocrx_word' id='word_1_467' title='bbox 873 3456 1001 3521; x_wconf 79' lang='lat' dir='ltr'><strong>Qua:</strong></span> <span class='ocrx_word' id='word_1_468' title='bbox 1034 3457 1279 3526; x_wconf 84' lang='lat' dir='ltr'><strong>quoniam</strong></span> <span class='ocrx_word' id='word_1_469' title='bbox 1303 3456 1495 3526; x_wconf 72' lang='lat' dir='ltr'><strong>majus,</strong></span> <span class='ocrx_word' id='word_1_470' title='bbox 1528 3468 1636 3512; x_wconf 88' lang='lat' dir='ltr'><strong>clc.</strong></span> <span class='ocrx_word' id='word_1_471' title='bbox 1677 3455 1968 3522; x_wconf 88' lang='lat' dir='ltr'><strong>Quoniam,</strong></span> 
     </span>
    </p>
   </div>
   <div class='ocr_carea' id='block_1_68' title="bbox 401 3546 1968 3616">
    <p class='ocr_par' dir='ltr' id='par_1_68' title="bbox 401 3546 1968 3616">
     <span class='ocr_line' id='line_1_68' title="bbox 401 3546 1968 3616; baseline 0.001 -19"><span class='ocrx_word' id='word_1_472' title='bbox 401 3546 600 3615; x_wconf 87' lang='lat' dir='ltr'><strong>inquit,</strong></span> <span class='ocrx_word' id='word_1_473' title='bbox 638 3547 814 3614; x_wconf 80' lang='lat' dir='ltr'><strong>majus</strong></span> <span class='ocrx_word' id='word_1_474' title='bbox 844 3547 1105 3600; x_wconf 76' lang='lat' dir='ltr'><strong>auxilium</strong></span> <span class='ocrx_word' id='word_1_475' title='bbox 1151 3547 1456 3616; x_wconf 83' lang='lat' dir='ltr'><strong>requirebat</strong></span> <span class='ocrx_word' id='word_1_476' title='bbox 1490 3546 1726 3600; x_wconf 84' lang='lat' dir='ltr'><strong>humana</strong></span> <span class='ocrx_word' id='word_1_477' title='bbox 1753 3559 1968 3612; x_wconf 83' lang='lat' dir='ltr'><strong>nazura,</strong></span> 
     </span>
    </p>
   </div>
   <div class='ocr_carea' id='block_1_69' title="bbox 401 3637 1972 3708">
    <p class='ocr_par' dir='ltr' id='par_1_69' title="bbox 401 3637 1972 3708">
     <span class='ocr_line' id='line_1_69' title="bbox 401 3637 1972 3708; baseline -0.001 -17"><span class='ocrx_word' id='word_1_478' title='bbox 401 3647 582 3704; x_wconf 88' lang='lat' dir='ltr'><strong>utpote</strong></span> <span class='ocrx_word' id='word_1_479' title='bbox 623 3641 770 3706; x_wconf 77' lang='lat' dir='ltr'><strong>gravi</strong></span> <span class='ocrx_word' id='word_1_480' title='bbox 813 3637 1000 3690; x_wconf 84' lang='lat' dir='ltr'><strong>morbo</strong></span> <span class='ocrx_word' id='word_1_481' title='bbox 1024 3647 1291 3706; x_wconf 70' lang='lat' dir='ltr'><strong>correpta,</strong></span> <span class='ocrx_word' id='word_1_482' title='bbox 1336 3639 1512 3707; x_wconf 86' lang='lat' dir='ltr'><strong>majus</strong></span> <span class='ocrx_word' id='word_1_483' title='bbox 1539 3652 1756 3708; x_wconf 90' lang='lat' dir='ltr'><strong>quoque</strong></span> <span class='ocrx_word' id='word_1_484' title='bbox 1799 3638 1972 3691; x_wconf 88' lang='lat' dir='ltr'><strong>medi-</strong></span> 
     </span>
    </p>
   </div>
   <div class='ocr_carea' id='block_1_70' title="bbox 401 3727 1967 3783">
    <p class='ocr_par' dir='ltr' id='par_1_70' title="bbox 401 3727 1967 3783">
     <span class='ocr_line' id='line_1_70' title="bbox 401 3727 1967 3783; baseline 0.001 -3"><span class='ocrx_word' id='word_1_485' title='bbox 401 3739 712 3780; x_wconf 57' lang='lat' dir='ltr'><strong>camtntum</strong></span> <span class='ocrx_word' id='word_1_486' title='bbox 747 3735 800 3781; x_wconf 90' lang='lat' dir='ltr'><strong>et</strong></span> <span class='ocrx_word' id='word_1_487' title='bbox 847 3728 1109 3780; x_wconf 79' lang='lat' dir='ltr'><strong>auxilium</strong></span> <span class='ocrx_word' id='word_1_488' title='bbox 1140 3737 1224 3782; x_wconf 89' lang='lat' dir='ltr'><strong>est</strong></span> <span class='ocrx_word' id='word_1_489' title='bbox 1253 3738 1567 3783; x_wconf 89' lang='lat' dir='ltr'><strong>consecuta.</strong></span> <span class='ocrx_word' id='word_1_490' title='bbox 1599 3727 1735 3783; x_wconf 82' lang='lat' dir='ltr'><strong>illud</strong></span> <span class='ocrx_word' id='word_1_491' title='bbox 1787 3739 1967 3782; x_wconf 91' lang='lat' dir='ltr'><strong>autem</strong></span> 
     </span>
    </p>
   </div>
   <div class='ocr_carea' id='block_1_71' title="bbox 401 3817 1972 3890">
    <p class='ocr_par' dir='ltr' id='par_1_71' title="bbox 401 3817 1972 3890">
     <span class='ocr_line' id='line_1_71' title="bbox 401 3817 1972 3890; baseline 0.002 -19"><span class='ocrx_word' id='word_1_492' title='bbox 401 3827 540 3881; x_wconf 74' lang='lat' dir='ltr'><strong>erat,</strong></span> <span class='ocrx_word' id='word_1_493' title='bbox 573 3831 678 3872; x_wconf 90' lang='lat' dir='ltr'><strong>non</strong></span> <span class='ocrx_word' id='word_1_494' title='bbox 706 3817 954 3888; x_wconf 72' lang='lat' dir='ltr'><strong>angelus,</strong></span> <span class='ocrx_word' id='word_1_495' title='bbox 981 3833 1088 3872; x_wconf 89' lang='lat' dir='ltr'><strong>non</strong></span> <span class='ocrx_word' id='word_1_496' title='bbox 1108 3819 1296 3886; x_wconf 88' lang='lat' dir='ltr'><strong>homo,</strong></span> <span class='ocrx_word' id='word_1_497' title='bbox 1328 3820 1422 3874; x_wconf 88' lang='lat' dir='ltr'><strong>sed</strong></span> <span class='ocrx_word' id='word_1_498' title='bbox 1446 3819 1708 3875; x_wconf 90' lang='lat' dir='ltr'><strong>Dominus</strong></span> <span class='ocrx_word' id='word_1_499' title='bbox 1731 3820 1972 3890; x_wconf 86' lang='lat' dir='ltr'><strong>ipsc,qui</strong></span> 
     </span>
    </p>
   </div>
   <div class='ocr_carea' id='block_1_72' title="bbox 404 3909 2002 3982">
    <p class='ocr_par' dir='ltr' id='par_1_72' title="bbox 404 3909 2002 3982">
     <span class='ocr_line' id='line_1_72' title="bbox 404 3909 2002 3982; baseline 0.004 -20"><span class='ocrx_word' id='word_1_500' title='bbox 404 3909 637 3964; x_wconf 78' lang='lat' dir='ltr'><strong>Verbum</strong></span> <span class='ocrx_word' id='word_1_501' title='bbox 688 3909 906 3976; x_wconf 89' lang='lat' dir='ltr'><strong>dicitur,</strong></span> <span class='ocrx_word' id='word_1_502' title='bbox 974 3920 1034 3965; x_wconf 91' lang='lat' dir='ltr'><strong>ut</strong></span> <span class='ocrx_word' id='word_1_503' title='bbox 1103 3911 1234 3966; x_wconf 91' lang='lat' dir='ltr'><strong>illud</strong></span> <span class='ocrx_word' id='word_1_504' title='bbox 1294 3913 1647 3978; x_wconf 74' lang='lat' dir='ltr'><strong>ostendatur,</strong></span> <span class='ocrx_word' id='word_1_505' title='bbox 1688 3912 1835 3982; x_wconf 88' lang='lat' dir='ltr'><strong>quod</strong></span> <span class='ocrx_word' id='word_1_506' title='bbox 1904 3928 2002 3979; x_wconf 32' lang='lat' dir='ltr'><strong>ex,</strong></span> 
     </span>
    </p>
   </div>
   <div class='ocr_carea' id='block_1_73' title="bbox 399 4001 1970 4074">
    <p class='ocr_par' dir='ltr' id='par_1_73' title="bbox 399 4001 1970 4074">
     <span class='ocr_line' id='line_1_73' title="bbox 399 4001 1970 4074; baseline 0.004 -20"><span class='ocrx_word' id='word_1_507' title='bbox 399 4017 614 4055; x_wconf 88' lang='lat' dir='ltr'><strong>summa</strong></span> <span class='ocrx_word' id='word_1_508' title='bbox 663 4001 754 4056; x_wconf 88' lang='lat' dir='ltr'><strong>illa</strong></span> <span class='ocrx_word' id='word_1_509' title='bbox 807 4012 986 4057; x_wconf 87' lang='lat' dir='ltr'><strong>mente</strong></span> <span class='ocrx_word' id='word_1_510' title='bbox 1034 4003 1258 4072; x_wconf 85' lang='lat' dir='ltr'><strong>prodiit,</strong></span> <span class='ocrx_word' id='word_1_511' title='bbox 1292 4003 1436 4074; x_wconf 90' lang='lat' dir='ltr'><strong>quod</strong></span> <span class='ocrx_word' id='word_1_512' title='bbox 1471 4003 1755 4074; x_wconf 89' lang='lat' dir='ltr'><strong>impatibili</strong></span> <span class='ocrx_word' id='word_1_513' title='bbox 1809 4005 1970 4061; x_wconf 88' lang='lat' dir='ltr'><strong>modo</strong></span> 
     </span>
    </p>
   </div>
   <div class='ocr_carea' id='block_1_74' title="bbox 402 4095 1968 4167">
    <p class='ocr_par' dir='ltr' id='par_1_74' title="bbox 402 4095 1968 4167">
     <span class='ocr_line' id='line_1_74' title="bbox 402 4095 1968 4167; baseline 0.003 -20"><span class='ocrx_word' id='word_1_514' title='bbox 402 4095 722 4164; x_wconf 78' lang='lat' dir='ltr'><strong>progenitus</strong></span> <span class='ocrx_word' id='word_1_515' title='bbox 758 4103 877 4162; x_wconf 90' lang='lat' dir='ltr'><strong>est,</strong></span> <span class='ocrx_word' id='word_1_516' title='bbox 925 4096 1070 4165; x_wconf 89' lang='lat' dir='ltr'><strong>quod</strong></span> <span class='ocrx_word' id='word_1_517' title='bbox 1115 4095 1386 4153; x_wconf 87' lang='lat' dir='ltr'><strong>Geuitoris</strong></span> <span class='ocrx_word' id='word_1_518' title='bbox 1431 4097 1611 4167; x_wconf 79' lang='lat' dir='ltr'><strong>imago</strong></span> <span class='ocrx_word' id='word_1_519' title='bbox 1646 4106 1750 4163; x_wconf 90' lang='lat' dir='ltr'><strong>est,</strong></span> <span class='ocrx_word' id='word_1_520' title='bbox 1795 4105 1968 4152; x_wconf 89' lang='lat' dir='ltr'><strong>totum</strong></span> 
     </span>
    </p>
   </div>
   <div class='ocr_carea' id='block_1_75' title="bbox 396 4183 1969 4260">
    <p class='ocr_par' dir='ltr' id='par_1_75' title="bbox 396 4183 1969 4260">
     <span class='ocr_line' id='line_1_75' title="bbox 396 4183 1969 4260; baseline 0.003 -20"><span class='ocrx_word' id='word_1_521' title='bbox 396 4183 617 4240; x_wconf 76' lang='lat' dir='ltr'><strong>Patrem</strong></span> <span class='ocrx_word' id='word_1_522' title='bbox 667 4186 721 4239; x_wconf 92' lang='lat' dir='ltr'><strong>in</strong></span> <span class='ocrx_word' id='word_1_523' title='bbox 770 4186 952 4255; x_wconf 90' lang='lat' dir='ltr'><strong>seipso</strong></span> <span class='ocrx_word' id='word_1_524' title='bbox 1002 4187 1321 4254; x_wconf 90' lang='lat' dir='ltr'><strong>ostendens,</strong></span> <span class='ocrx_word' id='word_1_525' title='bbox 1353 4205 1416 4243; x_wconf 91' lang='lat' dir='ltr'><strong>ac</strong></span> <span class='ocrx_word' id='word_1_526' title='bbox 1449 4189 1721 4260; x_wconf 80' lang='lat' dir='ltr'><strong>perfectus</strong></span> <span class='ocrx_word' id='word_1_527' title='bbox 1766 4204 1862 4260; x_wconf 89' lang='lat' dir='ltr'><strong>per</strong></span> <span class='ocrx_word' id='word_1_528' title='bbox 1909 4205 1969 4245; x_wconf 89' lang='lat' dir='ltr'><strong>se</strong></span> 
     </span>
    </p>
   </div>
   <div class='ocr_carea' id='block_1_76' title="bbox 399 4278 1964 4350">
    <p class='ocr_par' dir='ltr' id='par_1_76' title="bbox 399 4278 1964 4350">
     <span class='ocr_line' id='line_1_76' title="bbox 399 4278 1964 4350; baseline 0.002 -18"><span class='ocrx_word' id='word_1_529' title='bbox 399 4278 753 4340; x_wconf 80' lang='lat' dir='ltr'><strong>exsisteus“,</strong></span> <span class='ocrx_word' id='word_1_530' title='bbox 776 4278 991 4334; x_wconf 67' lang='lat' dir='ltr'><strong>satculis</strong></span> <span class='ocrx_word' id='word_1_531' title='bbox 1027 4280 1196 4348; x_wconf 89' lang='lat' dir='ltr'><strong>prior,</strong></span> <span class='ocrx_word' id='word_1_532' title='bbox 1230 4295 1325 4350; x_wconf 88' lang='lat' dir='ltr'><strong>per</strong></span> <span class='ocrx_word' id='word_1_533' title='bbox 1355 4296 1515 4350; x_wconf 89' lang='lat' dir='ltr'><strong>quem</strong></span> <span class='ocrx_word' id='word_1_534' title='bbox 1552 4282 1719 4336; x_wconf 90' lang='lat' dir='ltr'><strong>etiam</strong></span> <span class='ocrx_word' id='word_1_535' title='bbox 1765 4284 1964 4335; x_wconf 69' lang='lat' dir='ltr'><strong>saecula</strong></span> 
     </span>
    </p>
   </div>
   <div class='ocr_carea' id='block_1_77' title="bbox 396 4369 1964 4438">
    <p class='ocr_par' dir='ltr' id='par_1_77' title="bbox 396 4369 1964 4438">
     <span class='ocr_line' id='line_1_77' title="bbox 396 4369 1964 4438; baseline 0.003 -14"><span class='ocrx_word' id='word_1_536' title='bbox 396 4369 560 4428; x_wconf 81' lang='lat' dir='ltr'><strong>Pater</strong></span> <span class='ocrx_word' id='word_1_537' title='bbox 604 4370 750 4428; x_wconf 81' lang='lat' dir='ltr'><strong>fecit.</strong></span> <span class='ocrx_word' id='word_1_538' title='bbox 784 4371 1096 4438; x_wconf 86' lang='lat' dir='ltr'><strong>Invisibilis,</strong></span> <span class='ocrx_word' id='word_1_539' title='bbox 1123 4381 1180 4427; x_wconf 87' lang='lat' dir='ltr'><strong>ut</strong></span> <span class='ocrx_word' id='word_1_540' title='bbox 1211 4374 1355 4428; x_wconf 87' lang='lat' dir='ltr'><strong>Deus</strong></span> <span class='ocrx_word' id='word_1_541' title='bbox 1396 4391 1409 4427; x_wconf 91' lang='lat'><strong>:</strong></span> <span class='ocrx_word' id='word_1_542' title='bbox 1446 4372 1610 4427; x_wconf 83' lang='lat' dir='ltr'><strong>Deum</strong></span> <span class='ocrx_word' id='word_1_543' title='bbox 1639 4375 1784 4428; x_wconf 87' lang='lat' dir='ltr'><strong>enim</strong></span> <span class='ocrx_word' id='word_1_544' title='bbox 1815 4392 1964 4429; x_wconf 84' lang='lat' dir='ltr'><strong>nemo</strong></span> 
     </span>
    </p>
   </div>
   <div class='ocr_carea' id='block_1_78' title="bbox 397 4461 1964 4536">
    <p class='ocr_par' dir='ltr' id='par_1_78' title="bbox 397 4461 1964 4536">
     <span class='ocr_line' id='line_1_78' title="bbox 397 4461 1964 4536; baseline 0.003 -20"><span class='ocrx_word' id='word_1_545' title='bbox 397 4463 531 4516; x_wconf 76' lang='lat' dir='ltr'><strong>vidit</strong></span> <span class='ocrx_word' id='word_1_546' title='bbox 572 4461 897 4534; x_wconf 81' lang='lat' dir='ltr'><strong>unquam“,</strong></span> <span class='ocrx_word' id='word_1_547' title='bbox 928 4464 1030 4519; x_wconf 85' lang='lat' dir='ltr'><strong>hoc</strong></span> <span class='ocrx_word' id='word_1_548' title='bbox 1083 4476 1165 4520; x_wconf 82' lang='lat' dir='ltr'><strong>est</strong></span> <span class='ocrx_word' id='word_1_549' title='bbox 1213 4463 1308 4519; x_wconf 90' lang='lat' dir='ltr'><strong>Dei</strong></span> <span class='ocrx_word' id='word_1_550' title='bbox 1340 4472 1612 4520; x_wconf 89' lang='lat' dir='ltr'><strong>naturam.</strong></span> <span class='ocrx_word' id='word_1_551' title='bbox 1651 4465 1724 4519; x_wconf 81' lang='lat' dir='ltr'><strong>Ex</strong></span> <span class='ocrx_word' id='word_1_552' title='bbox 1758 4468 1964 4536; x_wconf 84' lang='lat' dir='ltr'><strong>princi-</strong></span> 
     </span>
    </p>
   </div>
   <div class='ocr_carea' id='block_1_79' title="bbox 399 4556 1965 4628">
    <p class='ocr_par' dir='ltr' id='par_1_79' title="bbox 399 4556 1965 4628">
     <span class='ocr_line' id='line_1_79' title="bbox 399 4556 1965 4628; baseline 0.003 -18"><span class='ocrx_word' id='word_1_553' title='bbox 399 4557 490 4628; x_wconf 88' lang='lat' dir='ltr'><strong>pio</strong></span> <span class='ocrx_word' id='word_1_554' title='bbox 518 4557 841 4627; x_wconf 89' lang='lat' dir='ltr'><strong>principium</strong></span> <span class='ocrx_word' id='word_1_555' title='bbox 867 4573 881 4611; x_wconf 87' lang='lat'><strong>:</strong></span> <span class='ocrx_word' id='word_1_556' title='bbox 905 4571 969 4612; x_wconf 77' lang='lat' dir='ltr'><strong>ex</strong></span> <span class='ocrx_word' id='word_1_557' title='bbox 1000 4556 1158 4613; x_wconf 84' lang='lat' dir='ltr'><strong>Patre</strong></span> <span class='ocrx_word' id='word_1_558' title='bbox 1182 4557 1351 4624; x_wconf 88' lang='lat' dir='ltr'><strong>enim,</strong></span> <span class='ocrx_word' id='word_1_559' title='bbox 1380 4557 1474 4626; x_wconf 90' lang='lat' dir='ltr'><strong>qui</strong></span> <span class='ocrx_word' id='word_1_560' title='bbox 1503 4557 1747 4614; x_wconf 85' lang='lat' dir='ltr'><strong>omnium</strong></span> <span class='ocrx_word' id='word_1_561' title='bbox 1781 4575 1965 4614; x_wconf 89' lang='lat' dir='ltr'><strong>rerum</strong></span> 
     </span>
    </p>
   </div>
   <div class='ocr_carea' id='block_1_80' title="bbox 396 4647 1964 4721">
    <p class='ocr_par' dir='ltr' id='par_1_80' title="bbox 396 4647 1964 4721">
     <span class='ocr_line' id='line_1_80' title="bbox 396 4647 1964 4721; baseline 0.001 -18"><span class='ocrx_word' id='word_1_562' title='bbox 396 4649 724 4721; x_wconf 87' lang='lat' dir='ltr'><strong>principium</strong></span> <span class='ocrx_word' id='word_1_563' title='bbox 752 4658 856 4714; x_wconf 89' lang='lat' dir='ltr'><strong>est,</strong></span> <span class='ocrx_word' id='word_1_564' title='bbox 893 4659 949 4704; x_wconf 91' lang='lat' dir='ltr'><strong>ut</strong></span> <span class='ocrx_word' id='word_1_565' title='bbox 984 4663 1170 4704; x_wconf 91' lang='lat' dir='ltr'><strong>causa.</strong></span> <span class='ocrx_word' id='word_1_566' title='bbox 1197 4649 1266 4702; x_wconf 85' lang='lat' dir='ltr'><strong>At</strong></span> <span class='ocrx_word' id='word_1_567' title='bbox 1295 4647 1464 4703; x_wconf 83' lang='lat' dir='ltr'><strong>Filius</strong></span> <span class='ocrx_word' id='word_1_568' title='bbox 1489 4651 1816 4720; x_wconf 86' lang='lat' dir='ltr'><strong>principiqu</strong></span> <span class='ocrx_word' id='word_1_569' title='bbox 1861 4661 1964 4718; x_wconf 82' lang='lat' dir='ltr'><strong>est,</strong></span> 
     </span>
    </p>
   </div>
   <div class='ocr_carea' id='block_1_81' title="bbox 398 4739 1965 4813">
    <p class='ocr_par' dir='ltr' id='par_1_81' title="bbox 398 4739 1965 4813">
     <span class='ocr_line' id='line_1_81' title="bbox 398 4739 1965 4813; baseline 0.001 -16"><span class='ocrx_word' id='word_1_570' title='bbox 398 4751 459 4797; x_wconf 90' lang='lat' dir='ltr'><strong>ut</strong></span> <span class='ocrx_word' id='word_1_571' title='bbox 496 4757 658 4797; x_wconf 86' lang='lat' dir='ltr'><strong>causa</strong></span> <span class='ocrx_word' id='word_1_572' title='bbox 689 4743 976 4812; x_wconf 86' lang='lat' dir='ltr'><strong>adjuvans.</strong></span> <span class='ocrx_word' id='word_1_573' title='bbox 999 4740 1152 4795; x_wconf 89' lang='lat' dir='ltr'><strong>Unde</strong></span> <span class='ocrx_word' id='word_1_574' title='bbox 1173 4752 1224 4795; x_wconf 92' lang='lat' dir='ltr'><strong>et</strong></span> <span class='ocrx_word' id='word_1_575' title='bbox 1240 4739 1308 4795; x_wconf 90' lang='lat' dir='ltr'><strong>ad</strong></span> <span class='ocrx_word' id='word_1_576' title='bbox 1327 4739 1540 4795; x_wconf 88' lang='lat' dir='ltr'><strong>Patrem</strong></span> <span class='ocrx_word' id='word_1_577' title='bbox 1561 4743 1635 4795; x_wconf 90' lang='lat' dir='ltr'><strong>ait</strong></span> <span class='ocrx_word' id='word_1_578' title='bbox 1656 4740 1926 4813; x_wconf 89' lang='lat' dir='ltr'><strong>Propheta</strong></span> <span class='ocrx_word' id='word_1_579' title='bbox 1948 4761 1965 4803; x_wconf 83' lang='lat'><strong>;</strong></span> 
     </span>
    </p>
   </div>
   <div class='ocr_carea' id='block_1_82' title="bbox 400 4832 1960 4903">
    <p class='ocr_par' dir='ltr' id='par_1_82' title="bbox 400 4832 1960 4903">
     <span class='ocr_line' id='line_1_82' title="bbox 400 4832 1960 4903; baseline 0 -14"><span class='ocrx_word' id='word_1_580' title='bbox 400 4837 584 4889; x_wconf 80' lang='lat' dir='ltr'><strong>Tecum</strong></span> <span class='ocrx_word' id='word_1_581' title='bbox 615 4834 929 4903; x_wconf 66' lang='lat' dir='ltr'><strong>principium</strong></span> <span class='ocrx_word' id='word_1_582' title='bbox 950 4833 1016 4899; x_wconf 78' lang='lat'><strong>&quot;&#39;,</strong></span> <span class='ocrx_word' id='word_1_583' title='bbox 1047 4842 1152 4887; x_wconf 89' lang='lat' dir='ltr'><strong>ete.</strong></span> <span class='ocrx_word' id='word_1_584' title='bbox 1179 4832 1257 4886; x_wconf 70' lang='lat' dir='ltr'><strong>Ex</strong></span> <span class='ocrx_word' id='word_1_585' title='bbox 1285 4833 1488 4888; x_wconf 85' lang='lat' dir='ltr'><strong>lumine</strong></span> <span class='ocrx_word' id='word_1_586' title='bbox 1521 4832 1702 4888; x_wconf 90' lang='lat' dir='ltr'><strong>lumen</strong></span> <span class='ocrx_word' id='word_1_587' title='bbox 1731 4849 1748 4889; x_wconf 83' lang='lat'><strong>:</strong></span> <span class='ocrx_word' id='word_1_588' title='bbox 1782 4834 1960 4889; x_wconf 89' lang='lat' dir='ltr'><strong>lumen</strong></span> 
     </span>
    </p>
   </div>
   <div class='ocr_carea' id='block_1_83' title="bbox 394 4925 1964 4996">
    <p class='ocr_par' dir='ltr' id='par_1_83' title="bbox 394 4925 1964 4996">
     <span class='ocr_line' id='line_1_83' title="bbox 394 4925 1964 4996; baseline 0 -14"><span class='ocrx_word' id='word_1_589' title='bbox 394 4926 557 4982; x_wconf 86' lang='lat' dir='ltr'><strong>Pater</strong></span> <span class='ocrx_word' id='word_1_590' title='bbox 604 4935 706 4982; x_wconf 85' lang='lat' dir='ltr'><strong>est.</strong></span> <span class='ocrx_word' id='word_1_591' title='bbox 738 4925 880 4981; x_wconf 75' lang='lat' dir='ltr'><strong>Deus</strong></span> <span class='ocrx_word' id='word_1_592' title='bbox 912 4925 1081 4990; x_wconf 88' lang='lat' dir='ltr'><strong>enim,</strong></span> <span class='ocrx_word' id='word_1_593' title='bbox 1110 4925 1325 4994; x_wconf 82' lang='lat' dir='ltr'><strong>inquit,</strong></span> <span class='ocrx_word' id='word_1_594' title='bbox 1373 4926 1470 4980; x_wconf 75' lang='lat' dir='ltr'><strong>tua:</strong></span> <span class='ocrx_word' id='word_1_595' title='bbox 1519 4927 1678 4982; x_wconf 72' lang='lat' dir='ltr'><strong>est“.</strong></span> <span class='ocrx_word' id='word_1_596' title='bbox 1711 4926 1788 4981; x_wconf 81' lang='lat' dir='ltr'><strong>Ex</strong></span> <span class='ocrx_word' id='word_1_597' title='bbox 1845 4927 1964 4996; x_wconf 88' lang='lat' dir='ltr'><strong>ipso</strong></span> 
     </span>
    </p>
   </div>
   <div class='ocr_carea' id='block_1_84' title="bbox 392 5017 1963 5090">
    <p class='ocr_par' dir='ltr' id='par_1_84' title="bbox 392 5017 1963 5090">
     <span class='ocr_line' id='line_1_84' title="bbox 392 5017 1963 5090; baseline 0 -18"><span class='ocrx_word' id='word_1_598' title='bbox 392 5033 572 5074; x_wconf 87' lang='lat' dir='ltr'><strong>autem</strong></span> <span class='ocrx_word' id='word_1_599' title='bbox 623 5020 802 5074; x_wconf 90' lang='lat' dir='ltr'><strong>lumen</strong></span> <span class='ocrx_word' id='word_1_600' title='bbox 845 5029 926 5073; x_wconf 84' lang='lat' dir='ltr'><strong>cst</strong></span> <span class='ocrx_word' id='word_1_601' title='bbox 979 5017 1185 5072; x_wconf 83' lang='lat' dir='ltr'><strong>Filius:</strong></span> <span class='ocrx_word' id='word_1_602' title='bbox 1217 5017 1329 5088; x_wconf 82' lang='lat' dir='ltr'><strong>Ego</strong></span> <span class='ocrx_word' id='word_1_603' title='bbox 1376 5019 1547 5086; x_wconf 89' lang='lat' dir='ltr'><strong>enim,</strong></span> <span class='ocrx_word' id='word_1_604' title='bbox 1589 5019 1784 5090; x_wconf 87' lang='lat' dir='ltr'><strong>inquit,</strong></span> <span class='ocrx_word' id='word_1_605' title='bbox 1841 5035 1963 5072; x_wconf 79' lang='lat' dir='ltr'><strong>sum</strong></span> 
     </span>
    </p>
   </div>
   <div class='ocr_carea' id='block_1_85' title="bbox 392 5111 1962 5180">
    <p class='ocr_par' dir='ltr' id='par_1_85' title="bbox 392 5111 1962 5180">
     <span class='ocr_line' id='line_1_85' title="bbox 392 5111 1962 5180; baseline -0.001 -15"><span class='ocrx_word' id='word_1_606' title='bbox 392 5113 488 5165; x_wconf 76' lang='lat' dir='ltr'><strong>lux</strong></span> <span class='ocrx_word' id='word_1_607' title='bbox 522 5115 702 5171; x_wconf 80' lang='lat' dir='ltr'><strong>mundi</strong></span> <span class='ocrx_word' id='word_1_608' title='bbox 729 5113 796 5166; x_wconf 52' lang='grc' dir='ltr'><strong>κ’.</strong></span> <span class='ocrx_word' id='word_1_609' title='bbox 829 5111 976 5168; x_wconf 87' lang='lat' dir='ltr'><strong>Fons</strong></span> <span class='ocrx_word' id='word_1_610' title='bbox 1008 5113 1132 5168; x_wconf 71' lang='lat' dir='ltr'><strong>vita:</strong></span> <span class='ocrx_word' id='word_1_611' title='bbox 1172 5124 1224 5168; x_wconf 92' lang='lat' dir='ltr'><strong>et</strong></span> <span class='ocrx_word' id='word_1_612' title='bbox 1256 5112 1699 5175; x_wconf 90' lang='lat' dir='ltr'><strong>immortalitatis,</strong></span> <span class='ocrx_word' id='word_1_613' title='bbox 1738 5119 1962 5180; x_wconf 75' lang='lat' dir='ltr'><strong>prripter</strong></span> 
     </span>
    </p>
   </div>
   <div class='ocr_carea' id='block_1_86' title="bbox 392 5204 1961 5275">
    <p class='ocr_par' dir='ltr' id='par_1_86' title="bbox 392 5204 1961 5275">
     <span class='ocr_line' id='line_1_86' title="bbox 392 5204 1961 5275; baseline 0.001 -20"><span class='ocrx_word' id='word_1_614' title='bbox 392 5205 807 5273; x_wconf 84' lang='lat' dir='ltr'><strong>perennitatem,</strong></span> <span class='ocrx_word' id='word_1_615' title='bbox 836 5216 890 5260; x_wconf 90' lang='lat' dir='ltr'><strong>et</strong></span> <span class='ocrx_word' id='word_1_616' title='bbox 920 5206 1052 5275; x_wconf 88' lang='lat' dir='ltr'><strong>quia</strong></span> <span class='ocrx_word' id='word_1_617' title='bbox 1099 5220 1163 5260; x_wconf 80' lang='lat' dir='ltr'><strong>ex</strong></span> <span class='ocrx_word' id='word_1_618' title='bbox 1205 5205 1326 5275; x_wconf 86' lang='lat' dir='ltr'><strong>ipso</strong></span> <span class='ocrx_word' id='word_1_619' title='bbox 1360 5206 1426 5260; x_wconf 88' lang='lat' dir='ltr'><strong>ad</strong></span> <span class='ocrx_word' id='word_1_620' title='bbox 1471 5220 1562 5260; x_wconf 88' lang='lat' dir='ltr'><strong>res</strong></span> <span class='ocrx_word' id='word_1_621' title='bbox 1610 5219 1802 5259; x_wconf 91' lang='lat' dir='ltr'><strong>omnes</strong></span> <span class='ocrx_word' id='word_1_622' title='bbox 1853 5204 1961 5257; x_wconf 88' lang='lat' dir='ltr'><strong>vita</strong></span> 
     </span>
    </p>
   </div>
   <div class='ocr_carea' id='block_1_87' title="bbox 390 5295 1959 5368">
    <p class='ocr_par' dir='ltr' id='par_1_87' title="bbox 390 5295 1959 5368">
     <span class='ocr_line' id='line_1_87' title="bbox 390 5295 1959 5368; baseline 0.001 -20"><span class='ocrx_word' id='word_1_623' title='bbox 390 5295 654 5354; x_wconf 84' lang='lat' dir='ltr'><strong>dimanat.</strong></span> <span class='ocrx_word' id='word_1_624' title='bbox 713 5297 1004 5368; x_wconf 78' lang='lat' dir='ltr'><strong>Archetypi</strong></span> <span class='ocrx_word' id='word_1_625' title='bbox 1067 5298 1384 5367; x_wconf 78' lang='lat' dir='ltr'><strong>expressio,</strong></span> <span class='ocrx_word' id='word_1_626' title='bbox 1444 5297 1621 5353; x_wconf 91' lang='lat' dir='ltr'><strong>Patris</strong></span> <span class='ocrx_word' id='word_1_627' title='bbox 1671 5296 1959 5351; x_wconf 90' lang='lat' dir='ltr'><strong>immotum</strong></span> 
     </span>
    </p>
   </div>
   <div class='ocr_carea' id='block_1_88' title="bbox 391 5387 1957 5463">
    <p class='ocr_par' dir='ltr' id='par_1_88' title="bbox 391 5387 1957 5463">
     <span class='ocr_line' id='line_1_88' title="bbox 391 5387 1957 5463; baseline 0.003 -20"><span class='ocrx_word' id='word_1_628' title='bbox 391 5387 652 5459; x_wconf 76' lang='lat' dir='ltr'><strong>sigillum,</strong></span> <span class='ocrx_word' id='word_1_629' title='bbox 684 5389 787 5445; x_wconf 87' lang='lat' dir='ltr'><strong>hoc</strong></span> <span class='ocrx_word' id='word_1_630' title='bbox 814 5395 922 5456; x_wconf 86' lang='grc' dir='ltr'>εει,</span> <span class='ocrx_word' id='word_1_631' title='bbox 962 5405 1149 5444; x_wconf 86' lang='lat' dir='ltr'><strong>verum</strong></span> <span class='ocrx_word' id='word_1_632' title='bbox 1187 5392 1520 5463; x_wconf 88' lang='lat' dir='ltr'><strong>minimeque</strong></span> <span class='ocrx_word' id='word_1_633' title='bbox 1570 5392 1957 5448; x_wconf 84' lang='lat' dir='ltr'><strong>adulteratum.</strong></span> 
     </span>
    </p>
   </div>
   <div class='ocr_carea' id='block_1_89' title="bbox 457 5547 850 5616">
    <p class='ocr_par' dir='ltr' id='par_1_89' title="bbox 457 5547 850 5616">
     <span class='ocr_line' id='line_1_89' title="bbox 457 5547 850 5616; baseline 0.008 -12"><span class='ocrx_word' id='word_1_634' title='bbox 457 5549 502 5580; x_wconf 77' lang='lat'>&quot;</span> <span class='ocrx_word' id='word_1_635' title='bbox 534 5547 692 5606; x_wconf 86' lang='lat' dir='ltr'><strong>ilebr.</strong></span> <span class='ocrx_word' id='word_1_636' title='bbox 732 5565 771 5616; x_wconf 85' lang='grc' dir='ltr'><strong>ι,</strong></span> <span class='ocrx_word' id='word_1_637' title='bbox 796 5552 850 5607; x_wconf 82' lang='grc'><strong>5.</strong></span> 
     </span>
    </p>
   </div>
   <div class='ocr_carea' id='block_1_90' title="bbox 2073 2988 3644 3070">
    <p class='ocr_par' dir='ltr' id='par_1_90' title="bbox 2073 2988 3644 3070">
     <span class='ocr_line' id='line_1_90' title="bbox 2073 2988 3644 3070; baseline 0.009 -29"><span class='ocrx_word' id='word_1_638' title='bbox 2073 2988 2366 3044; x_wconf 85' lang='lat' dir='ltr'><strong>tellectuaii</strong></span> <span class='ocrx_word' id='word_1_639' title='bbox 2410 2994 2592 3047; x_wconf 83' lang='lat' dir='ltr'><strong>anima</strong></span> <span class='ocrx_word' id='word_1_640' title='bbox 2653 2993 2747 3049; x_wconf 86' lang='lat' dir='ltr'><strong>Dei</strong></span> <span class='ocrx_word' id='word_1_641' title='bbox 2793 3006 2990 3052; x_wconf 90' lang='lat' dir='ltr'><strong>natura</strong></span> <span class='ocrx_word' id='word_1_642' title='bbox 3042 2998 3415 3069; x_wconf 79' lang='lat' dir='ltr'><strong>conjungitur,</strong></span> <span class='ocrx_word' id='word_1_643' title='bbox 3473 3009 3644 3070; x_wconf 87' lang='lat' dir='ltr'><strong>atque</strong></span> 
     </span>
    </p>
   </div>
   <div class='ocr_carea' id='block_1_91' title="bbox 2072 3077 3643 3164">
    <p class='ocr_par' dir='ltr' id='par_1_91' title="bbox 2072 3077 3643 3164">
     <span class='ocr_line' id='line_1_91' title="bbox 2072 3077 3643 3164; baseline 0.004 -25"><span class='ocrx_word' id='word_1_644' title='bbox 2072 3085 2224 3142; x_wconf 89' lang='lat' dir='ltr'><strong>illinc</strong></span> <span class='ocrx_word' id='word_1_645' title='bbox 2245 3101 2370 3144; x_wconf 90' lang='lat' dir='ltr'><strong>cum</strong></span> <span class='ocrx_word' id='word_1_646' title='bbox 2415 3105 2678 3162; x_wconf 84' lang='lat' dir='ltr'><strong>corporea</strong></span> <span class='ocrx_word' id='word_1_647' title='bbox 2718 3094 2859 3148; x_wconf 91' lang='lat' dir='ltr'><strong>mole</strong></span> <span class='ocrx_word' id='word_1_648' title='bbox 2905 3077 3220 3148; x_wconf 88' lang='lat' dir='ltr'><strong>societatem</strong></span> <span class='ocrx_word' id='word_1_649' title='bbox 3259 3094 3380 3159; x_wconf 89' lang='lat' dir='ltr'><strong>init,</strong></span> <span class='ocrx_word' id='word_1_650' title='bbox 3427 3109 3491 3148; x_wconf 88' lang='lat' dir='ltr'><strong>ac</strong></span> <span class='ocrx_word' id='word_1_651' title='bbox 3547 3110 3643 3164; x_wconf 84' lang='lat' dir='ltr'><strong>per</strong></span> 
     </span>
    </p>
   </div>
   <div class='ocr_carea' id='block_1_92' title="bbox 2071 3179 3641 3252">
    <p class='ocr_par' dir='ltr' id='par_1_92' title="bbox 2071 3179 3641 3252">
     <span class='ocr_line' id='line_1_92' title="bbox 2071 3179 3641 3252; baseline 0.007 -22"><span class='ocrx_word' id='word_1_652' title='bbox 2071 3179 2256 3234; x_wconf 88' lang='lat' dir='ltr'><strong>omnia</strong></span> <span class='ocrx_word' id='word_1_653' title='bbox 2305 3179 2497 3249; x_wconf 90' lang='lat' dir='ltr'><strong>plenus</strong></span> <span class='ocrx_word' id='word_1_654' title='bbox 2543 3191 2598 3237; x_wconf 91' lang='lat' dir='ltr'><strong>et</strong></span> <span class='ocrx_word' id='word_1_655' title='bbox 2649 3182 2922 3252; x_wconf 82' lang='lat' dir='ltr'><strong>perfectus</strong></span> <span class='ocrx_word' id='word_1_656' title='bbox 2967 3186 3128 3239; x_wconf 90' lang='lat' dir='ltr'><strong>homo</strong></span> <span class='ocrx_word' id='word_1_657' title='bbox 3153 3183 3400 3252; x_wconf 77' lang='lat' dir='ltr'><strong>efﬁcitur,</strong></span> <span class='ocrx_word' id='word_1_658' title='bbox 3450 3187 3641 3241; x_wconf 81' lang='lat' dir='ltr'><strong>iisdem</strong></span> 
     </span>
    </p>
   </div>
   <div class='ocr_carea' id='block_1_93' title="bbox 2071 3266 3645 3346">
    <p class='ocr_par' dir='ltr' id='par_1_93' title="bbox 2071 3266 3645 3346">
     <span class='ocr_line' id='line_1_93' title="bbox 2071 3266 3645 3346; baseline 0.006 -26"><span class='ocrx_word' id='word_1_659' title='bbox 2071 3266 2354 3324; x_wconf 73' lang='lat' dir='ltr'><strong>all‘ectibus</strong></span> <span class='ocrx_word' id='word_1_660' title='bbox 2375 3271 2878 3342; x_wconf 75' lang='lat' dir='ltr'><strong>obnoxius,quibus</strong></span> <span class='ocrx_word' id='word_1_661' title='bbox 2907 3275 3084 3329; x_wconf 56' lang='lat' dir='ltr'><strong>exteri</strong></span> <span class='ocrx_word' id='word_1_662' title='bbox 3108 3276 3390 3340; x_wconf 88' lang='lat' dir='ltr'><strong>mortales,</strong></span> <span class='ocrx_word' id='word_1_663' title='bbox 3417 3287 3645 3346; x_wconf 82' lang='lat' dir='ltr'><strong>excepto</strong></span> 
     </span>
    </p>
   </div>
   <div class='ocr_carea' id='block_1_94' title="bbox 2071 3361 3643 3428">
    <p class='ocr_par' dir='ltr' id='par_1_94' title="bbox 2071 3361 3643 3428">
     <span class='ocr_line' id='line_1_94' title="bbox 2071 3361 3643 3428; baseline 0.005 -14"><span class='ocrx_word' id='word_1_664' title='bbox 2071 3371 2320 3428; x_wconf 89' lang='lat' dir='ltr'><strong>peccato.</strong></span> <span class='ocrx_word' id='word_1_665' title='bbox 2364 3361 2566 3420; x_wconf 88' lang='lat' dir='ltr'><strong>Omnes</strong></span> <span class='ocrx_word' id='word_1_666' title='bbox 2612 3365 2758 3419; x_wconf 88' lang='lat' dir='ltr'><strong>enim</strong></span> <span class='ocrx_word' id='word_1_667' title='bbox 2793 3364 3020 3420; x_wconf 71' lang='lat' dir='ltr'><strong>affectus</strong></span> <span class='ocrx_word' id='word_1_668' title='bbox 3077 3368 3356 3421; x_wconf 82' lang='lat' dir='ltr'><strong>naturales</strong></span> <span class='ocrx_word' id='word_1_669' title='bbox 3385 3374 3444 3421; x_wconf 90' lang='lat' dir='ltr'><strong>et</strong></span> <span class='ocrx_word' id='word_1_670' title='bbox 3477 3382 3508 3421; x_wconf 86' lang='lat' dir='ltr'><strong>a</strong></span> <span class='ocrx_word' id='word_1_671' title='bbox 3558 3385 3643 3422; x_wconf 80' lang='lat' dir='ltr'><strong>re-</strong></span> 
     </span>
    </p>
   </div>
   <div class='ocr_carea' id='block_1_95' title="bbox 2073 3450 3644 3528">
    <p class='ocr_par' dir='ltr' id='par_1_95' title="bbox 2073 3450 3644 3528">
     <span class='ocr_line' id='line_1_95' title="bbox 2073 3450 3644 3528; baseline 0.007 -26"><span class='ocrx_word' id='word_1_672' title='bbox 2073 3450 2440 3518; x_wconf 83' lang='lat' dir='ltr'><strong>prehensione</strong></span> <span class='ocrx_word' id='word_1_673' title='bbox 2493 3470 2694 3510; x_wconf 89' lang='lat' dir='ltr'><strong>vacuos</strong></span> <span class='ocrx_word' id='word_1_674' title='bbox 2745 3458 3052 3523; x_wconf 79' lang='lat' dir='ltr'><strong>amplexus,</strong></span> <span class='ocrx_word' id='word_1_675' title='bbox 3110 3466 3390 3526; x_wconf 87' lang='lat' dir='ltr'><strong>peccatum</strong></span> <span class='ocrx_word' id='word_1_676' title='bbox 3435 3474 3644 3528; x_wconf 81' lang='lat' dir='ltr'><strong>nequa-</strong></span> 
     </span>
    </p>
   </div>
   <div class='ocr_carea' id='block_1_96' title="bbox 2073 3544 3642 3616">
    <p class='ocr_par' dir='ltr' id='par_1_96' title="bbox 2073 3544 3642 3616">
     <span class='ocr_line' id='line_1_96' title="bbox 2073 3544 3642 3616; baseline 0.006 -22"><span class='ocrx_word' id='word_1_677' title='bbox 2073 3557 2236 3610; x_wconf 82' lang='lat' dir='ltr'><strong>quam</strong></span> <span class='ocrx_word' id='word_1_678' title='bbox 2272 3544 2555 3614; x_wconf 64' lang='lat' dir='ltr'><strong>amplexus</strong></span> <span class='ocrx_word' id='word_1_679' title='bbox 2596 3555 2700 3612; x_wconf 84' lang='lat' dir='ltr'><strong>est,</strong></span> <span class='ocrx_word' id='word_1_680' title='bbox 2760 3557 2944 3616; x_wconf 89' lang='lat' dir='ltr'><strong>utpote</strong></span> <span class='ocrx_word' id='word_1_681' title='bbox 2981 3563 3013 3602; x_wconf 85' lang='lat' dir='ltr'><strong>a</strong></span> <span class='ocrx_word' id='word_1_682' title='bbox 3041 3557 3238 3602; x_wconf 86' lang='lat' dir='ltr'><strong>natura</strong></span> <span class='ocrx_word' id='word_1_683' title='bbox 3288 3548 3528 3602; x_wconf 88' lang='lat' dir='ltr'><strong>alienum</strong></span> <span class='ocrx_word' id='word_1_684' title='bbox 3579 3565 3642 3604; x_wconf 77' lang='lat' dir='ltr'><strong>ac</strong></span> 
     </span>
    </p>
   </div>
   <div class='ocr_carea' id='block_1_97' title="bbox 2072 3634 3641 3710">
    <p class='ocr_par' dir='ltr' id='par_1_97' title="bbox 2072 3634 3641 3710">
     <span class='ocr_line' id='line_1_97' title="bbox 2072 3634 3641 3710; baseline 0.005 -23"><span class='ocrx_word' id='word_1_685' title='bbox 2072 3634 2510 3703; x_wconf 85' lang='lat' dir='ltr'><strong>vituperandum.</strong></span> <span class='ocrx_word' id='word_1_686' title='bbox 2543 3637 2622 3692; x_wconf 84' lang='lat' dir='ltr'><strong>Ac</strong></span> <span class='ocrx_word' id='word_1_687' title='bbox 2673 3639 2846 3708; x_wconf 90' lang='lat' dir='ltr'><strong>ipsius</strong></span> <span class='ocrx_word' id='word_1_688' title='bbox 2891 3653 3168 3708; x_wconf 88' lang='lat' dir='ltr'><strong>corpus,a</strong></span> <span class='ocrx_word' id='word_1_689' title='bbox 3199 3638 3406 3710; x_wconf 87' lang='lat' dir='ltr'><strong>Spiritu</strong></span> <span class='ocrx_word' id='word_1_690' title='bbox 3447 3650 3641 3695; x_wconf 84' lang='lat' dir='ltr'><strong>sancto</strong></span> 
     </span>
    </p>
   </div>
   <div class='ocr_carea' id='block_1_98' title="bbox 2071 3727 3640 3796">
    <p class='ocr_par' dir='ltr' id='par_1_98' title="bbox 2071 3727 3640 3796">
     <span class='ocr_line' id='line_1_98' title="bbox 2071 3727 3640 3796; baseline 0.004 -15"><span class='ocrx_word' id='word_1_691' title='bbox 2071 3740 2339 3796; x_wconf 86' lang='lat' dir='ltr'><strong>creatum,</strong></span> <span class='ocrx_word' id='word_1_692' title='bbox 2366 3727 2523 3784; x_wconf 83' lang='lat' dir='ltr'><strong>Verbi</strong></span> <span class='ocrx_word' id='word_1_693' title='bbox 2548 3732 2882 3786; x_wconf 89' lang='lat' dir='ltr'><strong>adorandum</strong></span> <span class='ocrx_word' id='word_1_694' title='bbox 2903 3733 3284 3787; x_wconf 86' lang='lat' dir='ltr'><strong>indumentum</strong></span> <span class='ocrx_word' id='word_1_695' title='bbox 3307 3732 3508 3788; x_wconf 79' lang='lat' dir='ltr'><strong>factum</strong></span> <span class='ocrx_word' id='word_1_696' title='bbox 3534 3743 3640 3788; x_wconf 87' lang='lat' dir='ltr'><strong>est.</strong></span> 
     </span>
    </p>
   </div>
   <div class='ocr_carea' id='block_1_99' title="bbox 2070 3817 3640 3894">
    <p class='ocr_par' dir='ltr' id='par_1_99' title="bbox 2070 3817 3640 3894">
     <span class='ocr_line' id='line_1_99' title="bbox 2070 3817 3640 3894; baseline 0.005 -23"><span class='ocrx_word' id='word_1_697' title='bbox 2070 3817 2249 3888; x_wconf 81' lang='lat' dir='ltr'><strong>Atque</strong></span> <span class='ocrx_word' id='word_1_698' title='bbox 2278 3834 2344 3872; x_wconf 75' lang='grc' dir='ltr'><strong>ει</strong></span> <span class='ocrx_word' id='word_1_699' title='bbox 2382 3817 2600 3890; x_wconf 76' lang='lat' dir='ltr'><strong>Virgine</strong></span> <span class='ocrx_word' id='word_1_700' title='bbox 2633 3822 2775 3878; x_wconf 89' lang='lat' dir='ltr'><strong>Deus</strong></span> <span class='ocrx_word' id='word_1_701' title='bbox 2812 3837 2938 3877; x_wconf 90' lang='lat' dir='ltr'><strong>cum</strong></span> <span class='ocrx_word' id='word_1_702' title='bbox 2972 3833 3257 3894; x_wconf 89' lang='lat' dir='ltr'><strong>assumpta</strong></span> <span class='ocrx_word' id='word_1_703' title='bbox 3284 3839 3449 3878; x_wconf 87' lang='lat' dir='ltr'><strong>carne</strong></span> <span class='ocrx_word' id='word_1_704' title='bbox 3479 3834 3640 3880; x_wconf 83' lang='lat' dir='ltr'><strong>natus</strong></span> 
     </span>
    </p>
   </div>
   <div class='ocr_carea' id='block_1_100' title="bbox 2071 3911 3636 3983">
    <p class='ocr_par' dir='ltr' id='par_1_100' title="bbox 2071 3911 3636 3983">
     <span class='ocr_line' id='line_1_100' title="bbox 2071 3911 3636 3983; baseline 0.003 -19"><span class='ocrx_word' id='word_1_705' title='bbox 2071 3919 2174 3978; x_wconf 90' lang='lat' dir='ltr'><strong>est,</strong></span> <span class='ocrx_word' id='word_1_706' title='bbox 2200 3911 2340 3965; x_wconf 89' lang='lat' dir='ltr'><strong>idem</strong></span> <span class='ocrx_word' id='word_1_707' title='bbox 2371 3911 2536 3978; x_wconf 90' lang='lat' dir='ltr'><strong>Deus,</strong></span> <span class='ocrx_word' id='word_1_708' title='bbox 2571 3912 2714 3968; x_wconf 89' lang='lat' dir='ltr'><strong>idem</strong></span> <span class='ocrx_word' id='word_1_709' title='bbox 2741 3922 2796 3966; x_wconf 89' lang='lat' dir='ltr'><strong>et</strong></span> <span class='ocrx_word' id='word_1_710' title='bbox 2827 3914 3010 3977; x_wconf 88' lang='lat' dir='ltr'><strong>homo,</strong></span> <span class='ocrx_word' id='word_1_711' title='bbox 3043 3922 3335 3983; x_wconf 87' lang='lat' dir='ltr'><strong>utrumque</strong></span> <span class='ocrx_word' id='word_1_712' title='bbox 3375 3924 3432 3968; x_wconf 90' lang='lat' dir='ltr'><strong>ut</strong></span> <span class='ocrx_word' id='word_1_713' title='bbox 3461 3915 3636 3969; x_wconf 88' lang='lat' dir='ltr'><strong>solum</strong></span> 
     </span>
    </p>
   </div>
   <div class='ocr_carea' id='block_1_101' title="bbox 2073 3999 3637 4078">
    <p class='ocr_par' dir='ltr' id='par_1_101' title="bbox 2073 3999 3637 4078">
     <span class='ocr_line' id='line_1_101' title="bbox 2073 3999 3637 4078; baseline 0.003 -24"><span class='ocrx_word' id='word_1_714' title='bbox 2073 3999 2202 4067; x_wconf 87' lang='lat' dir='ltr'><strong>(uua</strong></span> <span class='ocrx_word' id='word_1_715' title='bbox 2227 4001 2371 4055; x_wconf 89' lang='lat' dir='ltr'><strong>enim</strong></span> <span class='ocrx_word' id='word_1_716' title='bbox 2403 4016 2635 4071; x_wconf 89' lang='lat' dir='ltr'><strong>persona</strong></span> <span class='ocrx_word' id='word_1_717' title='bbox 2663 4001 2918 4058; x_wconf 85' lang='lat' dir='ltr'><strong>Christus</strong></span> <span class='ocrx_word' id='word_1_718' title='bbox 2938 4003 3040 4072; x_wconf 90' lang='lat' dir='ltr'><strong>est)</strong></span> <span class='ocrx_word' id='word_1_719' title='bbox 3071 4018 3137 4078; x_wconf 80' lang='lat' dir='ltr'><strong>ex</strong></span> <span class='ocrx_word' id='word_1_720' title='bbox 3167 4003 3382 4058; x_wconf 87' lang='lat' dir='ltr'><strong>duabus</strong></span> <span class='ocrx_word' id='word_1_721' title='bbox 3421 4013 3637 4058; x_wconf 87' lang='lat' dir='ltr'><strong>contra-</strong></span> 
     </span>
    </p>
   </div>
   <div class='ocr_carea' id='block_1_102' title="bbox 2074 4093 3636 4166">
    <p class='ocr_par' dir='ltr' id='par_1_102' title="bbox 2074 4093 3636 4166">
     <span class='ocr_line' id='line_1_102' title="bbox 2074 4093 3636 4166; baseline 0.004 -21"><span class='ocrx_word' id='word_1_722' title='bbox 2074 4093 2170 4148; x_wconf 87' lang='lat' dir='ltr'><strong>riis</strong></span> <span class='ocrx_word' id='word_1_723' title='bbox 2227 4095 2458 4158; x_wconf 86' lang='lat' dir='ltr'><strong>naturis,</strong></span> <span class='ocrx_word' id='word_1_724' title='bbox 2511 4109 2677 4149; x_wconf 86' lang='lat' dir='ltr'><strong>carne</strong></span> <span class='ocrx_word' id='word_1_725' title='bbox 2732 4095 2993 4150; x_wconf 88' lang='lat' dir='ltr'><strong>nimirum</strong></span> <span class='ocrx_word' id='word_1_726' title='bbox 3049 4105 3106 4151; x_wconf 94' lang='lat' dir='ltr'><strong>et</strong></span> <span class='ocrx_word' id='word_1_727' title='bbox 3154 4096 3371 4166; x_wconf 88' lang='lat' dir='ltr'><strong>spiritu.</strong></span> <span class='ocrx_word' id='word_1_728' title='bbox 3404 4096 3511 4151; x_wconf 84' lang='lat' dir='ltr'><strong>hoc</strong></span> <span class='ocrx_word' id='word_1_729' title='bbox 3535 4107 3636 4163; x_wconf 84' lang='lat' dir='ltr'><strong>est,</strong></span> 
     </span>
    </p>
   </div>
   <div class='ocr_carea' id='block_1_103' title="bbox 2077 4187 3636 4259">
    <p class='ocr_par' dir='ltr' id='par_1_103' title="bbox 2077 4187 3636 4259">
     <span class='ocr_line' id='line_1_103' title="bbox 2077 4187 3636 4259; baseline 0.003 -20"><span class='ocrx_word' id='word_1_730' title='bbox 2077 4187 2414 4241; x_wconf 88' lang='lat' dir='ltr'><strong>humanitate</strong></span> <span class='ocrx_word' id='word_1_731' title='bbox 2466 4196 2520 4242; x_wconf 91' lang='lat' dir='ltr'><strong>et</strong></span> <span class='ocrx_word' id='word_1_732' title='bbox 2569 4188 2875 4255; x_wconf 86' lang='lat' dir='ltr'><strong>divinitate,</strong></span> <span class='ocrx_word' id='word_1_733' title='bbox 2908 4203 3140 4258; x_wconf 90' lang='lat' dir='ltr'><strong>quarum</strong></span> <span class='ocrx_word' id='word_1_734' title='bbox 3184 4188 3394 4253; x_wconf 85' lang='lat' dir='ltr'><strong>altera,</strong></span> <span class='ocrx_word' id='word_1_735' title='bbox 3445 4204 3636 4259; x_wconf 85' lang='lat' dir='ltr'><strong>nempe</strong></span> 
     </span>
    </p>
   </div>
   <div class='ocr_carea' id='block_1_104' title="bbox 2003 4246 3634 4347">
    <p class='ocr_par' dir='ltr' id='par_1_104' title="bbox 2003 4246 3634 4347">
     <span class='ocr_line' id='line_1_104' title="bbox 2003 4246 3634 4347; baseline 0.002 -15"><span class='ocrx_word' id='word_1_736' title='bbox 2003 4246 2046 4302; x_wconf 71' lang='grc' dir='ltr'>υ</span> <span class='ocrx_word' id='word_1_737' title='bbox 2077 4278 2349 4340; x_wconf 72' lang='lat' dir='ltr'><strong>divinitas,</strong></span> <span class='ocrx_word' id='word_1_738' title='bbox 2378 4277 2530 4330; x_wconf 88' lang='lat' dir='ltr'><strong>carui</strong></span> <span class='ocrx_word' id='word_1_739' title='bbox 2553 4278 2890 4334; x_wconf 71' lang='lat' dir='ltr'><strong>divinitatem</strong></span> <span class='ocrx_word' id='word_1_740' title='bbox 2920 4246 3124 4346; x_wconf 78' lang='lat' dir='ltr'><strong>attulit;</strong></span> <span class='ocrx_word' id='word_1_741' title='bbox 3157 4279 3348 4347; x_wconf 85' lang='lat' dir='ltr'><strong>altera,</strong></span> <span class='ocrx_word' id='word_1_742' title='bbox 3380 4246 3634 4335; x_wconf 62' lang='lat' dir='ltr'><strong>nimirum</strong></span> 
     </span>
    </p>
   </div>
   <div class='ocr_carea' id='block_1_105' title="bbox 2076 4368 3638 4438">
    <p class='ocr_par' dir='ltr' id='par_1_105' title="bbox 2076 4368 3638 4438">
     <span class='ocr_line' id='line_1_105' title="bbox 2076 4368 3638 4438; baseline 0.001 -14"><span class='ocrx_word' id='word_1_743' title='bbox 2076 4383 2222 4432; x_wconf 87' lang='lat' dir='ltr'><strong>caro,</strong></span> <span class='ocrx_word' id='word_1_744' title='bbox 2255 4368 2593 4423; x_wconf 87' lang='lat' dir='ltr'><strong>divinitatem</strong></span> <span class='ocrx_word' id='word_1_745' title='bbox 2652 4371 2882 4438; x_wconf 87' lang='lat' dir='ltr'><strong>accepit.</strong></span> <span class='ocrx_word' id='word_1_746' title='bbox 2917 4370 2998 4424; x_wconf 80' lang='lat' dir='ltr'><strong>Ae</strong></span> <span class='ocrx_word' id='word_1_747' title='bbox 3050 4370 3153 4424; x_wconf 79' lang='lat' dir='ltr'><strong>fuit</strong></span> <span class='ocrx_word' id='word_1_748' title='bbox 3217 4381 3331 4425; x_wconf 92' lang='lat' dir='ltr'><strong>tum</strong></span> <span class='ocrx_word' id='word_1_749' title='bbox 3394 4386 3529 4426; x_wconf 85' lang='lat' dir='ltr'><strong>nova</strong></span> <span class='ocrx_word' id='word_1_750' title='bbox 3584 4382 3638 4426; x_wconf 90' lang='lat' dir='ltr'><strong>et</strong></span> 
     </span>
    </p>
   </div>
   <div class='ocr_carea' id='block_1_106' title="bbox 2072 4459 3634 4531">
    <p class='ocr_par' dir='ltr' id='par_1_106' title="bbox 2072 4459 3634 4531">
     <span class='ocr_line' id='line_1_106' title="bbox 2072 4459 3634 4531; baseline 0.003 -18"><span class='ocrx_word' id='word_1_751' title='bbox 2072 4459 2312 4513; x_wconf 89' lang='lat' dir='ltr'><strong>inaudita</strong></span> <span class='ocrx_word' id='word_1_752' title='bbox 2343 4459 2592 4526; x_wconf 85' lang='lat' dir='ltr'><strong>mistura,</strong></span> <span class='ocrx_word' id='word_1_753' title='bbox 2617 4461 2743 4531; x_wconf 91' lang='lat' dir='ltr'><strong>quia</strong></span> <span class='ocrx_word' id='word_1_754' title='bbox 2773 4461 2856 4516; x_wconf 70' lang='lat' dir='ltr'><strong>ita:</strong></span> <span class='ocrx_word' id='word_1_755' title='bbox 2884 4461 3006 4516; x_wconf 63' lang='lat' dir='ltr'><strong>duae</strong></span> <span class='ocrx_word' id='word_1_756' title='bbox 3034 4472 3240 4518; x_wconf 76' lang='lat' dir='ltr'><strong>natura:</strong></span> <span class='ocrx_word' id='word_1_757' title='bbox 3274 4463 3443 4518; x_wconf 83' lang='lat' dir='ltr'><strong>semel</strong></span> <span class='ocrx_word' id='word_1_758' title='bbox 3492 4463 3634 4518; x_wconf 90' lang='lat' dir='ltr'><strong>inter</strong></span> 
     </span>
    </p>
   </div>
   <div class='ocr_carea' id='block_1_107' title="bbox 2072 4553 3634 4626">
    <p class='ocr_par' dir='ltr' id='par_1_107' title="bbox 2072 4553 3634 4626">
     <span class='ocr_line' id='line_1_107' title="bbox 2072 4553 3634 4626; baseline 0.004 -20"><span class='ocrx_word' id='word_1_759' title='bbox 2072 4567 2131 4609; x_wconf 91' lang='lat' dir='ltr'><strong>se</strong></span> <span class='ocrx_word' id='word_1_760' title='bbox 2165 4553 2330 4609; x_wconf 77' lang='lat' dir='ltr'><strong>unita!</strong></span> <span class='ocrx_word' id='word_1_761' title='bbox 2359 4555 2713 4611; x_wconf 83' lang='lat' dir='ltr'><strong>indivisibiles</strong></span> <span class='ocrx_word' id='word_1_762' title='bbox 2745 4564 2933 4626; x_wconf 85' lang='lat' dir='ltr'><strong>postea</strong></span> <span class='ocrx_word' id='word_1_763' title='bbox 2973 4568 3292 4612; x_wconf 88' lang='lat' dir='ltr'><strong>manserunt</strong></span> <span class='ocrx_word' id='word_1_764' title='bbox 3327 4575 3342 4612; x_wconf 87' lang='lat'><strong>:</strong></span> <span class='ocrx_word' id='word_1_765' title='bbox 3370 4568 3424 4612; x_wconf 90' lang='lat' dir='ltr'><strong>et</strong></span> <span class='ocrx_word' id='word_1_766' title='bbox 3462 4558 3634 4612; x_wconf 84' lang='lat' dir='ltr'><strong>adrni-</strong></span> 
     </span>
    </p>
   </div>
   <div class='ocr_carea' id='block_1_108' title="bbox 2073 4647 3629 4720">
    <p class='ocr_par' dir='ltr' id='par_1_108' title="bbox 2073 4647 3629 4720">
     <span class='ocr_line' id='line_1_108' title="bbox 2073 4647 3629 4720; baseline 0.004 -22"><span class='ocrx_word' id='word_1_767' title='bbox 2073 4647 2243 4700; x_wconf 90' lang='lat' dir='ltr'><strong>rauda</strong></span> <span class='ocrx_word' id='word_1_768' title='bbox 2287 4647 2628 4718; x_wconf 87' lang='lat' dir='ltr'><strong>temperatio,</strong></span> <span class='ocrx_word' id='word_1_769' title='bbox 2662 4649 2791 4718; x_wconf 91' lang='lat' dir='ltr'><strong>quia</strong></span> <span class='ocrx_word' id='word_1_770' title='bbox 2825 4649 2970 4704; x_wconf 88' lang='lat' dir='ltr'><strong>nulla</strong></span> <span class='ocrx_word' id='word_1_771' title='bbox 3019 4648 3275 4705; x_wconf 81' lang='lat' dir='ltr'><strong>confusio</strong></span> <span class='ocrx_word' id='word_1_772' title='bbox 3303 4659 3467 4720; x_wconf 91' lang='lat' dir='ltr'><strong>atque</strong></span> <span class='ocrx_word' id='word_1_773' title='bbox 3495 4651 3629 4704; x_wconf 87' lang='lat' dir='ltr'><strong>alte-</strong></span> 
     </span>
    </p>
   </div>
   <div class='ocr_carea' id='block_1_109' title="bbox 2074 4740 3634 4812">
    <p class='ocr_par' dir='ltr' id='par_1_109' title="bbox 2074 4740 3634 4812">
     <span class='ocr_line' id='line_1_109' title="bbox 2074 4740 3634 4812; baseline 0.004 -20"><span class='ocrx_word' id='word_1_774' title='bbox 2074 4741 2214 4794; x_wconf 89' lang='lat' dir='ltr'><strong>ratio</strong></span> <span class='ocrx_word' id='word_1_775' title='bbox 2274 4750 2460 4795; x_wconf 86' lang='lat' dir='ltr'><strong>secuta</strong></span> <span class='ocrx_word' id='word_1_776' title='bbox 2505 4750 2607 4796; x_wconf 89' lang='lat' dir='ltr'><strong>est.</strong></span> <span class='ocrx_word' id='word_1_777' title='bbox 2636 4740 2850 4794; x_wconf 88' lang='lat' dir='ltr'><strong>Etenim</strong></span> <span class='ocrx_word' id='word_1_778' title='bbox 2885 4743 3204 4811; x_wconf 87' lang='lat' dir='ltr'><strong>temperatio</strong></span> <span class='ocrx_word' id='word_1_779' title='bbox 3250 4758 3339 4798; x_wconf 89' lang='lat' dir='ltr'><strong>res</strong></span> <span class='ocrx_word' id='word_1_780' title='bbox 3369 4758 3483 4811; x_wconf 89' lang='lat' dir='ltr'><strong>eas,</strong></span> <span class='ocrx_word' id='word_1_781' title='bbox 3515 4757 3634 4812; x_wconf 73' lang='lat' dir='ltr'><strong>quae</strong></span> 
     </span>
    </p>
   </div>
   <div class='ocr_carea' id='block_1_110' title="bbox 2076 4830 3627 4902">
    <p class='ocr_par' dir='ltr' id='par_1_110' title="bbox 2076 4830 3627 4902">
     <span class='ocr_line' id='line_1_110' title="bbox 2076 4830 3627 4902; baseline 0.005 -21"><span class='ocrx_word' id='word_1_782' title='bbox 2076 4838 2484 4898; x_wconf 88' lang='lat' dir='ltr'><strong>temperantur,</strong></span> <span class='ocrx_word' id='word_1_783' title='bbox 2547 4830 2954 4899; x_wconf 88' lang='lat' dir='ltr'><strong>quodammodo</strong></span> <span class='ocrx_word' id='word_1_784' title='bbox 3005 4832 3279 4898; x_wconf 89' lang='lat' dir='ltr'><strong>immutat,</strong></span> <span class='ocrx_word' id='word_1_785' title='bbox 3312 4841 3497 4902; x_wconf 90' lang='lat' dir='ltr'><strong>utpote</strong></span> <span class='ocrx_word' id='word_1_786' title='bbox 3537 4847 3627 4888; x_wconf 88' lang='lat' dir='ltr'><strong>eas</strong></span> 
     </span>
    </p>
   </div>
   <div class='ocr_carea' id='block_1_111' title="bbox 2077 4922 3632 4995">
    <p class='ocr_par' dir='ltr' id='par_1_111' title="bbox 2077 4922 3632 4995">
     <span class='ocr_line' id='line_1_111' title="bbox 2077 4922 3632 4995; baseline 0.006 -22"><span class='ocrx_word' id='word_1_787' title='bbox 2077 4922 2302 4976; x_wconf 88' lang='lat' dir='ltr'><strong>minime</strong></span> <span class='ocrx_word' id='word_1_788' title='bbox 2355 4937 2520 4992; x_wconf 88' lang='lat' dir='ltr'><strong>puras</strong></span> <span class='ocrx_word' id='word_1_789' title='bbox 2558 4936 2781 4979; x_wconf 85' lang='lat' dir='ltr'><strong>servans</strong></span> <span class='ocrx_word' id='word_1_790' title='bbox 2814 4941 2829 4979; x_wconf 92' lang='lat'><strong>:</strong></span> <span class='ocrx_word' id='word_1_791' title='bbox 2862 4939 2927 4979; x_wconf 90' lang='lat' dir='ltr'><strong>ac</strong></span> <span class='ocrx_word' id='word_1_792' title='bbox 2951 4939 3140 4980; x_wconf 88' lang='lat' dir='ltr'><strong>rursus</strong></span> <span class='ocrx_word' id='word_1_793' title='bbox 3172 4925 3378 4990; x_wconf 89' lang='lat' dir='ltr'><strong>mistio,</strong></span> <span class='ocrx_word' id='word_1_794' title='bbox 3411 4940 3474 4980; x_wconf 85' lang='lat' dir='ltr'><strong>ea</strong></span> <span class='ocrx_word' id='word_1_795' title='bbox 3517 4943 3632 4995; x_wconf 61' lang='lat' dir='ltr'><strong>qua:</strong></span> 
     </span>
    </p>
   </div>
   <div class='ocr_carea' id='block_1_112' title="bbox 2077 5014 3627 5086">
    <p class='ocr_par' dir='ltr' id='par_1_112' title="bbox 2077 5014 3627 5086">
     <span class='ocr_line' id='line_1_112' title="bbox 2077 5014 3627 5086; baseline 0.004 -20"><span class='ocrx_word' id='word_1_796' title='bbox 2077 5014 2398 5076; x_wconf 88' lang='lat' dir='ltr'><strong>miscentur,</strong></span> <span class='ocrx_word' id='word_1_797' title='bbox 2425 5014 2564 5069; x_wconf 89' lang='lat' dir='ltr'><strong>haud</strong></span> <span class='ocrx_word' id='word_1_798' title='bbox 2610 5015 2902 5070; x_wconf 89' lang='lat' dir='ltr'><strong>admodum</strong></span> <span class='ocrx_word' id='word_1_799' title='bbox 2935 5015 3072 5071; x_wconf 87' lang='lat' dir='ltr'><strong>uuit.</strong></span> <span class='ocrx_word' id='word_1_800' title='bbox 3105 5017 3410 5086; x_wconf 86' lang='lat' dir='ltr'><strong>Utrumque</strong></span> <span class='ocrx_word' id='word_1_801' title='bbox 3456 5026 3627 5072; x_wconf 88' lang='lat' dir='ltr'><strong>autem</strong></span> 
     </span>
    </p>
   </div>
   <div class='ocr_carea' id='block_1_113' title="bbox 2074 5105 3629 5176">
    <p class='ocr_par' dir='ltr' id='par_1_113' title="bbox 2074 5105 3629 5176">
     <span class='ocr_line' id='line_1_113' title="bbox 2074 5105 3629 5176; baseline 0.003 -18"><span class='ocrx_word' id='word_1_802' title='bbox 2074 5106 2291 5174; x_wconf 88' lang='lat' dir='ltr'><strong>utrique</strong></span> <span class='ocrx_word' id='word_1_803' title='bbox 2321 5107 2634 5176; x_wconf 90' lang='lat' dir='ltr'><strong>adjunctum</strong></span> <span class='ocrx_word' id='word_1_804' title='bbox 2663 5115 2907 5161; x_wconf 76' lang='lat' dir='ltr'><strong>exactam</strong></span> <span class='ocrx_word' id='word_1_805' title='bbox 2933 5106 3057 5160; x_wconf 86' lang='lat' dir='ltr'><strong>ﬁdei</strong></span> <span class='ocrx_word' id='word_1_806' title='bbox 3087 5105 3459 5176; x_wconf 78' lang='lat' dir='ltr'><strong>doctrinaeque</strong></span> <span class='ocrx_word' id='word_1_807' title='bbox 3492 5109 3629 5162; x_wconf 85' lang='lat' dir='ltr'><strong>veri-</strong></span> 
     </span>
    </p>
   </div>
   <div class='ocr_carea' id='block_1_114' title="bbox 2071 5197 3625 5270">
    <p class='ocr_par' dir='ltr' id='par_1_114' title="bbox 2071 5197 3625 5270">
     <span class='ocr_line' id='line_1_114' title="bbox 2071 5197 3625 5270; baseline 0 -16"><span class='ocrx_word' id='word_1_808' title='bbox 2071 5208 2235 5254; x_wconf 88' lang='lat' dir='ltr'><strong>tatem</strong></span> <span class='ocrx_word' id='word_1_809' title='bbox 2261 5207 2463 5253; x_wconf 90' lang='lat' dir='ltr'><strong>servat.</strong></span> <span class='ocrx_word' id='word_1_810' title='bbox 2485 5198 2894 5268; x_wconf 68' lang='lat' dir='ltr'><strong>Temperaturaa</strong></span> <span class='ocrx_word' id='word_1_811' title='bbox 2925 5199 3074 5252; x_wconf 90' lang='lat' dir='ltr'><strong>enim</strong></span> <span class='ocrx_word' id='word_1_812' title='bbox 3103 5197 3420 5255; x_wconf 76' lang='lat' dir='ltr'><strong>inconfusio</strong></span> <span class='ocrx_word' id='word_1_813' title='bbox 3443 5200 3625 5270; x_wconf 87' lang='lat' dir='ltr'><strong>adjun-</strong></span> 
     </span>
    </p>
   </div>
   <div class='ocr_carea' id='block_1_115' title="bbox 2067 5291 3626 5362">
    <p class='ocr_par' dir='ltr' id='par_1_115' title="bbox 2067 5291 3626 5362">
     <span class='ocr_line' id='line_1_115' title="bbox 2067 5291 3626 5362; baseline -0.003 -12"><span class='ocrx_word' id='word_1_814' title='bbox 2067 5291 2549 5361; x_wconf 77' lang='lat' dir='ltr'><strong>cta,misturteque</strong></span> <span class='ocrx_word' id='word_1_815' title='bbox 2573 5291 2756 5346; x_wconf 89' lang='lat' dir='ltr'><strong>itidem</strong></span> <span class='ocrx_word' id='word_1_816' title='bbox 2785 5291 3060 5358; x_wconf 85' lang='lat' dir='ltr'><strong>iudivisio,</strong></span> <span class='ocrx_word' id='word_1_817' title='bbox 3099 5292 3392 5362; x_wconf 78' lang='lat' dir='ltr'><strong>perlectam</strong></span> <span class='ocrx_word' id='word_1_818' title='bbox 3433 5292 3626 5346; x_wconf 85' lang='lat' dir='ltr'><strong>modis-</strong></span> 
     </span>
    </p>
   </div>
   <div class='ocr_carea' id='block_1_116' title="bbox 2066 5386 3622 5460">
    <p class='ocr_par' dir='ltr' id='par_1_116' title="bbox 2066 5386 3622 5460">
     <span class='ocr_line' id='line_1_116' title="bbox 2066 5386 3622 5460; baseline -0.001 -16"><span class='ocrx_word' id='word_1_819' title='bbox 2066 5404 2171 5460; x_wconf 88' lang='lat' dir='ltr'><strong>que</strong></span> <span class='ocrx_word' id='word_1_820' title='bbox 2188 5386 2441 5446; x_wconf 88' lang='lat' dir='ltr'><strong>omnibus</strong></span> <span class='ocrx_word' id='word_1_821' title='bbox 2458 5389 2763 5444; x_wconf 87' lang='lat' dir='ltr'><strong>absolutam</strong></span> <span class='ocrx_word' id='word_1_822' title='bbox 2790 5389 2912 5444; x_wconf 73' lang='lat' dir='ltr'><strong>fidei</strong></span> <span class='ocrx_word' id='word_1_823' title='bbox 2925 5389 3227 5446; x_wconf 89' lang='lat' dir='ltr'><strong>doctrinam</strong></span> <span class='ocrx_word' id='word_1_824' title='bbox 3253 5389 3469 5456; x_wconf 85' lang='lat' dir='ltr'><strong>retinet,</strong></span> <span class='ocrx_word' id='word_1_825' title='bbox 3492 5399 3622 5444; x_wconf 83' lang='lat' dir='ltr'><strong>utra-</strong></span> 
     </span>
    </p>
   </div>
   <div class='ocr_carea' id='block_1_117' title="bbox 929 5546 3560 5620">
    <p class='ocr_par' dir='ltr' id='par_1_117' title="bbox 929 5546 3560 5620">
     <span class='ocr_line' id='line_1_117' title="bbox 929 5546 3560 5620; baseline -0.001 -14"><span class='ocrx_word' id='word_1_826' title='bbox 929 5549 973 5584; x_wconf 69' lang='lat'><strong>“</strong></span> <span class='ocrx_word' id='word_1_827' title='bbox 1006 5546 1196 5607; x_wconf 79' lang='lat' dir='ltr'><strong>lJoan.</strong></span> <span class='ocrx_word' id='word_1_828' title='bbox 1229 5567 1302 5619; x_wconf 85' lang='lat' dir='ltr'><strong>tv,</strong></span> <span class='ocrx_word' id='word_1_829' title='bbox 1337 5550 1422 5606; x_wconf 72' lang='lat'><strong>12.</strong></span> <span class='ocrx_word' id='word_1_830' title='bbox 1498 5551 1542 5586; x_wconf 74' lang='lat'><strong>“</strong></span> <span class='ocrx_word' id='word_1_831' title='bbox 1574 5551 1713 5609; x_wconf 80' lang='lat' dir='ltr'><strong>Psal.</strong></span> <span class='ocrx_word' id='word_1_832' title='bbox 1751 5567 1862 5619; x_wconf 80' lang='lat' dir='ltr'><strong>cxx,</strong></span> <span class='ocrx_word' id='word_1_833' title='bbox 1891 5551 1944 5607; x_wconf 79' lang='lat'><strong>5.</strong></span> <span class='ocrx_word' id='word_1_834' title='bbox 2021 5551 2065 5584; x_wconf 74' lang='lat'>&quot;</span> <span class='ocrx_word' id='word_1_835' title='bbox 2100 5548 2120 5604; x_wconf 87' lang='grc' dir='ltr'><strong>ι</strong></span> <span class='ocrx_word' id='word_1_836' title='bbox 2150 5549 2302 5611; x_wconf 78' lang='lat' dir='ltr'><strong>loan.</strong></span> <span class='ocrx_word' id='word_1_837' title='bbox 2335 5566 2375 5617; x_wconf 89' lang='lat' dir='ltr'><strong>t,</strong></span> <span class='ocrx_word' id='word_1_838' title='bbox 2409 5549 2463 5606; x_wconf 86' lang='lat'><strong>5.</strong></span> <span class='ocrx_word' id='word_1_839' title='bbox 2535 5550 2581 5585; x_wconf 67' lang='grc' dir='ltr'><strong>δ’</strong></span> <span class='ocrx_word' id='word_1_840' title='bbox 2606 5549 2763 5608; x_wconf 84' lang='lat' dir='ltr'><strong>Joan.</strong></span> <span class='ocrx_word' id='word_1_841' title='bbox 2791 5567 2908 5620; x_wconf 86' lang='lat' dir='ltr'><strong>vm,</strong></span> <span class='ocrx_word' id='word_1_842' title='bbox 2946 5552 3032 5607; x_wconf 76' lang='lat'><strong>12.</strong></span> <span class='ocrx_word' id='word_1_843' title='bbox 3075 5550 3120 5586; x_wconf 73' lang='grc'><strong>⁸⁸</strong></span> <span class='ocrx_word' id='word_1_844' title='bbox 3152 5549 3362 5608; x_wconf 81' lang='lat' dir='ltr'><strong>Coloss.</strong></span> <span class='ocrx_word' id='word_1_845' title='bbox 3402 5565 3440 5616; x_wconf 89' lang='grc' dir='ltr'><strong>ι,</strong></span> <span class='ocrx_word' id='word_1_846' title='bbox 3475 5549 3560 5605; x_wconf 80' lang='grc'><strong>15.</strong></span> 
     </span>
    </p>
   </div>
  </div>
