4032 6198
390 333 523 398 I201

1271 338 1593 399 NICETAS
1635 339 1715 399 IN
1757 339 1980 398 ORAT.
2023 339 2330 400 XXXVIII
2371 341 2431 402 S.
2470 343 2701 404 GREG.

3502 350 3643 417 19.02

385 467 494 516 que
525 450 773 504 videlicet
823 458 1140 506 naturarum
1161 451 1214 506 in
1258 453 1480 507 Christo
1513 454 1953 509 concurrentium
1988 460 2030 518 Α
2061 455 2364 512 divinitatis
2418 473 2770 526 cxpensores,
2806 477 2869 516 ac
2912 479 2999 518 res
3041 464 3344 520 laudaudas
3398 476 3451 521 et
3508 486 3642 537 prte-

386 543 745 612 proprietates
772 559 902 598 suas
929 545 1084 598 alteri
1113 547 1554 600 commnnicante
1579 558 1799 616 propter
1837 563 1959 617 pcr-

386 641 535 687 sonae
603 633 963 701 identitatem,
1010 650 1074 691 ac
1119 644 1363 690 tnutuam
1433 638 1671 705 ipsarum
1717 637 1859 692 inter
1887 642 1958 700 fse

385 723 807 777 inimentio-tem.
846 725 980 778 Nam
1011 727 1185 781 creari
1219 737 1273 781 et
1316 727 1429 781 tieri
1455 768 1470 794 ,
1501 728 1568 783 iis
1606 730 1956 793 conveniunt,

381 828 522 879 quze,
559 829 685 868 cum
743 831 852 870 non
882 827 1097 881 essent,
1157 818 1210 871 in
1256 828 1436 872 ortum
1494 819 1755 888 producta
1806 829 1955 874 sunt.

383 902 526 957 Fieri
563 914 747 961 autem
779 907 978 961 dicitur
1011 909 1056 964 is
1080 910 1171 978 qui
1205 920 1263 964 ut
1288 909 1430 965 Deus
1457 911 1822 980 sempiternus
1853 921 1956 978 est,

381 1005 604 1063 propter
656 1011 875 1050 carnem
935 1013 1098 1067 quam
1149 999 1466 1069 assumpsit.
1503 999 1777 1054 Mutuatur
1810 1002 1954 1055 enim

379 1087 567 1141 carnis
620 1088 975 1156 proprietates
1032 1099 1249 1159 propter
1319 1106 1590 1145 summam
1647 1091 1954 1146 unionem:

382 1179 838 1245 quemadmodum
861 1181 1069 1235 scilicet
1092 1182 1405 1236 humanitas
1429 1198 1646 1253 quoque
1677 1191 1954 1252 assumpta

386 1269 530 1323 Deus
553 1270 768 1331 dicitur.
793 1274 934 1340 quod
959 1272 1250 1325 divinitatis
1275 1274 1631 1342 proprietates
1653 1274 1754 1328 sibi
1777 1274 1956 1327 vindi-

382 1373 489 1414 cet.
527 1362 628 1427 Qui
677 1371 760 1415 est
787 1403 801 1426 ,
835 1364 919 1424 (lt;
946 1363 1038 1433 qui
1063 1364 1356 1418 creationis
1402 1378 1595 1433 expers
1640 1373 1721 1418 est
1746 1406 1761 1430 ,
1806 1380 1958 1419 crea-

384 1464 491 1508 tur.
534 1453 656 1508 lluec
715 1456 1227 1511 conmmnieationis
1293 1457 1464 1527 figura
1534 1456 1814 1511 dicuntur.
1879 1458 1957 1512 Ac

381 1556 574 1598 cetera
611 1546 848 1611 quidem,
881 1546 1007 1601 licet
1042 1548 1400 1603 admiratione
1443 1548 1629 1618 digna,
1661 1558 1840 1602 tamen
1889 1548 1956 1602 de

382 1637 720 1691 lmmauitate
763 1647 1039 1707 assumpta
1082 1639 1434 1710 intelligenda
1464 1649 1611 1694 sunt.
1647 1639 1782 1693 Nam
1807 1640 1954 1710 quod

375 1737 515 1790 erat,
550 1736 733 1780 manet
762 1744 777 1781 :
805 1728 958 1796 quod
981 1743 1089 1782 non
1111 1739 1251 1795 erat,
1274 1731 1587 1799 assumpsit.
1613 1730 1748 1785 Illud
1770 1739 1952 1786 autem

2067 545 2246 601 claras
2276 548 2618 605 criminando
2643 553 3006 610 insectantes?
3032 555 3270 612 lloccine
3295 559 3404 612 Deo
3425 560 3642 630 objicis,

2067 635 2234 693 homo
2268 639 2500 710 ingrate,
2536 644 2682 712 quod
2746 653 2839 699 tua
2890 662 3053 703 causa
3112 649 3350 718 seipsuin
3417 654 3638 722 dejeeit,

2065 727 2234 795 quod,
2268 745 2392 782 cum
2451 734 2570 787 ovis
2623 734 2830 802 perdita
2886 749 3136 801 es~es,ct
3179 740 3410 809 impuris
3433 744 3639 797 daemo-

2068 818 2227 873 nibus
2280 819 2334 872 in
2390 822 2621 878 collibus
2680 827 3056 895 sacrilicares,
3110 841 3159 885 te
3221 835 3640 904 conquisiverit,

2066 917 2232 977 atque
2273 910 2548 967 inventam
2584 915 2635 966 in
2671 917 2988 988 angelorum
3023 921 3267 977 ordinem
3303 927 3640 996 ascripserit,

2065 999 2212 1067 quod
2247 1015 2467 1055 carnem
2513 1019 2666 1057 suam
2717 1008 2872 1074 quasi
2907 1009 3184 1065 lucernam
3217 1017 3547 1081 accenderit,
3577 1035 3644 1073 ac

2067 1089 2329 1142 mundum
2371 1108 2398 1144 a
2429 1093 2580 1156 vitio,
2617 1111 2722 1149 non
2753 1113 2911 1151 secus
2940 1114 3004 1152 ac
3034 1100 3256 1156 domum
3292 1108 3584 1173 quamdam
3609 1124 3641 1162 τι

2065 1181 2374 1248 quisquiliis
2403 1185 2767 1255 sordibusque
2797 1193 3123 1261 repurgarit,
3159 1195 3470 1265 regiamque
3502 1197 3642 1251 ima-

2064 1271 2244 1338 ginem
2304 1272 2465 1328 ftedis
2514 1275 2799 1332 aIl'ectibus
2839 1281 3138 1338 involutam
3184 1295 3348 1356 atque
3389 1289 3638 1344 obrutam

2067 1364 2212 1416 velut
2263 1365 2581 1421 drachmam
2633 1370 2686 1423 in
2724 1382 2966 1427 stercore
3011 1375 3301 1446 invenerit,
3332 1381 3640 1451 laetitiaeque

2064 1457 2134 1510 ob
2176 1458 2493 1514 drachmam
2548 1463 2820 1518 inventam
2875 1479 3161 1537 susceptae,
3195 1473 3418 1542 angelos
3471 1477 3640 1544 parti-

2062 1547 2210 1616 cipes
2242 1549 2393 1614 facit,
2427 1567 2566 1620 quos
2593 1554 2756 1608 etiam
2787 1555 3219 1626 dispensationis
3252 1579 3362 1617 sum
3388 1567 3638 1620 conscios

2062 1649 2224 1708 atque
2296 1643 2647 1700 administros
2695 1652 3032 1718 assumpsit?
3083 1651 3293 1709 Etenim
3347 1657 3399 1710 in
3467 1658 3640 1728 ipsius

2063 1722 2352 1780 Nativitate
2405 1730 2699 1786 multitudo
2759 1736 3000 1791 caelestis
3068 1741 3275 1797 militiae
3324 1722 3636 1813 pastoribus

377 1820 520 1885 quod
557 1820 632 1871 ait
666 1836 680 1872 :
741 1818 900 1885 Eum,
934 1821 1026 1890 qui
1086 1821 1238 1875 nullo
1290 1821 1408 1876 loco
1442 1821 1711 1877 contineri
1758 1831 1812 1877 et
1833 1823 1948 1893 capi

2057 1815 2309 1882 apparuit
2342 1817 2677 1875 laudantium
2704 1821 2874 1878 Deum
2903 1843 2966 1881 ac
2994 1828 3289 1886 dicentium
3314 1850 3327 1886 :
3367 1832 3551 1889 Gloria
3581 1840 3636 1891 in

376 1920 608 1979 poterat,
638 1911 926 1978 contineri,
969 1911 1183 1966 diﬁicile
1215 1920 1298 1966 est
1329 1928 1391 1967 ac
1420 1915 1837 1984 perobscurum,
1858 1929 1958 1971 nec

379 2002 676 2070 quidquam
738 2002 887 2057 aliud
938 2003 1043 2057 dici
1092 2013 1292 2073 potest,
1324 2020 1488 2074 quam
1540 2003 1684 2074 quod
1734 2014 1956 2075 propter

379 2093 769 2147 exuberantem
829 2094 1048 2148 virtutis
1098 2096 1465 2165 potentiaeque
1519 2095 1954 2166 magnitudinem

380 2185 434 2237 id
465 2184 574 2238 fiat.
610 2184 711 2252 Qui
748 2185 1047 2255 locupletes
1083 2187 1220 2241 alios
1269 2185 1397 2241 facit
1458 2197 1598 2259 eget.
1633 2190 1778 2244 Caro
1809 2191 1954 2243 enim

379 2288 670 2346 paupertas
692 2288 798 2341 est,
853 2287 1043 2348 utpote
1087 2280 1272 2334 multis
1314 2279 1476 2335 rebus
1503 2281 1570 2334 ad
1603 2281 1687 2335 sui
1725 2296 1952 2335 conser-

378 2371 648 2423 vationem
688 2387 825 2439 opus
855 2371 1085 2425 habens.
1118 2371 1186 2425 At
1222 2372 1398 2426 deitas
1427 2372 1580 2428 dives
1615 2382 1668 2427 et
1693 2375 1949 2444 opulenta

377 2473 481 2526 est,
517 2463 717 2531 quippe
746 2463 946 2516 nullius
976 2463 1052 2515 rei
1085 2463 1354 2532 indigens.
1388 2463 1489 2528 Qui
1521 2465 1714 2532 plenus
1756 2473 1860 2529 est,
1896 2473 1956 2519 ut

378 2551 542 2614 Deus,
575 2564 857 2606 vacuatur.
889 2551 1124 2606 lnanitio
1154 2562 1356 2616 autem,
1385 2569 1480 2608 seu
1513 2555 1784 2619 vacuatio,
1816 2555 1955 2609 diei-

379 2655 466 2695 tur
513 2645 772 2698 demissio
808 2645 920 2708 illa,
953 2661 1059 2716 qua
1113 2645 1370 2699 Christus
1403 2645 1469 2698 ad
1515 2646 1948 2716 integumentum

377 2732 637 2800 dignitate
673 2748 771 2786 sua
809 2734 1071 2787 humilius
1120 2749 1240 2788 sese
1289 2733 1507 2803 dejecit,
1545 2734 1953 2804 humanamque

379 2822 610 2873 formam
648 2820 846 2874 induit.
876 2819 1015 2886 Quid
1049 2828 1230 2875 autem
1284 2821 1388 2875 sibi
1419 2821 1531 2875 vult
1561 2836 1818 2892 magnum
1847 2824 1951 2878 hoc

379 2927 540 2982 atque
583 2929 845 2966 arcanum
881 2913 1242 2982 mysterium?
1273 2913 1536 2978 Quoniam
1596 2915 1763 2968 homo
1806 2913 1951 2970 Deus

378 3006 552 3058 factus
581 3014 820 3067 nonest,
858 3005 1062 3057 idcirco
1097 3003 1238 3058 Deus
1283 3005 1444 3058 homo
1476 3004 1554 3070 lit,
1588 3006 1816 3061 honoris
1841 3006 1948 3061 mei

377 3111 564 3157 causa,
604 3096 856 3147 nimirum
887 3105 944 3149 ut
975 3095 1042 3148 iis
1079 3096 1262 3162 rebus,
1295 3112 1434 3167 quas
1459 3099 1692 3167 accepit,
1726 3115 1790 3156 ea
1829 3116 1949 3170 quae

377 3189 548 3251 dedit,
588 3189 919 3252 instaurans,
952 3190 1157 3258 peccati
1209 3205 1424 3258 poenam
1477 3193 1714 3256 aboleat,
1743 3207 1807 3247 ac
1852 3209 1949 3262 per

378 3295 648 3335 mortuam
725 3283 1115 3336 humanitatem
1207 3281 1616 3338 interfectorem
1692 3286 1944 3353 perimat.

377 3374 548 3442 Major
581 3389 741 3441 porro
784 3374 1052 3443 longeque
1100 3373 1477 3428 admirabilior
1506 3383 1592 3430 est
1620 3375 1948 3430 instauratio

376 3467 652 3520 creatione
689 3466 884 3534 prima.
925 3465 1141 3520 Creatio
1173 3467 1318 3520 enim
1353 3467 1471 3522 solo
1493 3469 1659 3522 verbo
1689 3470 1898 3522 exstitit
1929 3483 1946 3521 :

375 3555 668 3609 Faciamus
700 3556 960 3609 hominem
978 3557 1048 3623 δ’,
1078 3568 1209 3623 etc.,
1247 3567 1302 3610 at
1331 3559 1502 3628 ipsius
1531 3557 1754 3628 Opificis
1782 3575 1944 3612 manu

372 3659 537 3718 atque
586 3665 748 3718 opera
804 3649 1132 3704 instauratio
1166 3649 1404 3720 perfecta
1444 3659 1550 3715 est,
1579 3667 1770 3721 nempe
1801 3654 1946 3722 quod

375 3744 604 3810 ipsemet
653 3740 848 3812 Opifex
893 3742 1058 3795 homo
1094 3741 1270 3796 factus
1304 3743 1394 3807 sit,
1432 3757 1496 3796 ac
1520 3742 1744 3797 domum
1791 3760 1945 3798 suam

375 3832 728 3888 exstruxerit.
776 3836 854 3888 Ac
907 3841 1167 3902 praeterea
1219 3843 1344 3888 tunc
1377 3837 1442 3888 ad
1473 3836 1758 3904 imaginem
1803 3837 1946 3890 dnti-

375 3937 523 3982 taxat
557 3937 693 3982 erat.
726 3928 967 3982 Primum
1009 3927 1154 3980 ettim
1204 3926 1578 3995 intelligentiae
1622 3943 1685 3981 ac
1739 3927 1945 3996 princi-

372 4032 531 4090 patus
559 4019 915 4082 similitudine
947 4019 1124 4089 ipsum
1175 4021 1389 4072 ornavit
1437 4021 1760 4089 (principem
1797 4020 1943 4074 enim

375 4112 620 4165 omnium
652 4119 1025 4164 creaturarum
1057 4126 1086 4163 a
1116 4111 1385 4179 principio
1429 4112 1704 4165 hominem
1742 4113 1946 4167 consti-

376 4205 526 4271 Imt),
562 4217 705 4256 nunc
737 4211 913 4255 autem
947 4204 1248 4256 secundum
1282 4204 1668 4258 substantiam.
1690 4201 1823 4258 Nam
1849 4218 1948 4273 per

372 4309 688 4363 expressam
719 4295 900 4346 carnis
929 4294 1100 4362 ipsius
1125 4295 1530 4349 ~imilituilinem
1557 4311 1683 4349 eum
1710 4297 1942 4349 ornavit.

372 4385 430 4439 In
488 4385 745 4439 extremis
798 4386 1063 4454 siquidem
1120 4387 1455 4454 temporibus
1523 4387 1687 4440 homo
1743 4387 1942 4449 factus,

2059 1903 2335 1961 altissimis
2351 1907 2482 1973 Deo,
2500 1920 2549 1964 et
2581 1912 2636 1964 in
2666 1921 2808 1968 terra
2834 1933 2942 1985 pax
2961 1919 3030 1984 η,
3050 1930 3154 1974 etc.
3187 1923 3265 1977 Ad
3292 1924 3435 1980 hunc
3455 1928 3638 1999 itaque

2057 1995 2280 2050 modum
2313 1999 2534 2068 angelos
2566 2004 2777 2059 consilii
2807 2015 2862 2061 et
2899 2009 3321 2079 dispensationis
3353 2033 3464 2072 sua“:
3503 1995 3636 2074 con-

2058 2088 2203 2143 scios
2255 2089 2403 2146 facit.
2438 2091 2675 2151 Hoccine
2710 2115 2900 2156 rursus
2928 2103 3124 2172 objicis
3149 2125 3162 2160 :
3191 2106 3346 2174 Quod
3394 2109 3634 2170 Joannes

2056 2179 2298 2248 quidem,
2331 2193 2389 2238 ut
2432 2184 2652 2241 lucerna
2687 2191 2887 2247 ardens
2920 2204 2975 2248 et
3006 2195 3192 2253 lucens
3219 2199 3288 2266 εί,
3319 2200 3637 2260 Pi'aacurso-

2055 2285 2171 2324 rem
2199 2274 2352 2343 egit:
2385 2274 2640 2334 Christus
2677 2291 2858 2336 autem
2893 2284 2984 2338 lux
3021 2287 3301 2344 inaccessa
3339 2305 3459 2360 post
3505 2311 3630 2350 eum

2056 2365 2326 2430 apparuit,
2389 2383 2628 2439 eumque
2681 2383 2903 2431 secutus
2947 2386 3052 2444 est,
3079 2388 3138 2432 ut
3185 2396 3368 2436 vocem
3404 2388 3630 2440 verbum

2056 2453 2179 2520 (vox
2207 2459 2351 2510 enim
2379 2462 2536 2528 quasi
2556 2464 2783 2518 materia
2803 2475 2886 2520 est
2909 2470 3201 2537 sermonis,
3221 2487 3402 2527 sermo
3425 2487 3631 2541 autem,

2053 2542 2250 2610 forma,
2290 2563 2479 2605 vocem
2538 2553 2870 2640 iuformans)
2909 2568 2968 2614 ιιι
3004 2566 3314 2630 pronulium
3369 2582 3629 2640 sponsus,

2054 2635 2174 2706 pios
2225 2653 2290 2693 ac
2341 2640 2527 2698 fideles
2590 2635 2985 2720 hominesipsi
3038 2635 3633 2724 conciliantem?Quin

2054 2727 2219 2799 igitur
2252 2731 2381 2787 illud
2427 2750 2644 2806 quoque
2691 2743 3066 2810 reprehendis,
3098 2747 3241 2814 quod
3281 2757 3332 2801 et
3368 2765 3490 2803 cum
3528 2767 3630 2819 pu-_-

2053 2821 2282 2877 blicanis
2313 2827 2567 2891 comedit,
2597 2828 2845 2898 iniquum
2881 2845 3153 2902 qumstum
3187 2821 3651 2907 facientibusdut.

2053 2912 2168 2983 ipse
2222 2931 2441 2986 quoque
2491 2921 2722 2976 salutem
2766 2924 2982 2980 illorum
3015 2930 3424 2992 elucretur?"At
3452 2939 3631 2998 enim:

2053 3023 2181 3063 vero
2227 3024 2290 3063 ea
2332 3027 2420 3067 res
2469 3015 2619 3068 omni
2673 3019 3093 3086 reprehensione
3141 3025 3445 3098 caret,'nisi
3505 3029 3638 3095 quis.

2057 3103 2324 3157 medicum
2349 3107 2718 3167 accusandum
2741 3113 3079 3179 putet,.quod
3111 3115 3176 3166 ad
3197 3113 3414 3172 fmtidos
3439 3120 3627 3188 aegioti
3645 3159 3657 3175 ,.

2053 3193 2276 3246 morbos
2307 3194 2543 3262 seipsum
2573 3196 2842 3260 demittat,
2873 3207 2931 3252 ut
2959 3214 3082 3254 eum
3116 3204 3333 3256 sanitati
3355 3209 3648 3274 restituat,

2051 3280 2164 3350 ipse
2213 3283 2433 3336 interim.
2462 3285 2654 3338 morbo
2696 3301 3038 3357 nequaquam
3062 3291 3285 3347 allectus
3316 3308 3332 3348 :
3360 3304 3453 3349 aut
3477 3311 3626 3364 cum,

2048 3373 2140 3440 qui
2162 3374 2313 3440 juxta
2343 3373 2476 3444 legis
2497 3377 2879 3448 praescriptum,
2908 3380 2962 3434 in
2993 3379 3203 3437 foveam
3233 3399 3354 3439 sese
3377 3386 3658 3454 intlectit,.

2050 3475 2108 3516 ut
2140 3464 2471 3533 jumentutn,
2501 3469 2644 3538 quod
2681 3471 2903 3528 homine
2946 3475 3107 3536 vilius
3131 3486 3237 3542 est,
3271 3476 3422 3539 illine
3447 3489 3630 3541 extra-

2049 3555 2161 3621 hat,
2197 3557 2314 3627 ipse
2359 3561 2572 3615 interim
2605 3578 2670 3617 eo
2703 3565 2927 3621 minime
2960 3569 3271 3640 prolapsus.
3431 3629 3454 3653 .

2121 3648 2253 3703 Ibid.
2275 3642 2560 3708 CfMissus
2591 3655 2912 3725 qmac'mest,
2936 3669 3042 3714 etc.
3071 3661 3337 3731 Quoniam
3379 3642 3624 3722 nonnulli

2050 3742 2370 3798 missionem
2433 3747 2660 3801 secundi
2723 3749 2944 3804 ordinis
2984 3767 3144 3817 esse,
3202 3766 3366 3826 atque
3415 3759 3462 3812 ei
3530 3762 3625 3830 qui

2048 3835 2317 3898 subesset,
2347 3839 2642 3892 convenire
2661 3836 2799 3895 falso
2819 3841 3230 3910 existimabant,
3273 3847 3478 3904 idcirco
3498 3866 3624 3905 cum

2047 3923 2274 3980 dixisset
2301 3925 2612 4000 Theologus
2647 3931 2931 3987 Christum
2973 3938 3200 3991 missum
3235 3953 3377 3998 esse.
3413 3942 3622 4009 adjicit,

2049 4027 2106 4068 ut
2129 4017 2402 4072 hominem
2429 4037 2442 4074 :
2471 4023 2914 4091 quandoquidem
2943 4036 2997 4079 et
3025 4028 3229 4082 Servus
3258 4031 3310 4082 in
3339 4030 3625 4100 Scriptura

2047 4107 2228 4164 dictus
2257 4119 2358 4175 est,
2389 4121 2443 4166 et
2484 4113 2696 4168 ancillae
2744 4115 2885 4171 filius
2904 4118 2970 4184 ",
3020 4128 3074 4174 et
3105 4137 3298 4190 agnus,
3330 4131 3384 4176 et
3407 4125 3622 4188 ovis”.

2048 4209 2212 4270 atque
2248 4203 2412 4256 etiam
2449 4204 2728 4276 fatigatus,
2775 4219 2827 4263 et
2859 4210 3003 4266 fame
3046 4229 3110 4267 ac
3155 4213 3246 4269 siti
3283 4216 3517 4272 afﬂictus
3543 4219 3623 4286 ἐς

2047 4294 2349 4363 laborasse,
2381 4305 2432 4350 et
2468 4313 2673 4366 angore
2713 4305 3088 4374 correptus",
3131 4319 3296 4378 atque
3331 4311 3468 4365 adeo
3497 4327 3626 4379 pas-

2047 4402 2143 4441 sus
2173 4387 2340 4442 fuisse
2371 4389 2589 4444 dicitur.
2637 4389 2833 4447 Verum
2867 4395 2980 4450 haec
3009 4397 3214 4466 justam
3246 4412 3300 4454 et
3335 4403 3640 4466 ltOtiestanL

371 4489 636 4530 creatura:
684 4491 795 4530 suae
823 4467 1154 4529 assimilatns
1182 4487 1282 4538 est,
1317 4491 1546 4545 eamque
1577 4479 1642 4530 ad
1674 4478 1757 4532 sui
1787 4478 1943 4532 simi-
1975 4485 2021 4542 ι)
2048 4493 2270 4532 causam
2330 4482 2702 4552 rationemque
2746 4484 2982 4552 habent,
3036 4489 3307 4553 nimirum
3345 4494 3511 4562 quia,
3569 4505 3626 4551 et

371 4570 655 4623 litudinem
695 4567 1100 4636 exprimendam
1161 4567 1393 4620 reduxit.
1439 4566 1514 4618 Ex
1567 4583 1677 4635 quo
1732 4568 1940 4637 liquido

370 4671 586 4716 constat
629 4663 730 4714 hoc
763 4660 1081 4716 benelicium
1122 4659 1288 4728 priori
1344 4659 1437 4712 illo
1470 4661 1827 4714 excellentius
1877 4676 1942 4714 ac

369 4754 608 4809 divinius
633 4771 772 4808 esse.
797 4754 1120 4822 Quanquam
1147 4753 1292 4806 enim
1323 4753 1575 4823 imaginis
1594 4754 1939 4822 participatio

367 4841 612 4893 divinum
673 4841 946 4894 hominem
1001 4841 1240 4894 elfeeerit
1289 4859 1302 4894 :
1357 4842 1497 4895 idem
1540 4851 1718 4895 tamen
1767 4843 1940 4897 multo

367 4932 566 4986 melius
591 4932 840 5000 praistitit
862 4933 1043 4984 carnis
1072 4932 1434 5000 partieipatio,
1462 4946 1584 4999 quae
1621 4947 1728 4986 non
1761 4933 1938 4987 solum

368 5024 614 5077 divinum
669 5039 792 5077 cum
841 5023 1094 5085 reddidit,
1129 5037 1318 5077 verum
1370 5024 1533 5077 etiam
1569 5023 1761 5090 Deum,
1795 5039 1937 5094 pro-

368 5123 488 5183 pter
519 5113 904 5181 hgpostaticam
938 5114 1218 5178 unionem,
1251 5127 1316 5167 ac
1349 5114 1394 5168 si
1426 5113 1684 5170 audacius
1709 5114 1938 5185 loquen-

366 5209 498 5258 dum
533 5213 615 5256 est
633 5243 648 5265 ,
681 5206 972 5257 condeum.

439 5296 555 5350 Col.
609 5297 710 5349 527
760 5299 820 5348 Α.
867 5297 1008 5362 Quid
1049 5296 1118 5348 ad
1147 5296 1258 5350 haec
1293 5299 1442 5351 nobis
1481 5300 1815 5368 sycophanta:
1859 5300 1938 5351 di-

366 5394 516 5450 cunt,
566 5395 670 5439 etc.
704 5386 980 5440 Adversus
1035 5388 1149 5440 haec
1189 5388 1261 5440 ita
1307 5389 1626 5442 admiranda
1677 5392 1939 5458 quidnam

368 5477 609 5530 haeretici
671 5478 850 5533 dicere
889 5478 1124 5547 queant?
1173 5482 1475 5548 peracerbi,
1539 5467 1785 5551 inpiam,
1847 5484 1934 5537 isti

442 5650 486 5678 ⁸³
514 5646 648 5702 Gen.
681 5666 719 5712 I,
747 5649 835 5704 26.
935 5651 986 5682 "°
1003 5649 1139 5706 Luc.
1169 5669 1227 5715 tt,
1259 5655 1342 5708 l-l.
1452 5655 1492 5686 "
1516 5654 1671 5708 .lian.
1709 5674 1782 5714 vi.

1999 5661 2208 5720 "Ps-al.
2241 5681 2439 5732 anv,
2479 5666 2560 5722 IG.

2049 4571 2231 4634 homo,
2287 4577 2340 4624 et
2375 4571 2547 4628 Filius
2601 4575 2839 4630 hominis
2877 4576 3054 4639 factus
3103 4590 3210 4637 est.
3260 4581 3440 4649 Quare
3483 4587 3647 4650 nihil,

2045 4675 2151 4729 est,
2186 4681 2285 4718 cur
2318 4666 2401 4721 his
2429 4669 2656 4722 vocibus
2688 4671 2977 4740 quisquam
3008 4654 3335 4729 offendatur.
3379 4675 3616 4732 Verbum

2046 4759 2188 4811 enim
2229 4755 2398 4813 Filius
2429 4759 2666 4816 hominis
2700 4761 2903 4817 factum
2934 4775 3037 4827 est,
3076 4776 3133 4819 ut
3175 4767 3620 4830 mediator-exsi-

2048 4861 2196 4904 stens
2228 4849 2320 4904 Dei
2355 4861 2518 4923 atque
2547 4854 2852 4921 hominum,
2888 4873 3008 4927 qua:
3043 4856 3135 4912 Dei
3168 4869 3318 4923 sunt,
3359 4861 3535 4927 nobis,
3566 4873 3621 4916 et

2048 4950 2169 5004 quae
2204 4946 2388 4991 nostra
2424 4948 2574 5004 sunt,
2614 4942 2723 4995 Deo
2756 4945 3050 4998 ministret.
3095 4945 3230 4999 Cum
3277 4948 3442 5017 igitur
3475 4951 3618 5004 fame

2048 5027 2228 5096 urgeri
2261 5029 2496 5093 dicitur,
2544 5030 2809 5102 laeryinas
2855 5034 3222 5102 profundere,
3276 5038 3513 5108 fatigari,
3562 5053 3618 5097 et

2043 5118 2169 5172 Elui
2210 5117 2331 5171 Elui
2362 5118 2617 5185 clamare,
2673 5126 2938 5178 humanos
2973 5140 3036 5180 ac
3066 5136 3282 5190 nostros
3315 5115 3540 5186 affectus
3584 5149 3645 5199 a_

2045 5211 2204 5263 nobis
2260 5213 2477 5279 accipit,
2515 5222 2680 5282 atque
2733 5215 2800 5268 ad
2848 5214 3074 5282 Patrem
3117 5224 3458 5291 transmittit,
3514 5241 3613 5295 pro

2043 5303 2200 5387 nobis
2235 5304 2602 5371 iutercedens,
2634 5316 2693 5360 ut
2720 5309 2972 5365 videlicet
3009 5312 3062 5366 in
3097 5313 3216 5383 ipso
3250 5321 3616 5388 exstinguatté

2043 5378 2148 5446 tiir.
2182 5394 2315 5448 Cum
2347 5405 2529 5450 autem
2568 5397 2644 5452 ait
2675 5416 2688 5451 :
2717 5399 2856 5454 Data
2896 5403 3028 5456 mihi
3060 5417 3136 5460 est
3175 5410 3344 5472 omnis
3369 5378 3638 5478 potestas

2041 5486 2093 5538 in
2129 5487 2254 5539 cmlo
2281 5497 2329 5540 et
2369 5489 2420 5540 in
2469 5497 2609 5544 terra
2634 5491 2704 5557 “,
2747 5493 2984 5566 itemque
3009 5499 3152 5568 quod
3190 5501 3330 5560 Deus
3360 5521 3482 5558 eum
3521 5521 3615 5559 su-

2644 5670 2689 5702 ⁵³
2717 5669 2820 5728 Isa.
2855 5690 2976 5742 LIII,
3013 5675 3065 5734 7.
3167 5675 3213 5708 ”
3235 5674 3370 5740 Luc.
3404 5691 3478 5742 tv,
3512 5675 3641 5743 ἡδὶ.

368 5719 528 5776 Joau.
569 5731 640 5784 tv,
675 5723 728 5774 ti.
804 5721 1044 5776 “Marc.
1087 5737 1197 5790 λιν,
1231 5724 1299 5778 55
1340 5741 1493 5794 seqq.
1564 5728 1802 5781 "Matth
1857 5745 2046 5798 X.\Vlll,
2093 5739 2173 5787 l8.
