4032 6198
499 290 636 365 ian

1910 290 2297 371 ADDENDA.

3599 283 3714 348 1205

494 397 940 471 percxaltarit",
989 397 1300 469 huiusmodi
1343 414 1510 456 voces
1544 399 1636 455 Dei
1672 400 1933 457 beneﬁcia
1984 417 2077 472 per
2108 409 2149 462 Α
2181 412 2364 460 autem
2416 401 2633 459 silentio
2675 410 2890 472 premat
2936 411 2991 458 et
3037 408 3330 474 praetereat
3364 408 3563 470 :atqne
3607 401 3714 456 illud

496 510 621 549 cum
657 494 710 548 in
758 508 855 549 nos
910 493 1107 548 collata
1143 492 1445 548 declarant.
1484 494 1671 565 Neque
1717 496 1865 550 enim
1895 493 2076 561 Verbo

495 587 798 657 quidquam
852 600 1092 657 unquam
1130 585 1338 651 deerat,
1372 597 1465 642 aut
1495 587 1695 656 defuit,
1729 603 1832 645 nec
1879 604 2075 645 rursus

497 678 748 731 homines
799 675 902 730 sibi
959 675 1094 745 ipsis
1134 674 1449 733 ministrare
1487 688 1760 749 poterant.
1816 676 1941 733 llzec
1980 694 2076 747 per

501 766 734 823 Verbum
771 767 930 823 nobis
970 767 1349 835 conferuntur,
1397 780 1585 841 atque,
1624 779 1683 826 ut
1714 771 1815 844 ipsi
1850 772 2074 838 donata,

497 859 654 916 nobis
705 859 1116 929 impertiuntur.
1157 859 1372 916 Etenim
1421 862 1492 916 ob
1523 862 1665 916 hanc
1693 878 1913 934 quoque
1939 880 2072 920 cau-

494 969 616 1008 sam
649 953 1045 1007 humanitatem
1083 953 1315 1024 accepit,
1351 962 1413 1008 ut
1452 970 1574 1025 quae
1606 955 1706 1026 ipsi
1749 956 1970 1021 dantur,
2006 957 2074 1012 ad

496 1062 598 1102 nos
657 1044 828 1100 lluant
884 1060 947 1100 ac
1003 1054 1407 1115 pertranseant.
1473 1045 1649 1102 Homo
1709 1048 1853 1102 enim
1904 1063 2075 1118 purus

498 1135 929 1206 haudquaquam
984 1136 1188 1191 talibus
1219 1136 1522 1207 privilegiis
1567 1146 1797 1194 ornatus
1833 1137 2027 1195 fuisset
2058 1156 2072 1194 :

496 1239 562 1278 ac
619 1239 814 1280 rursus
859 1223 1098 1279 Verbum
1156 1227 1332 1281 solum
1392 1242 1739 1299 nequaquam
1802 1228 1886 1284 his
1937 1245 2074 1299 opus

498 1316 809 1372 habuisset.
838 1315 1077 1373 Proinde
1106 1320 1266 1376 nobis
1298 1318 1391 1374 Dei
1420 1320 1591 1378 Filius
1618 1321 1947 1391 coniunctus
1970 1333 2072 1388 est,

496 1424 563 1464 ac
597 1418 710 1463 tum
737 1409 895 1464 nobis
922 1419 1247 1480 potestatem
1278 1412 1489 1479 tribuit,
1518 1429 1727 1485 nosque
1759 1415 1812 1470 in
1844 1415 2077 1473 sublime

497 1500 709 1554 extulit.
744 1499 984 1565 Verbum
1022 1502 1167 1556 enim
1210 1503 1263 1556 in
1307 1503 1528 1559 homine
1560 1504 1854 1571 exsistens,
1894 1507 2075 1562 homi-

498 1607 621 1645 nem
663 1591 931 1647 altissime
958 1591 1235 1656 subvexit,
1269 1603 1432 1665 atque
1461 1596 1532 1650 ita
1558 1593 1737 1652 Verbo
1770 1597 1823 1652 in
1856 1599 2076 1655 homine

497 1681 797 1739 exsistente
815 1693 1141 1754 potestatem
1169 1687 1332 1744 homo
1358 1687 1593 1758 accepit.
1615 1687 2072 1760 Quandoquidem

500 1773 685 1843 igitur,
727 1772 904 1832 Verbo
954 1791 1077 1832 cum
1139 1792 1303 1833 carne
1352 1779 1671 1849 coniuncto,
1731 1782 1784 1835 in
1840 1781 2074 1838 sublime

501 1867 663 1919 homo
694 1875 988 1935 provectus
1018 1878 1121 1933 est,
1156 1884 1220 1924 ac
1252 1878 1579 1941 potestatem
1612 1872 1841 1942 accepit,
1879 1875 2075 1933 merito

500 1958 614 2014 haec
654 1957 855 2025 Verbo,
902 1975 998 2030 per
1027 1961 1172 2031 quod
1208 1961 1333 2016 data
1375 1972 1527 2028 sunt,
1562 1972 1782 2033 accepta
1823 1965 2075 2021 referun-

498 2057 607 2103 tur.
638 2048 710 2102 At
735 2064 866 2105 vero
897 2050 1043 2105 illam
1078 2067 1202 2107 cum
1233 2052 1454 2107 homine
1489 2052 1772 2121 unionem,
1813 2070 1936 2110 cum
1966 2071 2073 2127 qua

500 2141 792 2197 invisibilis
840 2151 1038 2199 natura
1086 2159 1183 2215 per
1232 2153 1442 2215 partem
1490 2146 1759 2203 visibilem
1811 2148 2072 2219 cognosci

498 2243 729 2301 poterat,
780 2236 1089 2290 missionem
1140 2239 1467 2294 nominavit.
1514 2238 1703 2310 Neque
1746 2242 1891 2296 enim
1927 2240 2073 2299 Deus

501 2326 741 2381 humano
788 2343 940 2382 more
1001 2330 1150 2386 locos
1199 2331 1430 2388 subinde
1487 2342 1684 2398 mutat,
1737 2334 1938 2405 quippe
1979 2336 2075 2406 qui

497 2418 694 2472 malum
731 2428 784 2474 et
818 2429 1015 2475 terram
1048 2421 1311 2490 impleat:
1346 2438 1535 2479 verum
1570 2425 1807 2481 carnalis
1839 2442 2076 2496 pra-sem

499 2512 597 2576 tia,
641 2522 695 2569 et
744 2515 1042 2570 snbmissio
1093 2516 1206 2581 illa,
1239 2516 1331 2585 qui
1363 2532 1429 2572 ex
1462 2516 1785 2587 incorporea
1816 2519 2074 2589 magnifi-

497 2606 672 2660 centia
725 2606 792 2661 ad
837 2609 1082 2678 corporis
1128 2608 1389 2663 vilitatem
1436 2625 1560 2666 sese
1610 2610 1828 2681 deiecit,
1884 2613 2075 2669 missio

499 2701 777 2754 nominata
810 2710 914 2755 est.
944 2701 1122 2769 Atque
1160 2709 1218 2756 ut
1259 2702 1424 2757 etiam
1460 2702 1567 2757 hoc
1599 2702 1814 2769 demus,
1850 2719 1975 2758 eum
2017 2712 2077 2759 ut

498 2788 666 2842 Deum
720 2790 948 2844 missum
996 2806 1140 2859 esse,
1172 2808 1294 2867 non
1326 2802 1511 2849 tamen
1554 2792 1684 2848 hinc
1730 2809 1857 2848 eum
1908 2793 2069 2849 Patre

496 2878 814 2934 inferiorem
871 2896 995 2936 esse
1050 2882 1343 2952 colligitur.
1399 2884 1534 2939 Nam
1593 2894 1865 2954 quatenus
1927 2884 2072 2941 Patri

500 2968 696 3022 Filium
762 2969 1039 3025 incarnari
1082 2972 1307 3042 placuit,
1360 2973 1625 3029 hactenus
1672 2990 1797 3029 eum
1853 2976 2074 3034 misisse

497 3060 699 3116 dicitur
733 3078 749 3129 ;
777 3069 940 3134 atque
969 3063 1131 3118 etiam
1169 3065 1358 3120 eodem
1414 3063 1579 3119 modo
1608 3080 1723 3136 quo
1756 3067 1927 3122 solem
1980 3084 2069 3122 ra-
2101 3093 2144 3153 ρ

496 3151 644 3205 dium
675 3166 837 3206 suum
872 3154 1089 3210 misisse
1119 3155 1376 3212 dicimus.
1417 3155 1673 3221 Christus
1716 3158 1862 3213 enim
1889 3160 2073 3215 omnia

494 3259 595 3298 sua
632 3244 782 3301 Patri
816 3245 1061 3313 ascribit,
1095 3246 1292 3317 partim
1330 3256 1389 3303 ut
1421 3247 1597 3318 ipsum
1632 3258 1893 3320 tanquam
1925 3251 2075 3320 priu-

496 3331 700 3401 cipinm
737 3342 791 3387 et
822 3348 1045 3393 causam
1092 3350 1247 3413 suam
1280 3336 1543 3406 temporis
1583 3338 1767 3393 omnis
1793 3348 2071 3408 expertem

496 3424 729 3481 honoret
784 3427 987 3497 (neque
1035 3429 1181 3484 enim
1238 3428 1363 3486 Filii
1419 3433 1759 3502 generationi
1809 3435 2074 3505 temporis

493 3516 791 3587 quidquam
828 3518 1132 3576 intercessit
1175 3523 1317 3577 :sed
1355 3523 1522 3579 simul
1576 3523 1757 3589 Pater,
1810 3527 1975 3582 simul
2021 3536 2075 3582 et

494 3609 715 3681 Filius),
756 3612 952 3678 partim
988 3615 1149 3667 etiam
1195 3629 1263 3669 ne
1307 3613 1456 3670 Patri
1493 3617 1772 3673 adversari
1802 3619 2067 3675 videatur.

494 3698 575 3754 Ob
606 3717 727 3754 eam
785 3716 1008 3755 causam
1054 3718 1115 3757 se
1158 3703 1228 3757 ab
1280 3718 1346 3760 eo
1398 3706 1624 3761 missum
1678 3722 1803 3763 esse
1847 3709 2068 3765 dicitur.

495 3790 967 3857 Quemadmodum
1003 3802 1059 3849 et
1109 3810 1141 3850 a
1173 3794 1335 3851 Patre
1389 3797 1626 3854 traditus
1667 3815 1790 3855 esse
1823 3801 2024 3857 dicitur
2053 3820 2066 3857 :

497 3881 750 3937 Traditus
788 3884 934 3940 enim
967 3895 1075 3953 est,
1126 3888 1325 3960 inquit,
1361 3890 1454 3945 ille
1493 3901 1706 3962 propter
1732 3905 1947 3961 peccata
1975 3911 2071 3949 no-

492 3975 697 4030 stra“.
763 3978 930 4047 Atqui
990 3979 1113 4050 ipse
1180 3996 1401 4051 quoque
1476 3984 1717 4053 seipsum
1782 3986 2070 4044 tradidisse

492 4067 772 4124 srrihitur.
807 4070 899 4125 Ait
932 4072 1080 4126 enim
1126 4073 1465 4140 Apostolus:
1505 4073 1729 4141 Christi,
1756 4077 1847 4148 qui
1880 4077 2068 4133 dilexit

492 4177 594 4225 me,
648 4172 698 4215 et
747 4161 976 4215 tradidit
1030 4167 1372 4235 semetipsum
1428 4184 1526 4237 pro
1579 4185 1659 4224 me
1681 4170 1751 4223 ⁸⁸.
1798 4169 2000 4226 Adhaec
2035 4186 2069 4227 a

494 4251 657 4307 Patre
688 4253 756 4307 ad
791 4253 957 4307 vitam
983 4265 1277 4312 revocatus
1312 4272 1376 4312 ac
1410 4267 1701 4328 susceptus
1732 4257 1901 4317 fuisse
1928 4261 2070 4317 dici-

492 4352 603 4407 tur,
643 4350 703 4396 ut
737 4358 861 4396 cum
898 4343 975 4398 ait
1016 4345 1222 4401 Paulus
1250 4365 1265 4402 :
1293 4347 1436 4402 Deus
1469 4360 1648 4404 autem
1683 4360 1732 4405 et
1782 4350 2067 4407 Dominum

2179 494 2397 564 quidem
2432 504 2713 566 supputet,
2744 494 2892 566 quod
2932 492 3184 551 Christus
3217 507 3417 564 passus
3449 492 3535 551 sit.
3564 494 3713 562 ipsum

2179 587 2433 644 videlicet
2476 587 2810 644 imminuens
2840 606 2854 642 :
2888 587 3036 658 quod
3073 596 3254 643 autem
3286 586 3433 641 ultro
3462 593 3515 639 et
3555 595 3720 653 sponte

2178 694 2377 751 passus
2440 678 2513 735 sit
2565 682 2654 746 (ex
2718 694 2831 751 quo
2883 680 3057 749 ipsius
3124 687 3370 748 potestas
3422 677 3719 735 declaraturl

2178 786 2527 843 nequaquam
2577 771 2820 842 adjiciat.
2883 768 3207 840 Huiusmodi
3264 779 3448 826 autem
3504 770 3717 839 quaedam

2180 879 2328 918 nunc
2361 877 2583 933 quoque
2605 862 2813 932 patitur
2841 860 3015 916 Filius
3046 872 3100 916 et
3130 859 3374 916 Verbum
3409 858 3523 915 Dei.
3550 856 3669 913 Nam
3692 873 3719 913 a

2177 951 2505 1009 Sabellianis
2534 961 2594 1007 ut
2624 952 2767 1007 Deus
2807 951 3129 1015 honoratur,
3162 959 3333 1019 atque
3378 946 3719 1003 confunditur.

2177 1044 2259 1099 llli
2284 1044 2432 1100 enim
2467 1058 2629 1099 unam
2660 1042 2715 1098 in
2750 1042 3039 1097 divinitate
3077 1039 3433 1097 trinominem
3467 1053 3719 1108 personam

2175 1152 2299 1194 esse
2337 1136 2613 1199 dicebant,
2658 1134 2912 1191 eumdem
2956 1147 3081 1190 esse
3121 1133 3341 1188 Patrem
3377 1139 3432 1186 et
3463 1129 3643 1183 Fil’um
3671 1143 3724 1183 ac

2177 1228 2440 1298 Spiritum
2472 1235 2723 1284 sanctum
2750 1235 3082 1282 asserentes.
3111 1224 3191 1278 Ab
3210 1223 3433 1278 Arianis
3466 1231 3654 1284 autem,
3675 1228 3725 1273 ut

2176 1334 2330 1384 caro,
2378 1317 2722 1389 contemptui
2780 1316 3012 1373 habetur
3071 1330 3136 1370 ac
3187 1322 3497 1385 separatur.
3555 1311 3723 1365 Filium

2175 1412 2321 1466 enim
2356 1411 2412 1467 in
2455 1419 2831 1466 creaturarum
2862 1409 3110 1464 ordinem
3140 1408 3471 1477 redigentes,
3505 1420 3532 1458 a
3569 1401 3722 1458 Patris

2178 1501 2466 1557 divinitate
2509 1502 2886 1557 semovebant.
2924 1499 3198 1567 Quoniam
3242 1499 3410 1569 igitur
3441 1497 3643 1566 utrique
3678 1493 3724 1547 in

2177 1595 2292 1666 pari
2334 1594 2613 1665 impietate
2654 1602 2969 1659 versantur,
3026 1592 3165 1649 utris
3200 1590 3423 1660 gravius
3465 1590 3723 1650 irascetur,

2179 1687 2223 1744 si
2261 1686 2645 1757 justojudicio
2691 1701 2814 1743 cum
2862 1685 2970 1741 illis
3031 1699 3193 1755 agere
3250 1683 3402 1745 velit,
3443 1679 3525 1736 vel
3569 1679 3724 1750 ponus

2180 1776 2317 1831 utris
2369 1776 2490 1846 plus
2555 1775 2911 1845 condonabit,
2964 1775 3012 1830 si
3078 1774 3307 1830 lenitate
3363 1781 3417 1828 et
3471 1767 3725 1827 clementia

2179 1868 2404 1923 utatur?
2434 1865 2631 1924 Utrum
2660 1868 3015 1932 Sabellianis,
3047 1867 3142 1937 qui
3169 1866 3381 1923 nefarie
3408 1864 3725 1927 contrahunt,

2175 1977 2240 2017 ac
2269 1959 2485 2016 Patrem
2533 1970 2586 2015 et
2616 1958 2813 2015 Filium
2842 1968 2898 2014 ct
2939 1957 3208 2030 Spiritum
3246 1969 3517 2020 sanctum,
3560 1967 3724 2025 perso-

2179 2068 2304 2109 nam
2352 2068 2517 2109 unam
2555 2051 2907 2107 trinominem
2945 2066 3069 2106 esse
3109 2047 3489 2106 contendunt?
3521 2062 3581 2099 an
3616 2055 3727 2096 vero

2177 2147 2419 2212 Arianis,
2467 2147 2560 2218 qui
2608 2146 2775 2216 impie
2820 2143 3102 2207 scindunt,
3140 2156 3207 2197 ac
3262 2140 3459 2195 Filium
3498 2152 3527 2191 a
3569 2133 3723 2189 Patris

2176 2239 2482 2297 substantia
2533 2236 2860 2307 seiungunt?
2908 2230 3042 2290 Nam
3078 2243 3133 2291 et
3168 2234 3459 2305 oportebat
3487 2228 3721 2311 Saliellia-

2177 2348 2279 2388 uos
2313 2345 2540 2386 numero
2579 2330 2841 2393 dividere.
2875 2328 2982 2382 hoc
3028 2335 3132 2389 est,
3160 2335 3276 2381 tres
3299 2337 3551 2395 personas
3578 2316 3722 2373 conli-

2177 2426 2275 2481 tcri
2306 2441 2372 2481 ac
2399 2437 2708 2488 numerare,
2736 2428 2789 2476 et
2829 2419 3065 2475 Arianos
3087 2417 3321 2474 decebat
3354 2425 3461 2470 tres
3492 2422 3721 2483 personas

2177 2528 2374 2575 natura
2425 2527 2478 2572 et
2530 2516 2816 2573 divinitate
2867 2513 3233 2583 conjungere,
3288 2522 3452 2564 unam
3503 2503 3723 2560 videlicet

2179 2613 2346 2668 trium
2390 2623 2754 2681 personarum
2812 2616 3061 2662 naturam
3117 2613 3172 2659 et
3208 2601 3543 2658 divinitatem
3578 2593 3722 2696 conli-

2178 2711 2378 2758 tentes.
2422 2699 2704 2770 lmpingis,
2746 2712 2780 2752 o
2831 2696 3107 2763 haeretice,
3136 2703 3309 2765 atque
3347 2693 3414 2748 ad
3459 2690 3743 2745 Salvatmis.

2178 2810 2397 2851 carnem
2452 2792 2719 2849 offendis?
2750 2791 2894 2846 Idem
2939 2804 3161 2860 quoque
3197 2780 3257 2844 et
3288 2786 3489 2844 Judatis
3529 2779 3718 2839 accidit.

2176 2884 2380 2943 Christi
2412 2883 2684 2941 divinitati
2715 2883 2873 2937 [idem
2905 2879 3179 2950 abrogas?
3202 2877 3264 2934 ld
3298 2892 3428 2933 vero
3457 2888 3520 2933 ne
3542 2873 3717 2927 damo-

2176 2994 2274 3034 nes
2303 2976 2524 3047 quidem
2561 2974 2831 3031 fecerunt.
2865 2973 2942 3028 lta
2973 2981 3030 3028 et
3058 2972 3342 3027 daemones
3371 2963 3715 3024 incredulitate

2178 3084 2429 3139 superas,
2479 3078 2534 3123 et
2563 3065 2783 3122 Iudaeos
2818 3063 3022 3135 ingenii
3064 3063 3344 3119 tarditate.
3375 3060 3505 3116 Nam
3547 3057 3717 3112 daemo-

2180 3177 2318 3226 nes,
2376 3176 2500 3216 Cllnl
2563 3174 2593 3214 a
2650 3159 2872 3213 Christo
2916 3156 3292 3227 pellerentur,
3352 3153 3514 3207 Deum
3568 3150 3716 3218 ipsum

2177 3252 2597 3308 conﬁtebantur.
2645 3248 2831 3305 Fidem
2879 3249 3025 3304 enim
3058 3247 3165 3303 illis
3211 3243 3513 3301 divinitatis
3543 3233 3715 3294 Christi

2178 3343 2451 3401 faciebant
2473 3357 2534 3399 ea
2556 3358 2680 3412 quae
2705 3341 3072 3412 patiebantur,
3104 3337 3459 3394 invisibiliter
3481 3330 3714 3390 cruciati:

2176 3451 2238 3491 ac
2269 3434 2497 3506 proinde
2526 3434 2783 3490 dicebant
2815 3452 2830 3490 :
2867 3433 3009 3500 Quid
3045 3432 3196 3488 nobis
3222 3442 3278 3497 et
3305 3432 3424 3495 tibi,
3457 3428 3598 3492 Iesu,
3624 3419 3716 3475 Fili

2176 3526 2276 3582 Dei
2298 3527 2383 3581 ⁸⁸2
2405 3525 2576 3582 Judaei
2610 3534 2819 3591 autem,
2852 3540 2977 3581 cum
3014 3527 3193 3596 ipsum
3230 3525 3498 3581 dicentem
3538 3514 3717 3573 audiis-

2177 3630 2340 3674 sent:
2382 3619 2540 3674 Pater
2573 3635 2716 3674 meus
2774 3635 2936 3690 usque
2992 3618 3150 3674 modo
3196 3628 3473 3689 aperatur,
3536 3622 3583 3668 et
3642 3621 3718 3676 69°

2177 3726 2365 3779 operor
2382 3711 2451 3775 ⁸⁵,
2494 3711 2551 3765 in
2598 3710 2746 3766 hunc
2790 3725 3013 3766 sensum
3059 3709 3175 3766 haec
3205 3711 3379 3766 verba
3407 3706 3715 3775 acceperunt.

2177 3813 2236 3858 ut
2268 3804 2524 3872 Quoniam
2571 3803 2789 3860 Patrem
2830 3818 2993 3859 suum
3045 3803 3213 3858 Deum
3255 3818 3378 3859 esse
3427 3794 3712 3855 allirmabals

2176 3908 2363 3964 parem
2395 3909 2617 3964 quoque
2664 3893 2776 3950 Deo
2811 3894 3051 3964 seipsum
3090 3893 3325 3960 faceret,
3372 3909 3433 3948 ac
3462 3895 3710 3961 propterea

2177 3985 2353 4053 ipsum
2406 3987 2893 4055 persequebantur.
2948 3986 3019 4040 At
3062 3995 3118 4041 tu
3163 4000 3295 4049 nec,
3347 3994 3405 4041 ut
3429 3978 3607 4045 Judrei,
3633 3971 3711 4029 Dei

2173 4086 2227 4131 et
2255 4074 2376 4131 Filii
2399 4092 2522 4132 cum
2552 4076 2712 4130 Patre
2747 4077 3114 4147 aequalitatem
3140 4075 3448 4146 intelligere
3474 4071 3584 4127 vis:
3609 4077 3713 4127 neco

2176 4176 2235 4222 ut
2258 4169 2557 4237 dtemones,
2600 4170 2943 4226 divinitatem
2973 4170 3251 4226 confiteri.
3284 4167 3542 4238 Quocirca
3567 4158 3712 4218 sati“!

2176 4259 2273 4313 tibi
2313 4259 2491 4317 fuerat
2518 4259 2833 4317 Judaeorum
2884 4262 2995 4318 ritu
3045 4263 3440 4323 circumcisum
3491 4269 3620 4317 esse.
3661 4260 3714 4304 ια

2173 4348 2437 4418 proinde,
2496 4360 2558 4406 ut
2602 4351 2722 4418 illi,
2777 4353 3146 4423 aequalitatem
3204 4352 3538 4423 intelligere,
3576 4352 3712 4411 Sull")

488 4450 520 4486 α
553 4434 778 4487 mortuis
809 4434 1083 4502 excitavit,
1115 4447 1166 4491 et
1205 4453 1299 4491 nos
1331 4439 1583 4493 excitabit
1606 4440 1673 4497 °°.
1709 4438 1778 4494 Et
1803 4442 2020 4499 Marcus
2047 4463 2061 4497 :
2096 4429 2142 4484 Ῐ)
2170 4441 2476 4497 daemonum
2506 4443 2849 4514 intemperiis
2886 4444 3576 4514 agitari,‘diVinitatemque
3599 4448 3708 4490 ccu-

488 4524 774 4596 Dominus,
817 4527 1023 4599 inquit,
1072 4540 1357 4602 postquam
1408 4531 1540 4607 ipsis
1601 4532 1810 4587 loeutus
1864 4544 1963 4597 est,
2007 4537 2064 4591 in

485 4617 674 4670 (telum
715 4630 953 4688 receptus
1002 4629 1079 4672 est
1107 4619 1172 4672 ⁶¹.
1206 4619 1371 4690 Atqui
1421 4632 1614 4677 rursus
1648 4622 1914 4693 scriptum
1954 4631 2060 4692 est,

485 4709 631 4775 quod
666 4711 782 4778 ipse
810 4725 870 4765 se
904 4710 1246 4777 excitaverit,
1277 4722 1442 4782 atque
1472 4712 1526 4767 in
1564 4713 1764 4769 caelum
1804 4717 2065 4772 ascende-

484 4800 554 4853 rit
582 4817 597 4855 :
630 4799 830 4856 Solvite
867 4802 1039 4867 enim,
1080 4803 1282 4872 inquit,
1310 4805 1407 4859 hor
1445 4805 1715 4877 templum,
1736 4817 1786 4862 et
1818 4808 1873 4861 in
1893 4809 2064 4865 tribus

485 4892 667 4947 diebus
713 4894 956 4948 excitabo
985 4894 1123 4949 illud
1149 4895 1215 4950 ⁸¹.
1262 4895 1326 4953 Et
1358 4896 1535 4954 Lucas
1560 4915 1575 4953 :
1606 4897 2065 4964 Quemadmodum

486 4982 695 5037 uidistis
740 4999 858 5039 eum
903 4986 1275 5043 ascendentem
1315 4988 1373 5044 in
1424 4989 1612 5044 mlum
1636 4989 1704 5044 “.
1762 4989 1935 5046 Porro
1971 5006 2063 5054 ea.

484 5090 609 5141 quae
654 5074 723 5131 dc
776 5077 898 5148 ipso
946 5078 1215 5136 lmmilius
1257 5089 1422 5153 atque
1472 5082 1738 5154 abiectius
1784 5084 2062 5151 dicuntur,

484 5165 665 5223 Patris
695 5170 1098 5242 beneplacitum
1132 5162 1379 5230 indicant
1408 5193 1424 5230 :
1452 5192 1576 5247 qua:
1601 5186 1785 5232 autem
1811 5177 2065 5232 sublimi-

486 5269 570 5313 ter
599 5269 653 5315 et
684 5264 997 5332 magnifice,
1047 5264 1352 5323 Salvatoris
1383 5277 1706 5338 potestatem
1740 5270 2059 5324 ostendunt.

485 5355 555 5429 At
586 5353 876 5411 haereticus
909 5370 974 5410 ca
1009 5365 1096 5413 est
1127 5358 1296 5414 animi
1326 5360 1707 5429 perversitate,
1738 5368 1800 5414 ut
1831 5360 2060 5418 humilia

486 5444 708 5513 quidem
764 5446 933 5503 verba
978 5458 1265 5507 enumeret
1315 5466 1382 5508 ac
1433 5462 1754 5520 recenseat,
1805 5452 2063 5521 sublimia

561 5627 604 5657 ’⁸⁷
630 5625 813 5696 Philip

486 5697 670 5753 “Art.
710 5713 746 5767 ι,
782 5697 864 5753 ll.
946 5699 990 5732 “
1016 5698 1205 5756 Matth.
1239 5713 1356 5763 vm,
1389 5698 1478 5754 29.
1556 5701 1600 5733 ⁸⁵
1628 5698 1787 5756 Joan.
1826 5718 1877 5771 v,
1918 5704 2004 5758 l7.

818 5642 870 5708 ρ.
908 5642 982 5708 t|_._
1090 5628 1327 5708 "Pom.
1362 5630 1599 5708 tv,_25.‘_
1636 5632 1681 5708 ξ’
1705 5629 1880 5686 Galat.
1914 5648 1980 5708 tu:
2002 5634 2070 5690 20

2175 5650 2177 5661 '
2212 5637 2229 5694 l
2258 5638 2385 5695 Cor.
2418 5654 2491 5707 vr,
2534 5636 2620 5693 Η.
2698 5638 2738 5671 ⁶¹
2767 5636 2933 5695 Marc.
2966 5656 3075 5708 XVI,
3110 5640 3195 5699 l9.

2174 4532 2338 4598 literi,
2378 4550 2543 4604 quam
2590 4536 2644 4591 in
2689 4536 2955 4605 praeputio
3005 4543 3061 4591 et
3095 4536 3360 4592 incolumi
3411 4527 3704 4590 valetudine.

2167 4625 2332 4682 nullis
2362 4625 2672 4682 daemonum
2703 4627 3000 4683 insultibus
3031 4626 3360 4697 interrupta,
3391 4633 3500 4680 tum
3521 4619 3704 4675 Judzos

2169 4719 2424 4775 tarditate
2449 4729 2504 4775 et
2542 4718 2757 4775 inscitia
2786 4733 3072 4789 superare,
3111 4726 3228 4773 tum
3261 4717 3426 4774 etiam
3451 4729 3513 4769 eo
3541 4704 3704 4764 morbo

2167 4810 2437 4877 divexari,
2485 4820 2546 4867 ut
2593 4810 2931 4868 divinitatem
2991 4826 3179 4880 neges,
3231 4826 3264 4866 a
3309 4823 3421 4881 quo
3464 4806 3702 4862 daemones

2166 4919 2385 4974 quoque
2414 4905 2514 4975 ipsi
2546 4905 2697 4963 liberi
2724 4902 2966 4961 fuerunt.
3547 4986 3580 4991 _
3667 4979 3679 4991 ο

2244 4996 2366 5053 Col.
2406 4996 2511 5054 530
2542 4997 2603 5053 Β.
2662 5000 2739 5053 Ac
2764 4998 2976 5069 quidem
3015 4998 3177 5068 paulo
3213 5007 3354 5069 post,
3395 5002 3498 5049 etc.
3546 4986 3698 5042 Brevi.

2168 5088 2367 5157 inquit,
2401 5089 2640 5146 futurum
2693 5101 2799 5156 est,
2832 5100 2893 5147 ut
2936 5091 3219 5147 Christum
3262 5104 3379 5145 mea
3409 5095 3563 5142 causa
3588 5086 3698 5147 νυν

2165 5181 2283 5251 gari
2326 5181 2527 5246 videas,
2580 5196 2645 5237 ea
2696 5183 3041 5253 purgatione,
3089 5198 3255 5253 quam
3306 5178 3437 5235 mihi
3482 5163 3697 5265 adhibet!

2167 5273 2553 5339 conveniebat,
2609 5283 2799 5346 utpote
2832 5275 3074 5345 peccatis
3103 5274 3330 5332 fmdato.
3374 5268 3507 5324 Nam
3549 5267 3695 5317 005'"

2168 5364 2287 5418 vice
2332 5364 2644 5434 baptizatus
2676 5375 2778 5423 est.
2820 5366 3034 5423 Etenim
3065 5367 3312 5439 quaedam
3337 5356 3532 5418 Christi
3562 5359 3699 5408 voces

2165 5466 2216 5513 et
2239 5455 2507 5525 actiones,
2530 5472 2638 5514 non
2666 5458 2797 5529 ipsi,
2821 5459 2917 5515 sed
2942 5459 3103 5516 nobis
3123 5463 3451 5529 congruunt.
3471 5445 3697 5506 Action“

3290 5637 3336 5670 ss
3356 5632 3507 5689 δοκι,
3534 5641 3570 5680 ιι
3621 5611 3692 5671 ιο.
