4032 6198
357 330 495 418 1205

1244 354 1562 419 NICETAS
1604 358 1686 419 IN
1723 350 1927 419 ORA'I‘
1991 360 2299 421 XXXVIII
2341 362 2401 423 S.
2443 361 2677 423 GREG.

3475 363 3608 431 1206

349 469 598 540 quidem,
663 475 718 519 ιιι
771 462 1080 534 haptismus
1133 465 1285 535 ipse;
1346 482 1507 524 voces
1560 480 1766 536 autem,
1824 480 1881 524 ut
1916 489 1927 522 :
1967 480 2007 535 Α
2040 484 2183 536 riunt,
2241 483 2289 527 et
2340 474 2718 529 ministrabant
2763 475 2900 528 ei".
2960 472 3205 530 Mortuos
3263 475 3487 544 insuper
3539 479 3608 531 ad

359 561 494 614 Deus
543 575 706 617 meus.
758 555 898 611 Deus
941 573 1108 618 meus,
1155 575 1317 628 quare
1367 576 1448 613 me
1490 560 1932 629 dereliqnt'sti“?

353 650 708 719 Perspicuum
759 650 908 703 enim
944 658 1046 705 .est
1100 665 1227 704 eum
1283 651 1386 705 sibi
1434 652 1660 707 allectus
1714 663 1934 707 nostros

354 741 647 800 ascisccte,
685 748 906 808 propter
946 750 1224 806 naturam,
1252 757 1413 812 quam
1454 742 1742 797 nobiscum
1779 758 1936 798 exce-

352 842 445 901 pto
496 839 722 900 peccato
787 846 1135 896 communem
1206 832 1412 890 habuit.
1475 830 1696 887 Videbis
1759 847 1931 902 ergo,

353 921 557 990 inquit,
621 920 897 975 Christum
956 922 1008 975 in
1075 922 1232 977 nobis
1295 923 1655 991 baptizatum,
1713 923 1817 988 vel,
1876 932 1936 977 ut

353 1017 560 1067 rectius
591 1014 804 1083 loquar,
863 1029 1133 1085 aquarum
1173 1023 1422 1069 naturam
1472 1030 1535 1069 ea
1586 1014 1930 1086 purgatione,

358 1121 467 1176 qua
502 1110 617 1177 ipse
652 1106 931 1161 hominum
986 1107 1246 1177 opinione
1292 1107 1656 1174 lustrabatur,
1691 1106 1936 1162 sanctiﬁ-

359 1213 599 1265 cautcm,
656 1209 843 1269 utpote
896 1199 1068 1269 ipsam
1109 1214 1326 1269 quoque
1364 1200 1646 1255 hominum
1698 1201 1936 1269 peccatis

358 1298 800 1355 conspurcatam.
844 1284 977 1340 Nam
1026 1288 1211 1356 Agnus
1262 1287 1376 1351 Dei,
1416 1288 1510 1356 qui
1558 1298 1617 1341 ut
1665 1296 1752 1342 est
1795 1285 1936 1356 apud

360 1377 625 1433 Joannem
649 1377 716 1442 ⁸⁷,
764 1388 1047 1446 peceatum
1100 1377 1286 1433 mundi
1334 1379 1498 1443 tollit,
1545 1394 1666 1448 quo
1716 1380 1935 1433 tandem

363 1471 527 1525 modo
569 1472 894 1541 purgatione
947 1487 1088 1541 opus
1136 1472 1461 1528 habuisset?
1507 1470 1729 1526 Videbis
1768 1471 1936 1525 etiam

362 1563 531 1617 emlos
559 1563 734 1617 scindi
787 1569 843 1617 et
876 1564 1098 1633 aperiri,
1140 1578 1282 1634 quos
1312 1562 1577 1629 Adamus,
1619 1571 1673 1617 et
1719 1562 1848 1626 sibi,
1884 1570 1937 1617 et

362 1652 520 1708 nobis
571 1652 867 1719 clauserat,
914 1661 969 1708 et
1023 1653 1245 1709 Christo
1300 1654 1672 1708 testimonium
1727 1652 1844 1707 dari
1904 1668 1936 1709 a

361 1754 620 1814 cognato,
670 1745 772 1800 hoc
822 1753 929 1809 est,
982 1761 1286 1815 congenere
1336 1745 1564 1816 Spiritu.
1620 1745 1699 1799 Ex
1744 1745 1933 1799 eadem

2038 567 2200 620 vitam
2248 567 2535 635 lucemque
2593 567 2886 629 revocavit,
2947 578 3006 621 ut
3050 565 3186 621 Jaiti
3237 568 3490 632 ﬁliam",
3554 576 3612 621 et

2039 657 2213 712 vidua:
2241 658 2416 712 liliqu
2439 659 2505 722 ⁷⁸,
2541 673 2603 714 ac
2636 669 2913 729 postremo
2949 658 3301 713 Lazarum".
3333 656 3610 725 Quemad—

2035 749 2258 803 modum
2283 750 2490 806 utinam
2514 760 2564 806 te
2589 766 2828 823 quoque,
2865 732 3041 822 inquit
3063 793 3076 817 ,
3098 753 3359 808 doctrinae
3378 753 3614 823 ﬁdeique

2035 844 2394 912 perversitate
2431 852 2705 900 mortuum
2753 855 2809 902 et
2851 845 3165 901 inﬁdelitate
3208 834 3519 916 correptum
3555 847 3608 900 in

2039 933 2203 988 vitam
2232 934 2583 1001 restituisset,
2609 945 2798 1005 utpote
2825 951 2919 1006 per
2946 937 3379 992 incredulitatem
3402 936 3613 992 exstin-

2036 1028 2221 1082 ctum!
2263 1031 2542 1083 Daemones
2572 1037 2836 1098 praeterea
2868 1027 3093 1098 fugavit,
3126 1045 3273 1085 nunc
3304 1044 3398 1098 per
3432 1043 3517 1093 se,
3554 1037 3615 1102 ut

2037 1117 2093 1172 in
2144 1118 2369 1187 regione
2400 1118 2833 1186 Gerasenorum,
2886 1136 3032 1176 nunc
3079 1137 3174 1190 per
3217 1121 3518 1188 discipulos
3559 1131 3615 1176 rt

2039 1209 2319 1278 apostolos
2352 1228 2366 1266 :
2401 1208 2621 1266 Mittens
2664 1211 2837 1276 enim,
2886 1212 3085 1281 inquit,
3135 1230 3247 1277 eos,
3294 1214 3440 1267 dedit
3482 1215 3613 1283 ipsis

2037 1310 2353 1371 potestatem
2381 1302 2635 1358 adversus
2659 1306 2961 1359 immundos
2987 1306 3214 1376 spiritus
3233 1305 3299 1361 ⁷⁸.
3330 1305 3449 1360 Jam
3483 1321 3614 1361 vero

2038 1391 2283 1462 quinque
2324 1393 2561 1463 panibus
2607 1403 2844 1462 quatuor
2899 1395 3182 1450 hominum
3235 1397 3403 1450 millia
3454 1396 3612 1461 aluit,

2037 1485 2248 1556 absque
2290 1485 2616 1541 mulieribus
2662 1495 2720 1540 et
2772 1487 2980 1556 pueris,
3013 1487 3104 1556 qui
3160 1487 3205 1541 si
3262 1486 3329 1541 ad
3369 1488 3611 1541 virorum

2039 1592 2326 1633 numerum
2370 1578 2760 1648 adjungantur,
2811 1594 2922 1634 non
2975 1578 3138 1633 modo
3177 1579 3466 1645 cbiliades,
3518 1583 3614 1635 sed

2038 1669 2203 1724 etiam
2270 1669 2543 1740 myriades
2606 1670 2891 1726 hominum
2951 1670 3158 1727 aluisse
3219 1671 3613 1741 reperietur".

2038 1761 2184 1815 Deus
2221 1759 2381 1824 bone,
2418 1768 2553 1829 quot
2601 1760 2733 1814 mihi
2782 1759 2923 1817 festa
2965 1768 3265 1816 occurrunt
3315 1760 3388 1816 ob
3416 1775 3619 1815 unum-

362 1838 707 1931 euimueausa
743 1834 915 1890 Filius
964 1844 1019 1890 ct
1049 1836 1289 1931 Spiritus
1317 1836 1542 1892 sanctus
1574 1835 1934 1931 proliciscun-
1967 1822 2009 1876 Β
2043 1850 2303 1922 qm,qu
2345 1822 2547 1908 (ξιιξίειί
2600 1851 2958 1931 mysterium?
3006 1849 3063 1905 ιη
3114 1852 3314 1922 quibus
3359 1850 3617 1907 omnum.

366 1939 474 1982 tur.
506 1927 639 1982 Illud
685 1941 871 1983 autem
905 1929 1280 1983 annotandum
1325 1938 1409 1984 est
1452 1939 1740 1999 cognatum
1771 1927 1839 1982 de
1872 1925 1940 1981 iis

366 2038 489 2091 qute
547 2023 791 2091 ejusdem
850 2021 1172 2078 substantiae
1225 2030 1374 2087 sunt,
1432 2033 1487 2077 et
1542 2022 1607 2075 de
1659 2021 1765 2083 his,
1819 2033 1941 2090 quae

367 2110 635 2163 diversam
688 2109 1056 2165 substantiam
1112 2105 1334 2175 habeni,
1386 2109 1695 2179 prmdicari.
1736 2107 1939 2163 Verum

368 2216 493 2254 cum
544 2201 611 2255 de
657 2200 726 2257 iis
772 2216 894 2271 quze
951 2202 1257 2256 substantia
1311 2198 1502 2256 eadem
1545 2210 1694 2267 sunt,
1736 2199 1939 2272 agitur,

370 2292 673 2348 secundum
704 2303 957 2349 naturam
993 2295 1220 2359 dicitur,
1265 2306 1322 2350 ut
1354 2295 1457 2351 hoc
1486 2294 1612 2349 loco
1641 2311 1655 2348 :
1683 2294 1808 2349 cum
1841 2307 1942 2345 au-

368 2394 476 2440 tem
515 2387 579 2440 de
616 2386 723 2449 his,
758 2401 881 2456 qua:
925 2386 1234 2443 substantia
1262 2386 1522 2442 dil'l‘eruut
1573 2400 1757 2441 sermo
1788 2385 1945 2438 insti-

371 2481 567 2546 tuitur,
604 2482 904 2535 secundum
942 2481 1225 2543 unionem,
1272 2493 1331 2534 ut
1361 2496 1484 2535 cum
1520 2480 1587 2533 de
1632 2492 1861 2547 corpore
1894 2487 1946 2532 et

370 2573 553 2628 anima
610 2574 666 2627 lit
705 2586 910 2628 sermo.
947 2573 1068 2639 Quo
1100 2589 1264 2628 sensu
1298 2571 1609 2644 'I'beologus
1677 2571 1730 2625 in
1787 2569 1944 2625 l'uue-

370 2667 453 2720 bri
503 2667 777 2730 oratione,
812 2666 1078 2735 quamde
1122 2664 1290 2720 fratre
1323 2663 1565 2720 Ctesario
1613 2664 1824 2729 habuit,
1873 2664 1946 2718 ita

377 2759 618 2828 loquitur
660 2775 672 2814 ;
722 2757 889 2812 Paulo
939 2766 1064 2827 post
1126 2760 1306 2813 anima
1364 2768 1656 2828 cognatam
1724 2769 1943 2810 carnem

375 2858 656 2921 receptura
682 2859 786 2905 est.
823 2848 1040 2905 Morbos
1067 2866 1258 2906 omnes
1294 2865 1358 2904 ac
1390 2849 1675 2919 Ianguorcs
1705 2866 1719 2902 :
1746 2847 1943 2915 (Graec.

374 2946 557 2998 πᾶσαν
584 2946 740 2998 νόσον
764 2945 857 2997 καὶ
893 2942 1215 3014 μαλακίαν).
1242 2943 1386 2998 Inter
1418 2941 1665 2995 morbum
1686 2951 1865 2995 autem
1894 2946 1950 2993 et

377 3037 718 3104 languorem,
750 3036 856 3090 hoc
900 3045 989 3092 est
1026 3034 1385 3098 discriminis,
1418 3034 1565 3104 quod
1599 3032 1825 3086 morbus
1864 3039 1949 3087 est

376 3123 635 3177 diuturna
684 3138 959 3193 corporeae
1012 3123 1347 3179 habitudinis
1397 3124 1451 3177 in
1488 3122 1642 3193 pejus
1686 3121 1945 3186 inversio,

383 3215 485 3269 hoc
520 3225 623 3280 est,
669 3217 958 3272 inlirtnitas
989 3233 1111 3287 quae
1141 3218 1253 3285 jam
1304 3217 1591 3288 imperium
1645 3216 1699 3269 in
1747 3215 1951 3269 animal

378 3315 549 3365 tenet.
582 3306 836 3377 Languor
887 3318 1068 3363 autem
1112 3309 1440 3379 principium
1491 3307 1757 3370 laxitatis,
1809 3321 1953 3360 mor-

378 3400 506 3455 bum
550 3400 941 3468 put-nuntians.
970 3400 1154 3470 Atque
1189 3402 1261 3454 ita
1295 3401 1361 3455 de
1397 3400 1628 3469 corpore
1664 3397 1950 3463 accipiun-

378 3499 487 3544 tur.
529 3488 586 3544 In
634 3491 817 3544 anima
848 3499 1054 3555 autem,
1106 3490 1352 3554 morbus,
1384 3499 1468 3544 est
1497 3488 1704 3559 peccati
1745 3497 1902 3541 actus
1932 3503 1947 3540 :

380 3583 610 3652 languor
643 3592 848 3647 autem,
893 3583 1122 3636 rationis
1158 3582 1224 3635 ad
1257 3581 1487 3635 actualis
1520 3578 1726 3649 peccati
1761 3591 1952 3632 assen-

383 3694 507 3733 sum
543 3677 828 3730 relaxatio.
861 3676 1032 3730 Porro
1070 3674 1323 3730 Christus
1361 3673 1639 3738 omnibus,
1672 3671 1785 3726 sive
1826 3670 1954 3735 hoc,

383 3769 498 3823 sive
569 3769 661 3822 illo
722 3768 888 3823 modo
944 3768 1176 3831 allectis,
1226 3783 1349 3824 cum
1406 3764 1781 3836 spiritualiter,
1840 3771 1954 3817 tum

384 3860 741 3928 corporaliter
769 3861 1112 3923 medebatur.
1146 3859 1397 3926 Quonam
1426 3867 1606 3913 autem
1645 3857 1805 3912 modo
1830 3872 1959 3926 pec-

383 3963 566 4007 catum
600 3969 801 4020 meum,
836 3954 939 4007 hoc
981 3963 1087 4016 est,
1118 3954 1311 4007 Atlaltti
1348 3955 1492 4023 (naui
1532 3952 1693 4021 primi
1718 3949 1960 4021 parentis

383 4042 668 4111 peceatum
704 4058 883 4097 meum
920 4058 1041 4097 esse
1084 4041 1289 4109 statuo)
1326 4057 1512 4096 secum
1545 4040 1599 4093 in
1647 4054 1809 4094 cruce
1841 4035 1959 4092 sul.

384 4135 584 4196 ﬁxerit,
633 4134 759 4188 audi
793 4152 808 4188 :
842 4133 1124 4204 Praecepto
1155 4134 1368 4189 Domini
1406 4148 1747 4203 nequaquam
1783 4129 1962 4198 paruit

383 4226 662 4291 Adamus;
691 4238 747 4281 at
792 4232 1064 4289 Christus,
1120 4241 1297 4282 novus
1348 4225 1544 4290 Adam,
1588 4225 1727 4278 hanc
1765 4221 1961 4276 veteris

385 4318 809 4374 inobedientiam
854 4319 1099 4383 sustulit,
1134 4318 1398 4373 obediens
1436 4316 1615 4372 factus
1672 4331 1845 4383 usque
1891 4314 1960 4368 ad

387 4420 654 4470 mortem.
717 4422 949 4465 mortem
1001 4421 1183 4465 autem
1246 4409 1424 4464 crucis
1448 4409 1530 4474 ⁸⁸,
1591 4419 1964 4476 manuumque

2045 1958 2214 1998 unum
2245 1951 2429 2013 caput,
2463 1950 2629 2012 atque
2677 1957 2819 1997 unus
2868 1956 3069 2012 scopus
3118 1949 3225 2006 εει,
3264 1956 3462 2011 nempe
3496 1954 3617 1996 mea

2045 2028 2329 2103 perfectio.
2374 2031 2491 2088 Mea
2526 2032 2726 2088 etenhn
2756 2047 2923 2089 causa
2966 2033 3058 2088 Dei
3110 2031 3416 2087 incarnatio
3445 2029 3619 2086 conti-

2045 2127 2145 2198 git,
2184 2126 2482 2195 omniaque
2511 2126 2687 2195 ipsius
2726 2124 3008 2196 mysteria,
3044 2131 3104 2179 ut
3134 2138 3237 2195 ego
3269 2137 3364 2192 per
3393 2120 3621 2177 mandae

2049 2228 2229 2275 torum
2264 2218 2701 2274 observationem
2742 2216 3019 2287 perlectus
3044 2217 3196 2283 liam,
3225 2230 3293 2271 ac
3320 2228 3418 2286 per
3445 2216 3622 2269 virtue

2049 2320 2165 2367 tum
2197 2309 2588 2381 perfectionem
2617 2307 2711 2363 Dei
2739 2323 2938 2363 nomen
2972 2320 3300 2377 consequar,
3332 2303 3620 2366 nimirum,

2052 2420 2146 2475 per
2177 2403 2509 2473 baptismum
2538 2403 2912 2464 instauratus;
2948 2409 3114 2468 atque
3142 2398 3209 2453 ad
3239 2396 3398 2467 primi
3426 2392 3623 2449 Adami

2048 2496 2368 2567 dignitatem
2396 2493 2924 2563 amplitudinemque
2948 2491 3190 2555 redeam,
3220 2488 3325 2543 hoc
3346 2497 3454 2551 est,
3476 2485 3622 2555 eius,

2048 2588 2140 2658 qui
2194 2595 2323 2641 ante
2380 2585 2626 2640 mandati
2688 2583 3183 2651 transgressionem
3237 2586 3376 2642 erat,
3432 2592 3463 2630 a
3512 2589 3632 2645 qua

2048 2694 2241 2736 omnes
2270 2678 2435 2735 simul
2461 2692 2588 2733 cum
2627 2690 2694 2732 co
2717 2674 2916 2745 dejecti
2949 2687 3015 2728 ac
3043 2670 3302 2727 prostrati
3332 2681 3553 2723 sumus.

2118 2860 2238 2915 Col.
2269 2859 2374 2915 530
2419 2858 2482 2913 D.
2524 2855 2683 2910 Nunc
2720 2865 2894 2909 autem
2943 2863 3247 2922 conceptum
3274 2853 3470 2921 accipe,
3512 2855 3623 2903 etc.

2048 2951 2198 3016 llaec,
2228 2950 2427 3022 inquit,
2458 2948 2664 3007 Christi
2703 2962 2734 3002 a
2778 2946 2937 3003 nobis
2965 2952 3397 3001 commemorata
3436 2954 3625 3010 opera,

2050 3044 2542 3115 perpessiouesque
2566 3048 2755 3109 postea
2803 3039 3033 3095 videbis.
3057 3036 3215 3093 Nunc
3248 3045 3430 3090 autem
3456 3033 3628 3103 ipsius

2055 3135 2395 3191 nativitatem
2423 3135 2628 3202 accipe,
2670 3148 2735 3188 ac
2779 3146 2966 3187 coram
3006 3146 3074 3184 eo
3107 3131 3244 3185 salta
3277 3143 3294 3183 :
3327 3127 3374 3183 si
3423 3142 3532 3181 non
3568 3132 3630 3179 ut

2055 3224 2318 3287 Joannes,
2371 3232 2429 3279 at
2474 3231 2622 3278 certe
2658 3229 2720 3276 ut
2756 3220 2942 3276 David.
2980 3218 3153 3273 Porro
3199 3216 3437 3272 Joannes
3482 3214 3631 3276 Prae-

2055 3333 2247 3373 cursor
2292 3320 2520 3387 tiguram
2562 3328 2755 3371 eorum
2810 3312 2971 3382 gerit,
3019 3310 3112 3379 qui
3158 3310 3228 3364 ab
3275 3307 3639 3363 incunabulis

2053 3409 2240 3465 divino
2283 3407 2609 3475 baptismate
2639 3403 2871 3475 perfusi,
2910 3410 3077 3471 atque
3109 3415 3138 3455 a
3174 3415 3346 3470 puero
3379 3398 3628 3455 sanctiﬁ-

2055 3501 2162 3557 cati
2190 3509 2341 3564 sunt,
2373 3507 2429 3553 et
2459 3496 2527 3552 ad
2571 3505 2877 3552 extremum
2920 3508 3100 3564 usque
3128 3491 3467 3562 proliciendo
3497 3490 3631 3544 soli-

2055 3591 2343 3647 dissimum
2411 3586 3033 3655 constantissimamque
3088 3582 3307 3638 vittutis
3380 3581 3643 3643 habitum-

2056 3688 2407 3741 conscrvant.
2433 3679 2568 3733 Nam
2602 3694 2727 3733 cum
2758 3676 2942 3732 adhuc
2968 3676 3020 3729 in
3053 3684 3299 3730 materna
3324 3673 3446 3728 alvo
3465 3682 3631 3737 esset,

2060 3776 2350 3831 Dominum
2398 3788 2560 3828 suum
2612 3770 2855 3843 agnovit,
2908 3777 2962 3824 et
3006 3784 3131 3826 cum
3183 3781 3400 3823 summa
3445 3765 3634 3826 laetitia

2058 3869 2286 3924 exsiliit.
2321 3866 2592 3936 Propheta
2645 3873 2828 3919 autem
2874 3862 3043 3918 David
3074 3877 3169 3917 eos
3216 3860 3486 3926 designat,
3538 3859 3636 3929 qui

2060 3964 2115 4018 in
2150 3961 2345 4016 vitium
2380 3956 2647 4030 prolapsi,
2685 3970 2877 4012 rursus
2909 3970 3002 4025 per
3028 3952 3403 4024 pmnitentinm
3438 3950 3637 4007 divina

2061 4053 2247 4122 gratiae
2298 4049 2745 4118 exsultationem,
2793 4061 2915 4115 qua:
2967 4044 3021 4098 in
3053 4043 3255 4097 virtute
3306 4050 3360 4096 et
3405 4041 3649 4096 scientia.

2063 4145 2238 4216 posita
2271 4152 2376 4205 est,
2413 4142 2613 4196 animat
2659 4138 2972 4193 restituunt.
3018 4132 3179 4189 Nam'
3214 4143 3268 4188 et
3290 4131 3481 4198 David,
3512 4147 3651 4187 cum.

2065 4251 2124 4290 se
2202 4231 2454 4286 adulterii
2529 4228 2803 4297 caedisque
2878 4224 3108 4280 crimine
3173 4222 3637 4285 constrinxisset.

2067 4337 2255 4399 postea
2320 4323 2522 4378 eximia
2589 4331 2642 4376 et
2692 4319 2903 4375 ardenti
2962 4318 3163 4389 pietate
3215 4316 3381 4387 Dettpt
3437 4314 3651 4383 coluit,

2067 4420 2225 4487 eique
2258 4414 2482 4487 placuit.
2540 4412 2785 4468 Saltabat
2833 4420 3017 4465 autem
3067 4423 3133 4464 eo
3185 4417 3473 4478 tempore,
3515 4415 3657 4459 anto-

387 4502 457 4555 ad
498 4502 840 4557 interdictum
873 4504 1075 4572 lignum
1106 4502 1506 4565 extensioncm,
1553 4516 1648 4570 per
1694 4512 1957 4553 manuum
1992 4530 2039 4585 Β
2075 4525 2258 4567 arcam
2306 4508 2562 4565 cum-eam
2617 4504 2935 4574 auspicans,
2978 4517 3103 4556 cum
3138 4511 3193 4555 et
3224 4500 3293 4555 ab
3323 4497 3651 4568 alienigenis

388 4597 442 4649 in
495 4609 660 4649 cruce
687 4597 1095 4662 cxtensionctn;
1129 4602 1293 4663 atque
1328 4592 1459 4663 ligni
1502 4591 1830 4660 voluptatem
1867 4605 1964 4660 per

388 4687 570 4743 crucis
600 4689 844 4743 dolorem
878 4696 1074 4742 curat:
1106 4685 1407 4755 eodemque
1441 4684 1602 4739 modo
1640 4684 1694 4737 in
1737 4681 1963 4752 reliquis

390 4781 557 4836 rebus
592 4782 865 4836 contraria
894 4797 987 4850 per
1016 4779 1290 4834 contraria
1324 4758 1514 4834 satiata
1543 4786 1692 4832 sunt.
1729 4773 1885 4830 Ilunc
1912 4782 1967 4829 et

387 4870 635 4929 Joannes
664 4882 723 4927 ut
751 4889 947 4943 agnum
979 4874 1219 4926 ostendit
1253 4870 1338 4925 his
1373 4868 1552 4924 verbis
1579 4885 1594 4923 :
1628 4865 1759 4921 Ecce
1784 4865 1965 4937 Agnus

394 4964 516 5020 Dei.
562 4962 630 5017 Et
661 4963 957 5018 Zacharias
990 4977 1130 5016 unus
1174 4976 1238 5015 ex
1271 4958 1559 5013 duodecim
1595 4956 1873 5026 prophetis
1908 4964 1968 5009 ut

395 5059 740 5113 sacerdotem
789 5056 1004 5125 aspicit,
1068 5055 1296 5123 aitque:
1329 5050 1568 5107 Ostendit
1610 5049 1738 5103 milii
1786 5047 1968 5102 Domi-

396 5167 498 5204 nus
523 5151 704 5204 Iesum
731 5149 1053 5203 sacerdotem
1079 5161 1327 5215 maguum
1353 5144 1420 5198 “.
1451 5143 1625 5197 Porro
1654 5156 1742 5211 per
1768 5154 1969 5209 agnum

397 5244 738 5315 signiﬁcatur
762 5244 933 5313 ipsius
956 5257 1053 5311 pro
1077 5240 1315 5311 peccatis
1341 5237 1548 5293 nostris
1583 5234 1931 5304 interemptio
1955 5248 1970 5299 ;

395 5351 494 5405 per
522 5337 863 5393 sacerdotem
895 5346 1075 5390 autem
1100 5332 1245 5403 quod
1270 5329 1585 5387 voluntarie
1615 5330 1975 5395 interemptus

396 5430 494 5485 sit.
526 5428 645 5483 Jam
679 5444 811 5485 vero
851 5437 977 5499 post
1006 5427 1338 5498 baptismum
1373 5422 1688 5493 angelorum
1724 5419 1974 5474 ministe-

401 5521 487 5577 rio
533 5521 790 5578 utebatur
823 5538 839 5577 :
871 5520 1005 5575 Ecce
1050 5520 1212 5587 enim,
1268 5516 1468 5588 inquit,
1516 5512 1689 5586 angeli
1742 5525 1974 5565 accesse-

481 5702 526 5732 “
551 5699 741 5754 Matth.
775 5715 945 5762 xxv",
979 5699 1066 5753 46.

408 5787 527 5836 vttt,
567 5771 628 5825 tl
667 5786 818 5842 seqq.
860 5773 902 5804 ⁷³
930 5770 1062 5826 Luc.
1093 5786 1187 5836 vn,
1220 5768 1283 5823 l2
1316 5784 1467 5837 seqq.

1146 5700 1191 5731 ον
1215 5697 1373 5752 Joan.
1407 5712 1447 5762 ι,
1480 5696 1571 5750 eo.
1649 5694 1695 5728 σε
1722 5693 1895 5761 Philip

1902 5708 1952 5761 p.
1989 5707 2046 5752 ll,
2075 5692 2130 5744 8.

1549 5767 1595 5799 ⁷³
1622 5764 1779 5821 Joan.
1819 5779 1892 5829 ιι,
1934 5763 1954 5816 1
1995 5778 2148 5832 seqq.

2063 4613 2383 4676 recuperata
2422 4602 2530 4657 huc
2560 4600 2802 4669 illucque
2845 4595 3012 4652 desiit
3055 4591 3425 4656 circumferri,
3473 4600 3643 4657 atque

2064 4698 2206 4771 apud
2254 4697 2513 4768 populum
2567 4706 2729 4747 suum
2784 4686 3120 4757 conquievit,
3177 4681 3658 4771 quemadmodum

2063 4769 2307 4849 secundo
2340 4788 2549 4856 [legum
2604 4782 2743 4836 libro
2785 4779 3062 4850 proditum
3098 4776 3352 4832 habetur.
3380 4769 3655 4836 Proinde,.

2067 4884 2184 4940 sive
2216 4882 2270 4935 in
2293 4886 2579 4949 peccatum
2614 4873 2839 4928 minime
2884 4870 3165 4937 incideris,
3202 4870 3320 4924 sive
3350 4866 3657 4938 prolapsus»

2075 4987 2172 5043 per
2201 4965 2640 5038 rcsipiscentiam
2673 4960 3006 5025 surrexeris,
3052 4958 3401 5014 Nativitatetn
3433 4952 3659 5012 Christi

2077 5060 2358 5122 conﬁtere,
2399 5066 2562 5125 atque
2619 5054 2685 5108 ad
2725 5052 2852 5121 ejus
2879 5049 3223 5122 praesentiam
3266 5048 3502 5110 exsulta,
3547 5058 3649 5101 nec

2075 5149 2295 5206 virtutis
2320 5155 2376 5201 et
2418 5144 2662 5201 scientia:
2708 5156 2895 5197 arcam
2958 5140 3014 5194 in
3046 5148 3097 5194 te
3130 5139 3290 5194 sitam
3331 5137 3646 5198 all‘ectuum,

2077 5238 2233 5310 quasi
2260 5235 2704 5291 Philisthmorum
2723 5230 3113 5304 quorumdam,
3132 5228 3345 5284 libidini
3367 5227 3644 5298 permitte;

2076 5343 2266 5384 verum
2296 5326 2368 5382 iis
2419 5323 2701 5395 oppressis
2751 5331 2809 5378 et
2875 5319 3220 5378 obtruncatis
3281 5318 3422 5372 hanc
3472 5317 3543 5371 ad
3598 5326 3653 5373 te

2076 5421 2270 5484 reduc,
2330 5433 2394 5473 ac
2440 5416 2768 5472 concinnam
2807 5423 2863 5470 et
2922 5414 3257 5470 modulatam
3303 5409 3662 5466 saltationem.

2076 5511 2234 5567 salta.
2273 5509 2538 5564 Existimo
2569 5516 2751 5564 autem
2784 5524 2880 5579 per
2906 5506 3124 5562 Davidis
3161 5505 3511 5561 saltationem
3547 5515 3650 5557 no-

2245 5692 2288 5724 ⁶⁹
2318 5690 2549 5745 Zacbar.
2585 5707 2663 5755 ιιι,
2706 5691 2755 5745 Ι.
2872 5690 2917 5721 ⁷ο
2947 5686 3136 5740 Matth.
3170 5702 3245 5748 tv,
3279 5688 3367 5740 ll.
3446 5686 3485 5718 ⁷⁸
3516 5683 3659 5738 Luca

2226 5761 2271 5793 ⁷⁸
2295 5762 2482 5816 Matth.
2522 5777 2579 5829 tt,
2614 5762 2662 5819 ι.
2737 5762 2781 5796 ⁷⁵
2805 5759 2963 5814 Joan.
3002 5774 3082 5823 Vt,
3114 5758 3135 5810 l
3172 5772 3326 5824 seqq.
