4032 6198
503 230 638 294 1⁸307

1918 229 2298 291 ΑῡῡΕΝῡΑ.

3604 230 3719 297 12¹18

499 342 581 398 bis
625 341 729 412 pia:
762 340 887 396 vitae
935 339 1230 412 agilitatem
1278 337 1747 410 multiplicemque
1799 337 2066 392 rationem
2102 341 2143 395 Α
2174 335 2496 405 simpliciter
2542 333 2841 404 accipiunt,
2890 340 3074 403 postea
3109 341 3301 387 autem
3362 334 3596 390 eamdem
3625 355 3720 396 me-

497 434 796 504 designari.

569 529 691 584 Col.
720 526 828 582 550
860 525 921 579 D.
949 523 1361 592 Descriptionem
1399 538 1652 590 reverere,
1678 530 1892 593 propter
1913 535 2068 592 quam

494 622 550 673 in
577 619 740 683 caelis,
777 626 882 670 etc.
908 614 1168 668 Dominus
1202 628 1308 666 una
1345 627 1468 668 cum
1500 621 1673 667 matre
1698 611 1968 680 etJoseph
1991 612 2070 664 in-

495 718 579 763 ter
603 720 794 762 servos
821 704 972 773 juxta
1008 705 1244 759 Caesaris
1266 704 1504 759 edictum
1534 704 1848 772 descriptus
1875 712 1977 766 est,
2011 710 2072 755 ut

493 814 596 853 nos
628 798 687 851 in
718 797 1005 851 beatorum
1063 796 1205 851 libro
1263 796 1654 851 inscribamur.
1709 796 1864 850 Hanc
1907 796 2073 864 igitur

493 890 921 958 descriptionem
981 904 1256 953 reverere,
1335 905 1400 944 ac
1475 889 1814 944 nativitatem
1866 887 2070 942 Christi

495 982 796 1037 honoriﬁce
825 983 965 1046 cole,
1009 991 1231 1051 propter
1279 997 1444 1052 quam
1480 981 1783 1036 nativitatis
1839 981 2072 1037 vinculis

494 1075 709 1129 solutus
742 1089 821 1128 es.
858 1073 1154 1128 Vinculum
1193 1082 1375 1128 autem
1431 1073 1756 1138 nativitatis,
1789 1080 1875 1126 est
1944 1087 2073 1144 pec-

493 1176 676 1220 catum
709 1166 856 1221 illius
893 1177 1077 1220 comes
1103 1167 1171 1222 ⁷⁵.
1208 1165 1287 1220 Ex
1330 1165 1770 1235 transgressione
1794 1163 1872 1234 (4)
1899 1164 2069 1229 enim,

492 1265 548 1310 et
575 1255 988 1310 matrimonium
1068 1256 1373 1327 profectum
1426 1265 1548 1320 est,
1612 1265 1667 1311 et
1739 1256 2068 1326 generatio;

494 1347 682 1418 sicque
707 1348 761 1402 in
819 1349 1063 1418 peccatis
1132 1349 1433 1404 nascimur.
1490 1351 1558 1405 At
1614 1348 1870 1404 Christus
1913 1359 2074 1404 natus

494 1447 695 1492 nostra:
718 1452 938 1507 quoque
964 1438 1235 1493 nativitati
1271 1440 1617 1494 sanctitatem
1677 1440 1944 1504 attulit",
2008 1457 2073 1496 ac

493 1526 754 1597 deinceps
785 1528 1107 1583 honorabile
1127 1538 1212 1584 est
1249 1531 1586 1585 connubium
1662 1539 1720 1586 et
1775 1542 1934 1588 torus
1972 1533 2076 1586 im-

496 1619 892 1675 maculatus".
937 1621 1110 1676 Parva
1153 1629 1334 1676 autem
1375 1631 1458 1679 est
1492 1621 1835 1692 Bethlehem,
1887 1634 2076 1696 utpote

2175 428 2349 483 moria
2381 435 2599 482 versant
2631 441 2694 481 ac
2726 426 2997 487 recolunt,
3031 434 3200 493 atque
3227 433 3492 480 accurata
3531 434 3716 485 exami-

2173 522 2396 574 natione
2442 518 2601 589 quasi
2661 517 2916 573 dentibus
2976 516 3236 572 dividunt
3264 527 3319 572 et
3345 520 3720 590 comminuunt,

2173 612 2335 681 idque
2351 626 2531 678 omne,
2552 609 2696 682 quod
2715 611 2909 666 inutile
2939 620 3041 679 est,
3073 622 3440 682 exspuentes,
3489 615 3718 685 quidquid

2172 704 2239 759 ad
2274 719 2427 759 esum
2455 712 2639 774 aptum
2667 712 2720 758 et
2744 703 2907 759 vitale
2931 712 3036 768 est,
3071 704 3123 758 in
3153 705 3366 761 mentis
3418 707 3718 776 profundum

2173 795 2331 866 quasi
2361 797 2414 849 in
2437 803 2680 851 ventrem
2712 795 3002 866 quemdam
3029 795 3315 866 injiciunt.
3363 794 3497 850 Nam
3543 799 3725 868 puritas

2173 903 2392 958 quoque
2415 904 2511 959 per
2560 887 2988 943 ruminationem
3041 887 3399 958 designatur.
3430 888 3552 943 Sive
3581 892 3722 945 etiam

2171 982 2402 1036 etlmicae
2425 991 2478 1037 et
2505 983 2731 1053 impurae
2766 983 2933 1052 partis
2972 997 3053 1048 es,
3102 993 3272 1052 atque
3297 981 3369 1036 ad
3428 997 3576 1038 esum
3619 984 3725 1054 qui-

2173 1073 2294 1128 dem
2330 1074 2558 1140 inutilis,
2591 1082 2778 1144 utpote
2810 1074 3078 1144 proximis
3109 1073 3228 1128 tuis
3254 1073 3487 1129 minime
3517 1073 3728 1129 fructuo-

2173 1179 2290 1231 sus,
2317 1165 2383 1218 ad
2410 1164 2675 1220 sacriﬁcia
2705 1174 2885 1221 autem
2917 1165 3141 1220 minime
3159 1163 3421 1228 idoneus,
3449 1164 3730 1234 utpoteDeo

2176 1270 2516 1325 nequaquam
2577 1265 2765 1326 gratus
2817 1265 2985 1327 atque
3043 1264 3336 1326 acceptus.
3396 1254 3728 1312 Ethuieorum

2176 1360 2337 1416 porro
2358 1355 2410 1400 et
2443 1345 2740 1401 inﬁdelium
2765 1356 2849 1402 est
2884 1347 3196 1418 impuritas,
3225 1357 3538 1416 caeteraque
3562 1348 3728 1402 eodem

2176 1436 2337 1491 modo
2371 1437 2538 1504 dicta,
2574 1439 2719 1508 quod
2752 1438 3009 1494 nimirum
3044 1450 3110 1494 ad
3144 1454 3307 1494 esum
3339 1446 3394 1492 et
3424 1439 3730 1494 sacriﬁcium

2177 1527 2596 1600 haudquaquam
2625 1530 2738 1600 apti
2758 1531 2891 1586 sint.
2924 1529 3091 1586 Cibus
3129 1530 3286 1586 enim
3322 1544 3510 1586 eorum
3541 1529 3626 1600 qui
3654 1544 3732 1584 co-

2177 1621 2422 1684 medunt,
2457 1622 2625 1676 vitam
2656 1621 2804 1678 l‘ovet
2846 1636 2912 1677 ac
2941 1621 3213 1678 suﬂ'ulcit.

497 1727 672 1782 usque
708 1713 774 1768 ad
814 1711 1095 1768 Christum
1135 1724 1324 1770 natum
1363 1716 1584 1771 minima
1624 1716 1765 1773 inter
1800 1690 2076 1789 princ-ipes
2112 1690 2154 1748 Β
2249 1713 2386 1769 Ibid.
2421 1713 2554 1769 Cum
2589 1715 2744 1769 stella
2812 1731 2998 1770 curre:
3057 1731 3181 1769 cum
3232 1712 3408 1784 Magis
3433 1714 3569 1768 dona
3600 1711 3731 1780 oﬂ‘er.

493 1800 762 1858 Iudae":
805 1819 930 1872 qum
950 1805 1168 1875 quidem
1193 1821 1294 1862 nos
1329 1823 1520 1863 rursus
1563 1809 1629 1864 ad
1676 1820 1914 1865 veterem
1976 1827 2076 1880 pa-

495 1893 662 1950 radisi
743 1896 1149 1966 perceptionem
1232 1897 1678 1970 voluptatemque
1771 1903 2074 1966 revocavit,

494 1983 777 2039 Christum
835 1985 1091 2041 videlicet
1151 1999 1468 2044 nascentem
1518 1990 1848 2060 suscipiens,
1873 1989 1966 2062 qui
2008 1993 2076 2047 ad

494 2089 616 2129 eum
649 2089 750 2132 nos
785 2077 1021 2133 reduxit.
1057 2077 1234 2151 Atque
1258 2081 1423 2136 etiam
1457 2081 1510 2136 in
1538 2082 1808 2152 praesepio
1838 2083 2076 2140 Verbum

496 2167 826 2224 collocatum
847 2178 952 2235 est,
984 2179 1044 2226 ut
1072 2187 1174 2228 nos
1195 2171 1262 2226 ad
1297 2172 1586 2228 brutorum
1612 2175 1911 2230 amentiam
1943 2191 2079 2231 con-

496 2261 640 2316 versi
698 2275 1042 2333 nequaquam
1098 2265 1213 2334 jam
1274 2266 1340 2321 ad
1403 2267 1678 2322 sordidam
1714 2279 1769 2324 et
1818 2283 2076 2338 pecorum

500 2351 734 2408 similem
762 2356 1167 2424 provolvarnur,
1200 2373 1384 2412 verum
1416 2359 1716 2415 secundum
1781 2359 1951 2416 Deum
2014 2377 2080 2418 ac

501 2457 608 2497 non
639 2447 937 2502 secundum
964 2448 1216 2505 turbidos
1249 2450 1417 2504 animi
1450 2461 1636 2508 motus
1679 2452 1863 2508 vivere
1894 2453 2077 2510 disea-

500 2550 648 2600 mus,
680 2546 738 2593 et
756 2538 917 2595 Verbi
951 2541 1267 2609 magisteria
1294 2551 1348 2597 et
1373 2542 1663 2613 disciplina
1695 2544 1916 2599 nutriri.

572 2628 692 2684 Col.
731 2630 830 2684 551
871 2631 937 2685 A.
994 2631 1278 2701 Cognosce,
1331 2641 1388 2686 ut
1445 2631 1556 2696 bos,
1613 2639 1722 2687 etc.
1765 2632 2081 2702 Opportune

2182 1822 2390 1872 aurum,
2423 1814 2530 1862 etc.
2559 1805 2702 1862 Deus
2725 1822 3042 1877 corpoream
3080 1798 3246 1861 suam
3289 1806 3620 1866 nativitatem
3651 1819 3732 1874 per

2181 1897 2388 1952 stellam
2420 1897 2714 1969 signiﬁcari
2748 1899 2940 1953 voluit.
2967 1898 3214 1968 IEquum
3253 1897 3404 1954 enim
3453 1905 3563 1952 erat
3614 1893 3734 1949 Ver-

2180 1989 2309 2044 bum
2363 1990 2579 2045 cmlitus
2639 1991 2977 2046 descendens
3043 1989 3267 2045 caelesti
3324 2002 3544 2060 quoque
3592 1985 3730 2057 signo

2182 2081 2505 2146 indicariJs
2539 2097 2704 2154 porro
2732 2098 2856 2138 cum
2891 2083 3048 2139 stella
3083 2083 3288 2150 currit,
3318 2081 3413 2151 qui
3459 2094 3574 2135 eam
3628 2076 3733 2131 imi-

2183 2183 2351 2240 tatur,
2381 2174 2484 2230 hoc
2522 2184 2628 2241 est,
2661 2177 2756 2245 qui
2790 2175 3072 2232 Christum
3101 2175 3196 2253 iis,
3225 2190 3257 2230 a
3289 2173 3488 2245 quibus
3539 2172 3730 2242 ignora-

2183 2276 2290 2332 tur,
2347 2269 2625 2339 prtedicat,
2684 2264 2768 2324 vel
2815 2269 2978 2323 etiam
3035 2269 3129 2339 qui
3156 2269 3426 2322 virtutum
3475 2261 3733 2334 splendore

2184 2361 2365 2417 clarus
2414 2368 2468 2416 et
2521 2361 2754 2432 insignis
2800 2367 3047 2430 apparet,
3103 2360 3196 2415 vel
3248 2359 3415 2415 etiam
3459 2355 3548 2426 qui
3580 2366 3724 2422 supra

2183 2452 2368 2507 omnia
2403 2460 2621 2508 terrena
2655 2451 2846 2508 fertur.
2877 2451 2968 2507 ille
2997 2460 3181 2506 autem
3218 2464 3444 2506 munera
3475 2461 3590 2501 cum
3639 2443 3731 2497 lla-

2183 2545 2264 2616 gis
2289 2544 2474 2610 oﬁ‘ert,
2505 2545 2598 2616 qui
2623 2545 2959 2600 oblationem
2989 2559 3189 2599 eorum
3237 2539 3589 2614 spiritualiter
3626 2535 3731 2590 imi-

2185 2646 2351 2693 tatur.
2391 2636 2525 2692 Nam
2567 2639 2636 2694 ab
2662 2638 2772 2695 illis
2827 2653 3048 2709 quoque
3088 2637 3240 2692 dona
3275 2636 3452 2692 oblata
3494 2638 3628 2688 sunt.
3658 2624 3730 2681 Si-

505 2719 818 2791 Theologus
839 2724 1141 2794 prophetiae
1175 2723 1333 2780 Isaia:
1383 2725 1722 2780 mentionem
1783 2723 1915 2780 facit
1957 2741 2084 2793 pro-
2187 2741 2353 2796 gnum
2410 2729 2594 2782 autem
2639 2728 2785 2797 regis
2824 2736 2908 2782 est
2954 2742 3174 2792 aurum,
3235 2728 3365 2798 quia
3427 2738 3522 2796 per
3561 2730 3726 2776 aurtnn

507 2818 626 2878 pter
686 2813 846 2868 bruta
908 2815 1210 2870 animantia
1270 2823 1325 2870 et
1364 2815 1702 2886 agnitionem
1761 2814 1994 2880 Christi,
2029 2826 2085 2872 et
2187 2820 2388 2875 subditi
2419 2834 2598 2891 regem
2629 2819 2951 2875 muneribus
2983 2818 3258 2874 alliciunt.
3285 2819 3436 2874 Thus
3461 2831 3627 2888 porro,
3659 2809 3729 2865 di-

507 2917 772 2972 przesepe.
824 2903 968 2960 Deus
1015 2906 1160 2960 enim
1201 2921 1301 2976 per
1329 2905 1655 2981 Proplietam
1717 2907 2081 2964 lsraeliticum
2186 2912 2451 2978 vinitatis,
2489 2912 2616 2981 quia
2675 2912 2837 2966 thura
2891 2911 3000 2967 Deo
3029 2911 3244 2968 adoleri
3301 2913 3516 2968 solent:
3568 2902 3726 2962 mortis

505 2971 769 3064 populum
811 3003 872 3050 ut
901 2971 1221 3065 ingratum;
1240 3007 1294 3052 et
1327 2971 1635 3064 vecordem,
1664 2999 1866 3054 acriter
1894 3001 2084 3072 objur-
2115 3039 2161 3100 ο
2192 2971 2449 3073 denique,
2485 2971 2728 3076 myrrha,
2763 3004 2892 3074 quia
2929 3004 3130 3059 mortui
3171 3019 3243 3058 ea
3304 3006 3642 3074 intinguntur,
3673 3006 3726 3047 ue

504 3103 641 3157 gans
671 3089 746 3144 ait
776 3107 790 3144 :
821 3087 1077 3160 Cognovit
1106 3090 1196 3146 bos
1221 3108 1570 3160 possessorem
1599 3109 1773 3158 suum,
1801 3102 1852 3148 et
1898 3097 2082 3150 asinus
2120 3087 2161 3100 “’
2192 3097 2420 3152 fteteant
2449 3104 2543 3152 aut
2574 3104 2906 3168 putrescant.
2933 3097 3003 3152 At
3039 3105 3093 3152 tu
3150 3110 3258 3166 pro
3315 3109 3450 3150 auro
3506 3099 3722 3162 purarum

504 3195 734 3251 praesepe
787 3183 989 3238 domini
1040 3184 1159 3250 sui,
1211 3185 1381 3238 Israel
1430 3195 1606 3240 autem
1678 3202 1763 3240 me
1830 3203 1934 3241 non
1993 3203 2084 3241 co-
2191 3189 2462 3243 actionum
2539 3195 2594 3243 et
2645 3203 2961 3242 sermonum
3029 3187 3386 3259 splendorem
3443 3182 3588 3238 oﬁ‘er.
3640 3177 3725 3230 Pro

505 3274 769 3344 gnovit”.
830 3274 1042 3342 Quibus
1093 3278 1275 3334 verbis
1343 3277 1564 3334 Judaaos
1632 3278 1802 3335 mutis
1863 3294 2086 3349 quoque
2192 3283 2352 3336 thure
2373 3295 2613 3352 preces:
2653 3280 2930 3350 Dirigatur
2972 3280 3144 3343 enim,
3187 3279 3393 3348 inquit,
3429 3275 3586 3328 oratio
3636 3281 3726 3320 mu

509 3368 882 3425 animantibus
953 3371 1354 3441 propemodum
1420 3371 1752 3442 stupidiores
1808 3373 2087 3429 exstitisse
2117 3401 2125 3422 ι
2191 3373 2326 3428 sicut
2347 3374 2614 3427 incensum
2641 3372 2695 3426 in
2725 3381 3002 3444 conspectu
3041 3380 3132 3424 tua
3148 3370 3222 3424 θι.
3255 3369 3364 3424 Pro
3393 3365 3599 3439 myrrha
3624 3370 3726 3413 vero

506 3462 605 3516 ait.
646 3465 826 3534 Atque
857 3464 1112 3520 omn-ibus
1147 3463 1367 3533 quidem
1403 3464 1616 3534 ingrate
1653 3472 1708 3518 et
1744 3463 1931 3534 inique
1959 3478 2087 3533 erga
2191 3463 2484 3519 affectuum
2544 3464 2957 3534 oppressionem
3023 3471 3078 3516 et
3137 3461 3576 3519 exstinctionem,
3632 3461 3729 3519 qua

508 3554 678 3611 Deum
713 3557 922 3612 allectis
951 3557 1068 3612 lucc
1101 3557 1278 3612 oratio
1321 3557 1594 3627 congruit.
1651 3554 1919 3612 Caeterum
1985 3556 2089 3610 hoc
2195 3555 2390 3610 animae
2418 3556 2780 3611 subStantiam
2813 3563 3018 3620 tuetur,
3052 3569 3116 3609 ac
3140 3555 3308 3610 suavi
3357 3552 3519 3608 odore
3543 3545 3730 3618 periim-

513 3648 637 3702 loco
671 3649 770 3702 bos
802 3649 854 3702 in
874 3645 1086 3703 Judaici
1113 3646 1322 3716 populi,
1351 3647 1445 3717 qui
1483 3647 1620 3718 legis
1641 3645 1774 3716 jugo
1804 3646 2090 3714 subjectus
2195 3646 2296 3701 dit.
2327 3645 2574 3712 Quonam
2601 3661 2731 3702 vero
2761 3646 2926 3701 modo
2956 3660 3079 3699 cum
3109 3645 3430 3714 pastoribus
3456 3652 3506 3696 et
3529 3636 3730 3693 archan-

513 3748 667 3804 erat,
703 3738 931 3809 ﬁguram
958 3739 1257 3793 assumitur
1298 3755 1312 3791 :
1359 3739 1550 3793 asinus
1593 3745 1772 3791 autem
1825 3737 1880 3791 in
1920 3737 2094 3806 genti-
2196 3738 2330 3809 gelis
2355 3747 2520 3808 atque
2544 3739 2752 3808 angelis
2778 3738 3031 3793 laudibus
3055 3737 3220 3792 Deum
3256 3733 3561 3796 celebrabis,
3595 3735 3729 3793 ablue

511 3831 646 3886 lium
683 3830 911 3901 ﬁguram
933 3870 948 3897 ,
1000 3840 1115 3884 tum
1146 3830 1274 3901 quia
1302 3845 1334 3885 a
1365 3829 1484 3900 lege
1517 3829 1732 3884 alienus
1773 3837 1914 3889 erat.
1978 3837 2092 3882 tum
2197 3827 2431 3899 hymnos
2463 3827 2721 3882 concines
2751 3842 2813 3880 ae
2841 3826 3205 3896 tripudiabis‘?
3253 3825 3516 3880 Nimirum
3563 3819 3602 3874 si
3631 3814 3730 3870 illo-

511 3923 676 3978 etiam
711 3931 934 3994 propter
977 3922 1345 3993 impuritatem
1384 3931 1440 3976 ct
1485 3921 1818 3978 crassitiem.
1879 3923 2091 3978 Etenim
2201 3934 2321 3974 rum
2354 3916 2797 3980 admirationem,
2825 3914 3077 3970 aﬁ'eetum
3113 3924 3169 3968 et
3227 3914 3487 3987 gaudium
3519 3907 3726 3964 imitatus

513 4014 638 4080 bos,
665 4025 725 4070 ut
746 4014 812 4070 ad
844 4015 1285 4086 cognoscendum
1318 4014 1568 4082 acutior,
1599 4013 1884 4070 dominum
1929 4030 2090 4070 suum
2200 4008 2391 4064 fueris.
2428 4006 2562 4062 Nam
2589 4005 2835 4078 profecto
2875 4006 2947 4061 ob
2971 4007 3204 4061 salutem
3244 4014 3485 4062 nostram
3519 4005 3725 4068 super“

515 4108 768 4178 agnoscit
801 4124 817 4162 :
845 4107 1035 4163 asinus
1062 4115 1243 4162 autem
1299 4106 1560 4162 utventri
1584 4106 1822 4173 deditus,
1850 4121 2096 4178 praesepe
2200 4115 2419 4174 quoque
2443 4109 2498 4154 et
2531 4099 2700 4154 beatae
2730 4105 2940 4152 mentes
2976 4097 3172 4154 festum
3207 4097 3509 4154 celebrant.
3561 4093 3728 4153 uth

514 4199 825 4268 cognoscit.
861 4200 936 4254 Ac
965 4199 1107 4266 vide,
1134 4213 1298 4268 quam
1333 4197 1488 4254 bovis
1513 4206 1568 4254 et
1589 4197 1728 4254 asini
1776 4198 2094 4270 allegoriam
2203 4193 2297 4248 Dei
2331 4192 2725 4260 hominumque
2781 4203 2972 4244 amore
3019 4188 3266 4258 praedita:
3295 4189 3421 4244 sint.
3474 4179 3726 4272 Utrius‘llf"

516 4291 728 4346 aﬁ‘erat.
783 4289 1054 4356 Quoniam
1103 4291 1247 4345 enim
1307 4290 1413 4346 bos
1449 4289 1655 4344 animal
1686 4290 1951 4345 mundum
1987 4299 2094 4356 est,
2204 4285 2350 4343 enim
2378 4283 2556 4338 laudis
2581 4283 2687 4338 illis
2735 4280 3114 4337 testimonium
3160 4279 3314 4336 dedit
3363 4275 3615 4333 Christus,
3662 4274 3724 4356 silc

518 4398 583 4438 ac
600 4383 733 4454 jugo
782 4382 1110 4452 subjectum,
1175 4393 1229 4438 et
1270 4382 1581 4447 ruminans,
1641 4389 1805 4451 atque
1836 4355 2092 4438 sacriﬁcii
2130 4379 2174 4434 Ι)
2206 4393 2300 4450 per
2325 4376 2612 4448 parabolas
2636 4375 2895 4442 loquens:
2925 4373 3284 4444 Mulier,qna:
3301 4370 3544 4428 amissam
3571 4355 3727 4414 drach-

518 4489 684 4530 causa
725 4482 997 4529 mactatur
1025 4483 1078 4529 et
1107 4474 1448 4541 comeditur;
1475 4473 1529 4527 in
1561 4473 1719 4527 asino
1743 4480 1928 4528 autem
1965 4488 2095 4528 con-
2206 4484 2349 4524 mam
2383 4468 2612 4534 invenit,
2645 4467 2853 4522 amicas
2879 4475 2934 4522 et
2963 4468 3175 4523 vicinas
3225 4468 3503 4524 convocat,
3536 4454 3723 4551 diceusi

517 4566 692 4620 trario
723 4565 886 4620 modo
920 4581 979 4620 se
1014 4565 1196 4620 omnia
1237 4565 1437 4618 habent
1475 4581 1488 4618 :
1523 4563 1830 4634 Cognosce,
1892 4564 2095 4636 inquit,
2206 4561 2668 4633 Congratulamini
2727 4560 2856 4613 mihi
2879 4559 2948 4614 ".
2996 4560 3162 4632 Ergo,
3219 4569 3279 4614 ut
3315 4556 3405 4613 Dei
3433 4549 3620 4608 amicat.
3645 4549 3725 4608 ill5|

520 4659 760 4726 auditor,
799 4661 1050 4730 quisnam
1086 4659 1156 4715 sit
1191 4660 1237 4714 is
1265 4658 1360 4730 qui
1396 4667 1557 4713 natus
1585 4667 1694 4725 est,
1727 4657 1842 4713 sive
1865 4659 1964 4713 bos
2013 4673 2096 4720 es,
2205 4655 2576 4724 gratulanlllr-
2628 4650 2781 4718 Ουοά
2813 4660 2995 4706 autem
3026 4651 3314 4705 ιιοπιῖηιηη
3349 4649 3458 4704 δίηι
3501 4641 3724 4731 ""“f‘i'

521 4753 625 4806 hoc
677 4760 779 4816 est.
843 4767 906 4806 ex
949 4751 1172 4817 Iudaeis,
1229 4753 1322 4822 qui
1371 4751 1664 4820 puritatem
1688 4756 1744 4804 et
1769 4749 2096 4804 munditiem
2204 4761 2270 4800 ex
2300 4746 2365 4801 iis
2388 4745 2595 4814 angelis
2629 4743 2834 4815 liquido
2859 4751 3096 4809 constat,
3122 4757 3260 4812 quos
3299 4742 3352 4794 in
3377 4731 3514 4792 tertii
3537 4737 3581 4783 et
3602 4730 3729 4822 flcio“

515 4860 630 4915 prae
658 4861 718 4900 se
741 4813 944 4908 ferunt,
979 4859 1042 4900 ac
1073 4813 1176 4900 sub
1205 4813 1340 4914 legis
1371 4813 1514 4913 iugo
1564 4849 1879 4905 censentur,
1929 4849 2098 4911 atque
2208 4836 2334 4890 simi
2377 4813 2579 4890 Psalmi
2613 4813 2717 4892 ﬁne
2739 4835 3005 4890 describit
3037 4833 3235 4897 David,
3263 4829 3424 4889 simul
3453 4836 3566 4880 cum
3596 4813 3725 4915 Chii:

521 4937 708 4991 idonei
749 4947 901 5005 sunt,
934 4937 1028 5008 qui
1057 4937 1166 4992 Deo
1197 4937 1252 4990 in
1281 4935 1616 4991 sacriﬁcium
1663 4932 1984 4996 oderantur,
2045 4942 2101 4989 et
2207 4938 2293 4981 sto
2326 4927 2706 4995 ascendentes,
2739 4943 2803 4982 ac
2839 4927 2992 4996 prius
3051 4931 3401 4981 occurrentes
3445 4917 3509 4971 iis
3537 4901 3725 5008 ausu“?

521 5037 724 5083 rectam
753 4987 1056 5084 doctririam
1090 5029 1421 5084 ruminando
1479 5026 1802 5093 conﬁciunt,
1857 5025 1986 5095 quia
2020 5025 2102 5079 vi-
2209 5021 2302 5088 qui
2339 5019 2392 5073 in
2438 5021 2575 5074 ccelo
2601 5019 2920 5074 Davidicum
2983 5019 3112 5073 illud
3146 5013 3479 5087 imperabant
3528 5021 3542 5059 :

525 5120 718 5175 delicct
745 5122 982 5190 primum
1025 5122 1245 5192 quidem
1276 5120 1401 5176 ﬁdei
1440 5118 1768 5175 Christiana;
1788 5087 2099 5172 doctrinam
2212 5087 2305 5168 lite
2338 5125 2522 5182 portas
2541 5112 2610 5177 ⁸⁸,
2663 5121 2768 5166 etc.
2831 5109 2968 5165 Nam
3005 5109 3106 5180 ipsi
3135 5120 3354 5179 quoque
3380 5087 3725 5156 cademlaatiul

3139 5263 3187 5297 '°
3219 5263 3324 5318 lsa.
3349 5277 3388 5325 ι,
3413 5255 3464 5310 5ο
3532 5246 3572 5278 ⁸⁸
3607 5231 3722 5294 Ρ⁶³¹·

1844 5273 1891 5306 ⁷⁸
1932 5270 2098 5326 llebr.
2144 5285 2266 5336 χιιι,
2308 5269 2362 5323 ὁ.
2476 5269 2524 5301 "
2561 5266 2753 5323 Matth.
2781 5281 2934 5330 χχιχ,
2971 5265 3027 5321 6.

596 5283 642 5313 re
678 5282 821 5339 p53].
855 5298 908 5342 ιη
935 5282 992 5338 7,
1106 5280 1152 5312 ’⁷
1181 5279 1391 5349 Ephes.
1429 5293 1490 5341 ιι,
1531 5278 1551 5330 1
1589 5290 1744 5349 seqq.

523 5367 646 5418 cn,
669 5353 724 5406 2.
800 5355 844 5386 ⁸³
877 5352 1012 5406 Luc.
1045 5364 1134 5413 xv,
1167 5346 1253 5404 8.'
1297 5349 1343 5381 ⁸³
1370 5349 1511 5403 l’sal.
1543 5361 1704 5411 χχιιι,
1737 5346 1788 5398 7.

2209 5476 2474 5537 monium,
2528 5474 2619 5530 sed
2657 5483 2783 5528 ante
2830 5469 3182 5526 violationem
3241 5479 3271 5519 a
3303 5462 3407 5537 Deo
3440 5445 3720 5537 in‘stitutllmv

597 5491 675 5563 (ι)
712 5490 794 5544 Ea:
849 5472 1303 5563 transgressione.
1339 5486 1633 5563 Congressi
1701 5483 1918 5553 quidem
1973 5489 2103 5536 sunt
2209 5476 2499 5563 monium,
2528 5474 2803 5563 sedente
2821 5472 3374 5563 vi:oltt‘l:ut_tglpn::nl’ﬁ

2210 5529 2356 5605 die;
2371 5529 2656 5619 principio
2693 5543 2925 5600 Genesis
2960 5537 3310 5613 apertissime
3341 5529 3522 5598 liquet-

527 5559 772 5619 Adanius
830 5571 885 5614 et
939 5559 1048 5614 Eva
1102 5570 1223 5627 post
1259 5559 1522 5611 violatum
1557 5564 1886 5627 pra'ceptum
1937 5568 2094 5627 :non

537 5646 717 5691 tamen
750 5646 814 5689 ex
845 5623 1114 5702 ιιι-τεθεριῖ
1137 5631 1434 5686 violatione
1461 5623 1761 5696 proiectum
1789 5635 1871 5680 est
1908 5623 2098 5678 matri-

2883 5736 2911 5743 ι·-
2931 5738 2939 5743 ς
