4032 6198
622 334 752 398 1‘le

2024 316 2403 377 ADDEXDA.

3752 304 3880 367 1212

619 454 810 520 tinget,
843 458 1031 500 verum
1091 439 1422 509 lapidatorcs
1483 435 1657 492 falles.
1705 448 1766 486 ac
1802 447 1900 500 per
1952 429 2190 482 tnedium
2224 425 2583 495 Astrcpitum
2649 421 2781 476 edit.
2837 418 2954 473 Jam
3008 417 3194 484 spinas
3244 413 3558 483 Theologus
3619 415 3738 483 ipse
3792 436 3877 484 ικντ

619 546 859 612 ipsorum
900 532 1178 596 transibis,
1224 539 1409 600 utpote
1449 529 1584 582 deus
1615 525 1908 594 adoptione
1957 531 2011 576 et
2062 535 2189 590 gra-

621 632 690 682 tia
723 627 915 679 factos.
953 621 1042 675 Sic
1075 620 1218 674 enim
1252 619 1315 671 de
1342 618 1562 673 Christo
1587 615 1726 684 apud
1751 614 2021 667 Joannem
2055 612 2193 666 scri-

619 733 770 791 ptum
801 729 925 772 est:
956 716 1298 771 Sus-tulerunt
1336 713 1561 781 lapides,
1589 722 1644 764 ut
1673 711 1913 778 jacerent
1944 710 1997 762 in
2048 724 2188 758 eum.

614 812 769 865 Jesus
795 821 967 862 autem
992 805 1263 858 abscondit
1288 821 1361 867 se,
1392 813 1547 865 atque
1605 803 1762 854 exivit
1799 805 1861 852 de
1915 795 2186 864 templo“,

618 904 885 958 transiens
908 917 1000 967 per
1024 899 1262 953 medium
1287 897 1550 964 ipsorum.
1596 892 1817 944 Verbum
1878 891 2021 944 enim
2086 905 2187 941 non

613 1005 689 1049 est
743 993 1043 1062 alligatum,
1099 989 1558 1060 quemadmodum
1605 985 1680 1038 ait
1738 984 1940 1037 Paulus
1981 983 2065 1043 ⁸⁵,
2121 981 2189 1037 de

618 1086 1002 1156 prmdicatioue
1045 1084 1308 1151 loquens;
1373 1080 1505 1148 quin
1584 1079 1785 1144 potius,
1838 1090 1962 1130 cum
2000 1075 2188 1140 alliga-

617 1187 730 1241 tur,
760 1191 985 1229 currere
1037 1174 1210 1242 ipsunt
1266 1171 1518 1224 dixerim.
1563 1167 1800 1222 Verbum
1861 1166 2008 1219 enim
2045 1165 2185 1233 lapi-

617 1272 776 1324 dibus
833 1283 940 1322 non
995 1265 1304 1326 coniicitur,
1365 1263 1416 1316 id
1488 1270 1592 1324 est,
1657 1261 1818 1322 Deus,
1876 1259 1955 1311 vel
2019 1258 2184 1312 etiam

617 1360 738 1414 fidei
773 1358 1044 1411 doctrina.
1109 1353 1406 1423 Lapidibus
1468 1362 1650 1406 autem
1705 1365 1810 1404 non
1873 1349 2183 1412 conficitur,

616 1452 669 1506 id
699 1459 804 1514 est,
840 1447 1176 1517 perpessioui
1208 1460 1548 1514 nequaquam
1580 1444 1875 1497 obnoxium
1931 1450 2038 1504 est,
2103 1448 2187 1493 ut-

615 1550 741 1611 pote
775 1536 1216 1607 inexpugnabile.
1255 1533 1312 1589 Si
1347 1535 1411 1588 ad
1444 1532 1708 1587 llerodem
1753 1532 2024 1586 adductus
2067 1530 2184 1585 fite-

616 1633 709 1695 ris,
741 1632 842 1685 huc
863 1636 966 1692 est,
1019 1627 1086 1682 ad
1151 1641 1394 1682 crassum
1452 1634 1507 1679 ct
1557 1624 1830 1678 carnalem
1882 1623 2181 1686 hominem,

613 1722 697 1775 vel
759 1719 1107 1780 haereticum,
1171 1717 1492 1787 plerumque
1559 1731 1624 1769 ne
1683 1714 1904 1767 verbum
1965 1712 2180 1782 quidem

614 1828 781 1866 unum
836 1812 887 1865 ei
939 1809 1225 1880 responde,
1273 1808 1421 1863 velut
1473 1807 1713 1878 indigno,
1772 1805 1839 1860 ad
1902 1819 2064 1875 quem
2125 1806 2190 1858 de

615 1905 777 1960 rebus
805 1902 1048 1973 mysticis
1083 1910 1136 1955 et
1179 1900 1546 1955 sacrosanctis
1606 1899 1910 1953 orationem
1958 1896 2186 1952 habeas.

618 1995 903 2052 Silentium
936 2005 1086 2049 tuum
1113 1993 1285 2063 pluris
1317 1992 1498 2058 faciet,
1527 1991 1809 2061 magisque
1831 1989 2187 2053 reverebitur,

615 2098 676 2142 ut
708 2088 943 2142 hominis
975 2087 1356 2156 disputationis
1380 2084 1642 2140 habendze
1674 2093 1886 2151 tempus
1908 2081 2188 2150 cognitum

617 2179 890 2242 habentis,
937 2193 1100 2246 quant
1137 2177 1376 2246 prolian
1428 2175 1661 2237 aliorum
1696 2173 1993 2227 orationes.
2051 2169 2186 2225 Nam

614 2271 866 2325 Christus
896 2285 1136 2338 quoque,
1183 2279 1240 2324 ut
1288 2277 1477 2322 narrat
1528 2267 1698 2322 Lucas
1724 2267 1794 2330 ὀ,
1845 2281 1875 2320 a
1920 2264 2094 2319 Pilato
2123 2265 2188 2319 ad

617 2359 882 2414 llrrodem
926 2361 1126 2414 missus
1150 2368 1254 2424 est,
1287 2368 1342 2414 et
1384 2357 1735 2428 interrogavit
1779 2372 1904 2412 eum
1950 2355 2188 2410 Herodes

615 2451 667 2504 iu
700 2451 886 2504 multis
935 2450 1318 2512 sermonibus;
1369 2460 1423 2504 at
1458 2448 1575 2518 ipse
1609 2448 1656 2502 ei
1700 2447 1830 2502 niltil
1887 2447 2185 2516 respondit.

617 2540 862 2593 Herodes
895 2555 1060 2608 porro
1093 2539 1364 2594 carnalem
1397 2548 1453 2593 et
1491 2547 1702 2606 turpem
1731 2536 1983 2591 allectum
2016 2535 2187 2606 signi-

613 2631 774 2685 licaro
804 2640 1000 2699 potest,
1037 2631 1151 2697 cui,
1182 2645 1288 2683 non
1333 2644 1425 2698 per
1443 2629 1729 2683 verborum
1764 2627 2184 2696 philosophiam,

612 2723 707 2776 sed
733 2739 827 2793 per
857 2739 943 2776 res
971 2734 1022 2776 et
1057 2723 1319 2789 actiones,
1345 2721 1607 2776 obsistere
1631 2720 1911 2774 debemus.
1944 2719 2022 2775 Ita
2043 2718 2185 2774 enim

614 2815 787 2882 magis
829 2815 1145 2868 demittetur
1165 2829 1227 2867 ac
1250 2813 1605 2867 contrahetur
1622 2811 1935 2882 huiusmodi
1964 2811 2188 2865 affectus

611 2918 774 2968 quant
810 2916 905 2969 per
929 2903 1212 2956 verbosant
1243 2901 1660 2969 philosoithiam.
1695 2900 1750 2955 Si
1783 2900 1988 2970 ﬂagello
2014 2915 2187 2955 caesus

613 2992 802 3053 fueris,
837 2993 940 3044 hoc
990 3000 1092 3054 est,
1147 3005 1367 3058 quoquo
1403 2989 1562 3043 modo
1594 2989 1910 3045 verberibus
1959 2988 2186 3045 affectus

2303 518 2610 587 allegoriam
2650 512 3007 583 pltilOSOphiJ:
3041 511 3092 562 in
3127 509 3343 560 actione
3373 507 3566 574 posita:
3611 514 3874 573 asperita-

2303 619 2407 664 tem
2457 610 2844 675 interpretatus
2895 612 3000 657 est.
3061 600 3232 654 Porro
3275 599 3443 652 vestis
3491 614 3734 666 purpura
3789 617 3870 652 seu

2301 703 2618 761 coccinum,
2679 711 2789 765 quo
2845 692 3097 747 Christus
3160 690 3230 743 ab
3285 687 3603 742 illusoribus
3681 687 3874 742 Iuda-is

2301 793 2516 856 tegitur,
2544 788 2838 840 acerrimas
2866 780 3325 854 gravissimasque
3350 779 3680 833 afl‘lietioues
3717 784 3872 847 signi-

2300 883 2442 945 ficat,
2473 890 2634 946 atque
2674 877 2726 929 in
2761 883 2949 944 pertus
2973 870 3240 925 altissime
3280 877 3654 936 penetrantes,
3704 887 3875 936 quan-

2297 972 2587 1041 doquidem
2621 979 2674 1022 et
2695 973 2917 1021 coccum
2958 963 3109 1017 color
3151 961 3372 1031 quidam
3406 960 3658 1013 tinctura:
3694 971 3782 1014 est
3830 962 3878 1013 in

2297 1062 2624 1135 profundum
2671 1066 2980 1129 penetrans.
3031 1055 3109 1107 Ad
3160 1055 3271 1107 haec
3299 1052 3550 1106 Christus
3611 1054 3882 1106 arundine

2296 1155 2636 1213 verberatur,
2665 1160 2719 1206 et
2747 1165 2840 1219 per
2867 1148 3055 1201 ludum
3091 1153 3256 1214 atque
3294 1144 3607 1198 irrisionem
3650 1143 3881 1195 arundi-

2297 1263 2418 1303 ncm
2456 1247 2510 1301 itt
2547 1246 2737 1298 dextra
2788 1257 2977 1302 manu,
3031 1239 3178 1293 velut
3231 1246 3506 1306 sceptrum
3538 1251 3570 1288 a
3606 1234 3881 1289 carniﬁci-

2295 1339 2397 1394 bus
2429 1336 2656 1406 accepit.
2693 1333 2798 1388 Nec
2841 1347 2972 1387 vero
3000 1346 3065 1385 ex
3117 1328 3456 1383 nostratibus
3514 1326 3880 1379 arundinibus

2293 1431 2546 1500 colligere
2600 1427 2784 1488 debes,
2836 1439 2926 1478 eas
2956 1421 3156 1492 quibus
3190 1419 3444 1474 Christus
3485 1418 3722 1472 affectus
3774 1425 3877 1475 est,

2292 1519 2437 1574 leves
2459 1526 2621 1586 atque
2654 1515 2901 1570 infirmas
2925 1512 3110 1583 plagas
3127 1510 3426 1569 exstitisse,
3453 1523 3647 1562 verum
3684 1521 3882 1575 graves

2293 1623 2345 1668 et
2404 1612 2633 1676 validas,
2685 1608 2928 1664 Iudaica?
2981 1615 3139 1660 terra:
3189 1602 3482 1657 arundines
3541 1600 3641 1653 tibi
3690 1599 3882 1651 animo

2293 1717 2634 1774 preponens,
2699 1715 2930 1771 quarum
2995 1698 3130 1750 mira
3189 1695 3270 1749 vis
3321 1702 3403 1748 est
3462 1700 3517 1744 et
3565 1690 3881 1744 crassities.

2294 1774 2540 1850 Proinde
2576 1799 2635 1846 tu
2694 1805 2910 1861 quoque
2941 1787 3229 1842 arundinis
3277 1785 3486 1854 plagam
3521 1781 3728 1851 perfer,
3789 1786 3885 1832 aut

2295 1885 2638 1942 irridentium
2681 1890 2843 1950 atque
2902 1878 3281 1935 insultantium
3344 1873 3628 1928 hominum
3688 1882 3886 1942 gestus

2293 1981 2524 2036 sustine.
2573 1981 2805 2042 Insuper
2835 1974 3087 2029 Christus
3141 1985 3238 2040 per
3271 1966 3682 2024 simulationem
3720 1965 3883 2033 quasi

2295 2088 2388 2127 rex
2417 2071 2679 2126 adoratus
2713 2078 2798 2124 est
2849 2066 3012 2121 abiis
3046 2065 3139 2132 qui
3166 2062 3450 2117 veritatem
3488 2057 3736 2112 ludibrio
3787 2057 3887 2110 ha-

2291 2163 2512 2227 bebant,
2562 2161 2665 2215 hoc
2693 2170 2796 2222 est,
2848 2157 2916 2213 ab
2941 2157 3012 2211 iis
3037 2155 3130 2226 qui
3167 2169 3280 2208 rem
3330 2162 3521 2206 natura
3561 2163 3756 2203 veram
3790 2161 3884 2214 per

2291 2253 2588 2307 ludibrium
2619 2251 2875 2320 agebant.
2916 2245 3172 2302 Christus
3208 2243 3354 2299 enim
3406 2256 3500 2295 rex
3538 2254 3710 2292 verus
3740 2245 3882 2292 erat.

2291 2343 2655 2410 Quamobrem
2691 2342 2806 2411 ipse
2835 2352 3055 2409 quoque
3088 2350 3302 2392 omnem
3331 2333 3512 2386 fucum
3561 2339 3618 2385 et
3646 2327 3881 2384 simula-

2291 2438 2492 2491 tionem
2527 2448 2684 2503 tequo
2730 2433 2911 2486 aninto
2966 2432 3163 2484 tolera.
3213 2428 3290 2482 Ac
3340 2424 3576 2492 denique
3621 2420 3795 2476 simul
3831 2421 3883 2473 in

2291 2543 2456 2583 cruce
2507 2525 2793 2596 sulligere,
2841 2531 3107 2594 quantum
3173 2517 3241 2573 ad
3293 2515 3506 2571 actuale
3562 2524 3878 2582 peccatum.

2293 2619 2468 2676 Simul
2495 2619 2660 2674 etiam
2710 2622 3218 2685 morerequantum
3251 2609 3318 2664 ad
3377 2609 3526 2678 ipsos
3572 2606 3873 2660 atl‘ectuuin

2290 2722 2491 2768 motus.
2543 2709 2718 2764 Simul
2766 2707 2928 2762 etiam
2977 2693 3206 2760 libenter
3263 2701 3588 2762 inhumare,
3649 2712 3873 2752 onmem

2289 2819 2472 2860 rerum
2533 2801 2699 2872 hujus
2750 2799 2870 2853 vita:
2917 2812 3136 2853 sensum
3185 2794 3492 2863 abjiciens:
3546 2797 3604 2842 ιιι
3655 2805 3760 2857 pro
3814 2803 3876 2842 eo

2288 2896 2431 2967 quod
2458 2906 2752 2963 oppressus
2776 2899 2936 2958 atque
2959 2896 3182 2942 euectus
3209 2884 3401 2947 fueris,
3430 2883 3496 2936 ad
3524 2881 3696 2933 vitam
3720 2877 3874 2932 exci-

2291 2987 2452 3053 teris;
2490 2999 2588 3055 pro
2618 2999 2683 3037 eo
2701 2981 2843 3052 quod
2880 2980 2933 3033 in
2960 2994 3178 3034 crucem
3209 2976 3455 3032 sublatus
3495 2972 3670 3027 fueris
3703 2971 3871 3039 (quod

614 3083 909 3150 (flagellum
956 3081 1099 3134 cnim
1147 3081 1416 3148 virgarum
1463 3096 1630 3152 genus
1652 3089 1885 3150 est,quo
1933 3082 2182 3138 Christus
2214 3099 2252 3158 ο
2288 3087 2441 3148 turpe
2495 3086 2546 3131 et
2579 3074 2815 3129 infamia:
2843 3074 2962 3127 loco
2995 3068 3270 3137 habetur),
3308 3067 3533 3137 gloriam
3567 3077 3870 3130 consequa-

611 3175 884 3229 cruciatus
923 3173 1050 3245 cst).
1091 3173 1293 3242 reliqua
1347 3173 1510 3226 etiam
1565 3173 1954 3242 suppliciorum
1989 3189 2051 3229 ac
2074 3185 2184 3229 tor-

610 3275 922 3320 tucutorum
975 3281 1174 3334 genera
1217 3279 1420 3334 quaere,
1475 3265 1734 3319 nimirum
1792 3265 1884 3330 fel,
1944 3275 2179 3330 acetum,

609 3357 891 3421 colaphos,
917 3356 1124 3425 alapas,
1149 3365 1252 3410 etc.
1285 3354 1425 3426 Ergo
1460 3355 1528 3410 fel
1574 3371 1818 3410 amarum
1856 3367 2017 3427 gustu
2051 3371 2181 3426 pro-

606 3459 724 3519 pter
755 3448 884 3518 ligui
917 3459 1158 3517 gustum,
1188 3448 1344 3516 cujus
1395 3447 1603 3502 fructus
1643 3449 1900 3502 eximiam
1945 3450 2183 3504 suavita-

611 3551 717 3593 tem
773 3539 1007 3593 habebat
1039 3579 1053 3602 ,
1104 3547 1162 3593 ut
1226 3539 1560 3594 contrarium
1609 3541 1886 3593 contrario
1938 3549 2179 3594 curetur.

611 3632 913 3700 Allegorieo
934 3641 1113 3684 autem
1140 3647 1302 3684 scusu
1339 3632 1418 3685 vel
1441 3630 1547 3685 dici
1573 3637 1735 3699 queat
1756 3631 2056 3685 voluntaria
2085 3633 2184 3701 piae

611 3730 774 3788 atque
829 3720 1113 3773 laboriosa:
1173 3719 1294 3773 vita:
1329 3720 1620 3783 acerbitas,
1670 3727 1766 3772 aut
1825 3721 2182 3774 tentationum

611 3821 805 3877 praeter
825 3808 989 3863 animi
1016 3810 1343 3862 voluntatem
1394 3811 1785 3864 incurrentium
1824 3810 2180 3868 absinthium.

610 3903 840 3952 Aeetum
871 3907 1074 3961 autent,
1121 3897 1406 3951 calumuim
1438 3898 1616 3964 nobis,
1646 3899 1724 3953 vel
1761 3915 1790 3952 a
1834 3905 2058 3966 nostris,
2098 3900 2183 3955 vel

609 3988 677 4040 ab
724 3986 914 4040 alienis
963 3997 1222 4048 structze,
1269 4002 1390 4056 qua:
1437 3987 1674 4041 animum
1729 3989 1926 4042 acerbo
1979 3990 2183 4048 doloris

609 4093 775 4132 sensu
810 4077 1072 4132 alliciunt.
1114 4079 1323 4133 Rursus
1351 4089 1511 4150 Sputa
1534 4090 1586 4133 et
1619 4079 1809 4150 alapae,
1845 4083 2183 4139 contumeliae

612 4169 718 4222 illa:
758 4168 864 4224 dici
896 4179 1144 4239 possunt,
1175 4188 1296 4242 quae
1328 4173 1505 4242 palam
1531 4182 1824 4244 aperteque
1857 4190 1922 4230 ac
1949 4177 2094 4231 velut
2127 4177 2181 4232 in

611 4259 802 4313 facient
837 4261 1152 4331 iulliguntur
1181 4280 1195 4316 :
1227 4264 1437 4334 colaphi
1469 4276 1673 4333 autem,
1719 4282 1840 4337 qua:
1857 4267 1995 4322 clam
2023 4277 2183 4338 atque

608 4348 840 4403 obscure
877 4349 1206 4407 inferuntur.
1253 4354 1526 4424 Colaphus
1577 4358 1718 4410 enim
1748 4396 1763 4420 ,
1820 4365 1903 4412 est
1955 4359 2179 4413 concavi

2286 3169 2359 3224 ris
2386 3185 2401 3235 ;
2431 3183 2528 3238 pro
2553 3183 2618 3221 eo
2648 3165 2881 3234 denique
2908 3162 3054 3233 quod
3078 3161 3389 3215 inhumatus
3415 3156 3608 3216 fueris,
3635 3155 3690 3207 in
3714 3152 3872 3222 regni

2287 3253 2602 3316 societatem
2633 3258 2842 3312 venias.
2872 3255 3104 3309 Maxime
3137 3252 3280 3306 enim
3327 3250 3465 3304 inter
3497 3263 3559 3302 se
3588 3246 3867 3302 contraria

2287 3363 2434 3417 sunt,
2467 3364 2716 3422 regnare,
2753 3356 2806 3402 et
2859 3345 3099 3416 sepeliri.
3131 3342 3265 3396 Nam
3297 3343 3388 3411 qui
3436 3340 3651 3394 tumulo
3681 3338 3870 3393 condi-

2287 3453 2396 3509 tur,
2427 3453 2480 3498 et
2511 3453 2731 3508 terram,
2764 3450 2818 3496 et
2840 3438 3023 3496 omnia
3058 3446 3213 3492 terrze
3239 3434 3524 3490 commoda
3553 3431 3819 3499 relinquit
3848 3448 3864 3486 :

2285 3539 2374 3606 qui
2407 3547 2584 3590 autem
2624 3541 2832 3603 regnat,
2891 3545 3056 3601 peucs
3104 3544 3228 3583 eum
3265 3526 3507 3581 omnium
3564 3540 3756 3577 rerum
3781 3523 3864 3590 jus

2292 3639 2456 3697 atque
2488 3626 2777 3695 imperium
2805 3633 2910 3679 est.
2965 3621 3215 3688 Quonam
3262 3629 3440 3672 autem
3497 3617 3668 3669 modo
3705 3613 3863 3668 simul

2285 3718 2575 3788 regnabis?
2610 3716 2777 3770 Deum
2823 3729 3075 3773 cernens.
3119 3719 3382 3781 quantum
3419 3707 3530 3762 fieri
3573 3716 3780 3775 potest,
3812 3712 3864 3755 ut

2285 3826 2407 3865 cum
2443 3825 2640 3864 cernas
2671 3818 2830 3876 atque
2867 3807 2969 3876 ipsi
3001 3805 3265 3857 cet-naris.
3300 3801 3390 3856 Vel
3421 3801 3585 3854 etiam
3633 3810 3862 3851 cernens

2290 3903 2479 3966 Deum,
2520 3910 2783 3970 quantum
2817 3899 2963 3961 licet,
3006 3897 3073 3950 ab
3105 3909 3277 3961 eoque
3316 3892 3554 3945 vicissim
3583 3897 3859 3956 aspectus.

2285 3995 2455 4062 Quem
2487 4009 2632 4047 nunc
2656 4006 2872 4061 quoque
2904 3990 3048 4044 clare
3078 4003 3141 4042 ac
3166 3980 3649 4056 perspicuenobis.
3683 3978 3860 4033 carnis

2283 4085 2501 4138 vinculo
2533 4083 2846 4137 constrictis
2868 4119 2882 4145 ,
2939 4079 3176 4149 pateﬁeri
3218 4086 3491 4145 optamus.
3523 4070 3596 4124 Es
3623 4068 3857 4122 Jeremia

2285 4185 2464 4230 autem
2522 4177 2625 4230 hoe.
2659 4183 2933 4243 sumptum
2973 4181 3078 4233 est,
3108 4171 3187 4227 sic
3233 4169 3487 4237 loquente
3521 4182 3538 4218 :
3573 4165 3653 4218 Ad
3692 4162 3857 4214 Immi-

2284 4266 2523 4321 Iiamlnm
2562 4267 2654 4322 sub
2715 4266 2928 4336 pedibus
2959 4266 3073 4334 ejus
3131 4278 3308 4316 omnes
3349 4262 3543 4312 vinctos
3603 4266 3759 4308 term
3788 4252 3854 4313 ",

2285 4360 2337 4413 iu
2374 4359 2594 4412 Christo
2619 4359 2745 4413 Jesu
2769 4357 3000 4412 Domino
3023 4367 3236 4422 nostro,
3274 4351 3364 4408 cui
3386 4349 3555 4423 gloria
3579 4349 3632 4403 in
3661 4342 3855 4402 szccula

606 4447 784 4495 tactus
821 4441 973 4511 plaga
996 4482 1012 4508 ι
1046 4459 1168 4515 qua:
1209 4444 1264 4499 in
1299 4447 1499 4502 collum
1542 4447 1731 4502 furtim
1785 4448 2064 4520 inﬂigitur,
2118 4465 2182 4504 ac
2215 4446 2258 4499 ι)
2283 4451 2627 4507 saeculorum.
2661 4451 2855 4506 Amen.

694 4593 743 4626 ⁸⁸
781 4592 939 4649 Joan.
975 4612 1092 4662 vui,
1127 4596 1216 4652 59.
1326 4598 1370 4632 ⁸³
1405 4597 1445 4653 ll
1473 4599 1612 4655 Tim.
1649 4615 1707 4664 ιι,
1742 4600 1798 4654 9.

642 4786 3635 4814 W

1874 4603 1922 4635 ⁸ο
1949 4602 2079 4657 Luc.
2114 4617 2272 4670 xxut,
2307 4603 2357 4667 7,
2395 4602 2453 4658 8.

2526 4603 2570 4635 ⁹¹
2603 4602 2808 4658 Thren.
2849 4616 2930 4667 tu,
2970 4601 3062 4655 '54.

1503 4955 1623 5043 IN
1705 4953 2421 5047 ORATIONEM
2497 4959 2954 5046 XXXIX.

1058 5298 1586 5356 anauumrvu
1617 5303 1715 5372 (ε).

681 5390 999 5461 Patwggrica
1021 5394 1180 5446 etiam
1211 5402 1288 5445 est
1337 5397 1448 5446 ha'c
1499 5395 1694 5457 oratio,
1735 5393 2020 5458 superioris
2050 5409 2175 5449 ora-

605 5480 762 5536 tionis
816 5499 984 5535 comes
1033 5493 1083 5536 et
1135 5483 1507 5550 cognatmllic
1565 5496 1737 5538 autent
1777 5485 2003 5552 primum
2056 5499 2173 5538 cum

601 5571 848 5637 ethnicis,
876 5575 966 5642 qui
999 5577 1249 5644 mysteria
1284 5586 1467 5631 nostra
1495 5576 1873 5647 suggillubaut,
1899 5578 2175 5646 con/licia-

672 5727 749 5799 (5)
790 5723 948 5782 Billii.

2201 5323 2208 5338 ν
2279 5319 2386 5366 tur,
2416 5321 2478 5357 ac
2501 5305 2648 5360 nobis
2679 5306 2907 5360 vicissim
2941 5306 3066 5362 illos
3090 5308 3324 5362 atrocius
3353 5309 3678 5362 criminandi
3702 5319 3849 5378 atque

2275 5397 2530 5450 irridendi
2559 5399 2835 5453 ntaleriam
2871 5407 2921 5452 et
2952 5409 3264 5469 argumenta
3290 5401 3537 5469 porrigit,
3573 5407 3846 5456 ostendens

2271 5503 2450 5540 eorum
2484 5488 2734 5558 dogmata
2761 5499 2810 5544 et
2834 5491 3085 5562 mysteria
3119 5492 3285 5544 multo
3311 5493 3516 5560 majore
3550 5493 3664 5546 risu
3689 5494 3846 5561 digno

2269 5595 2400 5645 esse,
2454 5595 2543 5634 nec
2596 5581 2881 5652 quidquam
2940 5584 3108 5650 aliud,
3159 5601 3316 5656 quant
3366 5585 3550 5639 inanes
3609 5585 3841 5654 fabulas.
