4032 6198
220 372 363 436 ιέιΒ

1108 360 1429 424 NlCETAS
1469 361 1550 420 IN
1589 357 1813 419 ORAT.
1862 353 2115 420 XXXIX
2154 362 2217 420 S.
2257 359 2487 421 GREG.

3336 355 3471 421 1214

178 481 184 486 ’
212 484 419 540 Deinde
463 481 617 537 etiam
655 493 774 531 cum
820 473 1032 529 Judteis
1071 475 1241 529 obiter
1279 489 1494 527 manum
1537 471 1787 531 conserit,
1823 470 1867 525 Α
1895 496 1947 541 οι
1974 488 2042 542 ab
2060 485 2253 542 affectu
2278 486 2482 542 carnali
2507 502 2727 553 purum,
2749 486 2966 558 Deoque
2997 486 3249 558 dignum,
3275 489 3470 546 nobis-

213 579 456 640 iusorum
485 586 685 644 quoque
722 568 1026 622 doctrinam
1058 575 1241 622 nostra
1290 566 1441 633 longe
1490 562 1794 628 inferiorem

209 669 463 741 probans.
519 663 797 718 Postremo
853 662 997 715 circa
1042 658 1301 714 orationis
1345 658 1503 724 [inem
1548 671 1665 709 cum
1713 655 1793 707 his

188 764 375 817 \etiam
435 756 811 828 congreditur,
869 754 962 823 qui
1018 767 1321 823 quanquam
1394 755 1607 818 propter
1670 746 1797 817 ﬁdei

211 851 522 907 christiana:
575 845 961 916 professionem
1006 859 1039 897 α
1094 842 1294 896 nostris
1354 841 1590 910 partibus
1653 850 1797 893 stare

210 943 555 997 viderentur:
593 949 766 993 tamen
791 945 1005 1006 propter
1033 935 1157 1004 ﬁdei
1182 933 1536 988 diversitatem
1578 941 1627 986 et
1661 931 1795 984 divi-

212 1030 405 1082 nitatis
433 1027 719 1081 sectionem
743 1026 797 1078 in
831 1040 1008 1078 eorum
1035 1038 1237 1093 quoque
1264 1038 1482 1076 numero
1506 1031 1679 1085 erant,
1707 1022 1796 1091 qui

211 1120 476 1173 diversam
528 1134 562 1171 a
607 1116 860 1187 religione
897 1126 1081 1169 nostra
1133 1114 1433 1169 doctrinam
1489 1115 1793 1169 tuebantur.

210 1209 581 1267 Eunomianos
604 1208 722 1262 dico
753 1216 803 1261 et
826 1205 1260 1269 Macedonianos,
1299 1222 1521 1277 quorum
1546 1206 1703 1259 alteri
1732 1206 1798 1260 de

219 1302 367 1356 Filio
394 1318 457 1355 ac
486 1300 693 1371 Spiritu
721 1308 930 1365 sancto,
969 1299 1121 1353 alteri
1156 1300 1221 1354 de
1246 1297 1460 1368 Spiritu
1491 1298 1604 1352 solo
1637 1298 1796 1367 impie

211 1394 531 1454 sentiebant,
582 1410 711 1464 quos
743 1393 963 1463 proinde
1001 1392 1189 1448 Semi-
1217 1392 1445 1448 Arianos
1496 1403 1669 1450 vocat.
1719 1395 1796 1448 Ac

212 1489 458 1555 deinceps
488 1486 816 1547 Novatianos
875 1503 1078 1559 quoque
1114 1487 1375 1557 confutet,
1420 1487 1511 1558 qui
1546 1496 1664 1557 post
1704 1488 1796 1541 ba-

216 1583 472 1650 ptismum
503 1580 677 1650 lapsos
696 1597 1023 1652 nequaquam
1039 1582 1265 1652 amplius
1289 1582 1661 1644 admittebant.
1681 1581 1793 1646 sed,

211 1682 264 1725 et
294 1675 545 1743 primam,
577 1683 628 1728 et
669 1673 840 1727 solam
875 1689 987 1729 esse
1026 1673 1162 1728 hanc
1187 1676 1553 1745 purgationem
1593 1682 1796 1730 statue-

210 1762 361 1829 bant,
389 1779 507 1833 qua:
538 1764 800 1831 baptismo
825 1775 1189 1832 comparatur.

287 1852 448 1907 Multi
467 1854 564 1907 hoc
584 1853 797 1923 festum,
818 1855 943 1919 quia
967 1852 1247 1907 Luminum
1265 1855 1453 1924 festum
1472 1857 1792 1926 appellatur,

211 1946 415 2000 idcirco
448 1944 854 2015 Puriﬁcatiouis
892 1946 1085 2016 festum
1137 1963 1248 2001 esse
1291 1950 1685 2015 existimarunt,
1738 1959 1796 2003 ut

213 2056 322 2092 non
352 2040 506 2092 modo
539 2037 722 2095 Nicol.
773 2037 1081 2095 Selverenus
1112 2049 1160 2095 et
1207 2039 1398 2096 Daniel
1428 2039 1701 2096 Gretserus
1740 2045 1796 2096 in

220 2126 424 2199 Evang.
460 2128 523 2183 de
558 2127 803 2199 Puri/ia,
828 2130 919 2184 sed
959 2131 1119 2185 etiam
1155 2131 1493 2187 doctissimus
1525 2132 1797 2187 Pamelius

214 2219 274 2272 in
302 2218 495 2273 Annot.
524 2220 579 2272 in
608 2218 767 2290 Cypr.
801 2230 848 2275 et
874 2219 1152 2277 Celasinus
1178 2222 1233 2276 in
1264 2238 1360 2277 suo
1389 2222 1794 2297 Martyrologio.

213 2312 284 2365 At
320 2328 493 2366 revera
524 2313 770 2382 baptismi
792 2312 993 2368 Christi
1018 2314 1209 2384 festum
1241 2324 1338 2380 est,
1361 2317 1501 2387 quod
1543 2333 1635 2373 vm
1666 2316 1796 2374 Idus

212 2402 446 2465 Ianuar,
467 2413 575 2457 tam
589 2407 728 2471 apud
746 2404 976 2470 Griecos,
995 2423 1156 2475 quam
1174 2408 1315 2479 apud
1337 2407 1555 2465 Latinos
1572 2410 1801 2465 celebra-

218 2502 327 2547 tur.
359 2490 526 2563 quue
554 2495 687 2549 satis
715 2496 836 2550 hinc
861 2496 1043 2568 liquet,
1075 2498 1214 2569 quod
1240 2498 1303 2554 D.
1326 2499 1607 2571 Gregorius
1629 2503 1681 2557 in
1699 2504 1798 2559 hac

214 2593 267 2636 et
298 2586 532 2654 sequenti
555 2589 818 2653 oratione,
867 2589 932 2643 de
960 2591 1332 2660 puriﬁcatione
1358 2595 1562 2649 nullum
1585 2599 1798 2653 omnino

216 2678 427 2729 verbum
461 2677 686 2745 faciens,
743 2680 808 2734 de
852 2681 1114 2751 baptismo
1167 2684 1431 2739 duntaxat
1469 2687 1601 2754 agit,
1644 2698 1799 2759 atque

216 2766 383 2819 etiam
429 2766 646 2824 disertis
678 2771 844 2825 verbis
877 2772 973 2825 sub
1008 2773 1226 2841 hujusce
1271 2779 1528 2831 orationis
1563 2780 1796 2846 initium,

215 2857 355 2911 diem
375 2858 511 2914 hunc
531 2852 814 2916 Luminum
837 2880 931 2932 pro
957 2867 1239 2937 principio,
1266 2868 1463 2925 Christi
1481 2870 1800 2942 baptismum

122 2989 131 2998 .
219 2952 455 3019 accipere
483 2954 582 3008 ait.

570 3044 847 3103 NICETIE
886 3047 1453 3109 COMMENTARIUS.

1895 586 2001 638 que
2019 571 2264 627 divinum
2291 573 2635 641 Splendorem
2661 575 2936 630 conciliat.
2965 574 3276 642 Baptismus
3308 593 3472 646 porro

1894 660 2188 717 Luminum
2222 665 2444 719 nomine
2474 665 2797 734 appellatur,
2835 668 2979 733 quod
3012 677 3208 737 purget
3250 677 3304 722 et
3345 668 3473 722 illu-

1896 762 2051 811 strct.
2090 755 2212 822 Quo
2248 758 2411 814 etiam
2441 758 2517 824 lit,
2556 769 2615 813 ut.
2643 759 2787 815 faces
2818 776 2883 815 eo
2931 769 3172 831 tempore
3198 762 3247 814 in
3276 761 3477 814 ltetitite

1896 846 2114 916 signum
2174 849 2561 904 accendamus.
2620 852 2696 904 Ac
2752 851 3079 922 principium
3140 851 3359 921 quidem
3421 861 3477 906 et

1896 950 2058 992 causa
2093 938 2258 1008 hujus
2304 939 2450 1003 festi,
2489 940 2793 1012 haptismus
2838 941 3044 998 Christi
3089 951 3195 1008 est,
3250 941 3365 1013 qni,
3418 953 3479 997 ut

1895 1025 2135 1083 Joannes
2165 1032 2484 1097 testatur”,
2518 1031 2608 1086 lux
2647 1047 2772 1088 vera
2817 1043 2953 1099 erat,
2994 1035 3097 1089 hoc
3136 1043 3239 1099 est,
3267 1049 3390 1089 vere
3421 1040 3476 1088 et

1899 1121 2117 1192 proprie
2138 1119 2254 1188 lux,
2276 1138 2395 1192 qua:
2417 1133 2575 1181 nocte
2600 1141 2708 1180 non
2722 1138 3067 1192 secatur,nee
3084 1125 3473 1195 exstinguitur,

1898 1226 2020 1282 qua:
2043 1212 2315 1268 illuminat
2344 1230 2560 1269 omnem
2585 1216 2860 1270 hominem
2893 1216 3195 1272 venientem
3229 1216 3281 1270 in
3315 1231 3476 1270 mun-

1900 1304 2052 1370 dum,
2090 1302 2193 1358 hoc
2245 1314 2352 1370 est,
2381 1316 2695 1360 nascentem
2732 1316 2894 1375 atque
2933 1308 3189 1362 omnibus
3229 1306 3477 1377 partibus

1905 1399 2218 1454 absolutum
2269 1399 2322 1454 in
2378 1400 2553 1455 lucem
2610 1403 2966 1471 prodeuntem
3012 1405 3172 1472 (nam
3231 1403 3476 1472 embrya,

1883 1480 2144 1548 homines
2176 1492 2392 1565 quidem
2428 1506 2577 1556 sunt,
2635 1509 2825 1549 verum
2858 1494 3123 1549 incertum
3151 1504 3253 1561 est,
3296 1503 3476 1549 utrum

1901 1580 1955 1635 in
1990 1582 2163 1636 lucem
2225 1582 2507 1650 proditura
2561 1582 2695 1649 sint,
2731 1598 2800 1639 an
2854 1599 2952 1655 per
2986 1584 3180 1637 matris
3226 1585 3476 1638 abortum

1898 1674 2204 1744 eruptura).
2234 1674 2388 1741 Quod
2428 1676 2473 1731 si
2525 1676 2619 1744 qui
2663 1674 2785 1730 ﬁdei
2838 1686 2893 1731 et
2942 1675 3197 1746 baptismi
3230 1685 3482 1745 expertes

1897 1774 2245 1829 manserunt,
2308 1765 2411 1821 hoc
2456 1766 2699 1835 ipsorum
2760 1765 2966 1821 scelere
3016 1774 3070 1820 et
3127 1765 3483 1835 perversitate

1900 1855 2116 1921 accidit,
2150 1865 2337 1927 utpote
2366 1856 2456 1924 qui
2481 1858 2692 1925 seipsos
2720 1855 2863 1911 ultro
2886 1857 2993 1910 hoc
3021 1856 3166 1911 dono
3189 1856 3478 1927 privarim.

1897 1945 2051 2001 lianc
2082 1956 2265 2002 autem
2308 1947 2414 2002 vim
2448 1956 2501 2002 et
2530 1946 2841 2009 facultatem
2867 1947 3030 2002 habet
3056 1946 3383 2015 baptismus,
3420 1954 3480 2002 ut

1897 2050 2091 2111 purget
2137 2053 2233 2094 eos
2290 2038 2384 2109 qui
2449 2038 2763 2108 expiatione
2842 2052 2906 2093 ac
2962 2038 3284 2093 lustratione
3342 2052 3483 2104 opus

1899 2130 2124 2196 habent,
2173 2138 2335 2199 atque
2386 2130 2583 2185 anima:
2614 2128 2809 2185 lumini
2859 2130 3237 2200 adiumentum
3270 2128 3478 2184 aﬂerat.

1896 2221 2031 2280 Nam
2057 2239 2182 2279 cum
2213 2223 2414 2279 claram
2464 2225 2610 2279 illam
2635 2233 2689 2280 et
2743 2224 3009 2280 illustrem
3043 2223 3276 2293 primum
3320 2238 3481 2279 acce-

1897 2316 2195 2386 pissemus,
2227 2330 2350 2371 eam
2375 2317 2616 2386 turpium
2640 2316 2931 2371 allectuum
2954 2316 3188 2386 caligine
3216 2318 3482 2372 obscura-

1900 2407 2081 2465 vimus
2119 2416 2285 2479 atque
2315 2409 2626 2476 ohruimus,
2681 2422 2879 2479 pravas
2906 2417 2964 2463 et
3020 2408 3247 2464 vitiosas
3276 2406 3485 2462 lortnas

1900 2498 2229 2569 injicientes,
2266 2516 2332 2557 ac
2359 2500 2574 2558 divinas
2629 2499 3057 2571 pulchritudinis
3111 2501 3285 2571 ipsius
3326 2511 3485 2556 notas

1900 2588 2301 2644 adulterantes.
2338 2587 2630 2658 Reliquum
2685 2599 2770 2644 est
2827 2589 3015 2660 igitur,
3077 2597 3136 2644 ut
3186 2588 3487 2644 Salvatoris

1902 2694 2088 2735 vocem
2124 2681 2384 2745 audiatis,
2410 2695 2532 2750 qua:
2552 2681 2769 2750 quidem
2799 2681 2955 2747 mihi,
2989 2689 3045 2735 et
3073 2681 3292 2750 quidem
3323 2682 3489 2737 vehe-

1901 2780 2114 2826 menter
2150 2774 2390 2839 insonat,
2425 2774 2516 2842 qui
2554 2773 2868 2842 hujusmmli
2904 2773 3215 2845 dogmatutn
3247 2781 3303 2829 et
3325 2774 3488 2830 disci-

1899 2861 2062 2932 pulus
2095 2878 2243 2927 sum,
2272 2871 2326 2917 et
2356 2862 2652 2933 magister;
2696 2874 2862 2931 atque
2892 2863 3101 2923 utinam
3134 2862 3296 2917 etiam
3332 2864 3489 2917 vobis

1902 2954 2120 3009 insonet
2141 2954 2163 3007 ‘i
2187 2952 2448 3020 Quaenam
2480 2968 2612 3009 vero
2662 2963 2747 3008 est
2779 2954 2881 3010 ista
2917 2969 3053 3008 vox:
3090 2952 3204 3023 Ego
3243 2970 3359 3008 sum
3393 2953 3488 3009 lux

1903 3046 2173 3101 mundi".
2209 3046 2477 3112 Quocirca
2524 3046 2793 3101 Davidicze
2841 3046 2958 3101 voci
3011 3046 3484 3114 obtemperantes,

291 3131 409 3189 Col.
436 3136 542 3191 555
596 3139 660 3192 Α.
702 3138 933 3194 Rursum
960 3140 1117 3197 Iesus
1150 3161 1314 3209 ηιειιε,
1348 3156 1397 3200 ει
1422 3163 1656 3216 rursum,
1688 3159 1791 3205 ειο,
1820 3128 1866 3189 C
1898 3140 2142 3195 accedite
2175 3140 2242 3193 ad
2272 3155 2420 3201 eum,
2468 3151 2527 3193 ut
2554 3154 2650 3208 per
2687 3139 2831 3192 hunc
2866 3153 3151 3193 accessum
3184 3138 3486 3193 divinitatis

219 3224 349 3281 Ilaec
373 3229 661 3296 particula,
690 3246 923 3298 rursum,
959 3233 1098 3290 hanc
1120 3236 1422 3292 orationem
1446 3254 1570 3294 cum
1594 3255 1787 3311 praece-

218 3318 385 3372 dente
407 3320 697 3377 connectit.
726 3321 875 3379 Meus
900 3333 1079 3379 autem
1111 3324 1271 3382 Jesus
1289 3329 1444 3391 dixit,
1472 3330 1552 3385 vel
1578 3341 1799 3401 propter

221 3412 659 3468 ardentissimam
684 3416 887 3471 amoris
914 3416 1208 3477 flammam.
1240 3417 1342 3473 sibi
1370 3419 1447 3482 id,
1476 3420 1621 3489 quod
1649 3436 1798 3476 com-

224 3516 390 3556 mune
417 3514 521 3568 est,
562 3506 782 3574 proprie
812 3507 1142 3570 attribuens,
1179 3508 1265 3562 vel
1310 3509 1475 3563 etiam
1501 3510 1571 3565 ob
1616 3512 1799 3567 carnis

219 3594 624 3658 Cognationem,
650 3612 772 3665 quae
815 3598 971 3654 nobis
1022 3613 1146 3653 cum
1210 3599 1453 3656 Cbristo—
1492 3603 1797 3659 intercedit.

222 3688 398 3752 Atque
452 3686 505 3740 in
536 3687 637 3741 hoc
665 3697 914 3744 sanctum
959 3689 1278 3759 Dionysium
1339 3694 1628 3751 aemulatus
1691 3707 1797 3758 est.

226 3778 311 3833 his
330 3778 510 3834 verbis
547 3789 809 3835 utentem:
833 3780 1039 3837 Przeeat
1069 3793 1249 3837 autem
1269 3785 1500 3840 orationi
1526 3786 1800 3854 Christus,

227 3881 406 3933 meus,
438 3869 483 3923 si
530 3870 663 3925 mihi
701 3871 805 3928 hoc
842 3874 1008 3929 verbo
1066 3875 1143 3929 uti
1199 3875 1281 3931 fas
1324 3885 1427 3933 est.
1486 3876 1798 3949 Mysterium

233 3966 412 4013 autem
441 3961 636 4016 festum
663 3969 929 4029 nominat,
956 3964 1119 4035 idque
1141 3982 1249 4022 non
1272 3969 1459 4030 semel.
1483 3971 1574 4027 sed
1606 3972 1799 4028 iterum

226 4063 293 4102 ac
324 4052 546 4121 saepius,
576 4054 835 4111 nimirum
873 4058 989 4126 ipsa
1043 4075 1264 4130 quoque
1305 4063 1522 4116 nomina
1562 4079 1672 4132 prie
1705 4081 1801 4120 vo-

222 4137 431 4208 luptate
464 4143 756 4201 identidem
806 4147 1107 4205 inculcatis.
1144 4150 1333 4205 Solent
1378 4152 1523 4206 enim
1552 4152 1645 4222 qui
1701 4155 1803 4209 viri

225 4232 537 4302 cujuspiam
570 4250 755 4291 amore
781 4241 1016 4306 correpti
1054 4250 1203 4305 sunt,
1234 4251 1287 4297 et
1320 4242 1489 4311 ipsius
1524 4260 1720 4300 nomen
1752 4255 1807 4300 et

226 4338 316 4377 res
349 4327 609 4393 prmclare
636 4336 816 4397 gestas
844 4331 1035 4384 crebro
1069 4341 1313 4401 repetere
1354 4342 1519 4404 atque
1561 4350 1658 4391 ore
1688 4352 1806 4391 ver-

223 4430 350 4469 sare
384 4433 397 4469 :
429 4418 890 4486 quemadmodum
920 4429 1110 4477 contra
1138 4438 1350 4487 eorum,
1379 4425 1576 4494 quibus
1607 4426 1800 4482 infensi

225 4513 379 4568 sunt,
411 4506 495 4561 vel
521 4508 722 4563 nullam
774 4512 1103 4566 mentionem
1134 4512 1334 4577 facere,
1372 4515 1452 4568 vel
1484 4516 1552 4569 ab
1593 4516 1660 4569 iis
1692 4532 1805 4570 me-

227 4596 462 4650 moriam
501 4602 906 4670 quamprimum
943 4603 1236 4656 abducere.
1264 4602 1358 4656 Est
1393 4614 1573 4658 autem
1610 4614 1805 4660 natura

227 4689 335 4743 hoc
386 4693 708 4761 mysterium
746 4710 853 4747 non
888 4692 1071 4759 fallax,
1112 4695 1216 4748 hoc
1265 4703 1369 4760 εει,
1402 4693 1597 4750 falsum
1643 4704 1808 4764 atque

222 4780 297 4835 ad
345 4784 710 4851 pernicio~am
760 4784 1003 4839 fraudem
1041 4796 1095 4840 ct
1150 4786 1506 4856 imposturam
1535 4786 1809 4855 excogita-

224 4880 343 4924 tum
382 4889 401 4925 :
428 4886 527 4927 nec
559 4874 822 4940 deforme,
864 4876 915 4930 id
953 4883 1057 4941 est,
1113 4884 1269 4945 turpe
1312 4886 1366 4931 et
1392 4878 1712 4943 obscenum,
1750 4886 1811 4932 ut

219 4977 289 5015 ea
320 4977 441 5031 quae
466 4967 652 5023 colunt
695 4968 921 5023 etlmici.
964 4968 1042 5024 Ac
1076 4970 1199 5025 vide
1232 4983 1396 5038 quam
1433 4979 1557 5039 apte
1583 4979 1637 5027 et
1668 4985 1803 5025 con-

221 5064 490 5125 gruenter
518 5075 761 5116 errorem
793 5060 1044 5126 fallaciae,
1070 5072 1124 5117 et
1153 5061 1528 5117 temulentiam
1551 5061 1809 5118 deformi-

222 5149 327 5200 tati
363 5150 730 5222 subjunxerit.
760 5154 933 5209 Graeci
972 5153 1194 5219 etenim,
1228 5168 1293 5208 ac
1327 5152 1569 5223 profante
1594 5154 1806 5224 religio-

226 5248 317 5292 Ms
346 5241 605 5308 cultores,
653 5259 763 5298 non
795 5244 970 5300 solum
1002 5258 1151 5298 mero
1185 5258 1243 5298 se
1269 5242 1688 5315 ingurgitantcs,
1713 5242 1807 5299 sed

227 5331 395 5386 stlam
420 5344 604 5390 mente
639 5345 805 5406 atque
849 5337 1035 5391 animo
1067 5336 1376 5402 temulenti,
1423 5336 1529 5393 hoc
1570 5346 1673 5399 est,
1715 5350 1810 5405 per

226 5423 538 5478 carnalium
563 5425 853 5482 aﬂ'ectuum
880 5425 1335 5497 voluptatumque
1357 5425 1809 5488 dominationem,

230 5514 440 5584 turpia,
473 5514 736 5586 Apostolo
759 5517 997 5590 teste",
1016 5527 1180 5588 atque
1213 5516 1575 5589 ignominiosa
1611 5514 1811 5585 ﬂagitia

192 5611 571 5677 operpetrant.
622 5607 691 5662 At
730 5617 980 5663 nostrum
1030 5608 1347 5679 mysterium
1394 5607 1672 5663 excelsum
1706 5616 1807 5672 est,

304 5786 352 5820 "
376 5785 579 5857 Ephcs.
614 5802 690 5854 νε,
719 5785 805 5842 19.
957 5784 1122 5874 ιῐειιιιἒ
1143 5801 1181 5856 t,
1206 5786 1259 5842 9.
1324 5784 1561 5861 f‘Joan.
1582 5801 1701 5852 vnt,
1736 5783 1817 5837 ιιι.

1903 3230 2076 3299 ipsius
2110 3228 2278 3283 radiis
2299 3227 2624 3291 collustrati,
2647 3228 2897 3295 baptismi
2928 3226 3273 3296 splendorem
3311 3226 3486 3293 ipsius

1899 3320 2074 3391 gratia
2106 3319 2452 3388 cencipiatis.
2488 3319 2552 3372 Et
2610 3317 2779 3373 facies
2835 3326 3030 3371 vestra:
3081 3332 3189 3370 non
3245 3315 3485 3371 confun-

1899 3409 2121 3470 dentur,
2159 3422 2286 3463 vero
2320 3406 2525 3462 lumine
2552 3406 2907 3476 consignatae,
2934 3405 3194 3459 nimirum
3227 3404 3484 3474 baptismi

1903 3501 2131 3566 lumine,
2183 3499 2271 3554 vel
2332 3496 2572 3569 Spiritus
2600 3498 2774 3553 saneti
2803 3498 3001 3567 gratia.
3039 3496 3195 3562 Quod
3248 3496 3414 3550 etiam
3452 3511 3484 3550 a

1902 3592 2105 3649 Davide
2131 3600 2406 3662 sumptum
2443 3600 2526 3645 est
2577 3608 2592 3644 :
2646 3589 2933 3661 Signatum
2977 3598 3056 3644 est
3105 3588 3484 3656 enim,iuquit,

1900 3700 2056 3755 super
2090 3699 2185 3737 nos
2221 3685 2396 3736 lumen
2422 3682 2597 3737 vultus
2619 3683 2720 3746 tui,
2759 3681 2980 3736 Domine
3001 3681 3071 3736 ".

1973 3776 2104 3832 lhid.
2131 3777 2189 3828 Β.
2215 3775 2436 3843 Tempus
2460 3774 2868 3845 regenerationis
2896 3789 2914 3826 :
2940 3774 3163 3841 desuper
3183 3774 3487 3845 gignamur,

1901 3878 2006 3926 etc.
2034 3867 2327 3924 Generatio
2360 3882 2424 3923 ea
2467 3867 2689 3933 dicitur,
2720 3883 2841 3937 quae
2868 3866 2937 3920 ah
2965 3865 3276 3921 hominihus
3305 3878 3486 3921 ortum

1903 3961 2098 4017 ducit:
2130 3961 2338 4016 creatio
2382 3970 2588 4024 autem,
2636 3974 2758 4026 qua:
2802 3974 2831 4011 a
2886 3957 3023 4011 Deo.
3075 3955 3272 4011 Carnis
3325 3956 3491 4023 igitur

1905 4055 2340 4127 generationem,
2394 4067 2515 4120 qua?
2567 4064 2691 4105 cum
2761 4048 2981 4101 interitu
3035 4055 3088 4100 et
3136 4048 3489 4115 corruptione

1907 4144 2204 4216 conjuncta
2233 4152 2339 4206 est,
2374 4142 2714 4210 abjicientes,
2745 4138 2980 4207 desuper
3004 4153 3069 4193 ac
3092 4138 3306 4192 coalitus
3332 4152 3489 4204 rege-

1910 4253 2191 4294 neremur.
2246 4233 2497 4290 Caelestis
2547 4240 2728 4285 autem
2789 4231 3066 4299 generatio
3113 4244 3174 4284 ea
3223 4238 3327 4293 est,
3369 4244 3489 4297 quae

1909 4328 2149 4398 Spiritus
2177 4323 2351 4379 sancti
2393 4334 2557 4386 Opera
2587 4320 2640 4373 iu
2676 4318 2945 4386 baptismo
2989 4318 3066 4372 lit.
3099 4316 3268 4372 Porro
3300 4317 3488 4385 primi-

1907 4434 2042 4491 gena
2090 4417 2181 4471 illa
2213 4412 2430 4484 generis
2490 4410 2663 4465 nostri
2717 4409 2920 4463 creatio
2970 4409 3326 4471 instauratur,
3377 4424 3485 4461 non

1909 4510 2054 4582 quod
2114 4509 2350 4579 primum
2396 4520 2427 4559 a
2488 4503 2595 4557 Deo
2644 4502 2784 4555 male
2829 4500 3035 4563 creati,
3103 4509 3265 4567 atque
3318 4498 3484 4553 eitieti

1906 4603 2175 4661 fuerimus
2203 4640 2221 4665 ,
2258 4599 2354 4656 sed
2379 4596 2505 4666 quia
2550 4605 2670 4665 post
2710 4592 3040 4648 creationem
3076 4591 3287 4644 distorti
3324 4598 3487 4658 atque

1907 4693 2175 4751 confracti
2207 4704 2427 4747 sumus.
2460 4688 2536 4741 Ac
2577 4685 2745 4740 semel
2781 4682 2998 4752 quidem
3031 4696 3124 4749 per
3155 4679 3485 4749 baptismum

1907 4784 2291 4840 renascimur:
2328 4794 2514 4833 verum
2561 4775 2805 4845 quolibet
2855 4774 2943 4828 die
2986 4781 3107 4843 post
3156 4770 3486 4839 baptismum

1913 4892 2008 4947 per
2037 4877 2320 4929 honestam
2353 4887 2416 4925 ac
2442 4869 2739 4940 perfectam
2775 4865 2895 4920 vita-
2926 4865 3188 4920 rationem
3215 4864 3489 4917 instaura‘

1914 4981 2056 5021 mttr.
2075 4964 2303 5020 leitus
2326 4961 2492 5031 igitur
2512 4960 2801 5029 gignamur
2822 4972 2918 5026 per
2938 4956 3198 5023 Spiritqu
3213 4963 3485 5011 sanctum,

1914 5053 2377 5127 quemadmodum
2438 5050 2700 5105 Dominus
2735 5049 2850 5116 ipse
2903 5047 2957 5100 in
3004 5043 3298 5113 Evangelio
3339 5042 3491 5097 insti-

1884 5149 2039 5210 ‘tuit,
2080 5148 2310 5201 dicens:
2348 5143 2471 5197 Nisi
2517 5142 2636 5211 quis
2688 5140 2907 5203 desuper
2954 5147 3113 5191 natus
3150 5136 3331 5205 fuerit,
3386 5151 3489 5188 non

1908 5248 2074 5308 potest
2110 5237 2281 5291 videre
2309 5249 2523 5304 regnum
2559 5230 2653 5284 Dei
2675 5230 2739 5281 θ’.
2767 5226 2903 5282 Nam
2936 5234 3153 5280 terrena
3188 5223 3486 5295 generatio,

1912 5345 2020 5401 qua
2065 5328 2366 5385 secundum
2395 5337 2616 5380 carnem
2673 5320 2970 5390 gignimur,
3021 5332 3051 5372 a
3085 5328 3230 5372 terra
3265 5323 3349 5371 est
3378 5332 3390 5369 :
3424 5326 3490 5368 ac

1916 5420 2143 5494 proinde
2191 5416 2438 5474 ctelestia
2492 5413 2567 5468 illi
2626 5414 2856 5483 obsepta
2901 5418 2958 5464 et
3009 5407 3301 5463 interclusa
3334 5414 3487 5463 sunt.

1914 5516 2055 5582 Quid
2092 5513 2236 5570 enim
2270 5521 2428 5564 terrm
2452 5521 2576 5562 cum
2627 5503 2768 5558 ccelo
2815 5515 3107 5558 commune
3135 5499 3256 5556 est?
3303 5500 3372 5554 At
3400 5512 3489 5563 ea.

1920 5620 2027 5676 qua
2051 5620 2143 5676 per
2165 5603 2492 5674 baptismum
2520 5613 2550 5652 a
2577 5593 2784 5666 Spiritu
2807 5601 2998 5648 sancto
3018 5589 3311 5664 gignimur,
3337 5587 3492 5643 facile

1911 5781 2123 5857 “Psal.
2158 5798 2230 5851 tv,
2253 5781 2308 5837 7.
2386 5781 2431 5812 ’⁸
2467 5774 2623 5833 Joan.
2659 5790 2740 5843 LI,
2766 5773 2821 5830 5.
