4032 6198
547 281 690 345 1215
1535 287 1550 312 ‘

1943 275 2196 338 ADDEN
2206 277 2322 336 DA.

3645 273 3796 338 12m

543 389 707 443 nobis
735 400 1002 456 supernas
1024 384 1238 455 apsidcs
1269 384 1545 455 patefacit.
1579 383 1890 454 Tlteologus
1931 393 2106 438 autem
2137 391 2183 444 Α
2210 384 2474 448 oratione,
2510 400 2670 455 quam
2710 384 2822 454 iam
2855 383 3144 440 audiistis:
3180 384 3351 438 multo
3392 391 3578 439 autem
3618 387 3794 440 altius

548 479 787 546 sdpsum
824 492 944 530 cum
996 476 1080 530 his
1127 475 1222 544 qui
1266 477 1674 546 regeneratione
1711 491 1850 543 opus
1883 475 2106 539 habent,

549 569 854 638 coniungit,
886 582 992 622 non
1025 567 1170 636 quod
1201 583 1264 622 ea
1295 576 1499 631 careat,
1521 569 1612 622 sed
1635 567 1777 636 quod
1807 583 1924 632 eos,
1953 567 2108 636 quasi

547 657 764 726 propria
808 658 1071 719 membra,
1130 657 1404 721 vindicet,
1464 673 1705 726 suosque
1751 673 1872 712 esse
1925 659 2110 710 ducat.

551 749 848 802 Pristinum
884 749 1145 802 Adamum
1204 749 1548 816 recipiamus,
1589 750 1764 818 qualis
1816 756 1941 802 ante
1989 763 2115 814 pro-

550 841 820 892 cnlcatum
857 838 949 893 Dei
983 841 1295 893 mandatum
1318 849 1455 904 erat,
1490 856 1613 894 cum
1644 840 1835 893 divina:
1869 839 2117 905 imaginis

552 932 721 984 decus
751 946 947 998 purttm
997 930 1175 985 adhuc
1226 941 1279 985 et
1312 930 1652 999 splendidum
1707 930 1949 984 haberet.
1982 927 2114 982 Nam

552 1020 755 1074 Paulus
784 1021 1022 1088 primum
1066 1021 1232 1074 Adam
1269 1022 1628 1090 primigenum
1660 1020 1808 1073 illum
1840 1019 2116 1072 hominem

558 1109 836 1173 nominat;
869 1108 1170 1162 secundum
1204 1117 1407 1173 autem,
1437 1109 1713 1162 Christum
1739 1109 1804 1161 ³⁷.
1839 1107 1907 1161 At
1941 1106 2118 1161 Theo-

557 1199 709 1268 logus
749 1199 998 1252 eumdem
1030 1199 1177 1250 illmn
1203 1198 1373 1251 Adam
1400 1198 1453 1252 in
1478 1199 1613 1252 duos
1637 1196 1845 1261 dividit,
1865 1197 2118 1250 nimirum

559 1289 614 1342 in
648 1304 770 1342 cum
801 1289 893 1358 qui
926 1299 1044 1342 erat
1081 1298 1203 1341 ante
1233 1289 1742 1357 transgressionem,
1783 1297 1835 1342 et
1873 1300 1995 1340 eum
2028 1287 2118 1355 qui

560 1388 679 1448 post
706 1388 1026 1448 praeceptum
1060 1378 1316 1432 violatum
1353 1379 1452 1432 fttit
1479 1398 1492 1433 :
1535 1390 1699 1447 atque
1761 1394 1790 1432 a
1822 1378 1979 1432 nobis
2010 1377 2120 1446 pri-

560 1486 707 1523 mum
739 1471 886 1524 illum
918 1471 1087 1540 accipi
1123 1470 1258 1532 vult.
1293 1473 1396 1526 hoc
1423 1480 1525 1529 est.
1560 1487 1706 1532 eum,
1741 1472 1830 1539 qui
1878 1479 2002 1524 ante
2032 1469 2126 1522 ad-

561 1563 786 1615 missum
809 1571 1082 1631 peccatum
1113 1571 1248 1618 erat.
1282 1566 1358 1618 Ac
1376 1563 1612 1618 subtexit
1643 1582 1655 1616 :
1683 1561 1759 1616 Ne
1785 1563 1836 1615 in
1859 1577 1924 1616 eo
1957 1569 2123 1625 statu,

563 1669 672 1720 quo
697 1670 909 1721 sumus,
943 1670 1284 1720 maneamus,
1322 1656 1525 1724 peccati
1573 1654 1822 1709 videlicet
1873 1653 2126 1708 sordibus

566 1744 834 1812 inquinati
869 1762 883 1798 :
918 1760 1104 1799 verum
1137 1746 1202 1798 ad
1229 1746 1463 1814 priorem
1498 1753 1698 1801 statum
1735 1744 2043 1807 redeamus,
2075 1743 2128 1796 id
2157 1723 2200 1778 Β

564 1845 668 1901 cst,
704 1836 848 1905 puri,
885 1843 945 1890 ut
978 1845 1102 1891 ante
1132 1838 1618 1907 transgressionem
1647 1849 1885 1898 eramus,
1929 1833 2131 1889 efﬁcia-

569 1942 713 1980 mur.
745 1925 800 1980 ld
835 1935 1016 1981 autem
1046 1941 1142 1996 per
1175 1928 1430 1997 baptismi
1484 1926 1946 1997 regenerationem
1981 1939 2133 1980 asse-

506 2042 509 2045 -
567 2032 818 2085 quemur.
875 2018 1009 2072 Tum
1052 2017 1419 2087 evangelicum
1468 2017 1598 2071 illud
1621 2016 1825 2072 dictum
1865 2014 2131 2084 exponit:

571 2105 641 2158 Et
687 2105 781 2160 tua:
811 2108 860 2160 in
897 2107 1120 2161 tenebris
1150 2106 1312 2172 lucet,
1360 2117 1410 2160 et
1446 2105 1672 2160 tenebra
1715 2121 1831 2158 eam
1862 2120 1965 2157 non
1991 2119 2135 2156 com-

569 2198 948 2265 prehenderunt
979 2199 1047 2250 ’⁸.
1080 2197 1278 2253 Lucem
1311 2198 1452 2252 enim
1479 2195 1753 2252 Christum
1783 2203 1958 2259 vocat,
1988 2202 2139 2248 tene-

570 2291 698 2344 bras
731 2299 908 2344 autem
952 2290 1098 2346 hanc
1133 2289 1298 2344 vitam
1334 2297 1388 2343 et
1434 2303 1655 2344 carnem
1687 2307 1701 2344 :
1741 2287 1882 2342 illam
1917 2294 2138 2357 propter

575 2396 816 2435 errorem
844 2387 900 2435 et
936 2380 1449 2444 hallucinationem;
1494 2379 1637 2434 hanc
1674 2387 1894 2448 propter
1937 2376 2138 2431 crassi-

575 2473 730 2526 tiem.
765 2472 906 2525 Caro
937 2473 1082 2525 enim
1105 2471 1352 2526 crassitie
1368 2478 1472 2526 'sua
1497 2480 1730 2526 mentem
1758 2471 1958 2532 turbat,
1981 2471 2140 2539 eique

575 2564 827 2619 tenebras
862 2561 1111 2617 offundit.
1143 2560 1418 2615 Tenebras
1437 2572 1615 2616 autem
1643 2562 1916 2617 diabolum
1952 2561 2138 2631 appel-

577 2654 730 2718 lavit,
781 2656 871 2722 qui
903 2653 1120 2709 Cbristo
1171 2654 1514 2718 adversatur,
1559 2661 1618 2708 ut
1643 2653 1746 2708 luci
1776 2653 2030 2707 tenebrae.
2065 2651 2141 2707 De

579 2757 689 2805 quo
725 2744 798 2796 ita
820 2743 1014 2797 cecinit
1049 2743 1228 2798 Moses
1277 2744 1330 2798 in
1365 2744 1576 2798 cantico
1610 2762 1623 2797 :
1662 2743 1812 2798 Dixit
1845 2744 2090 2797 inimicus
2121 2757 2139 2797 :

583 2829 874 2898 Persequar
925 2841 973 2886 et
1023 2833 1454 2900 comprehendam
1477 2835 1545 2887 ’°.
1600 2832 1921 2902 Quanquam
1959 2843 2138 2886 autent

581 2921 861 2974 Christum
913 2931 1232 2987 persecutus
1278 2932 1381 2986 cst,
1441 2921 1545 2975 hoc
1603 2931 1703 2986 est,
1741 2921 1983 2986 tentavit,
2034 2937 2140 2975 non

2208 475 2529 546 assurgetis,
2570 490 2693 530 eum
2747 473 3005 538 Verbum,
3058 475 3111 529 id
3168 482 3277 537 est,
3317 473 3598 536 Christus,
3650 491 3794 529 mea

2208 565 2474 630 Orationi,
2497 581 2660 636 quam
2691 565 2759 621 de
2779 568 2881 621 hoc
2902 565 3043 622 festo
3071 565 3356 620 habiturus
3379 579 3526 630 sum,
3553 580 3788 635 prospe-

2211 672 2331 710 rum
2367 657 2469 710 iter
2491 655 2718 711 dederit.

2283 747 2378 801 Col
2417 746 2540 802 355.
2569 745 2704 799 Ibid.
2732 743 2794 798 C.
2822 743 3001 813 Ecqua
3022 742 3146 797 talis
3166 752 3241 796 est
3265 742 3445 812 legalis
3465 752 3652 811 atque,
3674 750 3790 795 etc.

2216 836 2310 891 llis
2337 836 2517 890 verbis
2544 835 2776 890 ostendit
2795 834 3099 903 Theologus
3116 849 3280 903 quam
3304 835 3499 902 exigua
3529 832 3730 886 Judaic
3767 859 3800 875 ο

2216 943 2334 982 rum
2360 941 2636 983 sacrorum
2663 941 2728 980 ac
2749 927 3191 980 caeremoniarum
3214 925 3286 978 sit
3305 924 3512 978 utilitas
3535 941 3550 977 :
3595 939 3803 976 rursus

2215 1033 2378 1087 quam
2423 1017 2582 1072 noxia
2615 1026 2668 1070 et
2699 1015 3005 1086 perniciosa
3051 1015 3122 1069 sit
3168 1015 3512 1068 ethnicorum
3557 1014 3632 1067 de
3667 1012 3805 1066 reli-

2216 1111 2379 1180 gione
2436 1107 2707 1174 doctrina,
2761 1121 2863 1161 nec
2919 1115 3129 1160 tantum
3184 1107 3327 1170 risu,
3382 1105 3476 1158 sed
3533 1103 3804 1173 lacrymis

2219 1201 2476 1267 luctuque
2519 1197 2918 1268 prosequenda.
2967 1196 3190 1265 Legales
3229 1196 3372 1251 enim
3431 1195 3803 1264 purgationes

2219 1288 2537 1344 umbratica:
2567 1295 2722 1343 erant
2753 1290 2837 1355 (ut
2867 1303 2987 1357 quae
3020 1287 3396 1357 purgationem
3451 1285 3630 1348 illam,
3678 1299 3806 1352 quae

2220 1395 2283 1434 ex
2315 1380 2582 1449 baptismo
2613 1381 2832 1448 petitur,
2851 1378 3258 1449 przefigurarent
3287 1386 3340 1432 et
3367 1377 3804 1439 adumbrat-ent)

2221 1486 2285 1525 ac
2316 1479 2531 1540 propter
2560 1469 2876 1539 huiusmodi
2910 1479 3120 1522 tantum
3171 1467 3520 1536 pollutionem
3571 1465 3813 1528 ﬁebant,

2223 1576 2397 1631 coque
2452 1561 2571 1616 solo
2627 1570 2868 1628 tempore
2916 1559 3210 1629 proderant
3246 1576 3261 1613 :
3295 1572 3358 1611 ac
3394 1555 3626 1626 proinde
3657 1555 3814 1608 assi-

2227 1653 2330 1707 due
2359 1652 2773 1722 peragebantur.
2826 1649 2982 1716 Quod
3015 1648 3231 1720 quidem
3285 1659 3606 1717 argumeuto
3661 1655 3818 1708 erat,

2229 1759 2322 1799 eas
2373 1757 2715 1812 nequaquam
2761 1741 3132 1796 ahditissimos
3185 1740 3379 1794 anima:
3428 1739 3584 1793 sinus
3639 1752 3818 1805 pcne-

2235 1844 2402 1898 trare,
2436 1849 2619 1887 verum
2660 1843 3002 1902 peccatorum
3036 1831 3190 1901 quasi
3222 1829 3563 1899 superficiem
3595 1828 3818 1886 delere,

2231 1939 2296 1979 ac
2341 1938 2636 1993 corporeas
2687 1931 2894 1976 tantum
2945 1922 3091 1977 labes
3140 1921 3499 1990 abstergere:
3562 1919 3723 1972 velut
3765 1916 3820 1970 si

2233 2015 2357 2087 quis
2385 2015 2565 2071 cibum
2597 2029 2626 2068 a
2653 2015 2769 2086 lege
2805 2015 3149 2069 interdictum
3189 2013 3477 2082 attigisset,
3522 2010 3609 2063 vel
3661 2024 3822 2062 mor-

2237 2117 2414 2170 tuum,
2465 2106 2547 2160 vel
2597 2107 2896 2177 leprosum,
2940 2105 3174 2160 vel'al'to
3224 2105 3383 2159 modo
3412 2101 3818 2165 deformatum,

2238 2199 2536 2264 hircorum,
2584 2207 2642 2252 ttt
2681 2197 2840 2252 docet
2864 2195 3157 2266 Apostolus
3186 2196 3228 2260 ⁸,
3276 2206 3329 2249 et
3359 2201 3644 2247 taurorum
3681 2207 3822 2245 san-

2237 2291 2379 2362 guis,
2421 2299 2475 2345 et
2521 2289 2663 2344 cinis
2709 2288 2888 2344 vitula:
2941 2289 3178 2357 pollutos
3203 2299 3494 2356 aspergens
3527 2283 3596 2337 ad
3627 2287 3822 2336 carnis

2236 2385 2523 2455 puritatem
2570 2383 2823 2453 expiabat
2862 2399 2878 2438 :
2911 2390 3163 2436 caterum
3188 2386 3404 2450 peccata
3431 2377 3652 2431 auferre
3706 2388 3821 2428 non

2238 2484 2472 2548 poterat.
2527 2474 2703 2544 Atque
2728 2473 2796 2528 ob
2829 2487 2949 2528 eam
2981 2487 3201 2526 causam
3235 2468 3500 2522 continua
3529 2473 3697 2519 erant
3731 2479 3826 2518 sa-

2243 2566 2470 2630 criticia,
2524 2563 2866 2634 singulisque
2917 2563 3074 2616 annis
3127 2573 3366 2630 persaepe
3417 2554 3819 2616 offerebantur,

2242 2665 2426 2727 utpote
2454 2671 2576 2726 quae
2609 2655 2927 2709 accedentes
2957 2649 3232 2720 perfectos
3261 2647 3491 2702 reddere
3533 2659 3644 2700 n0n
3695 2659 3823 2714 pos-

2245 2759 2387 2804 sent.
2440 2747 2575 2802 Nam
2613 2747 2657 2803 si
2691 2745 3004 2818 perﬁciendi
3039 2743 3146 2797 vim
3177 2740 3516 2800 habuissent,
3562 2737 3821 2804 profecto

2241 2839 2420 2896 offerri
2444 2837 2756 2900 desiissent,
2791 2834 2935 2905 quod
2961 2833 3053 2902 qui
3084 2829 3396 2901 huiusmodi
3440 2827 3651 2883 cultum
3710 2824 3821 2876 Dro

2243 2933 2581 2996 exhiberem,
2609 2937 2963 3000 posteaquam
2996 2926 3165 2982 semel
3194 2924 3406 2996 purgati
3435 2929 3640 2980 essent.
3671 2917 3822 2972 nulla

583 3023 762 3067 “me”
819 3012 1253 3082 comprehendili
1301 3013 1354 3068 id
1400 3023 1503 3080 εει,
1543 3012 1701 3083 ἴτεεῖι
1726 3028 1790 3068 ³ο
1824 3014 2142 3082 “Paravit;
2175 3050 2217 3106 ε
2250 3024 2360 3093 iam
2392 3020 2597 3092 peccati
2627 3018 2958 3074 conscientia
2993 3026 3346 3072 terrerentur.
3402 3013 3674 3082 Scriptum
3719 3023 3822 3061 au-

584 3121 772 3159 verum
836 3105 1174 3175 impudenter
1239 3105 1327 3161 ille
1388 3106 1608 3176 quidem
1674 3113 1879 3176 partetn
1944 3105 2146 3161 Christi

585 3198 974 3264 aspemabilem
1023 3197 1248 3251 adortus
1292 3205 1414 3251 est:
1442 3205 1693 3251 creterum
1727 3197 1780 3250 in
1828 3195 2155 3250 invisibilem

589 3289 924 3343 divinitatem
952 3287 1161 3354 incidit,
1191 3296 1354 3356 atque
1376 3301 1671 3358 oppressus
1700 3298 1802 3342 est.
1831 3285 1955 3342 Haec
1977 3296 2156 3341 autem

588 3376 793 3432 idcirco
846 3376 986 3432 faeta
1046 3385 1208 3444 sunt,
1257 3387 1318 3431 ut
1371 3393 1469 3430 nos
1517 3377 1721 3446 peccati
1771 3377 2011 3433 tenebris
2067 3392 2161 3446 per

593 3469 924 3537 baptismum
943 3468 1169 3537 abiectis
1193 3467 1258 3520 ad
1285 3467 1588 3522 divinitatis
1612 3468 1793 3521 lumen
1814 3468 2157 3532 accedamus,

592 3572 658 3613 ac
686 3558 880 3611 deinde
915 3573 1009 3626 per
1039 3559 1282 3613 honesta:
1311 3573 1374 3612 ac
1407 3558 1680 3628 praeclarae
1701 3559 1822 3614 vitae
1843 3573 2162 3628 progressus

594 3659 649 3701 et
701 3647 1089 3714 perfectionem
1141 3649 1231 3702 lux
1276 3664 1494 3718 quoque
1543 3649 1780 3719 perfecta
1838 3649 2159 3714 efﬁciamur,

599 3751 628 3788 a
662 3735 898 3804 perlecta
961 3737 1080 3791 luce
1110 3737 1460 3807 proﬂuentes,
1517 3741 1621 3794 hoc
1675 3749 1779 3805 est,
1831 3756 1860 3794 a
1908 3740 2162 3811 baptismi

597 3827 790 3894 gratia.
828 3825 980 3882 lianc
1000 3829 1143 3881 enim
1171 3830 1399 3899 gratiam
1431 3839 1486 3884 et
1517 3833 1804 3887 utilitatem
1827 3833 2162 3902 baptismatis

598 3916 717 3969 dies
749 3927 803 3972 et
853 3916 1049 3972 festum
1096 3921 1255 3974 nobis
1300 3921 1578 3976 conciliat.
1627 3924 1804 3992 Atque
1856 3924 2016 3978 etiam
2057 3924 2165 3980 alio

599 4022 763 4064 sensu
794 4010 1068 4079 explicare
1097 4010 1240 4075 licet,
1273 4014 1548 4082 quomodo
1580 4014 1818 4084 perfecta
1850 4016 1939 4070 lux
1964 4016 2167 4071 efficia-

597 4114 768 4153 mur.
805 4102 1064 4156 nimirum
1118 4102 1160 4156 si
1215 4119 1337 4157 cum
1391 4119 1602 4160 summa
1669 4106 1757 4160 illa
1809 4107 1958 4171 luce,
2011 4108 2166 4164 nobis

603 4201 820 4260 propter
843 4203 1082 4247 nostram
1118 4194 1448 4264 intelligendi
1473 4197 1782 4253 facultatem
1827 4199 1972 4253 affini
2004 4208 2166 4268 atque

602 4291 853 4350 Cognata,
894 4284 1029 4337 uniti
1069 4299 1405 4353 prorsusque
1457 4289 1730 4342 commisti
1777 4287 2060 4345 fuerimus.
2106 4291 2162 4345 ιιι

2259 3125 2364 3170 tem
2395 3113 2622 3168 habetur
2658 3111 2712 3164 in
2745 3110 2884 3164 libro
2912 3108 3272 3162 Numerorum
3298 3108 3342 3172 ',
3395 3103 3541 3176 quod
3591 3101 3821 3155 vitulam

2257 3205 2436 3260 rufam
2485 3203 2887 3266 comburentes,
2937 3199 3219 3268 ipsiusque
3249 3196 3488 3252 cinerem
3523 3207 3681 3262 aqua:
3730 3194 3824 3244 ad-

2259 3297 2586 3358 miscentes,
2642 3293 2874 3362 pollutos
2927 3290 3307 3360 aspergebant.
3362 3286 3610 3353 Itemque
3675 3281 3823 3350 quod

2261 3387 2437 3443 Moses
2469 3395 2692 3456 accepto
2735 3384 3000 3455 sanguine
3032 3391 3311 3437 taurorum
3347 3388 3401 3433 et
3442 3375 3740 3431 vitulorum
3771 3381 3822 3427 et

2263 3478 2536 3532 hircorum
2589 3490 2714 3531 cum
2767 3489 2907 3544 aqua
2961 3481 3016 3529 et
3047 3472 3169 3526 lana
3212 3470 3435 3524 coccina
3481 3475 3536 3522 et
3586 3467 3822 3536 hysSopo

2262 3571 2523 3640 populum
2557 3583 2771 3623 omnem
2805 3565 3140 3621 lustraverit.
3170 3561 3249 3618 Ac
3280 3563 3404 3615 talis
3433 3559 3654 3630 quidem
3689 3558 3824 3623 lega-

2263 3661 2328 3715 lis
2362 3660 2609 3730 purgatio
2639 3665 2774 3723 erat,
2831 3657 2885 3710 in
2938 3656 3101 3710 breve
3131 3662 3342 3721 tempus
3389 3651 3608 3721 iuvans,
3671 3657 3824 3716 atque

2262 3753 2333 3806 ita
2367 3765 2585 3805 carnem
2623 3749 2936 3818 puriticans.
2984 3753 3044 3800 ut
3097 3753 3274 3797 tamen
3305 3741 3371 3795 ad
3407 3741 3601 3795 animae
3636 3751 3822 3806 purga-

2266 3844 2465 3897 tionem
2497 3841 2602 3894 vim
2637 3855 2790 3894 suam
2827 3854 2935 3892 non
2973 3834 3308 3891 extenderet.
3365 3834 3433 3888 Ᾱῐ
3478 3839 3668 3884 nostra
3701 3842 3824 3882 COII'

2266 3935 2434 3989 trario
2481 3933 2640 4003 plane
2693 3929 2853 3986 modo
2905 3946 2962 3984 se
3008 3929 3190 3983 habet.
3239 3925 3417 3980 Semel
3465 3923 3608 3976 enim
3669 3918 3823 3982 facta,

2265 4025 2447 4080 omnia
2489 4024 2674 4089 simul,
2725 4033 2780 4078 et
2828 4031 3032 4084 vetera,
3070 4030 3126 4073 et
3178 4034 3337 4080 nova,
3385 4024 3439 4070 et
3471 4013 3740 4083 corporis,
3773 4017 3823 4062 et

2265 4117 2461 4172 att-imae
2490 4116 2620 4169 vitia
2651 4123 2866 4184 purgat.
2899 4111 3192 4166 Enimvero
3225 4109 3536 4164 Grzecorum
3577 4101 3822 4174 mysteria

2266 4223 2295 4262 a
2351 4206 2693 4261 daemonibus
2745 4206 2962 4263 inventa
3019 4213 3072 4256 et
3115 4217 3144 4256 a
3202 4199 3384 4270 pravis
3441 4211 3504 4250 ac
3555 4193 3824 4250 sceleratis

2269 4299 2463 4352 animis
2492 4298 2718 4352 conficta
2747 4307 2893 4351 sunt.
2930 4294 3141 4361 Quibus
3187 4292 3406 4362 quidem
3455 4297 3514 4342 ut
3549 4287 3709 4341 lidem
3737 4282 3824 4336 ad-

602 4381 783 4425 antem
840 4373 893 4426 in
948 4374 1124 4428 futura
1188 4378 1623 4432 remuneratione
1677 4381 1973 4450 continget.
2014 4381 2146 4435 Nunt

2271 4397 2568 4452 Struercnl,
2620 4389 2710 4457 qui
2748 4402 2811 4442 ea
2845 4385 3116 4447 colebant,
3157 4384 3224 4436 ad
3279 4379 3658 4450 antiquissima
3694 4384 3821 4427 tem-

602 4462 768 4526 enim,
839 4464 1077 4533 quandiu
1139 4466 1191 4518 in
1225 4467 1475 4534 praesenti
1525 4469 1629 4522 hac
1682 4469 1790 4523 vita
1847 4485 2163 4538 versamur,

603 4553 788 4606 divino
847 4554 1046 4608 lavacri
1099 4556 1360 4609 beneficio
1385 4557 1450 4610 ad
1503 4560 1717 4613 unicam
1751 4561 1895 4615 illam
1925 4561 2162 4615 divinam

605 4643 779 4696 lucem
837 4657 902 4697 ac
954 4643 1119 4698 Deum
1173 4645 1333 4700 acced
1361 4662 1511 4700 mus.
1570 4657 1732 4718 atque
1790 4652 2164 4718 unusquisque

607 4743 879 4798 nostrum,
939 4735 1067 4789 dum
1137 4736 1417 4792 salutifera
1479 4753 1618 4808 aqua
1678 4741 1934 4810 tingitur,
1995 4742 2165 4796 divini

610 4826 831 4881 luminis
861 4828 1000 4882 fetus
1036 4826 1285 4893 efﬁcitur,
1313 4829 1364 4881 id
1389 4838 1494 4892 est,
1517 4829 1791 4898 baptismi.
1820 4829 1883 4883 Et
1912 4835 2169 4900 quoniam

609 4932 799 4970 eorum
856 4917 950 4985 qui
983 4918 1239 4986 baptismi
1288 4935 1424 4988 aqua
1483 4920 1903 4990 perfunduntur,
1963 4923 2170 4978 infinita

607 5017 693 5061 est
749 5008 1058 5074 multitudo,
1093 5009 1296 5064 idcirco
1318 5012 1654 5080 γεννήματα,
1704 5012 1809 5066 hoc
1864 5024 1969 5076 εει,
2031 5012 2174 5068 fetus

613 5101 807 5167 plurali
855 5098 1083 5156 numero
1117 5101 1288 5169 dixit,
1349 5120 1456 5157 non
1498 5113 1675 5159 autem
1725 5105 1995 5174 γέννημα,
2056 5106 2172 5159 sin-

610 5191 806 5259 gulari.
859 5189 1043 5261 Neque
1064 5193 1207 5248 enim
1262 5195 1314 5246 in
1351 5194 1451 5247 hac
1479 5197 1586 5249 vita
1637 5197 2018 5264 prmstantihus
2065 5195 2174 5249 vir-

615 5289 727 5333 tute
753 5295 818 5333 ac
847 5281 969 5334 vita:
995 5283 1353 5338 sanctimonia
1377 5286 1505 5340 viris
1526 5300 1647 5339 cum
1690 5285 1799 5339 Deo
1825 5302 1945 5341 esse
1973 5303 2170 5342 conce-

615 5368 762 5423 ditur
790 5385 806 5423 :
850 5386 1031 5425 verum
1063 5373 1162 5428 hoc
1184 5387 1436 5445 tauquam
1472 5378 1748 5446 pmmium
1779 5378 1883 5434 illis
1919 5381 1971 5432 in
2001 5381 2171 5434 altero

616 5460 813 5520 saeculo
848 5473 1174 5519 reservatur.
1237 5465 1607 5523 Subvehimini
1642 5470 1824 5540 igitur,
1849 5471 2042 5540 inquit,
2075 5473 2174 5527 hac

694 5638 785 5693 ’⁷1
830 5637 956 5697 Cor.
986 5657 1072 5709 xv,
1107 5643 1194 5698 45.
1272 5645 1316 5678 "‘
1344 5642 1498 5700 Joan.
1544 5663 1580 5715 t,
1611 5647 1662 5701 5.
1739 5650 1782 5682 ’³
1820 5647 1986 5702 Exod.
2022 5664 2106 5715 xv,
2141 5647 2192 5702 9.

2272 4495 2402 4550 pora
2435 4479 2818 4549 confugiebant
2863 4495 2878 4532 :
2933 4486 2991 4531 ut
3018 4486 3195 4530 autem
3225 4486 3412 4527 eorum
3440 4467 3824 4536 turpitudinem

2271 4569 2591 4634 effugerent,
2642 4582 2705 4621 ea
2745 4565 3047 4620 fabularum
3091 4563 3339 4617 libertate
3380 4575 3444 4613 ac
3489 4554 3706 4612 licentia
3737 4553 3828 4607 ob-

2273 4659 2546 4724 velabant,
2591 4656 2838 4711 fabulosa
2871 4671 2992 4710 esse
3021 4653 3463 4724 pronuntiantes.
3514 4657 3569 4702 et
3606 4646 3676 4728 ad
3708 4646 3828 4697 alle-

2274 4750 2480 4817 goriam
2514 4749 2918 4819 detorquentes.
2969 4747 3146 4814 Atque
3189 4743 3458 4797 interdum
3491 4756 3576 4804 ea,
3619 4754 3742 4808 qua:
3770 4737 3828 4789 de

2275 4840 2380 4894 diis
2413 4841 2652 4909 ipsorum
2699 4846 3222 4899 commemorantur,
3266 4844 3519 4902 tanquam
3567 4845 3698 4883 vera
3745 4843 3829 4883 su-

2275 4941 2429 4986 munt
2469 4947 2484 4985 :
2517 4929 2788 4984 interdum
2823 4929 3008 4992 etiam,
3040 4943 3162 4982 cum
3199 4941 3387 4981 eorum
3437 4921 3751 4978 obscenitas
3779 4927 3828 4972 ct

2272 5020 2561 5089 spurcities
2593 5018 2724 5088 ipsis
2768 5017 3046 5086 obiicitur,
3095 5014 3342 5070 fabulosa
3377 5015 3490 5067 lucc
3520 5026 3645 5066 esse
3695 5011 3828 5063 alitr-

2273 5122 2443 5176 mant,
2462 5127 2562 5165 nec
2577 5126 2640 5165 eo
2659 5126 2846 5174 sensu,
2867 5125 3024 5179 quem
3051 5125 3158 5178 prae
3187 5124 3244 5163 se
3267 5107 3467 5168 ferunt,
3487 5103 3831 5175 intelligenda

2275 5217 2418 5267 esse,
2450 5203 2540 5255 sed
2571 5202 2857 5272 mysticum
2902 5201 3188 5270 quemdam
3225 5215 3290 5254 ac
3332 5197 3673 5252 reconditum
3720 5210 3832 5250 scu-

2279 5307 2399 5345 sum
2432 5291 2651 5346 habere.
2695 5291 2939 5358 Exempli
2973 5303 3173 5344 causa:
3225 5287 3281 5342 Si
3330 5287 3463 5356 ipsis
3495 5284 3829 5356 proferat-tus

2279 5379 2596 5446 Saturnum,
2647 5396 2806 5450 quem
2849 5395 2946 5449 pro
2975 5382 3075 5434 deo
3107 5379 3312 5444 colunt,
3369 5379 3512 5433 filios
3564 5392 3696 5431 suos
3740 5373 3827 5428 de-

2277 5485 2520 5536 vorasse,
2545 5471 2697 5524 aiunt
2729 5469 2878 5524 aliud
2908 5468 3162 5539 quiddam
3199 5483 3340 5531 esse,
3374 5466 3517 5536 quod
3549 5465 3632 5520 his
3660 5465 3829 5521 verbis

2307 5647 2321 5678 ¹
2360 5645 2520 5703 llehr.
2555 5662 2611 5710 κ.
2643 5646 2668 5702 ί
2705 5664 2857 5719 set“.
2920 5653 2939 5685 '
2973 5648 3131 5705 Num.
3163 5661 3264 5712 sit,
3299 5646 3332 5704 εὶ
3363 5661 3514 5716 seqq.
