3958 6204
181 275 320 341 I217

1099 279 1422 342 NICETAS
1465 279 1546 342 IN
1588 279 1813 342 ORAT.
1853 279 2101 340 XXXIX
2146 282 2206 340 S.
2247 278 2479 339 GREG.

3278 285 3413 352 12l8

169 397 512 465 signilicelttr
549 415 563 451 :
597 395 836 466 Tempus
889 399 1072 463 euim',
1133 399 1424 468 inquiunt,
1478 395 1743 466 quidquid
1775 394 2157 460 Adevoratis,
2219 395 2506 448 inciderat.
2563 392 2633 448 At
2695 391 2946 450 tibicines
2997 393 3218 464 quidam
3273 401 3424 458 tibiis

169 489 540 556 progeuuerit,
590 503 783 543 rursus
834 490 1130 546 consumit.
1177 489 1338 558 Atqui
1386 487 1748 543 conveniebat

170 591 296 642 eos,
334 577 381 631 si
432 578 650 647 quidem
699 580 813 634 hate
852 595 977 634 vera
1021 580 1358 647 existimant,
1403 592 1749 648 nequaquam

172 665 424 722 fabulosa
475 683 536 722 ea
571 667 752 724 dicere
788 685 804 724 :
837 669 920 723 sin
956 680 1138 724 autem
1184 670 1318 724 falsa
1371 680 1425 725 et
1468 684 1750 723 commen-

175 757 322 820 titia,
356 773 698 827 nequaquam
732 760 1012 826 admirari,
1048 776 1222 830 neque
1248 762 1315 815 de
1343 774 1451 815 una
1477 769 1531 814 et
1559 761 1749 815 eadem

174 863 236 902 re
273 847 594 903 aﬂirmative
628 865 692 903 ac
737 850 986 920 negative
1030 856 1402 922 pronuntiare,
1451 853 1756 907 contraria-

174 954 287 1009 que
335 956 558 996 ceusere
595 959 609 996 :
648 957 756 996 non
804 958 963 998 secus
1015 959 1079 997 ac
1125 945 1170 999 si
1220 945 1275 998 in
1321 960 1639 1014 puerorum,
1670 943 1753 998 th

175 1031 344 1086 etiam
379 1033 694 1086 vecordium
728 1033 1012 1088 hominum
1051 1044 1194 1091 coetu
1232 1036 1503 1100 luderent,
1541 1051 1606 1090 ac
1646 1051 1753 1090 non

177 1124 468 1178 nobiscum
517 1124 664 1178 serio
715 1126 1079 1194 disputareut,
1134 1129 1238 1183 hoc
1288 1137 1393 1192 est,
1447 1145 1572 1183 cum
1623 1130 1757 1184 viris

175 1213 388 1283 judicio
414 1213 676 1279 praeditis,
712 1226 767 1270 et
801 1213 1059 1271 Verbi-ac
1114 1233 1259 1272 verte
1307 1221 1606 1288 sapientia.
1656 1220 1760 1276 hoc

176 1313 285 1366 est,
307 1301 537 1369 Christi,
571 1305 877 1362 cultoribus
911 1325 925 1360 :
964 1309 1178 1363 tametsi
1211 1309 1495 1377 profanam
1527 1320 1580 1365 et
1605 1310 1759 1365 fabu-

180 1396 358 1450 losam
385 1396 752 1466 eloquentiam
793 1409 847 1453 et
880 1400 1172 1453 verborum
1219 1401 1544 1470 elegantiam
1577 1417 1761 1472 asper-

181 1501 400 1550 nemur,
431 1501 553 1557 quae
580 1502 780 1558 spurca
815 1499 870 1546 et
899 1491 1118 1545 sordida
1153 1500 1236 1547 est
1283 1493 1638 1557 nominanda,
1677 1503 1759 1548 ut-

185 1583 315 1646 pote
375 1590 467 1631 res
531 1588 716 1648 turpes
775 1587 832 1634 et
885 1580 1154 1637 obscenas
1213 1596 1410 1637 ornare
1461 1597 1526 1639 ac
1580 1584 1762 1640 verbis

180 1664 382 1720 eﬂ‘erre
406 1668 768 1727 contendens.

256 1759 374 1813 Col.
398 1760 503 1815 558
528 1760 592 1816 Α.
637 1760 762 1815 Non
793 1762 904 1818 Ita’c
928 1763 1076 1818 Jovis
1111 1775 1298 1834 partus
1321 1775 1372 1822 et
1397 1770 1567 1838 furta,
1591 1768 1760 1835 illius,
1793 1730 1837 1786 Β

184 1851 427 1921 inquam,
459 1851 815 1917 Cretensium,
865 1863 973 1911 etc.
1041 1856 1315 1912 Saturnus
1365 1857 1517 1916 Jovis
1586 1871 1760 1930 pater,

183 1956 334 2004 cum,
388 1952 448 1998 ut
494 1942 669 1998 Graeci
721 1945 1051 2014 fabulantur,
1084 1949 1367 2005 oraculum
1439 1952 1760 2023 accepisset,

187 2035 309 2090 fore
360 2045 416 2091 ut
447 2037 516 2092 ab
545 2053 658 2092 uno
705 2038 940 2094 filiorum
975 2057 1200 2096 suorum
1237 2058 1403 2114 regno
1447 2045 1762 2116 pelleretur,

189 2140 375 2181 mares
423 2141 636 2192 omnes,
690 2129 783 2197 qui
835 2131 938 2199 ipsi
992 2133 1394 2200 nascebantur,
1443 2136 1761 2192 devorabat.

189 2213 342 2270 Rhea
377 2217 566 2286 igitur,
601 2231 725 2271 cum
760 2216 948 2274 Jovem
993 2222 1315 2291 peperisset,
1369 2223 1488 2294 eius
1523 2226 1763 2294 pulchri-

190 2305 380 2359 tudine
412 2313 466 2359 et
512 2304 695 2361 vultus
724 2307 990 2375 elegantia
1040 2321 1308 2378 permota,
1345 2312 1532 2368 furtim
1581 2318 1768 2371 subla-

191 2402 307 2449 tum
364 2395 417 2449 in
467 2395 682 2452 Cretam
733 2399 935 2463 emisit,
987 2401 1146 2470 eique
1190 2403 1440 2469 Curetes,
1490 2408 1766 2464 daemones

189 2486 478 2553 quosdam,
531 2487 800 2556 adiunxit,
848 2491 944 2560 qui
983 2507 1200 2562 gravem
1235 2509 1433 2550 sonum
1480 2506 1642 2567 atque
1678 2514 1766 2552 ar-

191 2590 411 2630 morum
467 2579 733 2647 crepitum
769 2581 1092 2648 excitarent,
1145 2598 1212 2640 ac
1260 2587 1562 2658 tripudium
1609 2589 1765 2655 illud,

187 2668 335 2737 quod
363 2667 744 2738 Pyrrhichium
773 2672 992 2738 dicitur,
1045 2677 1240 2730 armati
1288 2691 1534 2748 agerent,
1580 2688 1638 2733 ut
1680 2696 1767 2735 ar.

193 2773 410 2813 morum
478 2763 705 2832 strepitu
777 2780 996 2834 gravem
1064 2767 1288 2824 infantis
1361 2770 1454 2826 Dei
1524 2773 1763 2841 vagitum

188 2857 518 2919 vastumque
546 2866 742 2907 sonum
779 2863 957 2924 tegere
993 2868 1214 2926 possent
1246 2877 1260 2914 :
1298 2875 1366 2915 ne
1405 2861 1545 2917 forte
1573 2865 1765 2919 Satur-

194 2954 324 3004 nus,
358 2956 388 2994 e
417 2942 559 3005 caelo
586 2945 822 3014 vagitum
857 2949 1108 3012 audiens,
1147 2951 1322 3019 ipsqu
1353 2969 1570 3024 quoque
1599 2955 1766 3008 devo—

1850 485 2136 551 ludebant,
2187 486 2402 540 animos
2453 485 2664 538 illorum
2693 499 2724 538 a
2752 483 2956 540 doloris
2985 501 3148 542 sensu
3179 503 3430 546 averten-

1851 581 1954 635 tes,
1984 585 2146 643 atque
2177 574 2243 628 ad
2281 573 2656 644 perferendam
2689 573 3053 630 exsectionem
3079 576 3428 636 inﬂamman-

1851 672 1956 718 tes.
1989 663 2202 730 Quibus
2225 675 2411 734 postea
2455 663 2546 718 alii
2580 664 2848 718 medicam
2901 680 3120 721 manum
3175 670 3430 727 admove-

1852 756 2004 817 bant,
2057 755 2424 825 Corybantum
2461 762 2672 823 gestum
2715 751 3017 821 imitantes,
3062 759 3291 825 perinde
3323 766 3431 817 sci-

1852 849 1976 904 liCet
2008 864 2071 902 ac
2103 849 2148 904 si
2184 849 2388 902 Rheam
2419 848 2591 916 ipsam
2617 848 3060 904 consolarentur.
3089 851 3430 920 Corybantes

1853 949 2059 1004 autem,
2110 956 2282 1008 genus
2325 948 2454 994 sunt
2485 940 2816 1007 daemonum,
2850 943 2932 995 vel
2961 941 3293 996 furiosorum
3328 943 3433 996 lto-

1856 1035 2087 1095 minum,
2135 1031 2300 1086 Rheae
2347 1031 2834 1095 subservientium,
2880 1048 3019 1101 quos
3057 1033 3301 1105 Cnbyros
3336 1049 3433 1089 vo-

1857 1132 2001 1176 cant.
2054 1121 2222 1177 Porro
2273 1130 2500 1175 matrem
2544 1122 2683 1175 hanc
2725 1122 2949 1176 deorum
3008 1125 3110 1177 etsi
3172 1139 3278 1178 non
3316 1139 3435 1179 om-

1860 1217 2032 1278 nium,
2081 1223 2136 1268 at
2173 1223 2323 1268 certe
2348 1213 2499 1268 Jovis
2529 1213 2889 1283 fratrumque,
2922 1215 3094 1284 Ipsius
3127 1225 3294 1284 poeta:
3322 1225 3435 1270 tra-

1858 1305 2014 1370 dunt,
2049 1305 2510 1374 quemadmodum
2540 1314 2592 1358 et
2619 1313 2828 1373 patrem
2854 1306 3081 1360 deorum
3112 1306 3431 1362 Saturnum.

1859 1397 1938 1452 Ac
1979 1397 2221 1467 Phryges
2249 1404 2427 1458 erant,
2464 1395 2556 1465 qui
2605 1397 2916 1464 hujusmodi
2953 1397 3160 1467 ﬂagitia
3189 1399 3241 1452 in
3273 1397 3438 1453 Rheae

1861 1489 2124 1543 honorem
2160 1487 2514 1556 peragebant,
2563 1495 2726 1557 atque
2760 1487 2922 1541 iidem
2969 1488 3347 1556 initiabantur,
3381 1488 3436 1544 id

1861 1589 1964 1644 est,
1996 1580 2326 1634 exsectionis
2357 1578 2602 1633 cruciatu
2639 1578 3033 1633 adiciebantur.

1934 1672 2068 1726 Ibid.
2120 1669 2232 1725 Nec
2279 1669 2455 1739 puella
2501 1670 2742 1739 quaedam
2769 1671 2911 1739 apud
2937 1687 3033 1724 nos
3081 1672 3307 1741 rapitur,
3329 1680 3438 1728 etc.

1866 1764 2140 1829 Cererem,
2191 1777 2356 1817 unam
2388 1775 2454 1816 ex
2490 1762 2730 1830 antiquis
2771 1763 3001 1822 deabus.
3049 1761 3438 1832 Proserpinam

1866 1855 2142 1925 peperisse
2168 1853 2400 1922 fingunt,
2427 1868 2590 1920 quam
2623 1851 2802 1919 Pluto,
2851 1853 2965 1908 sive
2989 1852 3186 1915 Orcus.
3237 1855 3437 1922 rapuit.

1865 1945 1934 1999 At
1961 1954 2158 2009 mater,
2201 1957 2318 1997 eam
2352 1942 2611 1997 omnibus
2647 1943 2699 1997 in
2734 1943 2869 1998 locis
2900 1943 3256 2012 conquirens,
3299 1944 3438 2020 apud

1867 2035 2175 2090 Eleusinem
2223 2033 2277 2086 in
2303 2033 2525 2088 Celeum
2557 2047 2622 2088 ac
2673 2033 3065 2102 Triptolemum
3114 2033 3324 2096 incidit,
3374 2034 3443 2092 ab

1865 2127 2039 2196 iisque
2069 2126 2136 2181 de
2169 2123 2290 2180 lilia
2339 2135 2497 2195 raptu
2543 2124 2744 2179 certior
2774 2123 2934 2187 facta,
2967 2123 3126 2178 linem
3154 2140 3249 2195 per
3268 2135 3440 2179 totum

1865 2219 2053 2274 orbem
2101 2217 2330 2286 vagandi
2380 2215 2547 2281 fecit,
2605 2218 2847 2286 ipsisque
2896 2216 3062 2271 tritici
3119 2231 3184 2270 ac
3249 2217 3441 2270 hordei

1867 2310 2096 2376 semina,
2126 2309 2370 2364 nondum
2415 2317 2542 2363 ante
2575 2309 2624 2362 id
2659 2317 2872 2377 tempus
2903 2308 3037 2370 visa,
3094 2308 3240 2363 dono
3272 2308 3442 2372 dedit,

1867 2407 2031 2467 atque
2077 2398 2348 2453 alatorum
2400 2398 2698 2451 draconum
2735 2411 2957 2451 currum
3004 2404 3064 2451 ut
3093 2411 3158 2450 ex
3197 2397 3440 2460 sublimi,

1867 2487 2010 2541 sicut
2039 2497 2210 2557 poeta:
2242 2486 2578 2551 fabulantur,
2628 2501 2748 2555 per.
2771 2486 3080 2541 universam
3122 2494 3323 2539 terram
3356 2501 3446 2540 se-

1868 2577 2018 2631 mina
2084 2585 2417 2646 spargerent.
2469 2575 2581 2630 llos
2616 2576 2753 2631 duos
2792 2577 3098 2646 petulanter
3124 2583 3286 2646 atque
3316 2576 3443 2629 libi.

1868 2667 2062 2723 diuose
2104 2667 2273 2723 Ceres
2323 2667 2592 2730 adhibuit,
2643 2682 2708 2722 ac
2751 2668 2998 2736 quaedam
3048 2669 3103 2722 in
3155 2682 3252 2722 eos
3295 2667 3443 2733 fecit,

1867 2761 2116 2828 quaedam
2171 2761 2338 2814 etiam
2391 2760 2634 2814 vicissim
2691 2760 2761 2813 ab
2807 2759 2874 2814 iis
2915 2774 3071 2828 passa
3113 2768 3218 2814 est.
3267 2761 3444 2828 Atque

1869 2852 1985 2907 haec
2033 2853 2217 2906 omnia
2273 2853 2404 2921 ipsis
2449 2867 2545 2921 per
2593 2867 2756 2905 unam
2806 2859 3019 2906 noctem
3067 2852 3120 2905 in
3168 2851 3442 2915 Eleusine,

1867 2959 1988 3013 qua:
2030 2943 2226 2997 Atticae
2274 2944 2424 2998 locus
2476 2951 2592 3006 est,
2649 2942 2971 2996 celebranda
3023 2943 3235 2996 tradidit
3273 2959 3442 2997 :natu

192 3039 365 3085 raret.
412 3030 672 3102 Lapidem
703 3045 884 3091 autem
932 3037 1115 3094 fasciis
1146 3039 1446 3097 involutum
1481 3045 1590 3098 nati
1644 3046 1834 3124 lococ
1865 3051 1930 3089 ex
1977 3049 2040 3089 ea
2098 3035 2231 3088 urbe
2280 3035 2390 3088 "ali
2440 3042 2617 3087 εΐθιιῑ-
2687 3031 2762 3085 Ea
2805 3033 2986 3101 ἰδίων.
3023 3049 3144 3102 (illile
3195 3035 3263 3088 εει)
3309 3035 3444 3101 ipsis

190 3121 394 3176 niarito
419 3122 788 3179 devorandum
818 3127 1060 3198 reliquit.
1081 3130 1251 3196 Quem
1279 3149 1402 3189 cum
1427 3136 1762 3204 devorasset,

185 3224 286 3266 eos
345 3226 595 3281 quoque,
658 3231 797 3284 quos
853 3221 1010 3288 prius
1063 3223 1443 3294 absorpserat,
1502 3230 1761 3284 evomuit.

190 3298 458 3354 Ca'terum
487 3301 730 3358 historiae
757 3307 1030 3375 proditum
1064 3319 1149 3364 est
1172 3311 1317 3367 hunc
1339 3312 1526 3368 Jovem
1558 3316 1766 3382 praesti-

187 3389 448 3459 giatorem
489 3401 544 3448 et
569 3395 865 3450 scelestum
897 3397 1173 3454 hominem
1203 3401 1394 3467 fuisse,
1419 3398 1764 3459 Cretensium

194 3489 486 3550 tyrannum
523 3503 538 3538 :
579 3487 720 3554 apud
744 3501 883 3555 quos
914 3489 1062 3543 illius
1097 3504 1313 3559 quoque
1349 3505 1762 3549 monumentum

192 3571 524 3638 ostenditur,
581 3576 989 3632 discrucientur
1039 3579 1166 3635 licet
1213 3590 1376 3652 atque
1418 3583 1766 3642 oﬂendantur

190 3658 292 3714 hac
316 3663 588 3726 oratione,
641 3664 732 3733 qui
783 3665 927 3721 inter
956 3668 1208 3727 ethnicos
1265 3673 1574 3729 eruditione
1622 3691 1764 3746 prm-

201 3758 368 3814 stant,
415 3762 580 3820 atque
619 3753 900 3812 historiam
925 3757 1068 3815 banc
1099 3760 1368 3828 rejiciaut.
1409 3764 1560 3831 Quos
1597 3768 1762 3822 etiam

193 3837 385 3894 irridet
425 3839 757 3912 Theologus,
810 3854 866 3900 ut
897 3846 992 3916 qui
1043 3847 1382 3918 ineptissime
1431 3865 1764 3921 uagarentur

189 3925 378 3984 Jovem
427 3931 578 4001 (quia
631 3933 684 3987 in
737 3949 803 3989 eo
848 3936 1033 3992 divina
1079 3941 1318 4008 potentia
1355 3943 1518 4010 erat),
1558 3958 1764 4013 nequa-

188 4033 353 4089 quam
380 4038 675 4092 puerorum
707 4041 858 4081 more
889 4029 1018 4084 exili
1048 4045 1180 4086 voce
1208 4033 1459 4103 vagiisse,
1507 4035 1600 4089 sed
1630 4037 1763 4090 liora

187 4112 398 4168 rillcum
449 4117 744 4184 quemdam
797 4115 1059 4184 eiulatum
1108 4121 1367 4187 edidisse,
1418 4132 1582 4194 atque
1623 4125 1762 4182 adeo

187 4213 423 4271 vastum,
459 4217 516 4259 ut
549 4209 614 4260 ad
647 4207 848 4263 cmlum
885 4225 1058 4280 usque
1101 4223 1431 4281 permearet.
1477 4216 1557 4270 Ac
1591 4227 1762 4284 poetae

187 4295 408 4362 quidem
463 4297 695 4365 lapidem
753 4315 850 4366 pro
894 4299 1027 4356 Jove
1078 4318 1108 4356 a
1159 4303 1396 4359 Saturno
1437 4305 1757 4362 devoratum

1870 3133 2030 3179 noctu
2057 3125 2474 3180 celebrabantur
2515 3133 2679 3192 atque
2727 3123 3141 3191 peragebantur,
3188 3137 3239 3177 ut
3277 3135 3437 3179 nocte

1867 3215 2053 3284 digna,
2108 3215 2348 3269 interdiu
2403 3227 2841 3268 commemorare
2891 3229 2978 3266 me
3032 3216 3218 3282 pudet,
3280 3223 3445 3282 atque

1867 3317 1932 3356 ex
1987 3302 2330 3370 turpitudine
2389 3300 2711 3370 mysterium
2772 3300 3180 3368 quodammodo
3238 3302 3443 3369 facere,

1867 3391 2127 3444 nimirum
2153 3391 2242 3445 die
2274 3391 2412 3446 festo
2440 3389 2761 3444 memoriam
2790 3403 2982 3444 eorum
3016 3391 3280 3446 faciendo.
3307 3392 3444 3448 Nota

1869 3490 1997 3538 sunt
2029 3481 2145 3537 haec
2169 3481 2370 3536 Gratea:
2400 3480 2805 3550 superstitionis
2832 3481 3227 3550 hierophautis,
3252 3482 3306 3536 id
3338 3493 3442 3549 est,

1868 3569 2178 3625 divinorum
2226 3573 2574 3625 oraculorum
2623 3570 2966 3626 antistitibus
3009 3579 3174 3640 atque
3202 3571 3444 3628 doctori-

1868 3660 1992 3723 bus,
2043 3662 2246 3730 quibus
2282 3661 2582 3716 inviolabili
2641 3661 2755 3732 lege
2790 3662 3138 3718 interdictum
3187 3675 3328 3732 erat,
3375 3680 3444 3720 ne

1868 3751 1983 3806 haec
2011 3760 2177 3822 atque
2203 3752 2521 3822 hujusmodi
2557 3754 2816 3824 mysteria
2849 3755 2993 3824 apud
3043 3769 3159 3820 eos,
3212 3756 3306 3825 qui
3359 3758 3444 3811 bis

1865 3844 2039 3900 sacris
2070 3844 2293 3900 minime
2321 3844 2520 3899 initiati
2551 3854 2754 3910 essent,
2807 3846 3147 3917 evulgareut.
3193 3847 3273 3902 Ac
3317 3864 3443 3918 pro-

1865 3937 2006 3994 fecto
2045 3938 2262 3995 silentio
2295 3955 2512 4010 quoque
2554 3940 2717 4013 digna
2767 3950 2925 3997 erant
2975 3952 3196 4013 propter
3244 3943 3442 3999 imma-

1862 4045 1988 4084 nem
2009 4031 2084 4085 rei
2114 4030 2528 4086 obscenitatem.

1935 4121 2070 4178 Ibid.
2097 4122 2160 4177 C.
2216 4122 2330 4176 Nec
2368 4122 2611 4176 Bacchus
2652 4123 2761 4176 lucc
2804 4131 2988 4176 nostra
3021 4122 3298 4191 mysteria,
3333 4130 3440 4178 etc.

1861 4212 2092 4282 Jupiter,
2123 4227 2246 4267 cum
2282 4213 2498 4266 Semele
2530 4212 2718 4266 Cadmi
2746 4211 3132 4266 Thebanorum
3161 4214 3300 4281 regis
3334 4214 3442 4269 (ilia

1863 4318 2216 4373 congressus,
2270 4304 2549 4372 gravidam
2596 4318 2714 4356 eam
2765 4303 3020 4357 reddidit.
3072 4303 3216 4358 Juno
3259 4314 3440 4359 autem

189 4383 357 4437 fuisse
383 4397 628 4440 narrant.
678 4389 746 4440 At
797 4389 1091 4460 Gregorius
1135 4391 1346 4459 Jovem,
1394 4406 1450 4450 ut
1501 4396 1756 4467 lapidem.
1793 4405 1835 4458 ο
1866 4395 2039 4464 ipsius
2074 4409 2236 4458 uxor,
2286 4394 2554 4462 zelotypia
2603 4395 2829 4463 percita,
2878 4393 2944 4446 ad
2996 4394 3245 4448 Semelen
3289 4411 3447 4450 acce-

187 4489 218 4528 a
249 4475 488 4530 Saturno
525 4478 843 4531 devoratum
870 4495 992 4535 esse
1027 4481 1122 4536 ait.
1163 4482 1237 4536 Ex
1272 4500 1381 4553 quo
1411 4489 1761 4556 perspicuum

187 4574 269 4618 est
317 4581 440 4618 eum
519 4584 623 4621 non
685 4568 750 4622 ad
807 4570 882 4624 rei
937 4580 1104 4639 gestae
1183 4572 1380 4627 famam
1435 4577 1764 4644 respexisse,

188 4669 376 4709 verum
432 4657 498 4711 ad
575 4658 795 4713 Saturni
851 4661 1186 4730 opinionem.
1258 4663 1411 4720 Jovis
1468 4668 1649 4730 enim,
1707 4678 1766 4722 ιιι

187 4743 359 4799 Cra-ci
409 4749 631 4818 insuper
685 4752 984 4822 ﬁngebant,
1035 4755 1174 4811 adeo
1228 4757 1380 4812 firma
1441 4767 1496 4814 et
1539 4761 1763 4814 robusta

187 4845 307 4890 erat
349 4851 568 4908 natura,
605 4855 663 4897 ut
692 4860 816 4899 cunt
868 4848 969 4902 hoc
1016 4848 1360 4918 exploratum
1410 4849 1633 4905 haberet
1664 4852 1766 4904 Sa-

190 4934 403 4991 turnus,
442 4945 507 4984 ac
530 4931 791 4988 devorato
814 4935 990 5004 lapide
1019 4939 1363 4993 renitentiam
1397 4938 1764 5008 duritiemque

191 5019 436 5082 sentiret,
466 5035 533 5074 eo
557 5024 728 5091 magis
751 5041 1070 5093 persuasum
1101 5030 1346 5089 haberet.
1367 5046 1428 5086 se
1444 5029 1633 5085 Jovem
1659 5033 1758 5086 de-

188 5122 660 5184 vorasse,propter
681 5125 886 5172 natum
907 5119 1300 5185 firmitatem,et
1324 5123 1515 5189 robur,
1538 5138 1758 5192 pessum

186 5211 401 5257 euntem
412 5243 426 5258 .
442 5202 800 5277 Jovemigitur
813 5219 871 5263 ut
885 5210 1449 5282 lapidemldevoratum
1464 5228 1584 5269 esse
1596 5213 1768 5268 Theo-

101 5288 108 5295 '
188 5287 346 5359 logus
377 5293 534 5359 dixit,
563 5296 628 5349 ad
662 5298 974 5353 devorantis
1002 5300 1311 5370 opinionem
1349 5301 1668 5372 respiciens.

260 5382 396 5439 Ibid.
431 5385 492 5440 Β.
545 5386 659 5441 Nec
702 5388 993 5460 Phrygum,
1027 5402 1135 5451 etc.
1213 5393 1269 5447 In
1313 5392 1548 5464 Phrygia
1599 5392 1764 5450 Rheae

192 5473 478 5530 delubrum
514 5489 652 5544 erat,
686 5480 740 5534 in
771 5497 882 5550 quo
917 5480 1159 5553 Phryges
1191 5482 1386 5539 festum
1426 5485 1766 5542 celebrantes

192 5565 413 5635 genitali
462 5569 708 5623 membro
752 5571 1163 5639 excidebantur,
1215 5575 1545 5630 calamitatis
1593 5577 1768 5645 ipsius

194 5659 431 5728 speciem
463 5662 850 5732 exprimentes,
881 5664 933 5718 in
962 5679 1135 5738 quam,
1155 5667 1265 5735 illa,
1304 5667 1432 5726 filiis
1459 5683 1490 5723 a
1521 5665 1766 5723 Saturno

1867 4484 2023 4547 deus,
2059 4499 2180 4538 eam
2221 4484 2570 4539 vehementer
2603 4484 2862 4553 opinione
2892 4481 3010 4536 falli
3045 4485 3141 4548 ait,
3175 4485 3220 4540 si
3252 4484 3442 4540 Jovem

1863 4591 1985 4632 esse
2014 4576 2311 4638 existimet,
2363 4577 2457 4644 qui
2506 4591 2630 4631 cum
2680 4589 2747 4629 eo
2777 4577 2950 4646 stupri
2986 4577 3438 4631 consuetudinem

1868 4667 2085 4729 habeat,
2136 4666 2348 4720 mortali
2398 4666 2656 4736 quopiam
2709 4681 2833 4720 cum
2879 4681 2941 4720 ea
2989 4667 3377 4736 congrediente
3418 4684 3434 4720 :

1868 4759 2084 4827 ipsique
2118 4759 2389 4825 persuasit
2424 4767 2504 4823 ut,
2550 4760 2595 4813 si
2656 4759 2954 4828 periculum
2995 4758 3176 4814 facere
3221 4773 3285 4813 ac
3329 4774 3430 4813 co-

1865 4863 2133 4917 gnoscere
2169 4848 2348 4912 vellet,
2377 4865 2505 4902 num
2534 4864 2659 4904 vere
2690 4847 2900 4919 Jupiter
2932 4858 3098 4916 esset,
3125 4849 3195 4904 ab
3239 4864 3304 4904 eo
3349 4866 3446 4920 pe-

1867 4947 2022 5000 teret,
2079 4949 2138 4994 ut
2187 4955 2311 4994 cum
2360 4940 2568 5008 fulgore
2615 4955 2680 4994 ac
2711 4941 2946 4994 tonitruo
2977 4956 3088 4994 rem
3121 4955 3306 4995 secum
3339 4941 3441 4995 ha-

1866 5026 2036 5090 beret,
2061 5028 2518 5097 quemadmodum
2547 5037 2747 5083 etcum
2773 5026 2990 5082 Juuoue
3013 5027 3190 5082 lacere
3217 5028 3438 5085 soleret.

1870 5119 1924 5174 Id
1960 5120 2125 5189 igitur
2151 5135 2272 5174 cum
2323 5119 2536 5174 Semele
2570 5119 2838 5188 petiisset,
2861 5117 3073 5188 Jupiter
3125 5134 3249 5174 cum
3303 5121 3444 5173 toni-

1870 5221 2016 5272 truo,
2069 5219 2126 5263 ut
2155 5219 2238 5264 est
2268 5212 2318 5263 in
2362 5208 2580 5274 fabulis,
2617 5209 2684 5262 ad
2717 5224 2836 5262 eam
2875 5208 3040 5273 venit,
3086 5217 3248 5277 atque
3272 5208 3443 5264 invito

1871 5302 2053 5354 animo
2101 5315 2221 5354 eam
2274 5300 2663 5360 concremavit,
2715 5299 3065 5368 dissectoque
3100 5298 3221 5369 ejus
3254 5311 3442 5354 ventre

1867 5391 2034 5446 fetum
2068 5392 2247 5447 adhuc
2297 5393 2484 5446 rudem
2517 5390 2728 5455 eduxit,
2763 5390 3064 5460 femorique
3106 5405 3228 5455 suo,
3277 5406 3440 5460 quem

1870 5484 2157 5548 inciderat,
2209 5485 2493 5553 imposuit,
2551 5494 2872 5554 partemque
2924 5482 3153 5537 incisam
3200 5481 3440 5547 censuit,

1871 5585 2035 5644 atque
2088 5575 2317 5642 expletis
2374 5575 2756 5645 pmgnationis
2804 5573 2995 5628 diebus
3040 5571 3297 5627 infantem
3349 5588 3445 5627 ex—

1873 5669 2016 5735 tulit,
2048 5667 2468 5739 Dionysiumque
2501 5669 2820 5726 nutuinavit.
2847 5666 3030 5738 itaque
3065 5667 3282 5725 Graecos
3308 5683 3442 5736 sug-
