  <div class='ocr_page' id='page_1' title='image "/cluster/home/n/w/nwhite01/storage/ocr_20150623/127/hvd.32044073502411/615.png"; bbox 0 0 4032 6198; ppageno 0'>
   <div class='ocr_carea' id='block_1_1' title="bbox 605 214 742 279">
    <p class='ocr_par' dir='ltr' id='par_1_1' title="bbox 605 214 742 279">
     <span class='ocr_line' id='line_1_1' title="bbox 605 214 742 279; baseline 0 -1"><span class='ocrx_word' id='word_1_1' title='bbox 605 214 742 279; x_wconf 74' lang='lat'><strong>1219</strong></span> 
     </span>
    </p>
   </div>
   <div class='ocr_carea' id='block_1_2' title="bbox 2014 213 2394 276">
    <p class='ocr_par' dir='ltr' id='par_1_2' title="bbox 2014 213 2394 276">
     <span class='ocr_line' id='line_1_2' title="bbox 2014 213 2394 276; baseline 0 -2"><span class='ocrx_word' id='word_1_2' title='bbox 2014 213 2270 276; x_wconf 83' lang='lat' dir='ltr'><strong>ADDEN</strong></span> <span class='ocrx_word' id='word_1_3' title='bbox 2280 216 2394 274; x_wconf 71' lang='lat' dir='ltr'><strong>DA.</strong></span> 
     </span>
    </p>
   </div>
   <div class='ocr_carea' id='block_1_3' title="bbox 3725 214 3854 279">
    <p class='ocr_par' dir='ltr' id='par_1_3' title="bbox 3725 214 3854 279">
     <span class='ocr_line' id='line_1_3' title="bbox 3725 214 3854 279; baseline 0.008 -1"><span class='ocrx_word' id='word_1_4' title='bbox 3725 214 3854 279; x_wconf 65' lang='lat'><strong>1328</strong></span> 
     </span>
    </p>
   </div>
   <div class='ocr_carea' id='block_1_4' title="bbox 595 323 3853 398">
    <p class='ocr_par' dir='ltr' id='par_1_4' title="bbox 595 323 3853 398">
     <span class='ocr_line' id='line_1_4' title="bbox 595 323 3853 398; baseline 0.002 -17"><span class='ocrx_word' id='word_1_5' title='bbox 595 328 797 398; x_wconf 76' lang='lat' dir='ltr'><strong>gillans</strong></span> <span class='ocrx_word' id='word_1_6' title='bbox 831 325 1162 394; x_wconf 84' lang='lat' dir='ltr'><strong>Theologus,</strong></span> <span class='ocrx_word' id='word_1_7' title='bbox 1219 325 1296 380; x_wconf 88' lang='lat' dir='ltr'><strong>ait</strong></span> <span class='ocrx_word' id='word_1_8' title='bbox 1330 344 1344 382; x_wconf 91' lang='lat'><strong>:</strong></span> <span class='ocrx_word' id='word_1_9' title='bbox 1377 325 1482 392; x_wconf 84' lang='lat' dir='ltr'><strong>Ea,</strong></span> <span class='ocrx_word' id='word_1_10' title='bbox 1542 340 1665 396; x_wconf 69' lang='lat' dir='ltr'><strong>quas</strong></span> <span class='ocrx_word' id='word_1_11' title='bbox 1709 326 1852 396; x_wconf 84' lang='lat' dir='ltr'><strong>apud</strong></span> <span class='ocrx_word' id='word_1_12' title='bbox 1885 341 1983 382; x_wconf 87' lang='lat' dir='ltr'><strong>nos</strong></span> <span class='ocrx_word' id='word_1_13' title='bbox 2031 329 2172 383; x_wconf 89' lang='lat' dir='ltr'><strong>eele-</strong></span> <span class='ocrx_word' id='word_1_14' title='bbox 2202 334 2244 388; x_wconf 83' lang='grc' dir='ltr'><strong>Α</strong></span> <span class='ocrx_word' id='word_1_15' title='bbox 2276 326 2657 389; x_wconf 88' lang='lat' dir='ltr'><strong>divertebant,</strong></span> <span class='ocrx_word' id='word_1_16' title='bbox 2719 323 3044 394; x_wconf 80' lang='lat' dir='ltr'><strong>jugulahat.-</strong></span> <span class='ocrx_word' id='word_1_17' title='bbox 3116 323 3185 380; x_wconf 81' lang='lat' dir='ltr'><strong>At</strong></span> <span class='ocrx_word' id='word_1_18' title='bbox 3249 326 3382 382; x_wconf 81' lang='lat' dir='ltr'><strong>vero</strong></span> <span class='ocrx_word' id='word_1_19' title='bbox 3439 325 3853 394; x_wconf 74' lang='lat' dir='ltr'><strong>Lacedaemonii.</strong></span> 
     </span>
    </p>
   </div>
   <div class='ocr_carea' id='block_1_5' title="bbox 597 415 2174 486">
    <p class='ocr_par' dir='ltr' id='par_1_5' title="bbox 597 415 2174 486">
     <span class='ocr_line' id='line_1_5' title="bbox 597 415 2174 486; baseline 0 -17"><span class='ocrx_word' id='word_1_20' title='bbox 597 417 867 480; x_wconf 88' lang='lat' dir='ltr'><strong>brantur,</strong></span> <span class='ocrx_word' id='word_1_21' title='bbox 935 429 1277 485; x_wconf 81' lang='lat' dir='ltr'><strong>nequaquam</strong></span> <span class='ocrx_word' id='word_1_22' title='bbox 1329 415 1396 470; x_wconf 89' lang='lat' dir='ltr'><strong>iis</strong></span> <span class='ocrx_word' id='word_1_23' title='bbox 1451 416 1647 470; x_wconf 77' lang='lat' dir='ltr'><strong>similia</strong></span> <span class='ocrx_word' id='word_1_24' title='bbox 1707 428 1871 480; x_wconf 91' lang='lat' dir='ltr'><strong>sunt,</strong></span> <span class='ocrx_word' id='word_1_25' title='bbox 1935 431 2059 486; x_wconf 62' lang='lat' dir='ltr'><strong>qua:</strong></span> <span class='ocrx_word' id='word_1_26' title='bbox 2108 417 2174 469; x_wconf 87' lang='lat' dir='ltr'><strong>de</strong></span> 
     </span>
    </p>
   </div>
   <div class='ocr_carea' id='block_1_6' title="bbox 600 505 2161 576">
    <p class='ocr_par' dir='ltr' id='par_1_6' title="bbox 600 505 2161 576">
     <span class='ocr_line' id='line_1_6' title="bbox 600 505 2161 576; baseline 0 -16"><span class='ocrx_word' id='word_1_27' title='bbox 600 507 810 561; x_wconf 84' lang='lat' dir='ltr'><strong>Baccho</strong></span> <span class='ocrx_word' id='word_1_28' title='bbox 841 505 982 574; x_wconf 89' lang='lat' dir='ltr'><strong>apud</strong></span> <span class='ocrx_word' id='word_1_29' title='bbox 1007 507 1234 574; x_wconf 80' lang='lat' dir='ltr'><strong>gentiles</strong></span> <span class='ocrx_word' id='word_1_30' title='bbox 1262 516 1786 570; x_wconf 89' lang='lat' dir='ltr'><strong>commemorantur,</strong></span> <span class='ocrx_word' id='word_1_31' title='bbox 1820 508 1912 576; x_wconf 90' lang='lat' dir='ltr'><strong>qui</strong></span> <span class='ocrx_word' id='word_1_32' title='bbox 1940 507 2161 576; x_wconf 88' lang='lat' dir='ltr'><strong>quidem</strong></span> 
     </span>
    </p>
   </div>
   <div class='ocr_carea' id='block_1_7' title="bbox 594 595 2172 664">
    <p class='ocr_par' dir='ltr' id='par_1_7' title="bbox 594 595 2172 664">
     <span class='ocr_line' id='line_1_7' title="bbox 594 595 2172 664; baseline -0.001 -14"><span class='ocrx_word' id='word_1_33' title='bbox 594 595 817 650; x_wconf 71' lang='lat' dir='ltr'><strong>sentit-ir</strong></span> <span class='ocrx_word' id='word_1_34' title='bbox 845 604 984 656; x_wconf 88' lang='lat' dir='ltr'><strong>erat,</strong></span> <span class='ocrx_word' id='word_1_35' title='bbox 1037 602 1227 662; x_wconf 92' lang='lat' dir='ltr'><strong>utpote</strong></span> <span class='ocrx_word' id='word_1_36' title='bbox 1259 609 1404 648; x_wconf 91' lang='lat' dir='ltr'><strong>nunc</strong></span> <span class='ocrx_word' id='word_1_37' title='bbox 1431 609 1495 648; x_wconf 89' lang='lat' dir='ltr'><strong>ea</strong></span> <span class='ocrx_word' id='word_1_38' title='bbox 1527 609 1649 663; x_wconf 74' lang='lat' dir='ltr'><strong>quae</strong></span> <span class='ocrx_word' id='word_1_39' title='bbox 1681 599 1902 664; x_wconf 84' lang='lat' dir='ltr'><strong>propria</strong></span> <span class='ocrx_word' id='word_1_40' title='bbox 1931 597 2172 650; x_wconf 82' lang='lat' dir='ltr'><strong>virorum</strong></span> 
     </span>
    </p>
   </div>
   <div class='ocr_carea' id='block_1_8' title="bbox 592 684 2173 754">
    <p class='ocr_par' dir='ltr' id='par_1_8' title="bbox 592 684 2173 754">
     <span class='ocr_line' id='line_1_8' title="bbox 592 684 2173 754; baseline 0.001 -14"><span class='ocrx_word' id='word_1_41' title='bbox 592 696 744 747; x_wconf 77' lang='lat' dir='ltr'><strong>sunt,</strong></span> <span class='ocrx_word' id='word_1_42' title='bbox 805 684 1029 745; x_wconf 84' lang='lat' dir='ltr'><strong>faciens,</strong></span> <span class='ocrx_word' id='word_1_43' title='bbox 1086 699 1232 738; x_wconf 91' lang='lat' dir='ltr'><strong>nunc</strong></span> <span class='ocrx_word' id='word_1_44' title='bbox 1276 685 1438 737; x_wconf 89' lang='lat' dir='ltr'><strong>etiam</strong></span> <span class='ocrx_word' id='word_1_45' title='bbox 1499 684 1730 753; x_wconf 89' lang='lat' dir='ltr'><strong>patiens,</strong></span> <span class='ocrx_word' id='word_1_46' title='bbox 1786 701 1908 754; x_wconf 71' lang='lat' dir='ltr'><strong>quae</strong></span> <span class='ocrx_word' id='word_1_47' title='bbox 1955 685 2173 741; x_wconf 76' lang='lat' dir='ltr'><strong>feminis</strong></span> 
     </span>
    </p>
   </div>
   <div class='ocr_carea' id='block_1_9' title="bbox 593 771 2172 845">
    <p class='ocr_par' dir='ltr' id='par_1_9' title="bbox 593 771 2172 845">
     <span class='ocr_line' id='line_1_9' title="bbox 593 771 2172 845; baseline 0.001 -17"><span class='ocrx_word' id='word_1_48' title='bbox 593 775 954 828; x_wconf 83' lang='lat' dir='ltr'><strong>conveniunt.</strong></span> <span class='ocrx_word' id='word_1_49' title='bbox 995 771 1104 827; x_wconf 81' lang='lat' dir='ltr'><strong>Nec</strong></span> <span class='ocrx_word' id='word_1_50' title='bbox 1139 773 1316 827; x_wconf 90' lang='lat' dir='ltr'><strong>femur</strong></span> <span class='ocrx_word' id='word_1_51' title='bbox 1353 773 1506 830; x_wconf 80' lang='lat' dir='ltr'><strong>Jovis</strong></span> <span class='ocrx_word' id='word_1_52' title='bbox 1535 776 1870 844; x_wconf 80' lang='lat' dir='ltr'><strong>parturiens,</strong></span> <span class='ocrx_word' id='word_1_53' title='bbox 1900 791 1963 830; x_wconf 90' lang='lat' dir='ltr'><strong>ac</strong></span> <span class='ocrx_word' id='word_1_54' title='bbox 2031 792 2172 845; x_wconf 67' lang='lat' dir='ltr'><strong>prae-</strong></span> 
     </span>
    </p>
   </div>
   <div class='ocr_carea' id='block_1_10' title="bbox 600 868 2170 940">
    <p class='ocr_par' dir='ltr' id='par_1_10' title="bbox 600 868 2170 940">
     <span class='ocr_line' id='line_1_10' title="bbox 600 868 2170 940; baseline 0.005 -22"><span class='ocrx_word' id='word_1_55' title='bbox 600 869 881 938; x_wconf 78' lang='lat' dir='ltr'><strong>gnantiutn</strong></span> <span class='ocrx_word' id='word_1_56' title='bbox 935 885 1086 923; x_wconf 88' lang='lat' dir='ltr'><strong>more</strong></span> <span class='ocrx_word' id='word_1_57' title='bbox 1137 868 1455 939; x_wconf 74' lang='lat' dir='ltr'><strong>Dionysium</strong></span> <span class='ocrx_word' id='word_1_58' title='bbox 1485 883 1726 940; x_wconf 67' lang='lat' dir='ltr'><strong>gestans,</strong></span> <span class='ocrx_word' id='word_1_59' title='bbox 1765 872 1946 926; x_wconf 85' lang='lat' dir='ltr'><strong>adhuc</strong></span> <span class='ocrx_word' id='word_1_60' title='bbox 1984 875 2170 926; x_wconf 84' lang='lat' dir='ltr'><strong>rudem</strong></span> 
     </span>
    </p>
   </div>
   <div class='ocr_carea' id='block_1_11' title="bbox 593 959 2172 1031">
    <p class='ocr_par' dir='ltr' id='par_1_11' title="bbox 593 959 2172 1031">
     <span class='ocr_line' id='line_1_11' title="bbox 593 959 2172 1031; baseline 0.003 -18"><span class='ocrx_word' id='word_1_61' title='bbox 593 959 768 1013; x_wconf 76' lang='lat' dir='ltr'><strong>fetum</strong></span> <span class='ocrx_word' id='word_1_62' title='bbox 818 961 1170 1014; x_wconf 76' lang='lat' dir='ltr'><strong>exsistentem</strong></span> <span class='ocrx_word' id='word_1_63' title='bbox 1232 977 1246 1013; x_wconf 88' lang='lat'><strong>:</strong></span> <span class='ocrx_word' id='word_1_64' title='bbox 1301 962 1760 1031; x_wconf 84' lang='lat' dir='ltr'><strong>quemadmodum</strong></span> <span class='ocrx_word' id='word_1_65' title='bbox 1812 973 1968 1016; x_wconf 88' lang='lat' dir='ltr'><strong>antea</strong></span> <span class='ocrx_word' id='word_1_66' title='bbox 2025 961 2172 1018; x_wconf 85' lang='lat' dir='ltr'><strong>Jovis</strong></span> 
     </span>
    </p>
   </div>
   <div class='ocr_carea' id='block_1_12' title="bbox 595 1052 2168 1123">
    <p class='ocr_par' dir='ltr' id='par_1_12' title="bbox 595 1052 2168 1123">
     <span class='ocr_line' id='line_1_12' title="bbox 595 1052 2168 1123; baseline 0.003 -19"><span class='ocrx_word' id='word_1_67' title='bbox 595 1061 755 1119; x_wconf 84' lang='lat' dir='ltr'><strong>caput</strong></span> <span class='ocrx_word' id='word_1_68' title='bbox 793 1052 957 1104; x_wconf 88' lang='lat' dir='ltr'><strong>alium</strong></span> <span class='ocrx_word' id='word_1_69' title='bbox 995 1053 1283 1120; x_wconf 85' lang='lat' dir='ltr'><strong>quemdam</strong></span> <span class='ocrx_word' id='word_1_70' title='bbox 1350 1053 1519 1108; x_wconf 87' lang='lat' dir='ltr'><strong>fetum</strong></span> <span class='ocrx_word' id='word_1_71' title='bbox 1567 1056 1916 1123; x_wconf 76' lang='lat' dir='ltr'><strong>pauturierat.</strong></span> <span class='ocrx_word' id='word_1_72' title='bbox 1963 1054 2168 1109; x_wconf 76' lang='lat' dir='ltr'><strong>Miner-</strong></span> 
     </span>
    </p>
   </div>
   <div class='ocr_carea' id='block_1_13' title="bbox 595 1144 2165 1215">
    <p class='ocr_par' dir='ltr' id='par_1_13' title="bbox 595 1144 2165 1215">
     <span class='ocr_line' id='line_1_13' title="bbox 595 1144 2165 1215; baseline 0.003 -19"><span class='ocrx_word' id='word_1_73' title='bbox 595 1158 716 1196; x_wconf 88' lang='lat' dir='ltr'><strong>vam</strong></span> <span class='ocrx_word' id='word_1_74' title='bbox 753 1144 897 1198; x_wconf 92' lang='lat' dir='ltr'><strong>enim</strong></span> <span class='ocrx_word' id='word_1_75' title='bbox 932 1144 1113 1199; x_wconf 87' lang='lat' dir='ltr'><strong>ferunt</strong></span> <span class='ocrx_word' id='word_1_76' title='bbox 1145 1161 1206 1200; x_wconf 81' lang='lat' dir='ltr'><strong>ex</strong></span> <span class='ocrx_word' id='word_1_77' title='bbox 1233 1145 1403 1201; x_wconf 83' lang='lat' dir='ltr'><strong>Jovis</strong></span> <span class='ocrx_word' id='word_1_78' title='bbox 1433 1147 1611 1215; x_wconf 89' lang='lat' dir='ltr'><strong>capite</strong></span> <span class='ocrx_word' id='word_1_79' title='bbox 1657 1148 1954 1202; x_wconf 89' lang='lat' dir='ltr'><strong>intersecto</strong></span> <span class='ocrx_word' id='word_1_80' title='bbox 1986 1157 2165 1201; x_wconf 89' lang='lat' dir='ltr'><strong>natam</strong></span> 
     </span>
    </p>
   </div>
   <div class='ocr_carea' id='block_1_14' title="bbox 589 1234 2170 1306">
    <p class='ocr_par' dir='ltr' id='par_1_14' title="bbox 589 1234 2170 1306">
     <span class='ocr_line' id='line_1_14' title="bbox 589 1234 2170 1306; baseline 0.003 -18"><span class='ocrx_word' id='word_1_81' title='bbox 589 1248 735 1288; x_wconf 84' lang='lat' dir='ltr'><strong>esse.</strong></span> <span class='ocrx_word' id='word_1_82' title='bbox 788 1234 958 1288; x_wconf 81' lang='lat' dir='ltr'><strong>Porro</strong></span> <span class='ocrx_word' id='word_1_83' title='bbox 1003 1237 1149 1290; x_wconf 86' lang='lat' dir='ltr'><strong>circa</strong></span> <span class='ocrx_word' id='word_1_84' title='bbox 1204 1237 1517 1306; x_wconf 81' lang='lat' dir='ltr'><strong>Dionysium</strong></span> <span class='ocrx_word' id='word_1_85' title='bbox 1570 1239 1787 1306; x_wconf 89' lang='lat' dir='ltr'><strong>quidam</strong></span> <span class='ocrx_word' id='word_1_86' title='bbox 1830 1240 1956 1293; x_wconf 90' lang='lat' dir='ltr'><strong>vino</strong></span> <span class='ocrx_word' id='word_1_87' title='bbox 1989 1239 2170 1294; x_wconf 90' lang='lat' dir='ltr'><strong>obruti</strong></span> 
     </span>
    </p>
   </div>
   <div class='ocr_carea' id='block_1_15' title="bbox 591 1324 2167 1399">
    <p class='ocr_par' dir='ltr' id='par_1_15' title="bbox 591 1324 2167 1399">
     <span class='ocr_line' id='line_1_15' title="bbox 591 1324 2167 1399; baseline 0.003 -21"><span class='ocrx_word' id='word_1_88' title='bbox 591 1336 649 1378; x_wconf 89' lang='lat' dir='ltr'><strong>et</strong></span> <span class='ocrx_word' id='word_1_89' title='bbox 701 1324 882 1380; x_wconf 84' lang='lat' dir='ltr'><strong>furore</strong></span> <span class='ocrx_word' id='word_1_90' title='bbox 936 1328 1175 1395; x_wconf 92' lang='lat' dir='ltr'><strong>correpti</strong></span> <span class='ocrx_word' id='word_1_91' title='bbox 1225 1330 1456 1382; x_wconf 90' lang='lat' dir='ltr'><strong>choreas</strong></span> <span class='ocrx_word' id='word_1_92' title='bbox 1489 1330 1740 1399; x_wconf 85' lang='lat' dir='ltr'><strong>agebant,</strong></span> <span class='ocrx_word' id='word_1_93' title='bbox 1791 1345 1856 1384; x_wconf 90' lang='lat' dir='ltr'><strong>ac</strong></span> <span class='ocrx_word' id='word_1_94' title='bbox 1881 1330 2167 1384; x_wconf 86' lang='lat' dir='ltr'><strong>militarem</strong></span> 
     </span>
    </p>
   </div>
   <div class='ocr_carea' id='block_1_16' title="bbox 590 1416 2171 1490">
    <p class='ocr_par' dir='ltr' id='par_1_16' title="bbox 590 1416 2171 1490">
     <span class='ocr_line' id='line_1_16' title="bbox 590 1416 2171 1490; baseline 0.003 -22"><span class='ocrx_word' id='word_1_95' title='bbox 590 1416 990 1480; x_wconf 63' lang='lat' dir='ltr'><strong>estseditionem</strong></span> <span class='ocrx_word' id='word_1_96' title='bbox 1045 1417 1290 1470; x_wconf 90' lang='lat' dir='ltr'><strong>obibant.</strong></span> <span class='ocrx_word' id='word_1_97' title='bbox 1344 1420 1414 1470; x_wconf 89' lang='lat' dir='ltr'><strong>At</strong></span> <span class='ocrx_word' id='word_1_98' title='bbox 1464 1418 1707 1473; x_wconf 80' lang='lat' dir='ltr'><strong>Thebani</strong></span> <span class='ocrx_word' id='word_1_99' title='bbox 1753 1425 2050 1490; x_wconf 64' lang='lat' dir='ltr'><strong>praesertim</strong></span> <span class='ocrx_word' id='word_1_100' title='bbox 2091 1421 2171 1488; x_wconf 93' lang='lat' dir='ltr'><strong>ip-</strong></span> 
     </span>
    </p>
   </div>
   <div class='ocr_carea' id='block_1_17' title="bbox 603 1507 2168 1578">
    <p class='ocr_par' dir='ltr' id='par_1_17' title="bbox 603 1507 2168 1578">
     <span class='ocr_line' id='line_1_17' title="bbox 603 1507 2168 1578; baseline 0.004 -21"><span class='ocrx_word' id='word_1_101' title='bbox 603 1521 726 1558; x_wconf 83' lang='lat' dir='ltr'><strong>sum</strong></span> <span class='ocrx_word' id='word_1_102' title='bbox 779 1507 1047 1570; x_wconf 59' lang='lat' dir='ltr'><strong>colebant,</strong></span> <span class='ocrx_word' id='word_1_103' title='bbox 1096 1508 1393 1560; x_wconf 76' lang='lat' dir='ltr'><strong>tonitruum</strong></span> <span class='ocrx_word' id='word_1_104' title='bbox 1423 1524 1641 1578; x_wconf 85' lang='lat' dir='ltr'><strong>quoque</strong></span> <span class='ocrx_word' id='word_1_105' title='bbox 1669 1510 1802 1564; x_wconf 91' lang='lat' dir='ltr'><strong>illud</strong></span> <span class='ocrx_word' id='word_1_106' title='bbox 1837 1511 2168 1565; x_wconf 76' lang='lat' dir='ltr'><strong>venerationi</strong></span> 
     </span>
    </p>
   </div>
   <div class='ocr_carea' id='block_1_18' title="bbox 594 1597 2163 1673">
    <p class='ocr_par' dir='ltr' id='par_1_18' title="bbox 594 1597 2163 1673">
     <span class='ocr_line' id='line_1_18' title="bbox 594 1597 2163 1673; baseline 0.006 -24"><span class='ocrx_word' id='word_1_107' title='bbox 594 1597 875 1660; x_wconf 84' lang='lat' dir='ltr'><strong>habentes,</strong></span> <span class='ocrx_word' id='word_1_108' title='bbox 927 1613 1035 1665; x_wconf 86' lang='lat' dir='ltr'><strong>quo</strong></span> <span class='ocrx_word' id='word_1_109' title='bbox 1068 1599 1278 1652; x_wconf 82' lang='lat' dir='ltr'><strong>Semele</strong></span> <span class='ocrx_word' id='word_1_110' title='bbox 1316 1600 1476 1668; x_wconf 79' lang='lat' dir='ltr'><strong>hujus</strong></span> <span class='ocrx_word' id='word_1_111' title='bbox 1512 1612 1685 1655; x_wconf 80' lang='lat' dir='ltr'><strong>mater</strong></span> <span class='ocrx_word' id='word_1_112' title='bbox 1715 1602 2163 1673; x_wconf 85' lang='lat' dir='ltr'><strong>eoollagraverat.</strong></span> 
     </span>
    </p>
   </div>
   <div class='ocr_carea' id='block_1_19' title="bbox 2274 413 3854 483">
    <p class='ocr_par' dir='ltr' id='par_1_19' title="bbox 2274 413 3854 483">
     <span class='ocr_line' id='line_1_19' title="bbox 2274 413 3854 483; baseline 0.005 -17"><span class='ocrx_word' id='word_1_113' title='bbox 2274 414 2457 467; x_wconf 79' lang='lat' dir='ltr'><strong>Dianae</strong></span> <span class='ocrx_word' id='word_1_114' title='bbox 2510 413 2769 478; x_wconf 87' lang='lat' dir='ltr'><strong>cultores,</strong></span> <span class='ocrx_word' id='word_1_115' title='bbox 2823 413 2876 466; x_wconf 89' lang='lat' dir='ltr'><strong>in</strong></span> <span class='ocrx_word' id='word_1_116' title='bbox 2929 413 3100 483; x_wconf 84' lang='lat' dir='ltr'><strong>ipsius</strong></span> <span class='ocrx_word' id='word_1_117' title='bbox 3152 416 3414 469; x_wconf 88' lang='lat' dir='ltr'><strong>honorem</strong></span> <span class='ocrx_word' id='word_1_118' title='bbox 3459 414 3660 470; x_wconf 85' lang='lat' dir='ltr'><strong>festum</strong></span> <span class='ocrx_word' id='word_1_119' title='bbox 3715 420 3854 474; x_wconf 84' lang='lat' dir='ltr'><strong>cele-</strong></span> 
     </span>
    </p>
   </div>
   <div class='ocr_carea' id='block_1_20' title="bbox 2276 503 3851 578">
    <p class='ocr_par' dir='ltr' id='par_1_20' title="bbox 2276 503 3851 578">
     <span class='ocr_line' id='line_1_20' title="bbox 2276 503 3851 578; baseline 0.004 -18"><span class='ocrx_word' id='word_1_120' title='bbox 2276 505 2528 567; x_wconf 87' lang='lat' dir='ltr'><strong>brabant,</strong></span> <span class='ocrx_word' id='word_1_121' title='bbox 2587 503 2640 556; x_wconf 92' lang='lat' dir='ltr'><strong>in</strong></span> <span class='ocrx_word' id='word_1_122' title='bbox 2693 518 2804 573; x_wconf 92' lang='lat' dir='ltr'><strong>quo</strong></span> <span class='ocrx_word' id='word_1_123' title='bbox 2853 506 3236 558; x_wconf 84' lang='lat' dir='ltr'><strong>adolescentes</strong></span> <span class='ocrx_word' id='word_1_124' title='bbox 3283 505 3608 562; x_wconf 82' lang='lat' dir='ltr'><strong>verberibus</strong></span> <span class='ocrx_word' id='word_1_125' title='bbox 3659 523 3851 578; x_wconf 80' lang='lat' dir='ltr'><strong>corpus</strong></span> 
     </span>
    </p>
   </div>
   <div class='ocr_carea' id='block_1_21' title="bbox 2275 596 3850 665">
    <p class='ocr_par' dir='ltr' id='par_1_21' title="bbox 2275 596 3850 665">
     <span class='ocr_line' id='line_1_21' title="bbox 2275 596 3850 665; baseline 0.006 -18"><span class='ocrx_word' id='word_1_126' title='bbox 2275 596 2712 663; x_wconf 80' lang='lat' dir='ltr'><strong>proscindentes,</strong></span> <span class='ocrx_word' id='word_1_127' title='bbox 2750 610 2898 648; x_wconf 87' lang='lat' dir='ltr'><strong>aram</strong></span> <span class='ocrx_word' id='word_1_128' title='bbox 2931 611 3126 650; x_wconf 89' lang='lat' dir='ltr'><strong>cruore</strong></span> <span class='ocrx_word' id='word_1_129' title='bbox 3159 596 3588 665; x_wconf 85' lang='lat' dir='ltr'><strong>profundebant,</strong></span> <span class='ocrx_word' id='word_1_130' title='bbox 3638 603 3850 656; x_wconf 75' lang='lat' dir='ltr'><strong>virtutis</strong></span> 
     </span>
    </p>
   </div>
   <div class='ocr_carea' id='block_1_22' title="bbox 2274 687 3850 756">
    <p class='ocr_par' dir='ltr' id='par_1_22' title="bbox 2274 687 3850 756">
     <span class='ocr_line' id='line_1_22' title="bbox 2274 687 3850 756; baseline 0.004 -17"><span class='ocrx_word' id='word_1_131' title='bbox 2274 700 2388 739; x_wconf 66' lang='lat' dir='ltr'><strong>suae</strong></span> <span class='ocrx_word' id='word_1_132' title='bbox 2420 687 2920 755; x_wconf 80' lang='lat' dir='ltr'><strong>magnitudinisque</strong></span> <span class='ocrx_word' id='word_1_133' title='bbox 2983 687 3152 740; x_wconf 83' lang='lat' dir='ltr'><strong>animi</strong></span> <span class='ocrx_word' id='word_1_134' title='bbox 3197 687 3472 756; x_wconf 88' lang='lat' dir='ltr'><strong>specimen</strong></span> <span class='ocrx_word' id='word_1_135' title='bbox 3519 691 3850 755; x_wconf 75' lang='lat' dir='ltr'><strong>exhibentes,</strong></span> 
     </span>
    </p>
   </div>
   <div class='ocr_carea' id='block_1_23' title="bbox 2273 777 3848 847">
    <p class='ocr_par' dir='ltr' id='par_1_23' title="bbox 2273 777 3848 847">
     <span class='ocr_line' id='line_1_23' title="bbox 2273 777 3848 847; baseline 0.004 -17"><span class='ocrx_word' id='word_1_136' title='bbox 2273 791 2337 830; x_wconf 91' lang='lat' dir='ltr'><strong>ac</strong></span> <span class='ocrx_word' id='word_1_137' title='bbox 2363 777 2684 831; x_wconf 82' lang='lat' dir='ltr'><strong>vulneribus</strong></span> <span class='ocrx_word' id='word_1_138' title='bbox 2732 777 3072 846; x_wconf 81' lang='lat' dir='ltr'><strong>perferendis</strong></span> <span class='ocrx_word' id='word_1_139' title='bbox 3128 779 3343 847; x_wconf 88' lang='lat' dir='ltr'><strong>seipsos</strong></span> <span class='ocrx_word' id='word_1_140' title='bbox 3403 779 3848 847; x_wconf 77' lang='lat' dir='ltr'><strong>assuefaeientes,</strong></span> 
     </span>
    </p>
   </div>
   <div class='ocr_carea' id='block_1_24' title="bbox 2275 867 3849 938">
    <p class='ocr_par' dir='ltr' id='par_1_24' title="bbox 2275 867 3849 938">
     <span class='ocr_line' id='line_1_24' title="bbox 2275 867 3849 938; baseline 0.003 -18"><span class='ocrx_word' id='word_1_141' title='bbox 2275 875 2334 920; x_wconf 88' lang='lat' dir='ltr'><strong>ut</strong></span> <span class='ocrx_word' id='word_1_142' title='bbox 2363 867 2572 921; x_wconf 85' lang='lat' dir='ltr'><strong>scilicet</strong></span> <span class='ocrx_word' id='word_1_143' title='bbox 2601 868 2824 921; x_wconf 86' lang='lat' dir='ltr'><strong>vulnera</strong></span> <span class='ocrx_word' id='word_1_144' title='bbox 2861 869 2914 920; x_wconf 92' lang='lat' dir='ltr'><strong>in</strong></span> <span class='ocrx_word' id='word_1_145' title='bbox 2963 867 3120 922; x_wconf 89' lang='lat' dir='ltr'><strong>bellis</strong></span> <span class='ocrx_word' id='word_1_146' title='bbox 3149 881 3369 938; x_wconf 87' lang='lat' dir='ltr'><strong>accepta</strong></span> <span class='ocrx_word' id='word_1_147' title='bbox 3415 880 3849 925; x_wconf 80' lang='lat' dir='ltr'><strong>contemnerent.</strong></span> 
     </span>
    </p>
   </div>
   <div class='ocr_carea' id='block_1_25' title="bbox 2272 954 3850 1026">
    <p class='ocr_par' dir='ltr' id='par_1_25' title="bbox 2272 954 3850 1026">
     <span class='ocr_line' id='line_1_25' title="bbox 2272 954 3850 1026; baseline 0.004 -21"><span class='ocrx_word' id='word_1_148' title='bbox 2272 954 2450 1023; x_wconf 84' lang='lat' dir='ltr'><strong>Atque</strong></span> <span class='ocrx_word' id='word_1_149' title='bbox 2499 971 2618 1009; x_wconf 89' lang='lat' dir='ltr'><strong>eam</strong></span> <span class='ocrx_word' id='word_1_150' title='bbox 2676 956 2990 1025; x_wconf 80' lang='lat' dir='ltr'><strong>huiusmodi</strong></span> <span class='ocrx_word' id='word_1_151' title='bbox 3043 958 3192 1010; x_wconf 88' lang='lat' dir='ltr'><strong>cultu</strong></span> <span class='ocrx_word' id='word_1_152' title='bbox 3251 960 3748 1026; x_wconf 84' lang='lat' dir='ltr'><strong>prosequebantur,</strong></span> <span class='ocrx_word' id='word_1_153' title='bbox 3797 971 3850 1014; x_wconf 88' lang='lat' dir='ltr'><strong>ut</strong></span> 
     </span>
    </p>
   </div>
   <div class='ocr_carea' id='block_1_26' title="bbox 2273 1042 3848 1120">
    <p class='ocr_par' dir='ltr' id='par_1_26' title="bbox 2273 1042 3848 1120">
     <span class='ocr_line' id='line_1_26' title="bbox 2273 1042 3848 1120; baseline 0.007 -25"><span class='ocrx_word' id='word_1_154' title='bbox 2273 1042 2595 1099; x_wconf 89' lang='lat' dir='ltr'><strong>fortitudine</strong></span> <span class='ocrx_word' id='word_1_155' title='bbox 2629 1055 2998 1113; x_wconf 76' lang='lat' dir='ltr'><strong>przestantem,</strong></span> <span class='ocrx_word' id='word_1_156' title='bbox 3052 1062 3151 1100; x_wconf 83' lang='lat' dir='ltr'><strong>nec</strong></span> <span class='ocrx_word' id='word_1_157' title='bbox 3203 1063 3232 1100; x_wconf 88' lang='lat' dir='ltr'><strong>a</strong></span> <span class='ocrx_word' id='word_1_158' title='bbox 3288 1047 3556 1117; x_wconf 79' lang='lat' dir='ltr'><strong>Cupidine</strong></span> <span class='ocrx_word' id='word_1_159' title='bbox 3614 1067 3848 1120; x_wconf 83' lang='lat' dir='ltr'><strong>unquam</strong></span> 
     </span>
    </p>
   </div>
   <div class='ocr_carea' id='block_1_27' title="bbox 2271 1134 3848 1208">
    <p class='ocr_par' dir='ltr' id='par_1_27' title="bbox 2271 1134 3848 1208">
     <span class='ocr_line' id='line_1_27' title="bbox 2271 1134 3848 1208; baseline 0.008 -20"><span class='ocrx_word' id='word_1_160' title='bbox 2271 1134 2499 1190; x_wconf 80' lang='lat' dir='ltr'><strong>fractam</strong></span> <span class='ocrx_word' id='word_1_161' title='bbox 2536 1153 2600 1192; x_wconf 87' lang='lat' dir='ltr'><strong>ac</strong></span> <span class='ocrx_word' id='word_1_162' title='bbox 2653 1150 2990 1208; x_wconf 85' lang='lat' dir='ltr'><strong>superatam.</strong></span> <span class='ocrx_word' id='word_1_163' title='bbox 3047 1139 3109 1192; x_wconf 93' lang='lat' dir='ltr'><strong>lli</strong></span> <span class='ocrx_word' id='word_1_164' title='bbox 3161 1155 3342 1208; x_wconf 86' lang='lat' dir='ltr'><strong>porro,</strong></span> <span class='ocrx_word' id='word_1_165' title='bbox 3398 1160 3522 1195; x_wconf 89' lang='lat' dir='ltr'><strong>cum</strong></span> <span class='ocrx_word' id='word_1_166' title='bbox 3555 1149 3770 1201; x_wconf 69' lang='lat' dir='ltr'><strong>caeteris</strong></span> <span class='ocrx_word' id='word_1_167' title='bbox 3801 1149 3848 1202; x_wconf 89' lang='lat' dir='ltr'><strong>in</strong></span> 
     </span>
    </p>
   </div>
   <div class='ocr_carea' id='block_1_28' title="bbox 2273 1227 3848 1302">
    <p class='ocr_par' dir='ltr' id='par_1_28' title="bbox 2273 1227 3848 1302">
     <span class='ocr_line' id='line_1_28' title="bbox 2273 1227 3848 1302; baseline 0.006 -22"><span class='ocrx_word' id='word_1_168' title='bbox 2273 1227 2435 1280; x_wconf 81' lang='lat' dir='ltr'><strong>rebus</strong></span> <span class='ocrx_word' id='word_1_169' title='bbox 2493 1229 2662 1281; x_wconf 88' lang='lat' dir='ltr'><strong>animi</strong></span> <span class='ocrx_word' id='word_1_170' title='bbox 2713 1231 2908 1284; x_wconf 86' lang='lat' dir='ltr'><strong>robore</strong></span> <span class='ocrx_word' id='word_1_171' title='bbox 2959 1240 3299 1297; x_wconf 73' lang='lat' dir='ltr'><strong>praestarent,</strong></span> <span class='ocrx_word' id='word_1_172' title='bbox 3351 1246 3415 1284; x_wconf 88' lang='lat' dir='ltr'><strong>ac</strong></span> <span class='ocrx_word' id='word_1_173' title='bbox 3449 1233 3589 1286; x_wconf 90' lang='lat' dir='ltr'><strong>mira</strong></span> <span class='ocrx_word' id='word_1_174' title='bbox 3619 1236 3848 1302; x_wconf 85' lang='lat' dir='ltr'><strong>quadam</strong></span> 
     </span>
    </p>
   </div>
   <div class='ocr_carea' id='block_1_29' title="bbox 2270 1317 3849 1390">
    <p class='ocr_par' dir='ltr' id='par_1_29' title="bbox 2270 1317 3849 1390">
     <span class='ocr_line' id='line_1_29' title="bbox 2270 1317 3849 1390; baseline 0.005 -20"><span class='ocrx_word' id='word_1_175' title='bbox 2270 1317 2558 1370; x_wconf 89' lang='lat' dir='ltr'><strong>tolerantia</strong></span> <span class='ocrx_word' id='word_1_176' title='bbox 2585 1318 2800 1372; x_wconf 89' lang='lat' dir='ltr'><strong>labores</strong></span> <span class='ocrx_word' id='word_1_177' title='bbox 2831 1328 2884 1372; x_wconf 90' lang='lat' dir='ltr'><strong>et</strong></span> <span class='ocrx_word' id='word_1_178' title='bbox 2920 1319 3185 1372; x_wconf 85' lang='lat' dir='ltr'><strong>militares</strong></span> <span class='ocrx_word' id='word_1_179' title='bbox 3217 1335 3490 1374; x_wconf 65' lang='lat' dir='ltr'><strong>aerumnas</strong></span> <span class='ocrx_word' id='word_1_180' title='bbox 3517 1321 3849 1390; x_wconf 86' lang='lat' dir='ltr'><strong>perferrent,</strong></span> 
     </span>
    </p>
   </div>
   <div class='ocr_carea' id='block_1_30' title="bbox 2272 1408 3850 1481">
    <p class='ocr_par' dir='ltr' id='par_1_30' title="bbox 2272 1408 3850 1481">
     <span class='ocr_line' id='line_1_30' title="bbox 2272 1408 3850 1481; baseline 0.005 -20"><span class='ocrx_word' id='word_1_181' title='bbox 2272 1408 2326 1461; x_wconf 87' lang='lat' dir='ltr'><strong>in</strong></span> <span class='ocrx_word' id='word_1_182' title='bbox 2363 1411 2464 1462; x_wconf 92' lang='lat' dir='ltr'><strong>hoc</strong></span> <span class='ocrx_word' id='word_1_183' title='bbox 2496 1422 2608 1463; x_wconf 92' lang='lat' dir='ltr'><strong>uno</strong></span> <span class='ocrx_word' id='word_1_184' title='bbox 2634 1410 3086 1480; x_wconf 68' lang='lat' dir='ltr'><strong>magnanimitate</strong></span> <span class='ocrx_word' id='word_1_185' title='bbox 3113 1425 3211 1464; x_wconf 86' lang='lat' dir='ltr'><strong>sua</strong></span> <span class='ocrx_word' id='word_1_186' title='bbox 3239 1409 3505 1480; x_wconf 85' lang='lat' dir='ltr'><strong>ﬂagitiose</strong></span> <span class='ocrx_word' id='word_1_187' title='bbox 3537 1414 3850 1481; x_wconf 88' lang='lat' dir='ltr'><strong>utebantur,</strong></span> 
     </span>
    </p>
   </div>
   <div class='ocr_carea' id='block_1_31' title="bbox 2271 1499 3853 1576">
    <p class='ocr_par' dir='ltr' id='par_1_31' title="bbox 2271 1499 3853 1576">
     <span class='ocr_line' id='line_1_31' title="bbox 2271 1499 3853 1576; baseline 0.007 -24"><span class='ocrx_word' id='word_1_188' title='bbox 2271 1499 2417 1568; x_wconf 85' lang='lat' dir='ltr'><strong>quod</strong></span> <span class='ocrx_word' id='word_1_189' title='bbox 2467 1499 2669 1554; x_wconf 83' lang='lat' dir='ltr'><strong>frustra</strong></span> <span class='ocrx_word' id='word_1_190' title='bbox 2723 1515 2845 1556; x_wconf 86' lang='lat' dir='ltr'><strong>sese</strong></span> <span class='ocrx_word' id='word_1_191' title='bbox 2903 1501 3159 1565; x_wconf 89' lang='lat' dir='ltr'><strong>invicem,</strong></span> <span class='ocrx_word' id='word_1_192' title='bbox 3211 1503 3364 1570; x_wconf 90' lang='lat' dir='ltr'><strong>quasi</strong></span> <span class='ocrx_word' id='word_1_193' title='bbox 3414 1503 3623 1569; x_wconf 88' lang='lat' dir='ltr'><strong>hostes,</strong></span> <span class='ocrx_word' id='word_1_194' title='bbox 3673 1507 3853 1576; x_wconf 85' lang='lat' dir='ltr'><strong>ﬂagris</strong></span> 
     </span>
    </p>
   </div>
   <div class='ocr_carea' id='block_1_32' title="bbox 2271 1591 3850 1666">
    <p class='ocr_par' dir='ltr' id='par_1_32' title="bbox 2271 1591 3850 1666">
     <span class='ocr_line' id='line_1_32' title="bbox 2271 1591 3850 1666; baseline 0.006 -22"><span class='ocrx_word' id='word_1_195' title='bbox 2271 1591 2709 1654; x_wconf 87' lang='lat' dir='ltr'><strong>conscinderent,</strong></span> <span class='ocrx_word' id='word_1_196' title='bbox 2753 1607 2818 1646; x_wconf 93' lang='lat' dir='ltr'><strong>ac</strong></span> <span class='ocrx_word' id='word_1_197' title='bbox 2842 1607 2937 1661; x_wconf 92' lang='lat' dir='ltr'><strong>per</strong></span> <span class='ocrx_word' id='word_1_198' title='bbox 2988 1593 3300 1662; x_wconf 68' lang='lat' dir='ltr'><strong>huiusmodi</strong></span> <span class='ocrx_word' id='word_1_199' title='bbox 3353 1610 3441 1650; x_wconf 89' lang='lat' dir='ltr'><strong>res</strong></span> <span class='ocrx_word' id='word_1_200' title='bbox 3485 1609 3706 1666; x_wconf 88' lang='lat' dir='ltr'><strong>gratum</strong></span> <span class='ocrx_word' id='word_1_201' title='bbox 3745 1599 3850 1654; x_wconf 84' lang='lat' dir='ltr'><strong>Deo</strong></span> 
     </span>
    </p>
   </div>
   <div class='ocr_carea' id='block_1_33' title="bbox 681 1662 2162 1765">
    <p class='ocr_par' dir='ltr' id='par_1_33' title="bbox 681 1662 2162 1765">
     <span class='ocr_line' id='line_1_33' title="bbox 681 1662 2162 1765; baseline 0.007 -24"><span class='ocrx_word' id='word_1_202' title='bbox 681 1688 799 1741; x_wconf 87' lang='lat' dir='ltr'><strong>Col.</strong></span> <span class='ocrx_word' id='word_1_203' title='bbox 820 1689 921 1743; x_wconf 77' lang='grc'><strong>558</strong></span> <span class='ocrx_word' id='word_1_204' title='bbox 1025 1689 1139 1742; x_wconf 81' lang='lat' dir='ltr'><strong>Nec</strong></span> <span class='ocrx_word' id='word_1_205' title='bbox 1161 1692 1476 1756; x_wconf 80' lang='lat' dir='ltr'><strong>meretricia,</strong></span> <span class='ocrx_word' id='word_1_206' title='bbox 1499 1702 1602 1747; x_wconf 77' lang='lat' dir='ltr'><strong>etc.</strong></span> <span class='ocrx_word' id='word_1_207' title='bbox 1628 1692 1859 1764; x_wconf 83' lang='lat' dir='ltr'><strong>Fingunt</strong></span> <span class='ocrx_word' id='word_1_208' title='bbox 1876 1662 2048 1765; x_wconf 53' lang='lat' dir='ltr'><strong>pvoeta:</strong></span> <span class='ocrx_word' id='word_1_209' title='bbox 2065 1698 2134 1751; x_wconf 74' lang='lat' dir='ltr'><strong>Sa</strong></span> <span class='ocrx_word' id='word_1_210' title='bbox 2150 1725 2162 1736; x_wconf 85' lang='lat'><strong>-</strong></span> 
     </span>
    </p>
   </div>
   <div class='ocr_carea' id='block_1_34' title="bbox 2265 1662 3853 1765">
    <p class='ocr_par' dir='ltr' id='par_1_34' title="bbox 2275 1682 3853 1746">
     <span class='ocr_line' id='line_1_34' title="bbox 2275 1682 3853 1746; baseline 0.006 -10"><span class='ocrx_word' id='word_1_211' title='bbox 2275 1682 2479 1736; x_wconf 90' lang='lat' dir='ltr'><strong>cultum</strong></span> <span class='ocrx_word' id='word_1_212' title='bbox 2513 1697 2636 1738; x_wconf 89' lang='lat' dir='ltr'><strong>sese</strong></span> <span class='ocrx_word' id='word_1_213' title='bbox 2669 1683 2928 1738; x_wconf 80' lang='lat' dir='ltr'><strong>exhibere</strong></span> <span class='ocrx_word' id='word_1_214' title='bbox 2967 1685 3362 1740; x_wconf 83' lang='lat' dir='ltr'><strong>arbitrarentur</strong></span> <span class='ocrx_word' id='word_1_215' title='bbox 3401 1705 3416 1740; x_wconf 90' lang='lat'><strong>:</strong></span> <span class='ocrx_word' id='word_1_216' title='bbox 3450 1702 3575 1742; x_wconf 91' lang='lat' dir='ltr'><strong>cum</strong></span> <span class='ocrx_word' id='word_1_217' title='bbox 3626 1690 3774 1746; x_wconf 85' lang='lat' dir='ltr'><strong>lenis</strong></span> <span class='ocrx_word' id='word_1_218' title='bbox 3802 1705 3853 1745; x_wconf 86' lang='lat' dir='ltr'><strong>et</strong></span> 
     </span>
    </p>
   </div>
   <div class='ocr_carea' id='block_1_35' title="bbox 589 1781 2170 1857">
    <p class='ocr_par' dir='ltr' id='par_1_35' title="bbox 589 1781 2170 1857">
     <span class='ocr_line' id='line_1_35' title="bbox 589 1781 2170 1857; baseline 0.006 -25"><span class='ocrx_word' id='word_1_219' title='bbox 589 1788 810 1832; x_wconf 86' lang='lat' dir='ltr'><strong>turnum</strong></span> <span class='ocrx_word' id='word_1_220' title='bbox 825 1782 1085 1835; x_wconf 82' lang='lat' dir='ltr'><strong>adversus</strong></span> <span class='ocrx_word' id='word_1_221' title='bbox 1102 1781 1308 1836; x_wconf 61' lang='lat' dir='ltr'><strong>Caelum</strong></span> <span class='ocrx_word' id='word_1_222' title='bbox 1329 1795 1532 1852; x_wconf 89' lang='lat' dir='ltr'><strong>patrem</strong></span> <span class='ocrx_word' id='word_1_223' title='bbox 1549 1785 1860 1852; x_wconf 84' lang='lat' dir='ltr'><strong>rebellasse,</strong></span> <span class='ocrx_word' id='word_1_224' title='bbox 1880 1800 2170 1857; x_wconf 86' lang='lat' dir='ltr'><strong>partesque</strong></span> 
     </span>
    </p>
   </div>
   <div class='ocr_carea' id='block_1_36' title="bbox 589 1871 2169 1948">
    <p class='ocr_par' dir='ltr' id='par_1_36' title="bbox 589 1871 2169 1948">
     <span class='ocr_line' id='line_1_36' title="bbox 589 1871 2169 1948; baseline 0.004 -22"><span class='ocrx_word' id='word_1_225' title='bbox 589 1871 764 1940; x_wconf 74' lang='lat' dir='ltr'><strong>ipsius</strong></span> <span class='ocrx_word' id='word_1_226' title='bbox 804 1872 1084 1941; x_wconf 84' lang='lat' dir='ltr'><strong>pudendas</strong></span> <span class='ocrx_word' id='word_1_227' title='bbox 1133 1873 1428 1937; x_wconf 77' lang='lat' dir='ltr'><strong>excidisse,</strong></span> <span class='ocrx_word' id='word_1_228' title='bbox 1484 1883 1649 1943; x_wconf 83' lang='lat' dir='ltr'><strong>atque</strong></span> <span class='ocrx_word' id='word_1_229' title='bbox 1701 1875 1755 1930; x_wconf 92' lang='lat' dir='ltr'><strong>in</strong></span> <span class='ocrx_word' id='word_1_230' title='bbox 1809 1892 1960 1932; x_wconf 85' lang='lat' dir='ltr'><strong>mare</strong></span> <span class='ocrx_word' id='word_1_231' title='bbox 1989 1879 2169 1948; x_wconf 91' lang='lat' dir='ltr'><strong>proje-</strong></span> 
     </span>
    </p>
   </div>
   <div class='ocr_carea' id='block_1_37' title="bbox 588 1965 2168 2040">
    <p class='ocr_par' dir='ltr' id='par_1_37' title="bbox 588 1965 2168 2040">
     <span class='ocr_line' id='line_1_37' title="bbox 588 1965 2168 2040; baseline 0.005 -21"><span class='ocrx_word' id='word_1_232' title='bbox 588 1965 773 2029; x_wconf 90' lang='lat' dir='ltr'><strong>eisse,</strong></span> <span class='ocrx_word' id='word_1_233' title='bbox 832 1965 1175 2036; x_wconf 89' lang='lat' dir='ltr'><strong>fructumque</strong></span> <span class='ocrx_word' id='word_1_234' title='bbox 1234 1968 1455 2021; x_wconf 87' lang='lat' dir='ltr'><strong>obsceni</strong></span> <span class='ocrx_word' id='word_1_235' title='bbox 1520 1969 1664 2022; x_wconf 88' lang='lat' dir='ltr'><strong>illius</strong></span> <span class='ocrx_word' id='word_1_236' title='bbox 1724 1970 1950 2026; x_wconf 86' lang='lat' dir='ltr'><strong>membri</strong></span> <span class='ocrx_word' id='word_1_237' title='bbox 2005 1983 2168 2040; x_wconf 84' lang='lat' dir='ltr'><strong>atque</strong></span> 
     </span>
    </p>
   </div>
   <div class='ocr_carea' id='block_1_38' title="bbox 591 2053 2168 2126">
    <p class='ocr_par' dir='ltr' id='par_1_38' title="bbox 591 2053 2168 2126">
     <span class='ocr_line' id='line_1_38' title="bbox 591 2053 2168 2126; baseline 0.004 -18"><span class='ocrx_word' id='word_1_238' title='bbox 591 2055 924 2109; x_wconf 80' lang='lat' dir='ltr'><strong>exsectionis</strong></span> <span class='ocrx_word' id='word_1_239' title='bbox 973 2053 1235 2108; x_wconf 81' lang='lat' dir='ltr'><strong>Venerem</strong></span> <span class='ocrx_word' id='word_1_240' title='bbox 1283 2056 1578 2112; x_wconf 78' lang='lat' dir='ltr'><strong>exstitisse.</strong></span> <span class='ocrx_word' id='word_1_241' title='bbox 1641 2059 1816 2126; x_wconf 85' lang='lat' dir='ltr'><strong>Atque</strong></span> <span class='ocrx_word' id='word_1_242' title='bbox 1862 2060 1964 2114; x_wconf 89' lang='lat' dir='ltr'><strong>hoc</strong></span> <span class='ocrx_word' id='word_1_243' title='bbox 2007 2063 2168 2114; x_wconf 76' lang='grc' dir='ltr'><strong>ιηυιιο</strong></span> 
     </span>
    </p>
   </div>
   <div class='ocr_carea' id='block_1_39' title="bbox 590 2146 2167 2220">
    <p class='ocr_par' dir='ltr' id='par_1_39' title="bbox 590 2146 2167 2220">
     <span class='ocr_line' id='line_1_39' title="bbox 590 2146 2167 2220; baseline 0.004 -21"><span class='ocrx_word' id='word_1_244' title='bbox 590 2146 707 2215; x_wconf 89' lang='lat' dir='ltr'><strong>ipsa</strong></span> <span class='ocrx_word' id='word_1_245' title='bbox 762 2146 992 2214; x_wconf 89' lang='lat' dir='ltr'><strong>turpiter</strong></span> <span class='ocrx_word' id='word_1_246' title='bbox 1055 2147 1332 2216; x_wconf 80' lang='lat' dir='ltr'><strong>progenita</strong></span> <span class='ocrx_word' id='word_1_247' title='bbox 1391 2157 1495 2203; x_wconf 89' lang='lat' dir='ltr'><strong>est.</strong></span> <span class='ocrx_word' id='word_1_248' title='bbox 1558 2146 1878 2218; x_wconf 77' lang='lat' dir='ltr'><strong>ltursusque</strong></span> <span class='ocrx_word' id='word_1_249' title='bbox 1941 2151 2167 2220; x_wconf 82' lang='lat' dir='ltr'><strong>turpiter</strong></span> 
     </span>
    </p>
   </div>
   <div class='ocr_carea' id='block_1_40' title="bbox 591 2235 2168 2309">
    <p class='ocr_par' dir='ltr' id='par_1_40' title="bbox 591 2235 2168 2309">
     <span class='ocr_line' id='line_1_40' title="bbox 591 2235 2168 2309; baseline 0.007 -23"><span class='ocrx_word' id='word_1_250' title='bbox 591 2235 891 2289; x_wconf 88' lang='lat' dir='ltr'><strong>honoratur</strong></span> <span class='ocrx_word' id='word_1_251' title='bbox 940 2251 1041 2304; x_wconf 89' lang='lat' dir='ltr'><strong>per</strong></span> <span class='ocrx_word' id='word_1_252' title='bbox 1095 2235 1395 2303; x_wconf 81' lang='lat' dir='ltr'><strong>flagitiosus</strong></span> <span class='ocrx_word' id='word_1_253' title='bbox 1440 2238 1761 2293; x_wconf 86' lang='lat' dir='ltr'><strong>concubitus</strong></span> <span class='ocrx_word' id='word_1_254' title='bbox 1797 2250 1961 2309; x_wconf 87' lang='lat' dir='ltr'><strong>atque</strong></span> <span class='ocrx_word' id='word_1_255' title='bbox 2003 2257 2168 2297; x_wconf 82' lang='lat' dir='ltr'><strong>exse-</strong></span> 
     </span>
    </p>
   </div>
   <div class='ocr_carea' id='block_1_41' title="bbox 587 2325 2164 2396">
    <p class='ocr_par' dir='ltr' id='par_1_41' title="bbox 587 2325 2164 2396">
     <span class='ocr_line' id='line_1_41' title="bbox 587 2325 2164 2396; baseline 0.004 -18"><span class='ocrx_word' id='word_1_256' title='bbox 587 2325 794 2379; x_wconf 85' lang='lat' dir='ltr'><strong>cranda</strong></span> <span class='ocrx_word' id='word_1_257' title='bbox 836 2329 1112 2396; x_wconf 83' lang='lat' dir='ltr'><strong>mysteria.</strong></span> <span class='ocrx_word' id='word_1_258' title='bbox 1160 2325 1278 2382; x_wconf 85' lang='lat' dir='ltr'><strong>Jam</strong></span> <span class='ocrx_word' id='word_1_259' title='bbox 1328 2342 1455 2381; x_wconf 89' lang='lat' dir='ltr'><strong>vero</strong></span> <span class='ocrx_word' id='word_1_260' title='bbox 1494 2343 1616 2382; x_wconf 92' lang='lat' dir='ltr'><strong>cum</strong></span> <span class='ocrx_word' id='word_1_261' title='bbox 1653 2328 1898 2384; x_wconf 83' lang='lat' dir='ltr'><strong>Bacchus</strong></span> <span class='ocrx_word' id='word_1_262' title='bbox 1930 2331 1997 2384; x_wconf 89' lang='lat' dir='ltr'><strong>ad</strong></span> <span class='ocrx_word' id='word_1_263' title='bbox 2027 2331 2164 2385; x_wconf 80' lang='lat' dir='ltr'><strong>infc-</strong></span> 
     </span>
    </p>
   </div>
   <div class='ocr_carea' id='block_1_42' title="bbox 588 2420 2163 2491">
    <p class='ocr_par' dir='ltr' id='par_1_42' title="bbox 588 2420 2163 2491">
     <span class='ocr_line' id='line_1_42' title="bbox 588 2420 2163 2491; baseline 0.004 -19"><span class='ocrx_word' id='word_1_264' title='bbox 588 2433 680 2473; x_wconf 87' lang='lat' dir='ltr'><strong>ros</strong></span> <span class='ocrx_word' id='word_1_265' title='bbox 731 2420 1061 2475; x_wconf 87' lang='lat' dir='ltr'><strong>descendere</strong></span> <span class='ocrx_word' id='word_1_266' title='bbox 1112 2430 1356 2489; x_wconf 82' lang='lat' dir='ltr'><strong>cuperet,</strong></span> <span class='ocrx_word' id='word_1_267' title='bbox 1410 2422 1620 2491; x_wconf 87' lang='lat' dir='ltr'><strong>iterque</strong></span> <span class='ocrx_word' id='word_1_268' title='bbox 1675 2422 1968 2490; x_wconf 77' lang='lat' dir='ltr'><strong>ignoraret,</strong></span> <span class='ocrx_word' id='word_1_269' title='bbox 2030 2426 2163 2479; x_wconf 86' lang='lat' dir='ltr'><strong>ado-</strong></span> 
     </span>
    </p>
   </div>
   <div class='ocr_carea' id='block_1_43' title="bbox 591 2508 2165 2581">
    <p class='ocr_par' dir='ltr' id='par_1_43' title="bbox 591 2508 2165 2581">
     <span class='ocr_line' id='line_1_43' title="bbox 591 2508 2165 2581; baseline 0.005 -21"><span class='ocrx_word' id='word_1_270' title='bbox 591 2509 803 2564; x_wconf 83' lang='lat' dir='ltr'><strong>lescens</strong></span> <span class='ocrx_word' id='word_1_271' title='bbox 831 2510 1052 2578; x_wconf 89' lang='lat' dir='ltr'><strong>quidam</strong></span> <span class='ocrx_word' id='word_1_272' title='bbox 1083 2508 1422 2581; x_wconf 85' lang='lat' dir='ltr'><strong>Prosymuus</strong></span> <span class='ocrx_word' id='word_1_273' title='bbox 1458 2511 1677 2565; x_wconf 89' lang='lat' dir='ltr'><strong>nomine</strong></span> <span class='ocrx_word' id='word_1_274' title='bbox 1711 2511 1814 2566; x_wconf 90' lang='lat' dir='ltr'><strong>hac</strong></span> <span class='ocrx_word' id='word_1_275' title='bbox 1854 2514 2165 2568; x_wconf 90' lang='lat' dir='ltr'><strong>conditione</strong></span> 
     </span>
    </p>
   </div>
   <div class='ocr_carea' id='block_1_44' title="bbox 589 2599 2165 2674">
    <p class='ocr_par' dir='ltr' id='par_1_44' title="bbox 589 2599 2165 2674">
     <span class='ocr_line' id='line_1_44' title="bbox 589 2599 2165 2674; baseline 0.008 -24"><span class='ocrx_word' id='word_1_276' title='bbox 589 2599 730 2653; x_wconf 89' lang='lat' dir='ltr'><strong>viam</strong></span> <span class='ocrx_word' id='word_1_277' title='bbox 760 2603 807 2654; x_wconf 88' lang='lat' dir='ltr'><strong>ei</strong></span> <span class='ocrx_word' id='word_1_278' title='bbox 834 2601 1200 2656; x_wconf 85' lang='lat' dir='ltr'><strong>indicaturum</strong></span> <span class='ocrx_word' id='word_1_279' title='bbox 1230 2617 1290 2656; x_wconf 87' lang='lat' dir='ltr'><strong>se</strong></span> <span class='ocrx_word' id='word_1_280' title='bbox 1321 2603 1597 2672; x_wconf 87' lang='lat' dir='ltr'><strong>pollicitus</strong></span> <span class='ocrx_word' id='word_1_281' title='bbox 1621 2613 1726 2666; x_wconf 88' lang='lat' dir='ltr'><strong>est,</strong></span> <span class='ocrx_word' id='word_1_282' title='bbox 1757 2604 1802 2659; x_wconf 92' lang='lat' dir='ltr'><strong>si</strong></span> <span class='ocrx_word' id='word_1_283' title='bbox 1832 2620 1930 2674; x_wconf 91' lang='lat' dir='ltr'><strong>pro</strong></span> <span class='ocrx_word' id='word_1_284' title='bbox 1953 2606 2165 2662; x_wconf 88' lang='lat' dir='ltr'><strong>itineris</strong></span> 
     </span>
    </p>
   </div>
   <div class='ocr_carea' id='block_1_45' title="bbox 586 2693 2161 2764">
    <p class='ocr_par' dir='ltr' id='par_1_45' title="bbox 586 2693 2161 2764">
     <span class='ocr_line' id='line_1_45' title="bbox 586 2693 2161 2764; baseline 0.003 -19"><span class='ocrx_word' id='word_1_285' title='bbox 586 2693 1003 2745; x_wconf 84' lang='lat' dir='ltr'><strong>commonstrati</strong></span> <span class='ocrx_word' id='word_1_286' title='bbox 1051 2693 1296 2764; x_wconf 70' lang='lat' dir='ltr'><strong>praemio,</strong></span> <span class='ocrx_word' id='word_1_287' title='bbox 1353 2693 1604 2760; x_wconf 90' lang='lat' dir='ltr'><strong>corporis</strong></span> <span class='ocrx_word' id='word_1_288' title='bbox 1656 2693 1741 2747; x_wconf 91' lang='lat' dir='ltr'><strong>sui</strong></span> <span class='ocrx_word' id='word_1_289' title='bbox 1793 2696 2006 2763; x_wconf 90' lang='lat' dir='ltr'><strong>copiam</strong></span> <span class='ocrx_word' id='word_1_290' title='bbox 2061 2697 2161 2764; x_wconf 83' lang='lat' dir='ltr'><strong>ipsi</strong></span> 
     </span>
    </p>
   </div>
   <div class='ocr_carea' id='block_1_46' title="bbox 590 2780 2160 2851">
    <p class='ocr_par' dir='ltr' id='par_1_46' title="bbox 590 2780 2160 2851">
     <span class='ocr_line' id='line_1_46' title="bbox 590 2780 2160 2851; baseline 0.004 -19"><span class='ocrx_word' id='word_1_291' title='bbox 590 2780 814 2836; x_wconf 87' lang='lat' dir='ltr'><strong>faceret.</strong></span> <span class='ocrx_word' id='word_1_292' title='bbox 881 2781 978 2835; x_wconf 84' lang='lat' dir='ltr'><strong>Ille</strong></span> <span class='ocrx_word' id='word_1_293' title='bbox 1045 2797 1172 2835; x_wconf 89' lang='lat' dir='ltr'><strong>vero</strong></span> <span class='ocrx_word' id='word_1_294' title='bbox 1224 2798 1282 2836; x_wconf 91' lang='lat' dir='ltr'><strong>se</strong></span> <span class='ocrx_word' id='word_1_295' title='bbox 1329 2798 1530 2851; x_wconf 84' lang='lat' dir='ltr'><strong>corpus</strong></span> <span class='ocrx_word' id='word_1_296' title='bbox 1575 2798 1734 2838; x_wconf 89' lang='lat' dir='ltr'><strong>suum</strong></span> <span class='ocrx_word' id='word_1_297' title='bbox 1765 2788 1833 2838; x_wconf 88' lang='lat' dir='ltr'><strong>ad</strong></span> <span class='ocrx_word' id='word_1_298' title='bbox 1880 2786 2160 2840; x_wconf 89' lang='lat' dir='ltr'><strong>libidinem</strong></span> 
     </span>
    </p>
   </div>
   <div class='ocr_carea' id='block_1_47' title="bbox 591 2871 2158 2942">
    <p class='ocr_par' dir='ltr' id='par_1_47' title="bbox 591 2871 2158 2942">
     <span class='ocr_line' id='line_1_47' title="bbox 591 2871 2158 2942; baseline 0.005 -18"><span class='ocrx_word' id='word_1_299' title='bbox 591 2871 693 2939; x_wconf 88' lang='lat' dir='ltr'><strong>ipsi</strong></span> <span class='ocrx_word' id='word_1_300' title='bbox 743 2875 1138 2940; x_wconf 88' lang='lat' dir='ltr'><strong>permissurum</strong></span> <span class='ocrx_word' id='word_1_301' title='bbox 1201 2875 1426 2942; x_wconf 87' lang='lat' dir='ltr'><strong>recepit,</strong></span> <span class='ocrx_word' id='word_1_302' title='bbox 1478 2877 1523 2929; x_wconf 92' lang='lat' dir='ltr'><strong>si</strong></span> <span class='ocrx_word' id='word_1_303' title='bbox 1579 2876 1648 2930; x_wconf 89' lang='lat' dir='ltr'><strong>ab</strong></span> <span class='ocrx_word' id='word_1_304' title='bbox 1699 2877 1887 2932; x_wconf 90' lang='lat' dir='ltr'><strong>inferis</strong></span> <span class='ocrx_word' id='word_1_305' title='bbox 1939 2878 2158 2933; x_wconf 80' lang='lat' dir='ltr'><strong>rediret.</strong></span> 
     </span>
    </p>
   </div>
   <div class='ocr_carea' id='block_1_48' title="bbox 2270 1774 3852 1842">
    <p class='ocr_par' dir='ltr' id='par_1_48' title="bbox 2270 1774 3852 1842">
     <span class='ocr_line' id='line_1_48' title="bbox 2270 1774 3852 1842; baseline 0.006 -14"><span class='ocrx_word' id='word_1_306' title='bbox 2270 1774 2510 1829; x_wconf 90' lang='lat' dir='ltr'><strong>clemens</strong></span> <span class='ocrx_word' id='word_1_307' title='bbox 2567 1777 2639 1830; x_wconf 90' lang='lat' dir='ltr'><strong>sit</strong></span> <span class='ocrx_word' id='word_1_308' title='bbox 2692 1791 2855 1830; x_wconf 88' lang='lat' dir='ltr'><strong>verus</strong></span> <span class='ocrx_word' id='word_1_309' title='bbox 2887 1775 3054 1842; x_wconf 88' lang='lat' dir='ltr'><strong>Deus,</strong></span> <span class='ocrx_word' id='word_1_310' title='bbox 3108 1792 3208 1833; x_wconf 84' lang='lat' dir='ltr'><strong>nec</strong></span> <span class='ocrx_word' id='word_1_311' title='bbox 3261 1792 3461 1834; x_wconf 86' lang='lat' dir='ltr'><strong>cruore</strong></span> <span class='ocrx_word' id='word_1_312' title='bbox 3513 1780 3852 1838; x_wconf 87' lang='lat' dir='ltr'><strong>delectetur.</strong></span> 
     </span>
    </p>
   </div>
   <div class='ocr_carea' id='block_1_49' title="bbox 2266 1865 3856 1942">
    <p class='ocr_par' dir='ltr' id='par_1_49' title="bbox 2266 1865 3856 1942">
     <span class='ocr_line' id='line_1_49' title="bbox 2266 1865 3856 1942; baseline 0.007 -25"><span class='ocrx_word' id='word_1_313' title='bbox 2266 1865 2445 1935; x_wconf 85' lang='lat' dir='ltr'><strong>Atque</strong></span> <span class='ocrx_word' id='word_1_314' title='bbox 2503 1868 2667 1921; x_wconf 89' lang='lat' dir='ltr'><strong>etiam</strong></span> <span class='ocrx_word' id='word_1_315' title='bbox 2729 1868 2869 1922; x_wconf 89' lang='lat' dir='ltr'><strong>citra</strong></span> <span class='ocrx_word' id='word_1_316' title='bbox 2929 1882 3145 1922; x_wconf 89' lang='lat' dir='ltr'><strong>omnem</strong></span> <span class='ocrx_word' id='word_1_317' title='bbox 3200 1869 3588 1924; x_wconf 79' lang='lat' dir='ltr'><strong>verecundiam</strong></span> <span class='ocrx_word' id='word_1_318' title='bbox 3645 1887 3856 1942; x_wconf 84' lang='lat' dir='ltr'><strong>corpus</strong></span> 
     </span>
    </p>
   </div>
   <div class='ocr_carea' id='block_1_50' title="bbox 2267 1958 3854 2030">
    <p class='ocr_par' dir='ltr' id='par_1_50' title="bbox 2267 1958 3854 2030">
     <span class='ocr_line' id='line_1_50' title="bbox 2267 1958 3854 2030; baseline 0.005 -20"><span class='ocrx_word' id='word_1_319' title='bbox 2267 1958 2612 2028; x_wconf 67' lang='lat' dir='ltr'><strong>detegebant,</strong></span> <span class='ocrx_word' id='word_1_320' title='bbox 2669 1959 3079 2029; x_wconf 88' lang='lat' dir='ltr'><strong>impudentique</strong></span> <span class='ocrx_word' id='word_1_321' title='bbox 3139 1962 3437 2030; x_wconf 82' lang='lat' dir='ltr'><strong>petulantia</strong></span> <span class='ocrx_word' id='word_1_322' title='bbox 3496 1963 3854 2019; x_wconf 85' lang='lat' dir='ltr'><strong>nudabantur</strong></span> 
     </span>
    </p>
   </div>
   <div class='ocr_carea' id='block_1_51' title="bbox 2270 2046 3854 2119">
    <p class='ocr_par' dir='ltr' id='par_1_51' title="bbox 2270 2046 3854 2119">
     <span class='ocr_line' id='line_1_51' title="bbox 2270 2046 3854 2119; baseline 0.005 -17"><span class='ocrx_word' id='word_1_323' title='bbox 2270 2046 2546 2118; x_wconf 87' lang='lat' dir='ltr'><strong>Spartani,</strong></span> <span class='ocrx_word' id='word_1_324' title='bbox 2603 2049 2794 2119; x_wconf 90' lang='lat' dir='ltr'><strong>sicque</strong></span> <span class='ocrx_word' id='word_1_325' title='bbox 2847 2049 2900 2102; x_wconf 91' lang='lat' dir='ltr'><strong>in</strong></span> <span class='ocrx_word' id='word_1_326' title='bbox 2955 2050 3198 2104; x_wconf 86' lang='lat' dir='ltr'><strong>omnium</strong></span> <span class='ocrx_word' id='word_1_327' title='bbox 3253 2051 3423 2106; x_wconf 83' lang='lat' dir='ltr'><strong>oculis</strong></span> <span class='ocrx_word' id='word_1_328' title='bbox 3477 2053 3854 2110; x_wconf 66' lang='lat' dir='ltr'><strong>caedebantur.</strong></span> 
     </span>
    </p>
   </div>
   <div class='ocr_carea' id='block_1_52' title="bbox 2266 2141 3852 2211">
    <p class='ocr_par' dir='ltr' id='par_1_52' title="bbox 2266 2141 3852 2211">
     <span class='ocr_line' id='line_1_52' title="bbox 2266 2141 3852 2211; baseline 0.004 -18"><span class='ocrx_word' id='word_1_329' title='bbox 2266 2142 2431 2211; x_wconf 79' lang='lat' dir='ltr'><strong>Atqui</strong></span> <span class='ocrx_word' id='word_1_330' title='bbox 2458 2143 2580 2197; x_wconf 90' lang='lat' dir='ltr'><strong>talis</strong></span> <span class='ocrx_word' id='word_1_331' title='bbox 2614 2141 2914 2196; x_wconf 89' lang='lat' dir='ltr'><strong>denudatio</strong></span> <span class='ocrx_word' id='word_1_332' title='bbox 2941 2157 3132 2211; x_wconf 91' lang='lat' dir='ltr'><strong>parum</strong></span> <span class='ocrx_word' id='word_1_333' title='bbox 3157 2142 3353 2196; x_wconf 87' lang='lat' dir='ltr'><strong>decora</strong></span> <span class='ocrx_word' id='word_1_334' title='bbox 3381 2152 3437 2196; x_wconf 90' lang='lat' dir='ltr'><strong>et</strong></span> <span class='ocrx_word' id='word_1_335' title='bbox 3471 2144 3708 2199; x_wconf 83' lang='lat' dir='ltr'><strong>honesta</strong></span> <span class='ocrx_word' id='word_1_336' title='bbox 3742 2149 3852 2200; x_wconf 85' lang='lat' dir='ltr'><strong>vir-</strong></span> 
     </span>
    </p>
   </div>
   <div class='ocr_carea' id='block_1_53' title="bbox 2266 2237 3849 2307">
    <p class='ocr_par' dir='ltr' id='par_1_53' title="bbox 2266 2237 3849 2307">
     <span class='ocr_line' id='line_1_53' title="bbox 2266 2237 3849 2307; baseline 0.006 -22"><span class='ocrx_word' id='word_1_337' title='bbox 2266 2237 2376 2307; x_wconf 82' lang='lat' dir='ltr'><strong>gini</strong></span> <span class='ocrx_word' id='word_1_338' title='bbox 2405 2237 2574 2290; x_wconf 89' lang='lat' dir='ltr'><strong>videri</strong></span> <span class='ocrx_word' id='word_1_339' title='bbox 2597 2245 2796 2305; x_wconf 86' lang='lat' dir='ltr'><strong>posset.</strong></span> <span class='ocrx_word' id='word_1_340' title='bbox 2819 2237 3085 2302; x_wconf 84' lang='lat' dir='ltr'><strong>Quocirca</strong></span> <span class='ocrx_word' id='word_1_341' title='bbox 3117 2239 3160 2291; x_wconf 90' lang='lat' dir='ltr'><strong>si</strong></span> <span class='ocrx_word' id='word_1_342' title='bbox 3181 2237 3404 2291; x_wconf 87' lang='lat' dir='ltr'><strong>Dianam</strong></span> <span class='ocrx_word' id='word_1_343' title='bbox 3427 2237 3503 2292; x_wconf 90' lang='lat' dir='ltr'><strong>illi</strong></span> <span class='ocrx_word' id='word_1_344' title='bbox 3533 2239 3588 2292; x_wconf 92' lang='lat' dir='ltr'><strong>in</strong></span> <span class='ocrx_word' id='word_1_345' title='bbox 3617 2241 3849 2295; x_wconf 86' lang='lat' dir='ltr'><strong>dearum</strong></span> 
     </span>
    </p>
   </div>
   <div class='ocr_carea' id='block_1_54' title="bbox 2267 2323 3851 2402">
    <p class='ocr_par' dir='ltr' id='par_1_54' title="bbox 2267 2323 3851 2402">
     <span class='ocr_line' id='line_1_54' title="bbox 2267 2323 3851 2402; baseline 0.004 -22"><span class='ocrx_word' id='word_1_346' title='bbox 2267 2341 2493 2381; x_wconf 78' lang='lat' dir='ltr'><strong>numero</strong></span> <span class='ocrx_word' id='word_1_347' title='bbox 2528 2323 2817 2390; x_wconf 85' lang='lat' dir='ltr'><strong>habebant,</strong></span> <span class='ocrx_word' id='word_1_348' title='bbox 2877 2343 2941 2382; x_wconf 90' lang='lat' dir='ltr'><strong>ac</strong></span> <span class='ocrx_word' id='word_1_349' title='bbox 2973 2329 3195 2396; x_wconf 85' lang='lat' dir='ltr'><strong>proinde</strong></span> <span class='ocrx_word' id='word_1_350' title='bbox 3229 2329 3404 2383; x_wconf 89' lang='lat' dir='ltr'><strong>lenem</strong></span> <span class='ocrx_word' id='word_1_351' title='bbox 3455 2331 3851 2402; x_wconf 73' lang='lat' dir='ltr'><strong>hominuan</strong></span> 
     </span>
    </p>
   </div>
   <div class='ocr_carea' id='block_1_55' title="bbox 2266 2418 3848 2492">
    <p class='ocr_par' dir='ltr' id='par_1_55' title="bbox 2266 2418 3848 2492">
     <span class='ocr_line' id='line_1_55' title="bbox 2266 2418 3848 2492; baseline 0.004 -20"><span class='ocrx_word' id='word_1_352' title='bbox 2266 2427 2540 2472; x_wconf 87' lang='lat' dir='ltr'><strong>amantem</strong></span> <span class='ocrx_word' id='word_1_353' title='bbox 2591 2418 3002 2482; x_wconf 69' lang='lat' dir='ltr'><strong>existimabant,</strong></span> <span class='ocrx_word' id='word_1_354' title='bbox 3059 2434 3300 2488; x_wconf 88' lang='lat' dir='ltr'><strong>quonam</strong></span> <span class='ocrx_word' id='word_1_355' title='bbox 3338 2421 3503 2475; x_wconf 91' lang='lat' dir='ltr'><strong>modo</strong></span> <span class='ocrx_word' id='word_1_356' title='bbox 3559 2426 3848 2492; x_wconf 83' lang='lat' dir='ltr'><strong>sanguinis</strong></span> 
     </span>
    </p>
   </div>
   <div class='ocr_carea' id='block_1_56' title="bbox 2265 2508 3850 2582">
    <p class='ocr_par' dir='ltr' id='par_1_56' title="bbox 2265 2508 3850 2582">
     <span class='ocr_line' id='line_1_56' title="bbox 2265 2508 3850 2582; baseline 0.006 -22"><span class='ocrx_word' id='word_1_357' title='bbox 2265 2508 2580 2578; x_wconf 87' lang='lat' dir='ltr'><strong>profusione</strong></span> <span class='ocrx_word' id='word_1_358' title='bbox 2632 2524 2753 2564; x_wconf 89' lang='lat' dir='ltr'><strong>eam</strong></span> <span class='ocrx_word' id='word_1_359' title='bbox 2794 2511 3074 2577; x_wconf 84' lang='lat' dir='ltr'><strong>delectari,</strong></span> <span class='ocrx_word' id='word_1_360' title='bbox 3119 2525 3184 2564; x_wconf 88' lang='lat' dir='ltr'><strong>ac</strong></span> <span class='ocrx_word' id='word_1_361' title='bbox 3240 2512 3339 2567; x_wconf 90' lang='lat' dir='ltr'><strong>rite</strong></span> <span class='ocrx_word' id='word_1_362' title='bbox 3375 2513 3479 2566; x_wconf 92' lang='lat' dir='ltr'><strong>coli</strong></span> <span class='ocrx_word' id='word_1_363' title='bbox 3535 2516 3850 2582; x_wconf 74' lang='lat' dir='ltr'><strong>putabant?</strong></span> 
     </span>
    </p>
   </div>
   <div class='ocr_carea' id='block_1_57' title="bbox 2266 2600 3847 2672">
    <p class='ocr_par' dir='ltr' id='par_1_57' title="bbox 2266 2600 3847 2672">
     <span class='ocr_line' id='line_1_57' title="bbox 2266 2600 3847 2672; baseline 0.006 -20"><span class='ocrx_word' id='word_1_364' title='bbox 2266 2600 2474 2654; x_wconf 76' lang='lat' dir='ltr'><strong>Rursus</strong></span> <span class='ocrx_word' id='word_1_365' title='bbox 2504 2602 2550 2656; x_wconf 89' lang='lat' dir='ltr'><strong>si</strong></span> <span class='ocrx_word' id='word_1_366' title='bbox 2599 2602 2863 2672; x_wconf 81' lang='lat' dir='ltr'><strong>virginem</strong></span> <span class='ocrx_word' id='word_1_367' title='bbox 2894 2617 3016 2658; x_wconf 87' lang='lat' dir='ltr'><strong>esse</strong></span> <span class='ocrx_word' id='word_1_368' title='bbox 3042 2602 3354 2669; x_wconf 87' lang='lat' dir='ltr'><strong>credebant,</strong></span> <span class='ocrx_word' id='word_1_369' title='bbox 3403 2619 3504 2659; x_wconf 86' lang='lat' dir='ltr'><strong>cur</strong></span> <span class='ocrx_word' id='word_1_370' title='bbox 3554 2606 3847 2660; x_wconf 78' lang='lat' dir='ltr'><strong>obscenis-</strong></span> 
     </span>
    </p>
   </div>
   <div class='ocr_carea' id='block_1_58' title="bbox 2264 2690 3848 2752">
    <p class='ocr_par' dir='ltr' id='par_1_58' title="bbox 2264 2690 3848 2752">
     <span class='ocr_line' id='line_1_58' title="bbox 2264 2690 3848 2752; baseline 0.005 -8"><span class='ocrx_word' id='word_1_371' title='bbox 2264 2691 2403 2744; x_wconf 86' lang='lat' dir='ltr'><strong>sime</strong></span> <span class='ocrx_word' id='word_1_372' title='bbox 2432 2690 2897 2745; x_wconf 84' lang='lat' dir='ltr'><strong>denudabantur?</strong></span> <span class='ocrx_word' id='word_1_373' title='bbox 2946 2691 3080 2746; x_wconf 81' lang='lat' dir='ltr'><strong>Nam</strong></span> <span class='ocrx_word' id='word_1_374' title='bbox 3121 2693 3284 2748; x_wconf 86' lang='lat' dir='ltr'><strong>iidem</strong></span> <span class='ocrx_word' id='word_1_375' title='bbox 3329 2703 3383 2749; x_wconf 88' lang='lat' dir='ltr'><strong>et</strong></span> <span class='ocrx_word' id='word_1_376' title='bbox 3427 2696 3718 2750; x_wconf 83' lang='lat' dir='ltr'><strong>mollitiem</strong></span> <span class='ocrx_word' id='word_1_377' title='bbox 3751 2701 3848 2752; x_wconf 79' lang='lat' dir='ltr'><strong>lto-</strong></span> 
     </span>
    </p>
   </div>
   <div class='ocr_carea' id='block_1_59' title="bbox 2267 2780 3847 2855">
    <p class='ocr_par' dir='ltr' id='par_1_59' title="bbox 2267 2780 3847 2855">
     <span class='ocr_line' id='line_1_59' title="bbox 2267 2780 3847 2855; baseline 0.006 -22"><span class='ocrx_word' id='word_1_378' title='bbox 2267 2783 2388 2835; x_wconf 89' lang='lat' dir='ltr'><strong>nori</strong></span> <span class='ocrx_word' id='word_1_379' title='bbox 2452 2781 2790 2845; x_wconf 86' lang='lat' dir='ltr'><strong>habuerunt,</strong></span> <span class='ocrx_word' id='word_1_380' title='bbox 2850 2780 3104 2853; x_wconf 85' lang='lat' dir='ltr'><strong>Syssitia,</strong></span> <span class='ocrx_word' id='word_1_381' title='bbox 3160 2785 3263 2840; x_wconf 91' lang='lat' dir='ltr'><strong>hoc</strong></span> <span class='ocrx_word' id='word_1_382' title='bbox 3314 2793 3420 2848; x_wconf 87' lang='lat' dir='ltr'><strong>est.</strong></span> <span class='ocrx_word' id='word_1_383' title='bbox 3465 2788 3686 2855; x_wconf 86' lang='lat' dir='ltr'><strong>publica</strong></span> <span class='ocrx_word' id='word_1_384' title='bbox 3717 2804 3847 2843; x_wconf 80' lang='lat' dir='ltr'><strong>cnn-</strong></span> 
     </span>
    </p>
   </div>
   <div class='ocr_carea' id='block_1_60' title="bbox 2266 2874 3847 2947">
    <p class='ocr_par' dir='ltr' id='par_1_60' title="bbox 2266 2874 3847 2947">
     <span class='ocr_line' id='line_1_60' title="bbox 2266 2874 3847 2947; baseline 0.005 -21"><span class='ocrx_word' id='word_1_385' title='bbox 2266 2874 2406 2927; x_wconf 86' lang='lat' dir='ltr'><strong>vivia</strong></span> <span class='ocrx_word' id='word_1_386' title='bbox 2460 2874 2832 2938; x_wconf 81' lang='lat' dir='ltr'><strong>celebrantes,</strong></span> <span class='ocrx_word' id='word_1_387' title='bbox 2893 2875 2948 2928; x_wconf 92' lang='lat' dir='ltr'><strong>in</strong></span> <span class='ocrx_word' id='word_1_388' title='bbox 2999 2875 3199 2944; x_wconf 87' lang='lat' dir='ltr'><strong>quibus</strong></span> <span class='ocrx_word' id='word_1_389' title='bbox 3251 2875 3411 2931; x_wconf 61' lang='lat' dir='ltr'><strong>foedis</strong></span> <span class='ocrx_word' id='word_1_390' title='bbox 3469 2879 3847 2947; x_wconf 80' lang='lat' dir='ltr'><strong>voluptatibus</strong></span> 
     </span>
    </p>
   </div>
   <div class='ocr_carea' id='block_1_61' title="bbox 588 2962 2162 3052">
    <p class='ocr_par' dir='ltr' id='par_1_61' title="bbox 588 2962 2160 3034">
     <span class='ocr_line' id='line_1_61' title="bbox 588 2962 2160 3034; baseline 0.005 -18"><span class='ocrx_word' id='word_1_391' title='bbox 588 2962 864 3017; x_wconf 75' lang='lat' dir='ltr'><strong>Reversus</strong></span> <span class='ocrx_word' id='word_1_392' title='bbox 913 2963 1076 3032; x_wconf 83' lang='lat' dir='ltr'><strong>igitur</strong></span> <span class='ocrx_word' id='word_1_393' title='bbox 1121 2978 1244 3017; x_wconf 92' lang='lat' dir='ltr'><strong>cum</strong></span> <span class='ocrx_word' id='word_1_394' title='bbox 1301 2963 1660 3034; x_wconf 83' lang='lat' dir='ltr'><strong>Prosytnnum</strong></span> <span class='ocrx_word' id='word_1_395' title='bbox 1705 2981 1812 3022; x_wconf 89' lang='lat' dir='ltr'><strong>non</strong></span> <span class='ocrx_word' id='word_1_396' title='bbox 1865 2969 2160 3026; x_wconf 86' lang='lat' dir='ltr'><strong>invenisset</strong></span> 
     </span>
    </p>
   </div>
   <div class='ocr_carea' id='block_1_62' title="bbox 2265 2962 3848 3052">
    <p class='ocr_par' dir='ltr' id='par_1_62' title="bbox 2268 2963 3848 3035">
     <span class='ocr_line' id='line_1_62' title="bbox 2268 2963 3848 3035; baseline 0.005 -19"><span class='ocrx_word' id='word_1_397' title='bbox 2268 2963 2582 3028; x_wconf 88' lang='lat' dir='ltr'><strong>utebantur,</strong></span> <span class='ocrx_word' id='word_1_398' title='bbox 2676 2966 2962 3034; x_wconf 87' lang='lat' dir='ltr'><strong>turpiaque</strong></span> <span class='ocrx_word' id='word_1_399' title='bbox 3017 2964 3250 3035; x_wconf 80' lang='lat' dir='ltr'><strong>ﬂagitia,</strong></span> <span class='ocrx_word' id='word_1_400' title='bbox 3308 2977 3362 3020; x_wconf 89' lang='lat' dir='ltr'><strong>et</strong></span> <span class='ocrx_word' id='word_1_401' title='bbox 3438 2967 3738 3032; x_wconf 84' lang='lat' dir='ltr'><strong>faciebant,</strong></span> <span class='ocrx_word' id='word_1_402' title='bbox 3796 2979 3848 3025; x_wconf 88' lang='lat' dir='ltr'><strong>et</strong></span> 
     </span>
    </p>
   </div>
   <div class='ocr_carea' id='block_1_63' title="bbox 586 3053 2159 3126">
    <p class='ocr_par' dir='ltr' id='par_1_63' title="bbox 586 3053 2159 3126">
     <span class='ocr_line' id='line_1_63' title="bbox 586 3053 2159 3126; baseline 0.006 -20"><span class='ocrx_word' id='word_1_403' title='bbox 586 3053 855 3124; x_wconf 78' lang='lat' dir='ltr'><strong>(extremo</strong></span> <span class='ocrx_word' id='word_1_404' title='bbox 883 3056 1026 3108; x_wconf 88' lang='lat' dir='ltr'><strong>enim</strong></span> <span class='ocrx_word' id='word_1_405' title='bbox 1060 3055 1182 3108; x_wconf 83' lang='lat' dir='ltr'><strong>vitae</strong></span> <span class='ocrx_word' id='word_1_406' title='bbox 1208 3055 1297 3109; x_wconf 91' lang='lat' dir='ltr'><strong>die</strong></span> <span class='ocrx_word' id='word_1_407' title='bbox 1335 3056 1652 3124; x_wconf 87' lang='lat' dir='ltr'><strong>perfunctus</strong></span> <span class='ocrx_word' id='word_1_408' title='bbox 1686 3059 1824 3126; x_wconf 82' lang='lat' dir='ltr'><strong>erat)</strong></span> <span class='ocrx_word' id='word_1_409' title='bbox 1866 3059 2159 3115; x_wconf 85' lang='lat' dir='ltr'><strong>ﬁculneum</strong></span> 
     </span>
    </p>
   </div>
   <div class='ocr_carea' id='block_1_64' title="bbox 590 3147 2156 3218">
    <p class='ocr_par' dir='ltr' id='par_1_64' title="bbox 590 3147 2156 3218">
     <span class='ocr_line' id='line_1_64' title="bbox 590 3147 2156 3218; baseline 0.005 -18"><span class='ocrx_word' id='word_1_410' title='bbox 590 3163 803 3200; x_wconf 90' lang='lat' dir='ltr'><strong>ramum</strong></span> <span class='ocrx_word' id='word_1_411' title='bbox 865 3148 1108 3202; x_wconf 78' lang='lat' dir='ltr'><strong>excisum</strong></span> <span class='ocrx_word' id='word_1_412' title='bbox 1180 3147 1234 3202; x_wconf 92' lang='lat' dir='ltr'><strong>in</strong></span> <span class='ocrx_word' id='word_1_413' title='bbox 1297 3148 1550 3218; x_wconf 86' lang='lat' dir='ltr'><strong>genitalis</strong></span> <span class='ocrx_word' id='word_1_414' title='bbox 1612 3151 1840 3206; x_wconf 87' lang='lat' dir='ltr'><strong>membri</strong></span> <span class='ocrx_word' id='word_1_415' title='bbox 1920 3151 2156 3208; x_wconf 87' lang='lat' dir='ltr'><strong>formam</strong></span> 
     </span>
    </p>
   </div>
   <div class='ocr_carea' id='block_1_65' title="bbox 587 3239 2163 3312">
    <p class='ocr_par' dir='ltr' id='par_1_65' title="bbox 587 3239 2163 3312">
     <span class='ocr_line' id='line_1_65' title="bbox 587 3239 2163 3312; baseline 0.004 -18"><span class='ocrx_word' id='word_1_416' title='bbox 587 3239 810 3311; x_wconf 85' lang='lat' dir='ltr'><strong>ellingit,</strong></span> <span class='ocrx_word' id='word_1_417' title='bbox 866 3256 930 3295; x_wconf 89' lang='lat' dir='ltr'><strong>ac</strong></span> <span class='ocrx_word' id='word_1_418' title='bbox 979 3255 1135 3294; x_wconf 75' lang='lat' dir='ltr'><strong>rati-to</strong></span> <span class='ocrx_word' id='word_1_419' title='bbox 1171 3240 1391 3296; x_wconf 85' lang='lat' dir='ltr'><strong>insidet.</strong></span> <span class='ocrx_word' id='word_1_420' title='bbox 1425 3240 1498 3294; x_wconf 87' lang='lat' dir='ltr'><strong>Ita</strong></span> <span class='ocrx_word' id='word_1_421' title='bbox 1526 3243 1781 3312; x_wconf 86' lang='lat' dir='ltr'><strong>promissi</strong></span> <span class='ocrx_word' id='word_1_422' title='bbox 1817 3244 1977 3300; x_wconf 83' lang='lat' dir='ltr'><strong>ﬁdem</strong></span> <span class='ocrx_word' id='word_1_423' title='bbox 2011 3261 2163 3301; x_wconf 89' lang='lat' dir='ltr'><strong>mor-</strong></span> 
     </span>
    </p>
   </div>
   <div class='ocr_carea' id='block_1_66' title="bbox 586 3333 2161 3403">
    <p class='ocr_par' dir='ltr' id='par_1_66' title="bbox 586 3333 2161 3403">
     <span class='ocr_line' id='line_1_66' title="bbox 586 3333 2161 3403; baseline 0.003 -15"><span class='ocrx_word' id='word_1_424' title='bbox 586 3341 681 3388; x_wconf 90' lang='lat' dir='ltr'><strong>tuo</strong></span> <span class='ocrx_word' id='word_1_425' title='bbox 724 3342 962 3402; x_wconf 69' lang='lat' dir='ltr'><strong>praestat.</strong></span> <span class='ocrx_word' id='word_1_426' title='bbox 1004 3333 1062 3388; x_wconf 84' lang='lat' dir='ltr'><strong>In</strong></span> <span class='ocrx_word' id='word_1_427' title='bbox 1115 3334 1276 3402; x_wconf 86' lang='lat' dir='ltr'><strong>hujus</strong></span> <span class='ocrx_word' id='word_1_428' title='bbox 1305 3333 1491 3403; x_wconf 79' lang='lat' dir='ltr'><strong>ﬂagitii</strong></span> <span class='ocrx_word' id='word_1_429' title='bbox 1541 3345 1950 3392; x_wconf 87' lang='lat' dir='ltr'><strong>monumentum</strong></span> <span class='ocrx_word' id='word_1_430' title='bbox 1985 3336 2161 3394; x_wconf 90' lang='lat' dir='ltr'><strong>Phalli</strong></span> 
     </span>
    </p>
   </div>
   <div class='ocr_carea' id='block_1_67' title="bbox 585 3424 2162 3497">
    <p class='ocr_par' dir='ltr' id='par_1_67' title="bbox 585 3424 2162 3497">
     <span class='ocr_line' id='line_1_67' title="bbox 585 3424 2162 3497; baseline 0.003 -17"><span class='ocrx_word' id='word_1_431' title='bbox 585 3443 680 3497; x_wconf 91' lang='lat' dir='ltr'><strong>per</strong></span> <span class='ocrx_word' id='word_1_432' title='bbox 711 3427 872 3480; x_wconf 88' lang='lat' dir='ltr'><strong>urbes</strong></span> <span class='ocrx_word' id='word_1_433' title='bbox 903 3424 1161 3495; x_wconf 85' lang='lat' dir='ltr'><strong>Dionysio</strong></span> <span class='ocrx_word' id='word_1_434' title='bbox 1191 3426 1564 3493; x_wconf 84' lang='lat' dir='ltr'><strong>erigebantur.</strong></span> <span class='ocrx_word' id='word_1_435' title='bbox 1616 3425 1788 3480; x_wconf 87' lang='lat' dir='ltr'><strong>Phalli</strong></span> <span class='ocrx_word' id='word_1_436' title='bbox 1823 3438 2003 3482; x_wconf 88' lang='lat' dir='ltr'><strong>autem</strong></span> <span class='ocrx_word' id='word_1_437' title='bbox 2032 3437 2162 3485; x_wconf 88' lang='lat' dir='ltr'><strong>sunt</strong></span> 
     </span>
    </p>
   </div>
   <div class='ocr_carea' id='block_1_68' title="bbox 585 3518 2159 3589">
    <p class='ocr_par' dir='ltr' id='par_1_68' title="bbox 585 3518 2159 3589">
     <span class='ocr_line' id='line_1_68' title="bbox 585 3518 2159 3589; baseline 0.003 -17"><span class='ocrx_word' id='word_1_438' title='bbox 585 3519 848 3587; x_wconf 85' lang='lat' dir='ltr'><strong>genitales</strong></span> <span class='ocrx_word' id='word_1_439' title='bbox 877 3529 1080 3588; x_wconf 89' lang='lat' dir='ltr'><strong>partes,</strong></span> <span class='ocrx_word' id='word_1_440' title='bbox 1129 3533 1250 3587; x_wconf 81' lang='lat' dir='ltr'><strong>quae</strong></span> <span class='ocrx_word' id='word_1_441' title='bbox 1291 3518 1454 3572; x_wconf 87' lang='lat' dir='ltr'><strong>etiam</strong></span> <span class='ocrx_word' id='word_1_442' title='bbox 1488 3519 1617 3588; x_wconf 74' lang='lat' dir='ltr'><strong>ipste</strong></span> <span class='ocrx_word' id='word_1_443' title='bbox 1646 3518 1934 3589; x_wconf 87' lang='lat' dir='ltr'><strong>lthyphalli</strong></span> <span class='ocrx_word' id='word_1_444' title='bbox 1964 3521 2159 3575; x_wconf 88' lang='lat' dir='ltr'><strong>dicun-</strong></span> 
     </span>
    </p>
   </div>
   <div class='ocr_carea' id='block_1_69' title="bbox 585 3611 1697 3681">
    <p class='ocr_par' dir='ltr' id='par_1_69' title="bbox 585 3611 1697 3681">
     <span class='ocr_line' id='line_1_69' title="bbox 585 3611 1697 3681; baseline 0 -16"><span class='ocrx_word' id='word_1_445' title='bbox 585 3622 691 3675; x_wconf 90' lang='lat' dir='ltr'><strong>tur,</strong></span> <span class='ocrx_word' id='word_1_446' title='bbox 721 3612 863 3681; x_wconf 91' lang='lat' dir='ltr'><strong>quod</strong></span> <span class='ocrx_word' id='word_1_447' title='bbox 899 3625 1056 3666; x_wconf 67' lang='lat' dir='ltr'><strong>rectae</strong></span> <span class='ocrx_word' id='word_1_448' title='bbox 1083 3625 1148 3665; x_wconf 88' lang='lat' dir='ltr'><strong>ac</strong></span> <span class='ocrx_word' id='word_1_449' title='bbox 1173 3611 1358 3681; x_wconf 70' lang='lat' dir='ltr'><strong>rigidae</strong></span> <span class='ocrx_word' id='word_1_450' title='bbox 1389 3613 1697 3666; x_wconf 87' lang='lat' dir='ltr'><strong>tendantur.</strong></span> 
     </span>
    </p>
   </div>
   <div class='ocr_carea' id='block_1_70' title="bbox 657 3700 2154 3775">
    <p class='ocr_par' dir='ltr' id='par_1_70' title="bbox 657 3700 2154 3775">
     <span class='ocr_line' id='line_1_70' title="bbox 657 3700 2154 3775; baseline 0.001 -17"><span class='ocrx_word' id='word_1_451' title='bbox 657 3702 778 3758; x_wconf 89' lang='lat' dir='ltr'><strong>Col.</strong></span> <span class='ocrx_word' id='word_1_452' title='bbox 811 3703 1028 3756; x_wconf 77' lang='lat' dir='ltr'><strong>559.A.</strong></span> <span class='ocrx_word' id='word_1_453' title='bbox 1085 3700 1198 3756; x_wconf 86' lang='lat' dir='ltr'><strong>Nec</strong></span> <span class='ocrx_word' id='word_1_454' title='bbox 1245 3702 1545 3756; x_wconf 81' lang='lat' dir='ltr'><strong>Taurorum</strong></span> <span class='ocrx_word' id='word_1_455' title='bbox 1597 3706 1803 3775; x_wconf 76' lang='lat' dir='ltr'><strong>feritas,</strong></span> <span class='ocrx_word' id='word_1_456' title='bbox 1851 3716 1957 3760; x_wconf 90' lang='lat' dir='ltr'><strong>etc.</strong></span> <span class='ocrx_word' id='word_1_457' title='bbox 2019 3704 2154 3760; x_wconf 84' lang='lat' dir='ltr'><strong>Cum</strong></span> 
     </span>
    </p>
   </div>
   <div class='ocr_carea' id='block_1_71' title="bbox 583 3791 2155 3864">
    <p class='ocr_par' dir='ltr' id='par_1_71' title="bbox 583 3791 2155 3864">
     <span class='ocr_line' id='line_1_71' title="bbox 583 3791 2155 3864; baseline 0.001 -16"><span class='ocrx_word' id='word_1_458' title='bbox 583 3793 757 3848; x_wconf 72' lang='lat' dir='ltr'><strong>Graeci</strong></span> <span class='ocrx_word' id='word_1_459' title='bbox 789 3791 1010 3860; x_wconf 75' lang='lat' dir='ltr'><strong>Troiam</strong></span> <span class='ocrx_word' id='word_1_460' title='bbox 1067 3791 1281 3846; x_wconf 85' lang='lat' dir='ltr'><strong>infestis</strong></span> <span class='ocrx_word' id='word_1_461' title='bbox 1337 3794 1504 3848; x_wconf 82' lang='lat' dir='ltr'><strong>armis</strong></span> <span class='ocrx_word' id='word_1_462' title='bbox 1558 3804 1840 3863; x_wconf 88' lang='lat' dir='ltr'><strong>peterent,</strong></span> <span class='ocrx_word' id='word_1_463' title='bbox 1888 3806 2053 3864; x_wconf 85' lang='lat' dir='ltr'><strong>atque</strong></span> <span class='ocrx_word' id='word_1_464' title='bbox 2100 3797 2155 3849; x_wconf 91' lang='lat' dir='ltr'><strong>in</strong></span> 
     </span>
    </p>
   </div>
   <div class='ocr_carea' id='block_1_72' title="bbox 585 3881 2158 3955">
    <p class='ocr_par' dir='ltr' id='par_1_72' title="bbox 585 3881 2158 3955">
     <span class='ocr_line' id='line_1_72' title="bbox 585 3881 2158 3955; baseline 0.003 -18"><span class='ocrx_word' id='word_1_465' title='bbox 585 3883 816 3948; x_wconf 85' lang='lat' dir='ltr'><strong>Aulide,</strong></span> <span class='ocrx_word' id='word_1_466' title='bbox 881 3882 974 3950; x_wconf 87' lang='lat' dir='ltr'><strong>qtti</strong></span> <span class='ocrx_word' id='word_1_467' title='bbox 1010 3881 1247 3955; x_wconf 70' lang='lat' dir='ltr'><strong>Boeotiae</strong></span> <span class='ocrx_word' id='word_1_468' title='bbox 1294 3883 1442 3936; x_wconf 89' lang='lat' dir='ltr'><strong>locus</strong></span> <span class='ocrx_word' id='word_1_469' title='bbox 1515 3893 1633 3948; x_wconf 79' lang='lat' dir='ltr'><strong>est,</strong></span> <span class='ocrx_word' id='word_1_470' title='bbox 1711 3897 1835 3938; x_wconf 87' lang='lat' dir='ltr'><strong>cunt</strong></span> <span class='ocrx_word' id='word_1_471' title='bbox 1901 3887 2158 3941; x_wconf 82' lang='lat' dir='ltr'><strong>omnibus</strong></span> 
     </span>
    </p>
   </div>
   <div class='ocr_carea' id='block_1_73' title="bbox 584 3975 2158 4043">
    <p class='ocr_par' dir='ltr' id='par_1_73' title="bbox 584 3975 2158 4043">
     <span class='ocr_line' id='line_1_73' title="bbox 584 3975 2158 4043; baseline 0 -13"><span class='ocrx_word' id='word_1_472' title='bbox 584 3977 758 4043; x_wconf 85' lang='lat' dir='ltr'><strong>copiis</strong></span> <span class='ocrx_word' id='word_1_473' title='bbox 793 3975 1007 4030; x_wconf 87' lang='lat' dir='ltr'><strong>collecti</strong></span> <span class='ocrx_word' id='word_1_474' title='bbox 1054 3985 1258 4038; x_wconf 86' lang='lat' dir='ltr'><strong>essent,</strong></span> <span class='ocrx_word' id='word_1_475' title='bbox 1313 3983 1458 4028; x_wconf 86' lang='lat' dir='ltr'><strong>tanta</strong></span> <span class='ocrx_word' id='word_1_476' title='bbox 1512 3975 1799 4042; x_wconf 83' lang='lat' dir='ltr'><strong>navigandi</strong></span> <span class='ocrx_word' id='word_1_477' title='bbox 1860 3977 2158 4032; x_wconf 86' lang='lat' dir='ltr'><strong>incommo-</strong></span> 
     </span>
    </p>
   </div>
   <div class='ocr_carea' id='block_1_74' title="bbox 583 4067 2157 4132">
    <p class='ocr_par' dir='ltr' id='par_1_74' title="bbox 583 4067 2157 4132">
     <span class='ocr_line' id='line_1_74' title="bbox 583 4067 2157 4132; baseline 0 -9"><span class='ocrx_word' id='word_1_478' title='bbox 583 4071 727 4124; x_wconf 90' lang='lat' dir='ltr'><strong>ditas</strong></span> <span class='ocrx_word' id='word_1_479' title='bbox 757 4085 786 4122; x_wconf 90' lang='lat' dir='ltr'><strong>a</strong></span> <span class='ocrx_word' id='word_1_480' title='bbox 824 4067 992 4121; x_wconf 87' lang='lat' dir='ltr'><strong>Diana</strong></span> <span class='ocrx_word' id='word_1_481' title='bbox 1028 4067 1271 4120; x_wconf 86' lang='lat' dir='ltr'><strong>immissa</strong></span> <span class='ocrx_word' id='word_1_482' title='bbox 1322 4075 1426 4132; x_wconf 84' lang='lat' dir='ltr'><strong>est,</strong></span> <span class='ocrx_word' id='word_1_483' title='bbox 1463 4077 1520 4121; x_wconf 94' lang='lat' dir='ltr'><strong>ut</strong></span> <span class='ocrx_word' id='word_1_484' title='bbox 1563 4069 1741 4122; x_wconf 81' lang='lat' dir='ltr'><strong>omnis</strong></span> <span class='ocrx_word' id='word_1_485' title='bbox 1774 4083 1963 4123; x_wconf 91' lang='lat' dir='ltr'><strong>eorum</strong></span> <span class='ocrx_word' id='word_1_486' title='bbox 1999 4084 2157 4124; x_wconf 76' lang='lat' dir='ltr'><strong>exer-</strong></span> 
     </span>
    </p>
   </div>
   <div class='ocr_carea' id='block_1_75' title="bbox 583 4158 2155 4218">
    <p class='ocr_par' dir='ltr' id='par_1_75' title="bbox 583 4158 2155 4218">
     <span class='ocr_line' id='line_1_75' title="bbox 583 4158 2155 4218; baseline -0.001 -1"><span class='ocrx_word' id='word_1_487' title='bbox 583 4164 728 4218; x_wconf 87' lang='lat' dir='ltr'><strong>citus</strong></span> <span class='ocrx_word' id='word_1_488' title='bbox 757 4161 870 4215; x_wconf 90' lang='lat' dir='ltr'><strong>illic</strong></span> <span class='ocrx_word' id='word_1_489' title='bbox 901 4161 1256 4214; x_wconf 86' lang='lat' dir='ltr'><strong>detineretur.</strong></span> <span class='ocrx_word' id='word_1_490' title='bbox 1299 4158 1446 4214; x_wconf 90' lang='lat' dir='ltr'><strong>Ilanc</strong></span> <span class='ocrx_word' id='word_1_491' title='bbox 1471 4168 1654 4214; x_wconf 89' lang='lat' dir='ltr'><strong>autem</strong></span> <span class='ocrx_word' id='word_1_492' title='bbox 1702 4161 1772 4216; x_wconf 90' lang='lat' dir='ltr'><strong>ob</strong></span> <span class='ocrx_word' id='word_1_493' title='bbox 1801 4177 2023 4216; x_wconf 83' lang='lat' dir='ltr'><strong>causam</strong></span> <span class='ocrx_word' id='word_1_494' title='bbox 2074 4163 2155 4216; x_wconf 84' lang='lat' dir='ltr'><strong>ira</strong></span> 
     </span>
    </p>
   </div>
   <div class='ocr_carea' id='block_1_76' title="bbox 585 4249 2153 4319">
    <p class='ocr_par' dir='ltr' id='par_1_76' title="bbox 585 4249 2153 4319">
     <span class='ocr_line' id='line_1_76' title="bbox 585 4249 2153 4319; baseline 0 -13"><span class='ocrx_word' id='word_1_495' title='bbox 585 4265 850 4307; x_wconf 87' lang='lat' dir='ltr'><strong>succensa</strong></span> <span class='ocrx_word' id='word_1_496' title='bbox 893 4258 1033 4314; x_wconf 85' lang='lat' dir='ltr'><strong>erat,</strong></span> <span class='ocrx_word' id='word_1_497' title='bbox 1068 4249 1213 4318; x_wconf 91' lang='lat' dir='ltr'><strong>quod</strong></span> <span class='ocrx_word' id='word_1_498' title='bbox 1242 4250 1638 4319; x_wconf 81' lang='lat' dir='ltr'><strong>Agamemnon,</strong></span> <span class='ocrx_word' id='word_1_499' title='bbox 1691 4266 1814 4304; x_wconf 91' lang='lat' dir='ltr'><strong>cum</strong></span> <span class='ocrx_word' id='word_1_500' title='bbox 1849 4267 2066 4308; x_wconf 91' lang='lat' dir='ltr'><strong>cervum</strong></span> <span class='ocrx_word' id='word_1_501' title='bbox 2099 4253 2153 4306; x_wconf 92' lang='lat' dir='ltr'><strong>in</strong></span> 
     </span>
    </p>
   </div>
   <div class='ocr_carea' id='block_1_77' title="bbox 2265 3060 3845 3131">
    <p class='ocr_par' dir='ltr' id='par_1_77' title="bbox 2265 3060 3845 3131">
     <span class='ocr_line' id='line_1_77' title="bbox 2265 3060 3845 3131; baseline 0.003 -18"><span class='ocrx_word' id='word_1_502' title='bbox 2265 3060 2654 3128; x_wconf 89' lang='lat' dir='ltr'><strong>patiebantur,</strong></span> <span class='ocrx_word' id='word_1_503' title='bbox 2738 3076 3142 3131; x_wconf 89' lang='lat' dir='ltr'><strong>puerorumque</strong></span> <span class='ocrx_word' id='word_1_504' title='bbox 3221 3076 3380 3116; x_wconf 88' lang='lat' dir='ltr'><strong>amor</strong></span> <span class='ocrx_word' id='word_1_505' title='bbox 3433 3063 3576 3131; x_wconf 83' lang='lat' dir='ltr'><strong>apud</strong></span> <span class='ocrx_word' id='word_1_506' title='bbox 3636 3080 3737 3119; x_wconf 84' lang='lat' dir='ltr'><strong>eos</strong></span> <span class='ocrx_word' id='word_1_507' title='bbox 3794 3070 3845 3118; x_wconf 83' lang='lat' dir='ltr'><strong>ia</strong></span> 
     </span>
    </p>
   </div>
   <div class='ocr_carea' id='block_1_78' title="bbox 2264 3153 3846 3222">
    <p class='ocr_par' dir='ltr' id='par_1_78' title="bbox 2264 3153 3846 3222">
     <span class='ocr_line' id='line_1_78' title="bbox 2264 3153 3846 3222; baseline 0.003 -15"><span class='ocrx_word' id='word_1_508' title='bbox 2264 3166 2482 3207; x_wconf 87' lang='lat' dir='ltr'><strong>summo</strong></span> <span class='ocrx_word' id='word_1_509' title='bbox 2513 3153 2688 3222; x_wconf 90' lang='lat' dir='ltr'><strong>pretio</strong></span> <span class='ocrx_word' id='word_1_510' title='bbox 2739 3161 2792 3207; x_wconf 91' lang='lat' dir='ltr'><strong>et</strong></span> <span class='ocrx_word' id='word_1_511' title='bbox 2822 3154 3298 3208; x_wconf 88' lang='lat' dir='ltr'><strong>commendatione</strong></span> <span class='ocrx_word' id='word_1_512' title='bbox 3336 3166 3452 3209; x_wconf 89' lang='lat' dir='ltr'><strong>erat</strong></span> <span class='ocrx_word' id='word_1_513' title='bbox 3489 3173 3503 3209; x_wconf 89' lang='lat'><strong>:</strong></span> <span class='ocrx_word' id='word_1_514' title='bbox 3541 3166 3596 3210; x_wconf 92' lang='lat' dir='ltr'><strong>et</strong></span> <span class='ocrx_word' id='word_1_515' title='bbox 3629 3159 3846 3211; x_wconf 58' lang='lat' dir='ltr'><strong>exteris</strong></span> 
     </span>
    </p>
   </div>
   <div class='ocr_carea' id='block_1_79' title="bbox 2264 3243 3844 3316">
    <p class='ocr_par' dir='ltr' id='par_1_79' title="bbox 2264 3243 3844 3316">
     <span class='ocr_line' id='line_1_79' title="bbox 2264 3243 3844 3316; baseline 0.004 -17"><span class='ocrx_word' id='word_1_516' title='bbox 2264 3243 2319 3299; x_wconf 91' lang='lat' dir='ltr'><strong>in</strong></span> <span class='ocrx_word' id='word_1_517' title='bbox 2352 3245 2519 3300; x_wconf 87' lang='lat' dir='ltr'><strong>rebus</strong></span> <span class='ocrx_word' id='word_1_518' title='bbox 2551 3245 2795 3299; x_wconf 58' lang='lat' dir='ltr'><strong>audaciae</strong></span> <span class='ocrx_word' id='word_1_519' title='bbox 2821 3244 3056 3316; x_wconf 85' lang='lat' dir='ltr'><strong>insignis</strong></span> <span class='ocrx_word' id='word_1_520' title='bbox 3083 3257 3400 3315; x_wconf 86' lang='lat' dir='ltr'><strong>argumenta</strong></span> <span class='ocrx_word' id='word_1_521' title='bbox 3448 3247 3679 3313; x_wconf 86' lang='lat' dir='ltr'><strong>dabant,</strong></span> <span class='ocrx_word' id='word_1_522' title='bbox 3735 3251 3844 3305; x_wconf 88' lang='lat' dir='ltr'><strong>sie-</strong></span> 
     </span>
    </p>
   </div>
   <div class='ocr_carea' id='block_1_80' title="bbox 2263 3335 3841 3405">
    <p class='ocr_par' dir='ltr' id='par_1_80' title="bbox 2263 3335 3841 3405">
     <span class='ocr_line' id='line_1_80' title="bbox 2263 3335 3841 3405; baseline 0.001 -14"><span class='ocrx_word' id='word_1_523' title='bbox 2263 3350 2370 3405; x_wconf 88' lang='lat' dir='ltr'><strong>que</strong></span> <span class='ocrx_word' id='word_1_524' title='bbox 2425 3335 2478 3390; x_wconf 93' lang='lat' dir='ltr'><strong>in</strong></span> <span class='ocrx_word' id='word_1_525' title='bbox 2550 3336 2862 3391; x_wconf 85' lang='lat' dir='ltr'><strong>contrarios</strong></span> <span class='ocrx_word' id='word_1_526' title='bbox 2912 3336 3140 3390; x_wconf 81' lang='lat' dir='ltr'><strong>allectus</strong></span> <span class='ocrx_word' id='word_1_527' title='bbox 3190 3337 3524 3392; x_wconf 90' lang='lat' dir='ltr'><strong>incidebant.</strong></span> <span class='ocrx_word' id='word_1_528' title='bbox 3597 3341 3841 3394; x_wconf 73' lang='lat' dir='ltr'><strong>Audaci:</strong></span> 
     </span>
    </p>
   </div>
   <div class='ocr_carea' id='block_1_81' title="bbox 2261 3428 3742 3500">
    <p class='ocr_par' dir='ltr' id='par_1_81' title="bbox 2261 3428 3742 3500">
     <span class='ocr_line' id='line_1_81' title="bbox 2261 3428 3742 3500; baseline 0.002 -17"><span class='ocrx_word' id='word_1_529' title='bbox 2261 3430 2404 3483; x_wconf 82' lang='lat' dir='ltr'><strong>enim</strong></span> <span class='ocrx_word' id='word_1_530' title='bbox 2429 3440 2485 3484; x_wconf 91' lang='lat' dir='ltr'><strong>et</strong></span> <span class='ocrx_word' id='word_1_531' title='bbox 2514 3428 2768 3484; x_wconf 90' lang='lat' dir='ltr'><strong>mollities</strong></span> <span class='ocrx_word' id='word_1_532' title='bbox 2807 3443 2872 3482; x_wconf 78' lang='lat' dir='ltr'><strong>ex</strong></span> <span class='ocrx_word' id='word_1_533' title='bbox 2909 3429 3175 3482; x_wconf 87' lang='lat' dir='ltr'><strong>diametro</strong></span> <span class='ocrx_word' id='word_1_534' title='bbox 3204 3429 3344 3483; x_wconf 92' lang='lat' dir='ltr'><strong>inter</strong></span> <span class='ocrx_word' id='word_1_535' title='bbox 3378 3444 3438 3484; x_wconf 91' lang='lat' dir='ltr'><strong>se</strong></span> <span class='ocrx_word' id='word_1_536' title='bbox 3476 3440 3742 3500; x_wconf 77' lang='lat' dir='ltr'><strong>pugnant.</strong></span> 
     </span>
    </p>
   </div>
   <div class='ocr_carea' id='block_1_82' title="bbox 2332 3520 3836 3590">
    <p class='ocr_par' dir='ltr' id='par_1_82' title="bbox 2332 3520 3836 3590">
     <span class='ocr_line' id='line_1_82' title="bbox 2332 3520 3836 3590; baseline 0.003 -14"><span class='ocrx_word' id='word_1_537' title='bbox 2332 3521 2466 3576; x_wconf 90' lang='lat' dir='ltr'><strong>Ibid.</strong></span> <span class='ocrx_word' id='word_1_538' title='bbox 2508 3520 2638 3574; x_wconf 79' lang='lat' dir='ltr'><strong>lant</strong></span> <span class='ocrx_word' id='word_1_539' title='bbox 2692 3520 2903 3590; x_wconf 74' lang='lat' dir='ltr'><strong>Pelopis</strong></span> <span class='ocrx_word' id='word_1_540' title='bbox 2955 3521 3383 3584; x_wconf 78' lang='lat' dir='ltr'><strong>dilaniationem,</strong></span> <span class='ocrx_word' id='word_1_541' title='bbox 3420 3530 3530 3576; x_wconf 87' lang='lat' dir='ltr'><strong>etc.</strong></span> <span class='ocrx_word' id='word_1_542' title='bbox 3571 3523 3836 3580; x_wconf 77' lang='lat' dir='ltr'><strong>Tantalus</strong></span> 
     </span>
    </p>
   </div>
   <div class='ocr_carea' id='block_1_83' title="bbox 2259 3610 3838 3684">
    <p class='ocr_par' dir='ltr' id='par_1_83' title="bbox 2259 3610 3838 3684">
     <span class='ocr_line' id='line_1_83' title="bbox 2259 3610 3838 3684; baseline 0.002 -17"><span class='ocrx_word' id='word_1_543' title='bbox 2259 3610 2414 3668; x_wconf 78' lang='lat' dir='ltr'><strong>Jovis</strong></span> <span class='ocrx_word' id='word_1_544' title='bbox 2453 3613 2598 3668; x_wconf 82' lang='lat' dir='ltr'><strong>filius</strong></span> <span class='ocrx_word' id='word_1_545' title='bbox 2629 3613 2760 3667; x_wconf 83' lang='lat' dir='ltr'><strong>deos</strong></span> <span class='ocrx_word' id='word_1_546' title='bbox 2789 3613 3064 3682; x_wconf 90' lang='lat' dir='ltr'><strong>quondam</strong></span> <span class='ocrx_word' id='word_1_547' title='bbox 3112 3613 3345 3681; x_wconf 89' lang='lat' dir='ltr'><strong>hospitio</strong></span> <span class='ocrx_word' id='word_1_548' title='bbox 3389 3615 3673 3684; x_wconf 88' lang='lat' dir='ltr'><strong>accepisse</strong></span> <span class='ocrx_word' id='word_1_549' title='bbox 3707 3616 3838 3670; x_wconf 73' lang='lat' dir='ltr'><strong>diei-</strong></span> 
     </span>
    </p>
   </div>
   <div class='ocr_carea' id='block_1_84' title="bbox 2261 3702 3834 3775">
    <p class='ocr_par' dir='ltr' id='par_1_84' title="bbox 2261 3702 3834 3775">
     <span class='ocr_line' id='line_1_84' title="bbox 2261 3702 3834 3775; baseline -0.001 -16"><span class='ocrx_word' id='word_1_550' title='bbox 2261 3716 2368 3770; x_wconf 89' lang='lat' dir='ltr'><strong>tur,</strong></span> <span class='ocrx_word' id='word_1_551' title='bbox 2401 3703 2686 3775; x_wconf 87' lang='lat' dir='ltr'><strong>ftliumque</strong></span> <span class='ocrx_word' id='word_1_552' title='bbox 2717 3703 2970 3772; x_wconf 82' lang='lat' dir='ltr'><strong>Pelopem</strong></span> <span class='ocrx_word' id='word_1_553' title='bbox 3009 3711 3305 3757; x_wconf 86' lang='lat' dir='ltr'><strong>mactatum</strong></span> <span class='ocrx_word' id='word_1_554' title='bbox 3334 3718 3399 3756; x_wconf 86' lang='lat' dir='ltr'><strong>ac</strong></span> <span class='ocrx_word' id='word_1_555' title='bbox 3425 3702 3658 3758; x_wconf 86' lang='lat' dir='ltr'><strong>ferventi</strong></span> <span class='ocrx_word' id='word_1_556' title='bbox 3699 3720 3834 3774; x_wconf 78' lang='lat' dir='ltr'><strong>aqua</strong></span> 
     </span>
    </p>
   </div>
   <div class='ocr_carea' id='block_1_85' title="bbox 2259 3793 3833 3863">
    <p class='ocr_par' dir='ltr' id='par_1_85' title="bbox 2259 3793 3833 3863">
     <span class='ocr_line' id='line_1_85' title="bbox 2259 3793 3833 3863; baseline 0.001 -15"><span class='ocrx_word' id='word_1_557' title='bbox 2259 3802 2474 3848; x_wconf 90' lang='lat' dir='ltr'><strong>coctum</strong></span> <span class='ocrx_word' id='word_1_558' title='bbox 2526 3793 2659 3863; x_wconf 83' lang='lat' dir='ltr'><strong>ipsis</strong></span> <span class='ocrx_word' id='word_1_559' title='bbox 2709 3793 3075 3862; x_wconf 84' lang='lat' dir='ltr'><strong>apposuisse:</strong></span> <span class='ocrx_word' id='word_1_560' title='bbox 3115 3807 3220 3847; x_wconf 90' lang='lat' dir='ltr'><strong>eos</strong></span> <span class='ocrx_word' id='word_1_561' title='bbox 3255 3802 3459 3856; x_wconf 88' lang='lat' dir='ltr'><strong>autem,</strong></span> <span class='ocrx_word' id='word_1_562' title='bbox 3495 3809 3703 3850; x_wconf 90' lang='lat' dir='ltr'><strong>novum</strong></span> <span class='ocrx_word' id='word_1_563' title='bbox 3740 3797 3833 3849; x_wconf 85' lang='lat' dir='ltr'><strong>ho-</strong></span> 
     </span>
    </p>
   </div>
   <div class='ocr_carea' id='block_1_86' title="bbox 2259 3884 3834 3956">
    <p class='ocr_par' dir='ltr' id='par_1_86' title="bbox 2259 3884 3834 3956">
     <span class='ocr_line' id='line_1_86' title="bbox 2259 3884 3834 3956; baseline -0.001 -15"><span class='ocrx_word' id='word_1_564' title='bbox 2259 3885 2572 3954; x_wconf 88' lang='lat' dir='ltr'><strong>spitalitatis</strong></span> <span class='ocrx_word' id='word_1_565' title='bbox 2614 3901 2787 3956; x_wconf 86' lang='lat' dir='ltr'><strong>genus</strong></span> <span class='ocrx_word' id='word_1_566' title='bbox 2841 3886 3182 3949; x_wconf 84' lang='lat' dir='ltr'><strong>admiratus,</strong></span> <span class='ocrx_word' id='word_1_567' title='bbox 3228 3884 3480 3954; x_wconf 84' lang='lat' dir='ltr'><strong>Pelopem</strong></span> <span class='ocrx_word' id='word_1_568' title='bbox 3539 3888 3610 3941; x_wconf 88' lang='lat' dir='ltr'><strong>ad</strong></span> <span class='ocrx_word' id='word_1_569' title='bbox 3675 3889 3834 3942; x_wconf 77' lang='lat' dir='ltr'><strong>vitam</strong></span> 
     </span>
    </p>
   </div>
   <div class='ocr_carea' id='block_1_87' title="bbox 2259 3977 3834 4050">
    <p class='ocr_par' dir='ltr' id='par_1_87' title="bbox 2259 3977 3834 4050">
     <span class='ocr_line' id='line_1_87' title="bbox 2259 3977 3834 4050; baseline -0.002 -16"><span class='ocrx_word' id='word_1_570' title='bbox 2259 3995 2546 4035; x_wconf 83' lang='lat' dir='ltr'><strong>revocasse</strong></span> <span class='ocrx_word' id='word_1_571' title='bbox 2580 3998 2594 4035; x_wconf 88' lang='lat'><strong>:</strong></span> <span class='ocrx_word' id='word_1_572' title='bbox 2624 3987 2679 4034; x_wconf 85' lang='lat' dir='ltr'><strong>et</strong></span> <span class='ocrx_word' id='word_1_573' title='bbox 2720 3979 2850 4048; x_wconf 89' lang='lat' dir='ltr'><strong>quia</strong></span> <span class='ocrx_word' id='word_1_574' title='bbox 2884 3979 2998 4032; x_wconf 85' lang='lat' dir='ltr'><strong>sola</strong></span> <span class='ocrx_word' id='word_1_575' title='bbox 3031 3977 3198 4033; x_wconf 82' lang='lat' dir='ltr'><strong>Ceres</strong></span> <span class='ocrx_word' id='word_1_576' title='bbox 3239 3978 3450 4032; x_wconf 87' lang='lat' dir='ltr'><strong>humeri</strong></span> <span class='ocrx_word' id='word_1_577' title='bbox 3487 3991 3697 4050; x_wconf 83' lang='lat' dir='ltr'><strong>partem</strong></span> <span class='ocrx_word' id='word_1_578' title='bbox 3730 3996 3834 4034; x_wconf 84' lang='lat' dir='ltr'><strong>co-</strong></span> 
     </span>
    </p>
   </div>
   <div class='ocr_carea' id='block_1_88' title="bbox 2259 4070 3833 4142">
    <p class='ocr_par' dir='ltr' id='par_1_88' title="bbox 2259 4070 3833 4142">
     <span class='ocr_line' id='line_1_88' title="bbox 2259 4070 3833 4142; baseline -0.003 -14"><span class='ocrx_word' id='word_1_579' title='bbox 2259 4075 2522 4138; x_wconf 89' lang='lat' dir='ltr'><strong>mederat,</strong></span> <span class='ocrx_word' id='word_1_580' title='bbox 2589 4081 2798 4141; x_wconf 90' lang='lat' dir='ltr'><strong>partem</strong></span> <span class='ocrx_word' id='word_1_581' title='bbox 2845 4071 2993 4125; x_wconf 89' lang='lat' dir='ltr'><strong>illam</strong></span> <span class='ocrx_word' id='word_1_582' title='bbox 3041 4084 3262 4125; x_wconf 76' lang='lat' dir='ltr'><strong>exesam</strong></span> <span class='ocrx_word' id='word_1_583' title='bbox 3316 4070 3617 4126; x_wconf 87' lang='lat' dir='ltr'><strong>eburneam</strong></span> <span class='ocrx_word' id='word_1_584' title='bbox 3676 4089 3833 4142; x_wconf 80' lang='lat' dir='ltr'><strong>repo-</strong></span> 
     </span>
    </p>
   </div>
   <div class='ocr_carea' id='block_1_89' title="bbox 2259 4161 3830 4232">
    <p class='ocr_par' dir='ltr' id='par_1_89' title="bbox 2259 4161 3830 4232">
     <span class='ocr_line' id='line_1_89' title="bbox 2259 4161 3830 4232; baseline -0.001 -13"><span class='ocrx_word' id='word_1_585' title='bbox 2259 4165 2460 4228; x_wconf 87' lang='lat' dir='ltr'><strong>suisse,</strong></span> <span class='ocrx_word' id='word_1_586' title='bbox 2495 4176 2658 4232; x_wconf 90' lang='lat' dir='ltr'><strong>atque</strong></span> <span class='ocrx_word' id='word_1_587' title='bbox 2707 4164 2782 4216; x_wconf 89' lang='lat' dir='ltr'><strong>ita</strong></span> <span class='ocrx_word' id='word_1_588' title='bbox 2816 4161 3103 4230; x_wconf 82' lang='lat' dir='ltr'><strong>Pel0pidas</strong></span> <span class='ocrx_word' id='word_1_589' title='bbox 3132 4163 3202 4215; x_wconf 91' lang='lat' dir='ltr'><strong>ab</strong></span> <span class='ocrx_word' id='word_1_590' title='bbox 3233 4176 3298 4215; x_wconf 91' lang='lat' dir='ltr'><strong>eo</strong></span> <span class='ocrx_word' id='word_1_591' title='bbox 3329 4163 3596 4218; x_wconf 89' lang='lat' dir='ltr'><strong>oriundos</strong></span> <span class='ocrx_word' id='word_1_592' title='bbox 3641 4166 3830 4218; x_wconf 86' lang='lat' dir='ltr'><strong>hume-</strong></span> 
     </span>
    </p>
   </div>
   <div class='ocr_carea' id='block_1_90' title="bbox 2260 4250 3836 4320">
    <p class='ocr_par' dir='ltr' id='par_1_90' title="bbox 2260 4250 3836 4320">
     <span class='ocr_line' id='line_1_90' title="bbox 2260 4250 3836 4320; baseline -0.001 -11"><span class='ocrx_word' id='word_1_593' title='bbox 2260 4271 2380 4310; x_wconf 91' lang='lat' dir='ltr'><strong>rum</strong></span> <span class='ocrx_word' id='word_1_594' title='bbox 2412 4254 2714 4308; x_wconf 87' lang='lat' dir='ltr'><strong>eburneum</strong></span> <span class='ocrx_word' id='word_1_595' title='bbox 2755 4253 2974 4307; x_wconf 89' lang='lat' dir='ltr'><strong>habere.</strong></span> <span class='ocrx_word' id='word_1_596' title='bbox 3007 4250 3134 4304; x_wconf 89' lang='lat' dir='ltr'><strong>Tria</strong></span> <span class='ocrx_word' id='word_1_597' title='bbox 3171 4251 3335 4320; x_wconf 81' lang='lat' dir='ltr'><strong>igitur</strong></span> <span class='ocrx_word' id='word_1_598' title='bbox 3374 4251 3476 4306; x_wconf 89' lang='lat' dir='ltr'><strong>hoc</strong></span> <span class='ocrx_word' id='word_1_599' title='bbox 3504 4253 3624 4306; x_wconf 91' lang='lat' dir='ltr'><strong>loco</strong></span> <span class='ocrx_word' id='word_1_600' title='bbox 3660 4252 3836 4307; x_wconf 87' lang='lat' dir='ltr'><strong>Theo-</strong></span> 
     </span>
    </p>
   </div>
   <div class='ocr_carea' id='block_1_91' title="bbox 584 4338 3838 4423">
    <p class='ocr_par' dir='ltr' id='par_1_91' title="bbox 584 4338 3838 4423">
     <span class='ocr_line' id='line_1_91' title="bbox 584 4338 3838 4423; baseline 0.001 -27"><span class='ocrx_word' id='word_1_601' title='bbox 584 4342 873 4415; x_wconf 84' lang='lat' dir='ltr'><strong>venatione</strong></span> <span class='ocrx_word' id='word_1_602' title='bbox 923 4342 1029 4396; x_wconf 91' lang='lat' dir='ltr'><strong>telo</strong></span> <span class='ocrx_word' id='word_1_603' title='bbox 1083 4341 1429 4404; x_wconf 89' lang='lat' dir='ltr'><strong>confecisset,</strong></span> <span class='ocrx_word' id='word_1_604' title='bbox 1454 4343 1668 4413; x_wconf 86' lang='lat' dir='ltr'><strong>gloriari</strong></span> <span class='ocrx_word' id='word_1_605' title='bbox 1707 4360 1875 4400; x_wconf 86' lang='lat' dir='ltr'><strong>ausus</strong></span> <span class='ocrx_word' id='word_1_606' title='bbox 1927 4354 2032 4408; x_wconf 87' lang='lat' dir='ltr'><strong>est,</strong></span> <span class='ocrx_word' id='word_1_607' title='bbox 2085 4359 2154 4399; x_wconf 93' lang='lat' dir='ltr'><strong>ne</strong></span> <span class='ocrx_word' id='word_1_608' title='bbox 2186 4338 2232 4396; x_wconf 87' lang='lat' dir='ltr'><strong>D</strong></span> <span class='ocrx_word' id='word_1_609' title='bbox 2265 4348 2417 4414; x_wconf 89' lang='lat' dir='ltr'><strong>logus</strong></span> <span class='ocrx_word' id='word_1_610' title='bbox 2450 4344 2799 4423; x_wconf 54' lang='lat' dir='ltr'><strong>suggillat‘et</strong></span> <span class='ocrx_word' id='word_1_611' title='bbox 2850 4342 3166 4406; x_wconf 88' lang='lat' dir='ltr'><strong>insectatur,</strong></span> <span class='ocrx_word' id='word_1_612' title='bbox 3211 4341 3438 4396; x_wconf 88' lang='lat' dir='ltr'><strong>deorum</strong></span> <span class='ocrx_word' id='word_1_613' title='bbox 3500 4344 3722 4408; x_wconf 85' lang='lat' dir='ltr'><strong>famem,</strong></span> <span class='ocrx_word' id='word_1_614' title='bbox 3780 4354 3838 4399; x_wconf 75' lang='lat' dir='ltr'><strong>ut</strong></span> 
     </span>
    </p>
   </div>
   <div class='ocr_carea' id='block_1_92' title="bbox 585 4433 2158 4503">
    <p class='ocr_par' dir='ltr' id='par_1_92' title="bbox 585 4433 2158 4503">
     <span class='ocr_line' id='line_1_92' title="bbox 585 4433 2158 4503; baseline 0.002 -15"><span class='ocrx_word' id='word_1_615' title='bbox 585 4434 758 4503; x_wconf 87' lang='lat' dir='ltr'><strong>ipsam</strong></span> <span class='ocrx_word' id='word_1_616' title='bbox 787 4433 1004 4503; x_wconf 91' lang='lat' dir='ltr'><strong>quidem</strong></span> <span class='ocrx_word' id='word_1_617' title='bbox 1053 4434 1274 4487; x_wconf 91' lang='lat' dir='ltr'><strong>Dianam</strong></span> <span class='ocrx_word' id='word_1_618' title='bbox 1325 4435 1440 4502; x_wconf 85' lang='lat' dir='ltr'><strong>pari</strong></span> <span class='ocrx_word' id='word_1_619' title='bbox 1476 4435 1794 4490; x_wconf 77' lang='lat' dir='ltr'><strong>dexteritate</strong></span> <span class='ocrx_word' id='word_1_620' title='bbox 1822 4438 1988 4490; x_wconf 90' lang='lat' dir='ltr'><strong>telum</strong></span> <span class='ocrx_word' id='word_1_621' title='bbox 2022 4437 2158 4491; x_wconf 87' lang='lat' dir='ltr'><strong>mis-</strong></span> 
     </span>
    </p>
   </div>
   <div class='ocr_carea' id='block_1_93' title="bbox 586 4523 2158 4596">
    <p class='ocr_par' dir='ltr' id='par_1_93' title="bbox 586 4523 2158 4596">
     <span class='ocr_line' id='line_1_93' title="bbox 586 4523 2158 4596; baseline 0.001 -16"><span class='ocrx_word' id='word_1_622' title='bbox 586 4540 770 4580; x_wconf 75' lang='lat' dir='ltr'><strong>suram</strong></span> <span class='ocrx_word' id='word_1_623' title='bbox 802 4523 992 4581; x_wconf 89' lang='lat' dir='ltr'><strong>fuisse.</strong></span> <span class='ocrx_word' id='word_1_624' title='bbox 1046 4525 1183 4579; x_wconf 86' lang='lat' dir='ltr'><strong>Cum</strong></span> <span class='ocrx_word' id='word_1_625' title='bbox 1229 4534 1408 4578; x_wconf 90' lang='lat' dir='ltr'><strong>autem</strong></span> <span class='ocrx_word' id='word_1_626' title='bbox 1442 4525 1807 4582; x_wconf 81' lang='lat' dir='ltr'><strong>invalescentc</strong></span> <span class='ocrx_word' id='word_1_627' title='bbox 1839 4536 2158 4596; x_wconf 88' lang='lat' dir='ltr'><strong>tempestate</strong></span> 
     </span>
    </p>
   </div>
   <div class='ocr_carea' id='block_1_94' title="bbox 586 4617 2156 4687">
    <p class='ocr_par' dir='ltr' id='par_1_94' title="bbox 586 4617 2156 4687">
     <span class='ocr_line' id='line_1_94' title="bbox 586 4617 2156 4687; baseline -0.001 -13"><span class='ocrx_word' id='word_1_628' title='bbox 586 4618 870 4674; x_wconf 87' lang='lat' dir='ltr'><strong>oraculum</strong></span> <span class='ocrx_word' id='word_1_629' title='bbox 943 4617 1346 4681; x_wconf 88' lang='lat' dir='ltr'><strong>consulerent,</strong></span> <span class='ocrx_word' id='word_1_630' title='bbox 1421 4631 1756 4686; x_wconf 86' lang='lat' dir='ltr'><strong>causamque</strong></span> <span class='ocrx_word' id='word_1_631' title='bbox 1837 4618 1998 4687; x_wconf 87' lang='lat' dir='ltr'><strong>hujus</strong></span> <span class='ocrx_word' id='word_1_632' title='bbox 2078 4620 2156 4673; x_wconf 90' lang='lat' dir='ltr'><strong>rei</strong></span> 
     </span>
    </p>
   </div>
   <div class='ocr_carea' id='block_1_95' title="bbox 587 4709 2155 4780">
    <p class='ocr_par' dir='ltr' id='par_1_95' title="bbox 587 4709 2155 4780">
     <span class='ocr_line' id='line_1_95' title="bbox 587 4709 2155 4780; baseline -0.002 -12"><span class='ocrx_word' id='word_1_633' title='bbox 587 4713 1040 4774; x_wconf 86' lang='lat' dir='ltr'><strong>sciscitarentur,</strong></span> <span class='ocrx_word' id='word_1_634' title='bbox 1108 4722 1432 4777; x_wconf 83' lang='lat' dir='ltr'><strong>responsum</strong></span> <span class='ocrx_word' id='word_1_635' title='bbox 1497 4709 1807 4777; x_wconf 85' lang='lat' dir='ltr'><strong>accipiunt,</strong></span> <span class='ocrx_word' id='word_1_636' title='bbox 1874 4725 2155 4780; x_wconf 89' lang='lat' dir='ltr'><strong>nunquam</strong></span> 
     </span>
    </p>
   </div>
   <div class='ocr_carea' id='block_1_96' title="bbox 588 4799 2159 4872">
    <p class='ocr_par' dir='ltr' id='par_1_96' title="bbox 588 4799 2159 4872">
     <span class='ocr_line' id='line_1_96' title="bbox 588 4799 2159 4872; baseline 0.001 -18"><span class='ocrx_word' id='word_1_637' title='bbox 588 4802 716 4854; x_wconf 81' lang='lat' dir='ltr'><strong>mali</strong></span> <span class='ocrx_word' id='word_1_638' title='bbox 756 4799 916 4865; x_wconf 88' lang='lat' dir='ltr'><strong>hujus</strong></span> <span class='ocrx_word' id='word_1_639' title='bbox 963 4799 1122 4852; x_wconf 83' lang='lat' dir='ltr'><strong>finem</strong></span> <span class='ocrx_word' id='word_1_640' title='bbox 1174 4799 1600 4868; x_wconf 80' lang='lat' dir='ltr'><strong>exspectandum</strong></span> <span class='ocrx_word' id='word_1_641' title='bbox 1652 4813 1797 4863; x_wconf 90' lang='lat' dir='ltr'><strong>esse,</strong></span> <span class='ocrx_word' id='word_1_642' title='bbox 1857 4801 1961 4856; x_wconf 84' lang='lat' dir='ltr'><strong>nisi</strong></span> <span class='ocrx_word' id='word_1_643' title='bbox 2012 4801 2159 4872; x_wconf 84' lang='lat' dir='ltr'><strong>Aga-</strong></span> 
     </span>
    </p>
   </div>
   <div class='ocr_carea' id='block_1_97' title="bbox 589 4888 2159 4959">
    <p class='ocr_par' dir='ltr' id='par_1_97' title="bbox 589 4888 2159 4959">
     <span class='ocr_line' id='line_1_97' title="bbox 589 4888 2159 4959; baseline 0 -12"><span class='ocrx_word' id='word_1_644' title='bbox 589 4906 846 4947; x_wconf 87' lang='lat' dir='ltr'><strong>memnon</strong></span> <span class='ocrx_word' id='word_1_645' title='bbox 883 4890 1003 4943; x_wconf 76' lang='lat' dir='ltr'><strong>lilia:</strong></span> <span class='ocrx_word' id='word_1_646' title='bbox 1029 4905 1143 4943; x_wconf 81' lang='lat' dir='ltr'><strong>suac</strong></span> <span class='ocrx_word' id='word_1_647' title='bbox 1172 4891 1318 4942; x_wconf 68' lang='lat' dir='ltr'><strong>caede</strong></span> <span class='ocrx_word' id='word_1_648' title='bbox 1348 4888 1575 4944; x_wconf 87' lang='lat' dir='ltr'><strong>Dianam</strong></span> <span class='ocrx_word' id='word_1_649' title='bbox 1612 4890 1870 4959; x_wconf 88' lang='lat' dir='ltr'><strong>placaret.</strong></span> <span class='ocrx_word' id='word_1_650' title='bbox 1926 4890 2159 4947; x_wconf 85' lang='lat' dir='ltr'><strong>Persua-</strong></span> 
     </span>
    </p>
   </div>
   <div class='ocr_carea' id='block_1_98' title="bbox 588 4981 2155 5052">
    <p class='ocr_par' dir='ltr' id='par_1_98' title="bbox 588 4981 2155 5052">
     <span class='ocr_line' id='line_1_98' title="bbox 588 4981 2155 5052; baseline 0 -15"><span class='ocrx_word' id='word_1_651' title='bbox 588 4999 687 5038; x_wconf 89' lang='lat' dir='ltr'><strong>sus</strong></span> <span class='ocrx_word' id='word_1_652' title='bbox 740 4982 904 5047; x_wconf 83' lang='lat' dir='ltr'><strong>igitur</strong></span> <span class='ocrx_word' id='word_1_653' title='bbox 963 4982 1339 5050; x_wconf 73' lang='lat' dir='ltr'><strong>Agamemnon</strong></span> <span class='ocrx_word' id='word_1_654' title='bbox 1387 4981 1551 5034; x_wconf 88' lang='lat' dir='ltr'><strong>filiam</strong></span> <span class='ocrx_word' id='word_1_655' title='bbox 1603 4995 1758 5034; x_wconf 89' lang='lat' dir='ltr'><strong>suam</strong></span> <span class='ocrx_word' id='word_1_656' title='bbox 1823 4981 2155 5052; x_wconf 85' lang='lat' dir='ltr'><strong>Iphigeniam</strong></span> 
     </span>
    </p>
   </div>
   <div class='ocr_carea' id='block_1_99' title="bbox 588 5070 2153 5143">
    <p class='ocr_par' dir='ltr' id='par_1_99' title="bbox 588 5070 2153 5143">
     <span class='ocr_line' id='line_1_99' title="bbox 588 5070 2153 5143; baseline -0.001 -16"><span class='ocrx_word' id='word_1_657' title='bbox 588 5074 772 5128; x_wconf 76' lang='lat' dir='ltr'><strong>Diana:</strong></span> <span class='ocrx_word' id='word_1_658' title='bbox 821 5073 1160 5126; x_wconf 80' lang='lat' dir='ltr'><strong>mactandatn</strong></span> <span class='ocrx_word' id='word_1_659' title='bbox 1209 5072 1376 5126; x_wconf 86' lang='lat' dir='ltr'><strong>sistit.</strong></span> <span class='ocrx_word' id='word_1_660' title='bbox 1426 5070 1594 5125; x_wconf 88' lang='lat' dir='ltr'><strong>Diana</strong></span> <span class='ocrx_word' id='word_1_661' title='bbox 1644 5085 1826 5125; x_wconf 88' lang='lat' dir='ltr'><strong>autem</strong></span> <span class='ocrx_word' id='word_1_662' title='bbox 1867 5074 2153 5143; x_wconf 87' lang='lat' dir='ltr'><strong>virginem,</strong></span> 
     </span>
    </p>
   </div>
   <div class='ocr_carea' id='block_1_100' title="bbox 591 5163 2155 5235">
    <p class='ocr_par' dir='ltr' id='par_1_100' title="bbox 591 5163 2155 5235">
     <span class='ocr_line' id='line_1_100' title="bbox 591 5163 2155 5235; baseline -0.001 -15"><span class='ocrx_word' id='word_1_663' title='bbox 591 5167 739 5220; x_wconf 79' lang='lat' dir='ltr'><strong>neris</strong></span> <span class='ocrx_word' id='word_1_664' title='bbox 775 5167 1014 5234; x_wconf 84' lang='lat' dir='ltr'><strong>periculo</strong></span> <span class='ocrx_word' id='word_1_665' title='bbox 1047 5173 1308 5232; x_wconf 87' lang='lat' dir='ltr'><strong>ereptam,</strong></span> <span class='ocrx_word' id='word_1_666' title='bbox 1358 5165 1422 5217; x_wconf 89' lang='lat' dir='ltr'><strong>ad</strong></span> <span class='ocrx_word' id='word_1_667' title='bbox 1484 5163 1694 5217; x_wconf 88' lang='lat' dir='ltr'><strong>Tauros</strong></span> <span class='ocrx_word' id='word_1_668' title='bbox 1720 5165 1903 5218; x_wconf 89' lang='lat' dir='ltr'><strong>emisit</strong></span> <span class='ocrx_word' id='word_1_669' title='bbox 1965 5165 2155 5235; x_wconf 86' lang='lat' dir='ltr'><strong>(Tauri</strong></span> 
     </span>
    </p>
   </div>
   <div class='ocr_carea' id='block_1_101' title="bbox 589 5253 2156 5326">
    <p class='ocr_par' dir='ltr' id='par_1_101' title="bbox 589 5253 2156 5326">
     <span class='ocr_line' id='line_1_101' title="bbox 589 5253 2156 5326; baseline -0.002 -12"><span class='ocrx_word' id='word_1_670' title='bbox 589 5272 770 5314; x_wconf 87' lang='lat' dir='ltr'><strong>autem</strong></span> <span class='ocrx_word' id='word_1_671' title='bbox 820 5261 872 5312; x_wconf 94' lang='lat' dir='ltr'><strong>in</strong></span> <span class='ocrx_word' id='word_1_672' title='bbox 910 5258 1119 5310; x_wconf 71' lang='lat' dir='ltr'><strong>Boi-eali</strong></span> <span class='ocrx_word' id='word_1_673' title='bbox 1171 5269 1323 5325; x_wconf 87' lang='lat' dir='ltr'><strong>parte</strong></span> <span class='ocrx_word' id='word_1_674' title='bbox 1367 5267 1422 5309; x_wconf 88' lang='lat' dir='ltr'><strong>et</strong></span> <span class='ocrx_word' id='word_1_675' title='bbox 1472 5253 1722 5326; x_wconf 86' lang='lat' dir='ltr'><strong>Scythica</strong></span> <span class='ocrx_word' id='word_1_676' title='bbox 1761 5256 2027 5320; x_wconf 85' lang='lat' dir='ltr'><strong>habitant,</strong></span> <span class='ocrx_word' id='word_1_677' title='bbox 2067 5257 2156 5311; x_wconf 91' lang='lat' dir='ltr'><strong>ubi</strong></span> 
     </span>
    </p>
   </div>
   <div class='ocr_carea' id='block_1_102' title="bbox 592 5345 2158 5417">
    <p class='ocr_par' dir='ltr' id='par_1_102' title="bbox 592 5345 2158 5417">
     <span class='ocr_line' id='line_1_102' title="bbox 592 5345 2158 5417; baseline -0.001 -15"><span class='ocrx_word' id='word_1_678' title='bbox 592 5350 774 5402; x_wconf 60' lang='lat' dir='ltr'><strong>Dianae</strong></span> <span class='ocrx_word' id='word_1_679' title='bbox 820 5349 1105 5402; x_wconf 89' lang='lat' dir='ltr'><strong>delubrum</strong></span> <span class='ocrx_word' id='word_1_680' title='bbox 1161 5349 1286 5417; x_wconf 73' lang='lat' dir='ltr'><strong>Cal),</strong></span> <span class='ocrx_word' id='word_1_681' title='bbox 1319 5363 1382 5400; x_wconf 90' lang='lat' dir='ltr'><strong>ac</strong></span> <span class='ocrx_word' id='word_1_682' title='bbox 1425 5361 1522 5417; x_wconf 92' lang='lat' dir='ltr'><strong>pro</strong></span> <span class='ocrx_word' id='word_1_683' title='bbox 1575 5345 1783 5416; x_wconf 88' lang='lat' dir='ltr'><strong>virgine</strong></span> <span class='ocrx_word' id='word_1_684' title='bbox 1827 5361 2044 5399; x_wconf 90' lang='lat' dir='ltr'><strong>cervum</strong></span> <span class='ocrx_word' id='word_1_685' title='bbox 2090 5347 2158 5401; x_wconf 84' lang='lat' dir='ltr'><strong>ad</strong></span> 
     </span>
    </p>
   </div>
   <div class='ocr_carea' id='block_1_103' title="bbox 589 5436 2154 5508">
    <p class='ocr_par' dir='ltr' id='par_1_103' title="bbox 589 5436 2154 5508">
     <span class='ocr_line' id='line_1_103' title="bbox 589 5436 2154 5508; baseline -0.001 -13"><span class='ocrx_word' id='word_1_686' title='bbox 589 5444 790 5496; x_wconf 81' lang='lat' dir='ltr'><strong>caedem</strong></span> <span class='ocrx_word' id='word_1_687' title='bbox 824 5440 1125 5493; x_wconf 89' lang='lat' dir='ltr'><strong>substituit.</strong></span> <span class='ocrx_word' id='word_1_688' title='bbox 1157 5441 1236 5492; x_wconf 80' lang='lat' dir='ltr'><strong>Ad</strong></span> <span class='ocrx_word' id='word_1_689' title='bbox 1271 5440 1417 5494; x_wconf 92' lang='lat' dir='ltr'><strong>hunc</strong></span> <span class='ocrx_word' id='word_1_690' title='bbox 1449 5440 1609 5507; x_wconf 88' lang='lat' dir='ltr'><strong>igitur</strong></span> <span class='ocrx_word' id='word_1_691' title='bbox 1633 5439 1851 5491; x_wconf 90' lang='lat' dir='ltr'><strong>modum</strong></span> <span class='ocrx_word' id='word_1_692' title='bbox 1882 5436 2154 5508; x_wconf 85' lang='lat' dir='ltr'><strong>Iphigenia</strong></span> 
     </span>
    </p>
   </div>
   <div class='ocr_carea' id='block_1_104' title="bbox 593 5531 2152 5601">
    <p class='ocr_par' dir='ltr' id='par_1_104' title="bbox 593 5531 2152 5601">
     <span class='ocr_line' id='line_1_104' title="bbox 593 5531 2152 5601; baseline -0.001 -16"><span class='ocrx_word' id='word_1_693' title='bbox 593 5533 734 5600; x_wconf 83' lang='lat' dir='ltr'><strong>apud</strong></span> <span class='ocrx_word' id='word_1_694' title='bbox 765 5531 1168 5601; x_wconf 74' lang='lat' dir='ltr'><strong>Taul&#39;oscyihas</strong></span> <span class='ocrx_word' id='word_1_695' title='bbox 1213 5533 1469 5586; x_wconf 86' lang='lat' dir='ltr'><strong>sacerdos</strong></span> <span class='ocrx_word' id='word_1_696' title='bbox 1523 5531 1700 5585; x_wconf 75' lang='lat' dir='ltr'><strong>Dianze</strong></span> <span class='ocrx_word' id='word_1_697' title='bbox 1749 5531 2000 5584; x_wconf 86' lang='lat' dir='ltr'><strong>instituta</strong></span> <span class='ocrx_word' id='word_1_698' title='bbox 2049 5541 2152 5596; x_wconf 85' lang='lat' dir='ltr'><strong>est,</strong></span> 
     </span>
    </p>
   </div>
   <div class='ocr_carea' id='block_1_105' title="bbox 590 5621 2155 5691">
    <p class='ocr_par' dir='ltr' id='par_1_105' title="bbox 590 5621 2155 5691">
     <span class='ocr_line' id='line_1_105' title="bbox 590 5621 2155 5691; baseline 0.001 -17"><span class='ocrx_word' id='word_1_699' title='bbox 590 5639 750 5691; x_wconf 72' lang='grc' dir='ltr'><strong>ςιιιιιιυ</strong></span> <span class='ocrx_word' id='word_1_700' title='bbox 797 5637 988 5675; x_wconf 80' lang='lat' dir='ltr'><strong>omnes</strong></span> <span class='ocrx_word' id='word_1_701' title='bbox 1034 5621 1273 5684; x_wconf 76' lang='lat' dir='ltr'><strong>Graecos,</strong></span> <span class='ocrx_word' id='word_1_702' title='bbox 1319 5621 1410 5689; x_wconf 92' lang='lat' dir='ltr'><strong>qui</strong></span> <span class='ocrx_word' id='word_1_703' title='bbox 1441 5621 1833 5691; x_wconf 79' lang='lat' dir='ltr'><strong>peregrinando</strong></span> <span class='ocrx_word' id='word_1_704' title='bbox 1855 5622 1920 5676; x_wconf 89' lang='lat' dir='ltr'><strong>ad</strong></span> <span class='ocrx_word' id='word_1_705' title='bbox 1947 5636 2008 5677; x_wconf 88' lang='lat' dir='ltr'><strong>ca</strong></span> <span class='ocrx_word' id='word_1_706' title='bbox 2039 5622 2155 5677; x_wconf 59' lang='lat' dir='ltr'><strong>lsca</strong></span> 
     </span>
    </p>
   </div>
   <div class='ocr_carea' id='block_1_106' title="bbox 2261 4433 3834 4507">
    <p class='ocr_par' dir='ltr' id='par_1_106' title="bbox 2261 4433 3834 4507">
     <span class='ocr_line' id='line_1_106' title="bbox 2261 4433 3834 4507; baseline -0.003 -15"><span class='ocrx_word' id='word_1_707' title='bbox 2261 4438 2367 4493; x_wconf 89' lang='lat' dir='ltr'><strong>diis</strong></span> <span class='ocrx_word' id='word_1_708' title='bbox 2390 4437 2699 4507; x_wconf 89' lang='lat' dir='ltr'><strong>indignam;</strong></span> <span class='ocrx_word' id='word_1_709' title='bbox 2729 4434 2942 4489; x_wconf 89' lang='lat' dir='ltr'><strong>Tantali</strong></span> <span class='ocrx_word' id='word_1_710' title='bbox 2973 4433 3418 4500; x_wconf 86' lang='lat' dir='ltr'><strong>hospitalitatem,</strong></span> <span class='ocrx_word' id='word_1_711' title='bbox 3451 4443 3514 4488; x_wconf 91' lang='lat' dir='ltr'><strong>ut</strong></span> <span class='ocrx_word' id='word_1_712' title='bbox 3541 4435 3834 4489; x_wconf 81' lang='lat' dir='ltr'><strong>immanem</strong></span> 
     </span>
    </p>
   </div>
   <div class='ocr_carea' id='block_1_107' title="bbox 2260 4526 3835 4594">
    <p class='ocr_par' dir='ltr' id='par_1_107' title="bbox 2260 4526 3835 4594">
     <span class='ocr_line' id='line_1_107' title="bbox 2260 4526 3835 4594; baseline -0.004 -9"><span class='ocrx_word' id='word_1_713' title='bbox 2260 4540 2313 4585; x_wconf 87' lang='lat' dir='ltr'><strong>et</strong></span> <span class='ocrx_word' id='word_1_714' title='bbox 2340 4529 2612 4585; x_wconf 88' lang='lat' dir='ltr'><strong>crudelem</strong></span> <span class='ocrx_word' id='word_1_715' title='bbox 2638 4545 2652 4594; x_wconf 92' lang='lat'><strong>;</strong></span> <span class='ocrx_word' id='word_1_716' title='bbox 2681 4528 2907 4582; x_wconf 88' lang='lat' dir='ltr'><strong>deorum</strong></span> <span class='ocrx_word' id='word_1_717' title='bbox 2940 4526 3384 4594; x_wconf 82' lang='lat' dir='ltr'><strong>approbationem</strong></span> <span class='ocrx_word' id='word_1_718' title='bbox 3431 4534 3594 4594; x_wconf 87' lang='lat' dir='ltr'><strong>atque</strong></span> <span class='ocrx_word' id='word_1_719' title='bbox 3613 4526 3835 4579; x_wconf 49' lang='lat' dir='ltr'><strong>aduris.</strong></span> 
     </span>
    </p>
   </div>
   <div class='ocr_carea' id='block_1_108' title="bbox 2264 4617 3828 4687">
    <p class='ocr_par' dir='ltr' id='par_1_108' title="bbox 2264 4617 3828 4687">
     <span class='ocr_line' id='line_1_108' title="bbox 2264 4617 3828 4687; baseline -0.003 -10"><span class='ocrx_word' id='word_1_720' title='bbox 2264 4623 2496 4686; x_wconf 88' lang='lat' dir='ltr'><strong>sionem,</strong></span> <span class='ocrx_word' id='word_1_721' title='bbox 2533 4629 2592 4674; x_wconf 92' lang='lat' dir='ltr'><strong>ut</strong></span> <span class='ocrx_word' id='word_1_722' title='bbox 2641 4618 3062 4674; x_wconf 87' lang='lat' dir='ltr'><strong>inhumanitatis</strong></span> <span class='ocrx_word' id='word_1_723' title='bbox 3093 4617 3334 4686; x_wconf 84' lang='lat' dir='ltr'><strong>plenam,</strong></span> <span class='ocrx_word' id='word_1_724' title='bbox 3388 4627 3574 4686; x_wconf 89' lang='lat' dir='ltr'><strong>utpote</strong></span> <span class='ocrx_word' id='word_1_725' title='bbox 3603 4621 3700 4687; x_wconf 89' lang='lat' dir='ltr'><strong>qui</strong></span> <span class='ocrx_word' id='word_1_726' title='bbox 3733 4622 3828 4672; x_wconf 52' lang='lat' dir='ltr'><strong>hu-</strong></span> 
     </span>
    </p>
   </div>
   <div class='ocr_carea' id='block_1_109' title="bbox 2255 4710 3498 4784">
    <p class='ocr_par' dir='ltr' id='par_1_109' title="bbox 2255 4710 3498 4784">
     <span class='ocr_line' id='line_1_109' title="bbox 2255 4710 3498 4784; baseline -0.006 -15"><span class='ocrx_word' id='word_1_727' title='bbox 2255 4713 2495 4784; x_wconf 88' lang='lat' dir='ltr'><strong>jusmodi</strong></span> <span class='ocrx_word' id='word_1_728' title='bbox 2527 4711 2703 4779; x_wconf 90' lang='lat' dir='ltr'><strong>epulis</strong></span> <span class='ocrx_word' id='word_1_729' title='bbox 2742 4710 2972 4764; x_wconf 90' lang='lat' dir='ltr'><strong>libenter</strong></span> <span class='ocrx_word' id='word_1_730' title='bbox 2999 4712 3402 4777; x_wconf 72' lang='lat' dir='ltr'><strong>exciperentur.</strong></span> <span class='ocrx_word' id='word_1_731' title='bbox 3482 4713 3498 4728; x_wconf 83' lang='lat'><strong><em>‘</em></strong></span> 
     </span>
    </p>
   </div>
   <div class='ocr_carea' id='block_1_110' title="bbox 2330 4799 3839 4868">
    <p class='ocr_par' dir='ltr' id='par_1_110' title="bbox 2330 4799 3839 4868">
     <span class='ocr_line' id='line_1_110' title="bbox 2330 4799 3839 4868; baseline -0.003 -10"><span class='ocrx_word' id='word_1_732' title='bbox 2330 4804 2464 4860; x_wconf 82' lang='lat' dir='ltr'><strong>Ibid.</strong></span> <span class='ocrx_word' id='word_1_733' title='bbox 2508 4802 2624 4868; x_wconf 82' lang='lat' dir='ltr'><strong>Quo</strong></span> <span class='ocrx_word' id='word_1_734' title='bbox 2666 4802 2790 4855; x_wconf 82' lang='lat' dir='ltr'><strong>item</strong></span> <span class='ocrx_word' id='word_1_735' title='bbox 2831 4799 2948 4854; x_wconf 83' lang='lat' dir='ltr'><strong>loco</strong></span> <span class='ocrx_word' id='word_1_736' title='bbox 2993 4799 3255 4852; x_wconf 80' lang='lat' dir='ltr'><strong>horrenda</strong></span> <span class='ocrx_word' id='word_1_737' title='bbox 3295 4807 3346 4851; x_wconf 84' lang='lat' dir='ltr'><strong>et</strong></span> <span class='ocrx_word' id='word_1_738' title='bbox 3395 4799 3696 4867; x_wconf 76' lang='lat' dir='ltr'><strong>caliginosa</strong></span> <span class='ocrx_word' id='word_1_739' title='bbox 3733 4799 3839 4854; x_wconf 72' lang='lat' dir='ltr'><strong>He-</strong></span> 
     </span>
    </p>
   </div>
   <div class='ocr_carea' id='block_1_111' title="bbox 2259 4887 3838 4962">
    <p class='ocr_par' dir='ltr' id='par_1_111' title="bbox 2259 4887 3838 4962">
     <span class='ocr_line' id='line_1_111' title="bbox 2259 4887 3838 4962; baseline -0.004 -14"><span class='ocrx_word' id='word_1_740' title='bbox 2259 4906 2391 4950; x_wconf 72' lang='lat' dir='ltr'><strong>catae</strong></span> <span class='ocrx_word' id='word_1_741' title='bbox 2444 4903 2690 4962; x_wconf 79' lang='lat' dir='ltr'><strong>spectra,</strong></span> <span class='ocrx_word' id='word_1_742' title='bbox 2746 4900 2850 4944; x_wconf 91' lang='lat' dir='ltr'><strong>etc.</strong></span> <span class='ocrx_word' id='word_1_743' title='bbox 2911 4890 3146 4942; x_wconf 76' lang='lat' dir='ltr'><strong>Hecaten</strong></span> <span class='ocrx_word' id='word_1_744' title='bbox 3191 4887 3410 4956; x_wconf 89' lang='lat' dir='ltr'><strong>quidam</strong></span> <span class='ocrx_word' id='word_1_745' title='bbox 3465 4887 3658 4940; x_wconf 86' lang='lat' dir='ltr'><strong>lunam</strong></span> <span class='ocrx_word' id='word_1_746' title='bbox 3715 4902 3838 4942; x_wconf 73' lang='lat' dir='ltr'><strong>esse</strong></span> 
     </span>
    </p>
   </div>
   <div class='ocr_carea' id='block_1_112' title="bbox 2259 4978 3837 5040">
    <p class='ocr_par' dir='ltr' id='par_1_112' title="bbox 2259 4978 3837 5040">
     <span class='ocr_line' id='line_1_112' title="bbox 2259 4978 3837 5040; baseline -0.006 -1"><span class='ocrx_word' id='word_1_747' title='bbox 2259 4987 2416 5040; x_wconf 87' lang='lat' dir='ltr'><strong>aiunt</strong></span> <span class='ocrx_word' id='word_1_748' title='bbox 2448 4999 2463 5037; x_wconf 86' lang='lat'><strong>:</strong></span> <span class='ocrx_word' id='word_1_749' title='bbox 2496 4980 2741 5036; x_wconf 91' lang='lat' dir='ltr'><strong>nonnulli</strong></span> <span class='ocrx_word' id='word_1_750' title='bbox 2765 4980 2927 5032; x_wconf 87' lang='lat' dir='ltr'><strong>aliam</strong></span> <span class='ocrx_word' id='word_1_751' title='bbox 2974 4978 3130 5032; x_wconf 85' lang='lat' dir='ltr'><strong>deam</strong></span> <span class='ocrx_word' id='word_1_752' title='bbox 3158 4987 3321 5032; x_wconf 89' lang='lat' dir='ltr'><strong>noctu</strong></span> <span class='ocrx_word' id='word_1_753' title='bbox 3365 4978 3837 5036; x_wconf 80' lang='lat' dir='ltr'><strong>obambulantem.</strong></span> 
     </span>
    </p>
   </div>
   <div class='ocr_carea' id='block_1_113' title="bbox 2261 5067 3840 5136">
    <p class='ocr_par' dir='ltr' id='par_1_113' title="bbox 2261 5067 3840 5136">
     <span class='ocr_line' id='line_1_113' title="bbox 2261 5067 3840 5136; baseline -0.008 -6"><span class='ocrx_word' id='word_1_754' title='bbox 2261 5077 2476 5130; x_wconf 85' lang='lat' dir='ltr'><strong>leonum</strong></span> <span class='ocrx_word' id='word_1_755' title='bbox 2507 5089 2669 5128; x_wconf 90' lang='lat' dir='ltr'><strong>curru</strong></span> <span class='ocrx_word' id='word_1_756' title='bbox 2695 5081 2925 5134; x_wconf 84' lang='lat' dir='ltr'><strong>vectam,</strong></span> <span class='ocrx_word' id='word_1_757' title='bbox 2957 5084 3020 5123; x_wconf 90' lang='lat' dir='ltr'><strong>ae</strong></span> <span class='ocrx_word' id='word_1_758' title='bbox 3045 5067 3392 5136; x_wconf 90' lang='lat' dir='ltr'><strong>serpentibus</strong></span> <span class='ocrx_word' id='word_1_759' title='bbox 3421 5075 3476 5119; x_wconf 91' lang='lat' dir='ltr'><strong>et</strong></span> <span class='ocrx_word' id='word_1_760' title='bbox 3499 5067 3840 5120; x_wconf 82' lang='lat' dir='ltr'><strong>draconibus</strong></span> 
     </span>
    </p>
   </div>
   <div class='ocr_carea' id='block_1_114' title="bbox 2262 5156 3838 5236">
    <p class='ocr_par' dir='ltr' id='par_1_114' title="bbox 2262 5156 3838 5236">
     <span class='ocr_line' id='line_1_114' title="bbox 2262 5156 3838 5236; baseline -0.009 -15"><span class='ocrx_word' id='word_1_761' title='bbox 2262 5169 2502 5236; x_wconf 85' lang='lat' dir='ltr'><strong>undique</strong></span> <span class='ocrx_word' id='word_1_762' title='bbox 2530 5166 2793 5228; x_wconf 86' lang='lat' dir='ltr'><strong>cinctam,</strong></span> <span class='ocrx_word' id='word_1_763' title='bbox 2825 5171 2991 5230; x_wconf 89' lang='lat' dir='ltr'><strong>atque</strong></span> <span class='ocrx_word' id='word_1_764' title='bbox 3016 5160 3318 5213; x_wconf 87' lang='lat' dir='ltr'><strong>horrendas</strong></span> <span class='ocrx_word' id='word_1_765' title='bbox 3345 5156 3615 5226; x_wconf 85' lang='lat' dir='ltr'><strong>quasdam</strong></span> <span class='ocrx_word' id='word_1_766' title='bbox 3652 5170 3838 5211; x_wconf 82' lang='lat' dir='ltr'><strong>rerum</strong></span> 
     </span>
    </p>
   </div>
   <div class='ocr_carea' id='block_1_115' title="bbox 2259 5247 3840 5323">
    <p class='ocr_par' dir='ltr' id='par_1_115' title="bbox 2259 5247 3840 5323">
     <span class='ocr_line' id='line_1_115' title="bbox 2259 5247 3840 5323; baseline -0.007 -14"><span class='ocrx_word' id='word_1_767' title='bbox 2259 5255 2471 5323; x_wconf 89' lang='lat' dir='ltr'><strong>species</strong></span> <span class='ocrx_word' id='word_1_768' title='bbox 2495 5253 2863 5322; x_wconf 73' lang='lat' dir='ltr'><strong>obiicientem,</strong></span> <span class='ocrx_word' id='word_1_769' title='bbox 2907 5262 3100 5317; x_wconf 86' lang='lat' dir='ltr'><strong>nempe</strong></span> <span class='ocrx_word' id='word_1_770' title='bbox 3152 5247 3403 5301; x_wconf 90' lang='lat' dir='ltr'><strong>homines</strong></span> <span class='ocrx_word' id='word_1_771' title='bbox 3441 5247 3720 5316; x_wconf 88' lang='lat' dir='ltr'><strong>quosdam</strong></span> <span class='ocrx_word' id='word_1_772' title='bbox 3754 5247 3840 5299; x_wconf 83' lang='lat' dir='ltr'><strong>in-</strong></span> 
     </span>
    </p>
   </div>
   <div class='ocr_carea' id='block_1_116' title="bbox 2261 5339 3836 5415">
    <p class='ocr_par' dir='ltr' id='par_1_116' title="bbox 2261 5339 3836 5415">
     <span class='ocr_line' id='line_1_116' title="bbox 2261 5339 3836 5415; baseline -0.009 -12"><span class='ocrx_word' id='word_1_773' title='bbox 2261 5349 2456 5403; x_wconf 77' lang='lat' dir='ltr'><strong>usitata</strong></span> <span class='ocrx_word' id='word_1_774' title='bbox 2511 5343 2888 5415; x_wconf 88' lang='lat' dir='ltr'><strong>magnitudine</strong></span> <span class='ocrx_word' id='word_1_775' title='bbox 2926 5342 3104 5412; x_wconf 88' lang='lat' dir='ltr'><strong>capita</strong></span> <span class='ocrx_word' id='word_1_776' title='bbox 3161 5341 3461 5395; x_wconf 87' lang='lat' dir='ltr'><strong>draconum</strong></span> <span class='ocrx_word' id='word_1_777' title='bbox 3519 5339 3836 5393; x_wconf 79' lang='lat' dir='ltr'><strong>habentes:</strong></span> 
     </span>
    </p>
   </div>
   <div class='ocr_carea' id='block_1_117' title="bbox 2259 5435 3841 5507">
    <p class='ocr_par' dir='ltr' id='par_1_117' title="bbox 2259 5435 3841 5507">
     <span class='ocr_line' id='line_1_117' title="bbox 2259 5435 3841 5507; baseline -0.008 -14"><span class='ocrx_word' id='word_1_778' title='bbox 2259 5441 2396 5493; x_wconf 87' lang='lat' dir='ltr'><strong>adeo</strong></span> <span class='ocrx_word' id='word_1_779' title='bbox 2423 5447 2482 5491; x_wconf 91' lang='lat' dir='ltr'><strong>ut</strong></span> <span class='ocrx_word' id='word_1_780' title='bbox 2512 5435 2817 5507; x_wconf 88' lang='lat' dir='ltr'><strong>permultos</strong></span> <span class='ocrx_word' id='word_1_781' title='bbox 2860 5435 3052 5488; x_wconf 89' lang='lat' dir='ltr'><strong>harum</strong></span> <span class='ocrx_word' id='word_1_782' title='bbox 3085 5446 3266 5486; x_wconf 89' lang='lat' dir='ltr'><strong>rerum</strong></span> <span class='ocrx_word' id='word_1_783' title='bbox 3297 5439 3524 5501; x_wconf 89' lang='lat' dir='ltr'><strong>aspectu</strong></span> <span class='ocrx_word' id='word_1_784' title='bbox 3558 5441 3841 5500; x_wconf 84' lang='lat' dir='ltr'><strong>perterre-</strong></span> 
     </span>
    </p>
   </div>
   <div class='ocr_carea' id='block_1_118' title="bbox 2261 5519 3841 5595">
    <p class='ocr_par' dir='ltr' id='par_1_118' title="bbox 2261 5519 3841 5595">
     <span class='ocr_line' id='line_1_118' title="bbox 2261 5519 3841 5595; baseline -0.007 -11"><span class='ocrx_word' id='word_1_785' title='bbox 2261 5531 2432 5586; x_wconf 87' lang='lat' dir='ltr'><strong>factos</strong></span> <span class='ocrx_word' id='word_1_786' title='bbox 2473 5530 2525 5582; x_wconf 92' lang='lat' dir='ltr'><strong>in</strong></span> <span class='ocrx_word' id='word_1_787' title='bbox 2560 5528 2800 5582; x_wconf 90' lang='lat' dir='ltr'><strong>furorem</strong></span> <span class='ocrx_word' id='word_1_788' title='bbox 2848 5535 3014 5595; x_wconf 88' lang='lat' dir='ltr'><strong>atque</strong></span> <span class='ocrx_word' id='word_1_789' title='bbox 3063 5524 3336 5578; x_wconf 78' lang='lat' dir='ltr'><strong>insaniam</strong></span> <span class='ocrx_word' id='word_1_790' title='bbox 3387 5531 3529 5592; x_wconf 82' lang='lat' dir='ltr'><strong>agat.</strong></span> <span class='ocrx_word' id='word_1_791' title='bbox 3583 5519 3841 5590; x_wconf 85' lang='lat' dir='ltr'><strong>Tropho-</strong></span> 
     </span>
    </p>
   </div>
   <div class='ocr_carea' id='block_1_119' title="bbox 2260 5616 3838 5690">
    <p class='ocr_par' dir='ltr' id='par_1_119' title="bbox 2260 5616 3838 5690">
     <span class='ocr_line' id='line_1_119' title="bbox 2260 5616 3838 5690; baseline -0.006 -12"><span class='ocrx_word' id='word_1_792' title='bbox 2260 5626 2383 5678; x_wconf 84' lang='lat' dir='ltr'><strong>nius</strong></span> <span class='ocrx_word' id='word_1_793' title='bbox 2411 5631 2589 5677; x_wconf 89' lang='lat' dir='ltr'><strong>autem</strong></span> <span class='ocrx_word' id='word_1_794' title='bbox 2625 5632 2793 5689; x_wconf 83' lang='lat' dir='ltr'><strong>vates,</strong></span> <span class='ocrx_word' id='word_1_795' title='bbox 2829 5621 3018 5690; x_wconf 68' lang='lat' dir='ltr'><strong>gloriae</strong></span> <span class='ocrx_word' id='word_1_796' title='bbox 3065 5617 3363 5689; x_wconf 74' lang='lat' dir='ltr'><strong>cupiditate</strong></span> <span class='ocrx_word' id='word_1_797' title='bbox 3391 5616 3672 5680; x_wconf 75' lang='lat' dir='ltr'><strong>incensus,</strong></span> <span class='ocrx_word' id='word_1_798' title='bbox 3710 5628 3838 5670; x_wconf 73' lang='lat' dir='ltr'><strong>cum</strong></span> 
     </span>
    </p>
   </div>
  </div>
