4032 6198
218 257 349 321 19.21

1131 249 1447 313 NICETAS
1489 250 1566 311 IN
1609 250 1829 310 ORAT.
1877 245 2124 306 XXXIX
2164 246 2225 304 S.
2267 243 2496 304 GREG.

3327 239 3464 305 1222

221 369 312 421 hei
344 362 660 434 opinionem
713 359 856 431 apud
896 358 1143 414 homines
1171 361 1276 415 sibi
1325 361 1584 430 colligere
1628 374 1794 428 cupe-
1820 362 1867 422 Α
1898 355 2131 412 fortasse
2163 354 2444 408 hominum
2477 365 2656 406 mores
2684 349 2990 420 designant,
3021 351 3222 407 stultos
3243 353 3461 422 quidem

221 468 324 518 ret.
357 459 410 511 in
438 456 852 510 subterraneam
878 452 1167 520 quamdam
1203 468 1424 519 specum
1454 468 1514 508 se
1548 452 1790 516 inclusit,

224 551 410 618 ibique
444 548 605 601 vitam
649 543 790 598 finiit
821 561 834 593 :
868 553 926 597 ut
970 553 1324 612 posteaquam
1381 544 1632 598 inventus
1683 558 1791 596 non

223 649 390 704 essu,
422 639 475 691 itt
505 637 701 691 C(Bitllll
729 635 987 702 abreptus
1013 643 1320 701 putaretur.
1358 633 1579 687 Dtemon
1611 644 1791 687 autem

225 731 443 798 quidam
477 742 698 794 specum
732 727 1033 794 ingressus,
1068 736 1228 794 atque
1276 725 1328 777 in
1368 739 1429 777 ea
1459 724 1792 778 domicilium

227 818 330 874 sini
365 815 724 878 constituens,
759 815 1008 868 homines
1052 813 1291 878 fallebat,
1325 813 1698 882 Trophonium
1738 829 1799 868 se

224 925 345 961 esse
376 909 650 960 mentiens
683 927 696 960 :
733 916 895 974 atque
919 906 1138 958 oracula
1171 905 1385 959 edebat.
1425 907 1580 961 Unde
1607 907 1795 971 etiam,

227 1001 320 1070 qui
355 1001 408 1052 in
442 1000 862 1054 subterraneum
897 999 1030 1050 illud
1077 1009 1294 1051 antrum
1331 1013 1389 1050 se
1417 999 1796 1060 conferebant,

230 1091 491 1144 nonnulla
531 1088 749 1157 quidem
779 1089 996 1142 oracula
1040 1087 1346 1142 referebant
1378 1106 1389 1140 :
1419 1098 1675 1141 cmterum
1714 1103 1801 1142 re-

231 1184 384 1251 liquo
418 1182 562 1234 omni
592 1182 712 1233 vilic
742 1187 981 1247 tempore
1005 1179 1190 1232 tristes
1222 1178 1632 1247 permanebant,
1665 1178 1794 1246 quia

234 1291 264 1330 a
304 1275 552 1328 drcmone
605 1271 753 1324 illusi
798 1270 1035 1324 fuerant.
1075 1267 1194 1322 Jam
1228 1284 1370 1334 ,vero
1428 1271 1479 1321 in
1534 1267 1800 1322 Dodotura

233 1365 454 1416 civitate
483 1374 716 1429 quercus
747 1368 864 1412 erat
899 1359 1050 1411 mira?
1083 1357 1423 1426 proceritatis
1470 1373 1532 1410 ac
1562 1357 1804 1426 pulchri-

236 1455 464 1515 tudinis,
500 1466 658 1520 quam
699 1449 909 1503 daemon
957 1449 1287 1512 inhabitans,
1323 1450 1594 1519 garrulam
1626 1449 1804 1503 fatidi-

235 1559 468 1611 camque
507 1541 786 1595 reddebat.
823 1541 879 1595 in
904 1541 1122 1610 Delphis
1163 1550 1364 1606 autem,
1398 1541 1620 1596 Graeciae
1646 1545 1802 1604 urbe,

233 1635 518 1705 Apollonis
559 1633 817 1700 templum
853 1641 990 1696 erat,
1029 1646 1093 1684 ac
1133 1632 1302 1700 tripes
1351 1647 1536 1686 tenens
1567 1633 1801 1702 ph‘alam

1895 457 1949 502 et
1977 446 2253 505 vecordes.
2287 459 2381 509 per
2414 459 2498 504 ea,
2540 457 2662 512 quae
2691 443 2871 496 anima
2901 451 3111 506 carent,
3147 443 3466 512 significan-

1896 544 1979 590 tcs
2008 554 2022 590 :
2058 550 2149 605 per
2183 534 2326 588 feras
2359 543 2561 596 autem,
2596 534 2846 587 crudeles
2876 533 3126 588 homines
3161 533 3469 602 intelligen-

1899 639 1978 682 tes
2027 643 2212 697 :quos
2263 642 2458 682 Omnes
2513 626 2738 678 canendi
2789 638 2906 678 arte
2957 625 3306 694 pertrabebat
3362 625 3468 681 0r-

1897 720 2092 788 pltcus,
2128 731 2183 772 ttt
2215 719 2387 771 Graeci
2417 717 2645 786 lingunt.

1972 811 2104 864 Ibid.
2157 809 2262 862 Nec
2314 808 2522 861 dli/me
2574 808 2785 875 justum
2835 807 3086 861 adversus
3142 823 3228 860 eos
3264 807 3467 874 suppli-

1899 917 2061 960 cium,
2101 901 2215 968 qui,
2253 909 2357 952 etc.
2421 897 2671 952 Mithram
2717 897 2963 948 nonnulli
3016 897 3186 950 solem
3231 911 3350 950 esse
3379 896 3480 948 tIi-.

1899 1000 2047 1042 cunt.
2087 988 2222 1040 Huic
2253 990 2389 1040 lesla
2423 986 2842 1054 peragi-bantur,
2871 1000 2932 1038 ac
2977 985 3276 1052 praesertim
3321 985 3464 1053 apud

1899 1077 2204 1131 Chaldicos.
2235 1076 2315 1130 illi
2365 1085 2569 1140 autem,
2615 1076 2706 1144 qui
2755 1076 2920 1144 hujus
2954 1076 3134 1130 sacris
3184 1075 3466 1131 imbuendi

1900 1177 2074 1232 erant,
2131 1183 2227 1238 per
2287 1167 2572 1222 duodecim
2622 1167 3009 1236 suppliciorum
3059 1182 3256 1236 genera
3302 1167 3468 1221 duce-

1903 1259 2128 1320 bantur,
2167 1273 2355 1327 nempe.
2389 1273 2482 1327 per
2513 1257 2732 1322 famem,
2770 1274 2864 1326 per
2904 1260 3106 1327 ignem,
3137 1273 3235 1327 per
3269 1257 3464 1326 frigus,

1905 1365 2000 1420 per
2041 1349 2288 1413 verbera,
2332 1349 2578 1418 aliosque
2613 1349 2776 1418 hujus
2818 1351 3030 1420 generis
3074 1352 3344 1404 cruciatus
3376 1351 3467 1418 ju-

1905 1453 2044 1497 stam
2105 1450 2285 1495 autem
2345 1441 2658 1510 hujusmodi
2713 1456 2928 1509 pmnam
2961 1442 3098 1495 dixit
3135 1443 3466 1512 'l‘heoIOgus,

1905 1537 2050 1600 quod
2091 1534 2174 1588 his
2229 1533 2512 1602 suppliciis
2559 1535 2756 1586 merito
2807 1533 3170 1597 adicerentur,
3215 1537 3305 1603 qui
3347 1536 3470 1588 tali-

1911 1628 2014 1683 bus
2070 1628 2236 1682 rebus
2287 1627 2443 1680 fidem
2496 1627 2778 1689 haberent,
2815 1634 2874 1679 ut
2915 1627 3214 1680 mercedem
3270 1628 3473 1681 erroris

233 1727 554 1788 maximam,
585 1739 818 1793 eamque
840 1738 1046 1777 auream
1078 1733 1328 1792 portans,
1361 1723 1412 1777 in
1443 1725 1600 1794 cujus
1630 1723 1806 1778 medio
1836 1697 1879 1752 Β
1911 1718 1979 1772 ab
2011 1718 2166 1787 ipSiS.
2203 1731 2433 1786 quorum
2467 1716 2635 1769 cultui
2663 1731 2722 1769 se
2754 1717 3113 1781 addixissent,
3143 1717 3469 1786 acriperenl,

235 1813 453 1869 cochlea
491 1827 637 1866 zcnea
675 1801 901 1881 pertusal
931 1821 1111 1865 erecta
1159 1821 1297 1874 erat,
1337 1828 1402 1866 ex
1433 1828 1537 1881 qua
1585 1813 1806 1867 oracula

237 1904 556 1959 edebantur.
590 1902 664 1956 Ea
701 1917 861 1972 porro
888 1903 1226 1971 σοφίσματα,
1263 1903 1314 1956 id
1343 1912 1444 1967 est,
1476 1904 1809 1972 intpostilras

239 2005 407 2063 atque
443 1993 767 2064 pricstigias,
801 1991 1112 2063 Theologus
1144 1992 1376 2058 vocavit,
1413 2002 1598 2062 utpote
1625 1996 1808 2049 dubiis

241 2093 404 2150 atque
435 2081 658 2135 incertis
713 2082 990 2148 responsis
1025 2081 1273 2134 homines
1306 2081 1541 2136 fallentia
1573 2093 1625 2136 et
1653 2084 1810 2137 delu-

241 2172 442 2226 dentia.
489 2171 759 2226 Castalius
794 2173 1030 2239 denique
1081 2171 1202 2224 fons
1254 2181 1338 2226 est
1397 2172 1448 2225 in
1494 2173 1806 2241 Antiochia,

247 2265 340 2330 qui
376 2278 499 2316 cum
528 2263 762 2316 stridore
806 2269 971 2330 atque
995 2262 1199 2332 impetu
1229 2275 1282 2318 et
1317 2263 1443 2317 flatu
1484 2265 1704 2330 labitur,
1746 2282 1811 2320 ex

241 2369 352 2424 quo
386 2355 476 2423 qui
515 2354 793 2417 bibebant,
827 2355 872 2407 si
917 2356 1203 2422 strepitum
1245 2353 1567 2420 audiissent,
1608 2355 1811 2411 dieme-

244 2445 329 2503 ni_s
357 2443 538 2496 alllatu
573 2442 750 2497 iutnra
789 2444 1173 2512 praedicebant.
1210 2443 1335 2498 llaec
1364 2455 1546 2500 autem
1592 2447 1812 2501 oracula

248 2537 312 2588 de
360 2533 642 2586 nonnullis
691 2533 908 2601 quidem
967 2534 1088 2587 aliis
1139 2534 1302 2587 rebus
1359 2535 1648 2589 vaticinari
1700 2538 1812 2590 visa

247 2635 376 2679 sunt
409 2642 422 2677 :
457 2640 640 2677 rerum
677 2626 778 2677 hoc
830 2640 997 2677 unum
1031 2623 1103 2695 (6)
1134 2625 1425 2692 praedicere
1475 2642 1581 2680 non
1621 2638 1812 2696 potue-

246 2725 394 2777 runt,
435 2717 549 2769 fore
600 2725 657 2768 ut
696 2714 901 2769 Christi
956 2717 1208 2786 potentiae
1251 2717 1526 2782 cederent,
1564 2727 1726 2786 atque
1760 2719 1811 2773 in

245 2818 565 2876 perpetuum
603 2805 841 2858 silerent.

320 2898 437 2950 Col.
485 2897 610 2950 559.
658 2897 717 2948 Β.
793 2894 901 2948 Nec
958 2895 1231 2966 Magorum
1287 2914 1374 2951 ars
1439 2899 1811 2968 sacriﬁcandi,

253 3002 410 3058 atque
441 3005 504 3040 ex
549 2990 904 3052 victimarum,
942 2996 1050 3042 etc.
1103 2988 1236 3058 Magi
1273 3004 1468 3060 genere
1501 2991 1636 3045 Medi
1667 3001 1812 3047 sunt.

255 3079 322 3133 lii
360 3079 616 3132 animalia
654 3089 955 3133 maetantes
1003 3080 1346 3144 excidebant,
1385 3090 1548 3150 atque
1595 3099 1658 3138 ex
1684 3084 1818 3153 jeci-

251 3172 409 3223 noris
471 3169 660 3230 libris,
739 3167 1020 3236 ipsiusque
1075 3169 1356 3237 sanguinis
1426 3171 1711 3239 eruptione
1767 3178 1819 3224 et

251 3261 453 3324 forma,
500 3260 800 3312 futurorum
846 3261 1217 3328 conjecturam
1257 3259 1546 3315 faciebant.
1583 3262 1820 3316 Chaldaei

254 3364 439 3406 autem
493 3353 794 3421 astrologia:
846 3367 1064 3420 operam
1119 3353 1345 3417 dabant,
1402 3363 1564 3422 atque
1615 3353 1668 3407 iit
1721 3356 1824 3410 hac

255 3457 373 3498 arte
406 3456 616 3514 tempus
647 3445 1000 3512 studiumque
1048 3444 1346 3512 ponebant,
1378 3459 1498 3513 quae
1540 3445 1594 3498 in
1636 3446 1826 3499 obser-

255 3538 450 3589 vandis
488 3536 770 3590 hominum
817 3535 1089 3589 natalibus
1119 3545 1386 3601 versatur,
1417 3548 1582 3606 atque
1629 3537 1821 3591 eodem

257 3637 408 3680 motu
441 3642 550 3694 quo
596 3625 799 3687 sidera,
840 3641 1140 3694 eorumque
1173 3627 1375 3693 ligarat,
1421 3628 1584 3680 vitam
1634 3641 1822 3681 eorum

254 3718 350 3786 qui
399 3726 717 3780 nascuntur,
754 3717 883 3770 cieri
937 3725 1134 3769 astrmt
1162 3734 1174 3770 :
1208 3729 1370 3786 atque
1404 3727 1657 3782 eventus,
1684 3734 1824 3786 quos

258 3808 512 3862 homines
560 3809 939 3877 experiuntur,
992 3817 1269 3860 astrorum
1302 3809 1740 3863 connexionibus
1766 3825 1828 3863 ac

260 3897 396 3953 silui
448 3900 797 3964 respondere.
853 3898 1029 3965 Atque
1084 3913 1204 3950 eam
1252 3908 1420 3951 artem
1474 3900 1822 3967 profitentur,

259 3987 381 4057 qni,
409 4003 507 4040 nec
534 3989 664 4056 quid
720 3989 822 4058 ipsi
861 3989 992 4051 sint,
1029 3998 1125 4042 aut
1156 3989 1208 4041 in
1262 3999 1534 4057 posterum
1567 3990 1708 4044 dietn
1742 3991 1831 4045 fu-

264 4079 372 4133 turi
422 4080 553 4139 sint,
584 4088 920 4147 compertum
959 4079 1176 4131 habent.
1207 4077 1358 4144 Quos
1392 4080 1551 4134 etiam
1595 4081 1830 4135 irridens

261 4170 452 4228 isaias,
491 4169 684 4237 inquit,
731 4167 905 4232 Sient,
954 4184 1017 4221 ac
1057 4179 1257 4222 servent
1304 4181 1351 4222 te
1393 4170 1640 4240 astrologi
1670 4172 1832 4226 creti:

261 4260 353 4327 qui
383 4260 558 4311 sidera
581 4260 926 4327 prospiciunt,
959 4263 1256 4313 renuntient
1285 4260 1378 4314 tibi
1401 4263 1653 4332 quidnam
1677 4279 1835 4332 super

263 4362 316 4400 te
340 4359 555 4401 renturu
567 4365 614 4400 nt
653 4352 719 4402 sit
741 4351 781 4403 ³.

338 4439 477 4493 Ibid.
523 4439 633 4494 Nec
682 4440 946 4495 Thracum
972 4444 1123 4512 orgia
1161 4442 1277 4496 Ita'c.
1318 4453 1464 4508 sunt,
1502 4461 1534 4497 a
1564 4449 1746 4515 quibus
1785 4457 1834 4502 et

264 4531 599 4601 religionem,
658 4541 765 4586 etc.
822 4533 992 4587 Primi
1042 4533 1284 4588 Thraces
1337 4535 1652 4602 religionem
1710 4554 1837 4608 erga

270 4625 398 4676 dces
437 4623 797 4677 invenerunt:
835 4626 974 4679 unde
1002 4636 1054 4679 et
1083 4626 1375 4694 Θρησκεία,
1410 4627 1460 4679 id
1486 4637 1592 4692 est,
1627 4630 1834 4700 religio,

273 4726 304 4764 a
358 4712 661 4766 Thracibus
716 4731 914 4768 nomen
972 4715 1142 4770 duxit.
1179 4714 1348 4771 Porro
1403 4718 1576 4786 orgia,
1632 4718 1682 4771 id
1736 4729 1838 4782 est,

277 4803 535 4872 mysteria
587 4813 640 4859 et
687 4821 844 4859 sacra
880 4821 943 4860 ac
976 4805 1112 4861 festa
1141 4807 1393 4878 Orpheus
1427 4811 1560 4879 ipsis
1591 4809 1830 4876 tradidit,

272 4909 437 4963 quem
479 4896 631 4949 aiunt
657 4899 878 4952 musicae
913 4905 1028 4950 arte
1061 4899 1384 4952 instructum
1418 4911 1468 4951 et
1502 4901 1708 4954 cithara
1749 4916 1838 4955 ca-

277 4993 519 5049 nentem,
553 4995 667 5038 tum
703 5002 790 5040 res
822 4987 999 5040 anima
1034 4995 1282 5039 carentes
1318 4987 1694 5054 permulsisse,
1723 4997 1835 5042 tum

272 5074 554 5131 furentum
596 5079 893 5132 bestiarum
939 5079 1146 5132 rabiem
1199 5077 1688 5148 eottsopirisse.1n
1733 5095 1841 5151 quo

350 5235 372 5264 ³
397 5231 504 5310 isa.
539 5249 707 5299 ιινιι,
741 5234 828 5289 12.

361 5391 438 5463 (6)
491 5389 685 5465 Verum
725 5395 820 5447 hoc
849 5411 1031 5449 unum.
1068 5392 1132 5448 Ι).
1163 5392 1526 5465 Hieronymus
1576 5410 1854 5465 exponens

281 5460 607 5516 itacc‘veiba
673 5460 819 5518 Isaiae
857 5480 976 5533 cap.
1009 5479 1094 5518 ιιι
1126 5483 1139 5519 :
1183 5460 1437 5518 Nuntiént
1477 5481 1594 5534 qure
1626 5460 1843 5520 uentura

278 5541 448 5604 sunt,
493 5549 510 5583 ι
543 5538 672 5595 tinr,
727 5535 919 5600 inquit,
971 5535 1038 5588 de
1088 5534 1310 5588 Christo
1367 5535 1499 5588 nihil
1553 5545 1846 5604 pomerunt

283 5601 623 5670 praedicere?
655 5604 787 5656 nihil
826 5605 891 5659 de
923 5606 1182 5674 apostolis
1214 5605 1372 5674 ejus?
1401 5608 1534 5660 nihil
1555 5601 1631 5661 lle
1676 5608 1848 5662 ruinis

1907 1810 2036 1866 dum
2071 1812 2141 1864 ab
2184 1811 2292 1864 illis
2324 1809 2397 1862 ita
2435 1808 2905 1862 excruciarentur.

1985 1900 2121 1953 ibid.
2162 1898 2275 1952 Nec
2313 1898 2562 1960 Osiridis,
2610 1907 2717 1953 etc.
2761 1896 2930 1952 Osiris
2951 1906 3006 1951 et
3033 1895 3273 1968 Typhus,
3312 1907 3366 1952 ut
3391 1897 3473 1951 fa-

1911 1992 2167 2051 bulantur
2204 1989 2464 2061 Egyptii,
2513 1989 2772 2043 contrarii
2817 1989 2957 2042 inter
3016 2003 3076 2043 se
3102 1990 3176 2042 dii
3221 1999 3370 2050 sunt,
3410 2005 3474 2044 ac

1912 2082 2140 2152 Typhus
2174 2081 2446 2136 Osiridem
2493 2079 2803 2148 discerpsit.
2837 2079 2894 2133 in
2948 2079 3103 2148 cujus
3148 2081 3476 2133 calamitatis

1915 2174 2232 2228 memoriam
2279 2171 2518 2242 Egyptii
2551 2171 2748 2226 festum
2793 2180 3112 2240 pet-agentes
3153 2171 3360 2240 seipsos
3394 2171 3475 2224 la-

1915 2271 2102 2318 ecrant
2131 2300 2146 2326 ,
2197 2270 2361 2330 atque
2409 2261 2635 2316 honoris
2665 2262 2836 2329 ipsius
2877 2276 3040 2315 causa
3090 2261 3142 2314 in
3173 2261 3315 2314 luctu
3359 2276 3477 2314 ver-

1914 2363 2124 2409 santur.
2157 2352 2389 2408 Osiridis
2419 2361 2601 2406 autem
2643 2352 2891 2415 historia,
2926 2367 3021 2405 seu
3051 2354 3231 2420 potius
3269 2351 3472 2418 fabula,

1915 2446 2038 2500 talis
2059 2455 2162 2499 est.
2195 2443 2432 2512 Jupiter,
2455 2442 2686 2514 virginis
2714 2442 3024 2512 cujusdam,
3053 2444 3209 2499 Isidis
3233 2445 3476 2508 nonine,

1915 2549 2036 2604 qua:
2065 2545 2116 2587 et
2147 2533 2239 2586 lno
2277 2532 2499 2594 dicitur,
2548 2545 2735 2584 amore
2779 2539 2991 2594 captus,
3037 2545 3154 2585 eam
3191 2531 3245 2583 in
3282 2530 3476 2583 bovem

1917 2626 2181 2690 mutavit,
2244 2640 2310 2678 ne
2363 2623 2492 2692 quid
2555 2621 2872 2691 hujusntodi
2928 2620 3073 2676 Juno
3139 2621 3476 2677 rescisceret.

1915 2715 2118 2770 Verum
2158 2714 2245 2767 illa
2285 2728 2348 2768 re
2389 2721 2690 2780 comperta,
2725 2721 2778 2764 et
2813 2711 3076 2782 zelotypia
3121 2711 3477 2769 inﬂammata,

1917 2817 2144 2864 wstrum
2181 2807 2374 2876 puellae
2425 2805 2672 2868 immisit,
2721 2819 2830 2871 quo
2878 2803 3076 2871 percita
3132 2819 3224 2872 per
3262 2817 3479 2857 omnem

1919 2908 2118 2952 terram
2171 2905 2481 2966 vagaretur.
2527 2895 2646 2950 Jam
2704 2894 3039 2950 Mendesium
3087 2894 3303 2964 Egypti
3349 2894 3481 2947 urbs

1919 2999 2024 3056 est,
2059 2991 2112 3045 in
2155 3005 2262 3060 qua
2297 2990 2482 3044 hircus
2509 3004 2608 3058 pro
2642 2988 2746 3042 deo
2777 2988 3102 3050 habebatur,
3130 3003 3192 3040 ac
3222 2985 3480 3039 Mendesii

1921 3082 2125 3148 hircos,
2165 3092 2223 3136 ut
2255 3082 2408 3144 deos,
2438 3081 2726 3150 plusquam
2759 3080 2968 3148 seipsos
3009 3079 3355 3141 verebantur,
3393 3084 3487 3130 aut

1921 3173 1974 3228 in
2009 3188 2200 3230 eorum
2227 3173 2488 3228 honorem
2512 3173 2648 3227 festa
2673 3172 3039 3224 celebrabant.
3080 3169 3320 3224 Vituium
3355 3181 3485 3221 vero

1923 3263 2230 3333 Memphita‘.
2282 3277 2498 3316 summa
2562 3260 2822 3329 religione
2887 3260 3189 3322 colebant,
3251 3271 3490 3326 eumque

1925 3355 2085 3422 Apim
2144 3354 2554 3421 nuncupabant,
2602 3366 2668 3404 ac
2713 3351 2977 3418 praesepio
3012 3348 3283 3402 inclusum
3319 3348 3490 3402 hahe-

1926 3447 2076 3508 bant,
2109 3445 2435 3514 publicoque
2492 3441 2776 3496 hominum
2815 3448 3092 3493 conventu
3139 3437 3407 3492 sacrificia
3438 3436 3488 3491 ei

1925 3535 2244 3590 offerebant.
2283 3534 2450 3604 Signa
2487 3544 2666 3588 autem
2695 3533 2943 3602 quaedam
2977 3545 3008 3585 a
3033 3530 3245 3585 caneris
3275 3530 3492 3584 diversa

1925 3628 2058 3696 Apis
2091 3626 2344 3690 habebat,
2396 3635 2508 3680 tum
2541 3626 2685 3679 circa
2730 3624 2983 3690 caudam,
3036 3631 3150 3677 tum
3203 3622 3348 3677 circa
3387 3621 3492 3675 liti-

1928 3735 2086 3789 guam
2123 3735 2139 3772 :
2171 3734 2233 3772 ac
2269 3718 2314 3772 si
2357 3717 2482 3786 quis
2512 3716 2782 3785 ejusmodi
2816 3715 2958 3768 inter
2989 3723 3233 3768 armenta
3265 3728 3496 3782 conspe-

1928 3823 2049 3866 ctus
2085 3810 2301 3874 fuisset,
2335 3808 2624 3863 confestim
2657 3807 2722 3862 ad
2753 3822 2970 3862 sacrum
2997 3821 3240 3878 prazsepe
3267 3810 3334 3862 ab
3362 3807 3496 3876 ipsis

1930 3902 2331 3956 assumehatur.

1999 3993 2139 4046 ibid.
2179 3993 2240 4047 C.
2306 3991 2417 4045 Nec
2475 4007 2657 4045 omnes
2723 3993 2763 4043 ii
2813 3993 3077 4056 honores,
3131 3999 3238 4047 etc.
3281 3991 3496 4046 Gradus

1933 4082 2150 4148 quidam
2209 4082 2401 4150 lapidei
2459 4084 2598 4136 scite
2672 4083 2939 4150 exsculpti
2995 4084 3140 4135 circa
3189 4078 3294 4133 Nili
3356 4083 3498 4135 ostia

1933 4181 2118 4233 erant,
2159 4172 2250 4239 qui
2282 4171 2500 4240 πήχεις,
2537 4172 2590 4225 id
2620 4180 2725 4235 est,
2761 4172 2946 4237 cubiti,
2986 4172 3357 4226 nominantur.
3389 4171 3500 4228 llos

1934 4261 2295 4316 observabant
2325 4261 2590 4332 Egyptii,
2615 4278 2725 4332 quo
2755 4272 2996 4331 tempore
3022 4265 3216 4320 fluvius
3254 4267 3501 4319 exunda-

1869 4349 1913 4403 D
1944 4355 2034 4404 bat
2063 4367 2077 4406 :
2113 4365 2189 4405 ac.
2211 4352 2477 4420 siquidem
2517 4353 2584 4407 ad
2621 4353 2764 4408 hunc
2788 4364 2884 4408 ant
2923 4355 3072 4408 illum
3104 4358 3326 4425 gradum
3359 4373 3501 4425 aqua

1935 4455 2192 4514 provecta
2244 4443 2461 4510 fuisset,
2513 4461 2611 4516 pro
2669 4462 2932 4502 ascensus
2992 4451 3200 4504 ratione
3241 4453 3502 4504 ubertatis

1938 4536 2155 4604 frugtnn
2201 4535 2580 4602 conjecturam
2617 4537 2918 4592 faciebant.
2966 4538 3154 4607 itaque
3205 4550 3504 4607 proventus

1940 4628 2255 4682 felicitatem
2307 4629 2508 4684 cubitis
2571 4631 2773 4693 metiri,
2835 4631 2938 4685 hoc
2997 4639 3100 4693 est,
3155 4629 3506 4685 delinirent

1943 4725 2240 4784 mstimare,
2277 4721 2622 4775 videbantur.
2651 4722 2790 4776 Sunt
2819 4732 2997 4775 tamen
3029 4723 3120 4790 qui
3153 4722 3358 4784 dicant,
3396 4737 3504 4776 non

1943 4812 2144 4881 gradus
2188 4812 2454 4880 quosdam
2493 4826 2637 4884 esse,
2685 4826 2874 4866 verum
2935 4814 3269 4876 columnam,
3316 4813 3368 4866 in
3398 4826 3506 4881 qua

1943 4903 2048 4957 hoc
2110 4911 2355 4974 tempore
2414 4903 2627 4957 cubitos
2683 4907 2980 4958 metiuntur
3040 4903 3316 4974 IEgyptii,
3365 4919 3504 4971 aqua

1946 4992 2012 5044 ad
2060 4991 2207 5046 hunc
2266 5001 2361 5047 aut
2423 4991 2573 5045 illum
2647 4994 2889 5048 cubitum
2940 5001 3314 5049 excrescente.
3367 4993 3508 5047 Olim

1947 5093 2130 5136 autem
2165 5081 2346 5138 Nilum
2393 5085 2693 5140 honoribus
2732 5085 3053 5151 allicientes,
3093 5100 3158 5140 ac
3208 5084 3509 5140 fertilitatis

1959 5409 2007 5453 et
2055 5401 2346 5456 abolitione
2375 5402 2743 5470 templorum?
2773 5401 2829 5456 Si
2860 5417 2991 5472 ergo
3029 5417 3184 5456 suum
3233 5403 3512 5460 interitum
3547 5415 3550 5418 '

1947 5487 2050 5524 non
2075 5483 2370 5540 potuerunt
2406 5472 2721 5541 praedicere,
2749 5473 3027 5542 quomodo
3055 5475 3230 5529 aliena
3263 5476 3347 5529 vel
3371 5477 3512 5536 mala

1947 5545 2028 5596 rel
2058 5547 2198 5596 bona
2227 5544 2500 5612 potuerint
2529 5543 2823 5598 nuntiare?
2855 5563 2874 5595 ι
