  <div class='ocr_page' id='page_1' title='image "/cluster/home/n/w/nwhite01/storage/ocr_20150623/127/hvd.32044073502411/617.png"; bbox 0 0 3958 6204; ppageno 0'>
   <div class='ocr_carea' id='block_1_1' title="bbox 343 1449 1456 1516">
    <p class='ocr_par' dir='ltr' id='par_1_1' title="bbox 343 1449 1456 1516">
     <span class='ocr_line' id='line_1_1' title="bbox 343 1449 1456 1516; baseline 0.003 -13"><span class='ocrx_word' id='word_1_1' title='bbox 343 1483 348 1486; x_wconf 93' lang='grc'><strong>-</strong></span> <span class='ocrx_word' id='word_1_2' title='bbox 445 1461 665 1505; x_wconf 89' lang='lat' dir='ltr'><strong>ctentur</strong></span> <span class='ocrx_word' id='word_1_3' title='bbox 699 1489 715 1515; x_wconf 91' lang='lat'><strong>,</strong></span> <span class='ocrx_word' id='word_1_4' title='bbox 774 1449 1005 1516; x_wconf 88' lang='lat' dir='ltr'><strong>primum</strong></span> <span class='ocrx_word' id='word_1_5' title='bbox 1059 1451 1206 1516; x_wconf 88' lang='lat' dir='ltr'><strong>quod</strong></span> <span class='ocrx_word' id='word_1_6' title='bbox 1253 1451 1456 1506; x_wconf 89' lang='lat' dir='ltr'><strong>dixerit</strong></span> 
     </span>
    </p>
   </div>
   <div class='ocr_carea' id='block_1_2' title="bbox 449 184 590 252">
    <p class='ocr_par' dir='ltr' id='par_1_2' title="bbox 449 184 590 252">
     <span class='ocr_line' id='line_1_2' title="bbox 449 184 590 252; baseline 0 0"><span class='ocrx_word' id='word_1_7' title='bbox 449 184 590 252; x_wconf 66' lang='lat'><strong>1223</strong></span> 
     </span>
    </p>
   </div>
   <div class='ocr_carea' id='block_1_3' title="bbox 1850 162 2236 226">
    <p class='ocr_par' dir='ltr' id='par_1_3' title="bbox 1850 162 2236 226">
     <span class='ocr_line' id='line_1_3' title="bbox 1850 162 2236 226; baseline -0.005 -2"><span class='ocrx_word' id='word_1_8' title='bbox 1850 162 2236 226; x_wconf 71' lang='lat' dir='ltr'><strong>ADDENDA.</strong></span> 
     </span>
    </p>
   </div>
   <div class='ocr_carea' id='block_1_4' title="bbox 3573 151 3722 218">
    <p class='ocr_par' dir='ltr' id='par_1_4' title="bbox 3573 151 3722 218">
     <span class='ocr_line' id='line_1_4' title="bbox 3573 151 3722 218; baseline -0.02 0"><span class='ocrx_word' id='word_1_9' title='bbox 3573 151 3722 218; x_wconf 62' lang='grc' dir='ltr'><strong>ΥΞἳὶ</strong></span> 
     </span>
    </p>
   </div>
   <div class='ocr_carea' id='block_1_5' title="bbox 443 261 3730 356">
    <p class='ocr_par' dir='ltr' id='par_1_5' title="bbox 443 261 3730 356">
     <span class='ocr_line' id='line_1_5' title="bbox 443 261 3730 356; baseline -0.009 -7"><span class='ocrx_word' id='word_1_10' title='bbox 443 303 727 349; x_wconf 73' lang='lat' dir='ltr'><strong>auctorem</strong></span> <span class='ocrx_word' id='word_1_11' title='bbox 796 302 920 343; x_wconf 90' lang='lat' dir='ltr'><strong>eum</strong></span> <span class='ocrx_word' id='word_1_12' title='bbox 982 291 1372 356; x_wconf 74' lang='lat' dir='ltr'><strong>agnoscentes,</strong></span> <span class='ocrx_word' id='word_1_13' title='bbox 1441 280 1544 352; x_wconf 84' lang='lat' dir='ltr'><strong>ipsi</strong></span> <span class='ocrx_word' id='word_1_14' title='bbox 1607 286 1867 347; x_wconf 94' lang='lat' dir='ltr'><strong>tanquam</strong></span> <span class='ocrx_word' id='word_1_15' title='bbox 1927 276 2032 329; x_wconf 89' lang='lat' dir='ltr'><strong>deo</strong></span> <span class='ocrx_word' id='word_1_16' title='bbox 2057 282 2107 343; x_wconf 77' lang='grc' dir='ltr'>Α</span> <span class='ocrx_word' id='word_1_17' title='bbox 2135 287 2292 326; x_wconf 90' lang='lat' dir='ltr'><strong>error</strong></span> <span class='ocrx_word' id='word_1_18' title='bbox 2323 269 2393 324; x_wconf 89' lang='lat' dir='ltr'><strong>ab</strong></span> <span class='ocrx_word' id='word_1_19' title='bbox 2424 282 2490 324; x_wconf 90' lang='lat' dir='ltr'><strong>eo</strong></span> <span class='ocrx_word' id='word_1_20' title='bbox 2540 274 2788 338; x_wconf 89' lang='lat' dir='ltr'><strong>tempore</strong></span> <span class='ocrx_word' id='word_1_21' title='bbox 2833 273 3114 337; x_wconf 81' lang='lat' dir='ltr'><strong>grassatus</strong></span> <span class='ocrx_word' id='word_1_22' title='bbox 3163 272 3270 330; x_wconf 86' lang='lat' dir='ltr'><strong>est,</strong></span> <span class='ocrx_word' id='word_1_23' title='bbox 3295 277 3410 333; x_wconf 87' lang='lat' dir='ltr'><strong>quo</strong></span> <span class='ocrx_word' id='word_1_24' title='bbox 3437 261 3730 318; x_wconf 63' lang='lat' dir='ltr'><strong>daemone:</strong></span> 
     </span>
    </p>
   </div>
   <div class='ocr_carea' id='block_1_6' title="bbox 445 366 2028 449">
    <p class='ocr_par' dir='ltr' id='par_1_6' title="bbox 445 366 2028 449">
     <span class='ocr_line' id='line_1_6' title="bbox 445 366 2028 449; baseline -0.013 -10"><span class='ocrx_word' id='word_1_25' title='bbox 445 385 647 440; x_wconf 89' lang='lat' dir='ltr'><strong>festum</strong></span> <span class='ocrx_word' id='word_1_26' title='bbox 699 377 1051 449; x_wconf 84' lang='lat' dir='ltr'><strong>spurcissima</strong></span> <span class='ocrx_word' id='word_1_27' title='bbox 1117 384 1174 430; x_wconf 91' lang='lat' dir='ltr'><strong>et</strong></span> <span class='ocrx_word' id='word_1_28' title='bbox 1222 372 1555 429; x_wconf 81' lang='lat' dir='ltr'><strong>exsecranda</strong></span> <span class='ocrx_word' id='word_1_29' title='bbox 1597 368 1824 424; x_wconf 81' lang='lat' dir='ltr'><strong>libidine</strong></span> <span class='ocrx_word' id='word_1_30' title='bbox 1877 366 2028 420; x_wconf 86' lang='lat' dir='ltr'><strong>cele-</strong></span> 
     </span>
    </p>
   </div>
   <div class='ocr_carea' id='block_1_7' title="bbox 447 456 2024 535">
    <p class='ocr_par' dir='ltr' id='par_1_7' title="bbox 447 456 2024 535">
     <span class='ocr_line' id='line_1_7' title="bbox 447 456 2024 535; baseline -0.012 -6"><span class='ocrx_word' id='word_1_31' title='bbox 447 473 700 529; x_wconf 81' lang='lat' dir='ltr'><strong>nrabaut.</strong></span> <span class='ocrx_word' id='word_1_32' title='bbox 755 467 886 522; x_wconf 81' lang='lat' dir='ltr'><strong>lllu‘d</strong></span> <span class='ocrx_word' id='word_1_33' title='bbox 919 467 1064 520; x_wconf 92' lang='lat' dir='ltr'><strong>enim</strong></span> <span class='ocrx_word' id='word_1_34' title='bbox 1111 465 1545 535; x_wconf 66' lang='lat' dir='ltr'><strong>praetermittam,</strong></span> <span class='ocrx_word' id='word_1_35' title='bbox 1595 459 1741 530; x_wconf 88' lang='lat' dir='ltr'><strong>quod</strong></span> <span class='ocrx_word' id='word_1_36' title='bbox 1783 467 1838 511; x_wconf 90' lang='lat' dir='ltr'><strong>et</strong></span> <span class='ocrx_word' id='word_1_37' title='bbox 1871 456 2024 510; x_wconf 87' lang='lat' dir='ltr'><strong>vilis-</strong></span> 
     </span>
    </p>
   </div>
   <div class='ocr_carea' id='block_1_8' title="bbox 439 549 2027 628">
    <p class='ocr_par' dir='ltr' id='par_1_8' title="bbox 439 549 2027 628">
     <span class='ocr_line' id='line_1_8' title="bbox 439 549 2027 628; baseline -0.009 -15"><span class='ocrx_word' id='word_1_38' title='bbox 439 564 586 614; x_wconf 80' lang='lat' dir='ltr'><strong>sima</strong></span> <span class='ocrx_word' id='word_1_39' title='bbox 636 573 855 628; x_wconf 80' lang='lat' dir='ltr'><strong>quoque</strong></span> <span class='ocrx_word' id='word_1_40' title='bbox 909 556 1241 612; x_wconf 86' lang='lat' dir='ltr'><strong>animalcula</strong></span> <span class='ocrx_word' id='word_1_41' title='bbox 1289 563 1346 609; x_wconf 91' lang='lat' dir='ltr'><strong>et</strong></span> <span class='ocrx_word' id='word_1_42' title='bbox 1386 552 1594 621; x_wconf 89' lang='lat' dir='ltr'><strong>reptilia</strong></span> <span class='ocrx_word' id='word_1_43' title='bbox 1648 549 1927 610; x_wconf 88' lang='lat' dir='ltr'><strong>colebant,</strong></span> <span class='ocrx_word' id='word_1_44' title='bbox 1970 555 2027 600; x_wconf 91' lang='lat' dir='ltr'><strong>et</strong></span> 
     </span>
    </p>
   </div>
   <div class='ocr_carea' id='block_1_9' title="bbox 443 647 2026 714">
    <p class='ocr_par' dir='ltr' id='par_1_9' title="bbox 443 647 2026 714">
     <span class='ocr_line' id='line_1_9' title="bbox 443 647 2026 714; baseline -0.009 -9"><span class='ocrx_word' id='word_1_45' title='bbox 443 651 579 704; x_wconf 74' lang='lat' dir='ltr'><strong>‘feles</strong></span> <span class='ocrx_word' id='word_1_46' title='bbox 617 658 672 702; x_wconf 89' lang='lat' dir='ltr'><strong>et</strong></span> <span class='ocrx_word' id='word_1_47' title='bbox 715 647 982 714; x_wconf 83' lang='lat' dir='ltr'><strong>scorpios,</strong></span> <span class='ocrx_word' id='word_1_48' title='bbox 1036 656 1090 700; x_wconf 92' lang='lat' dir='ltr'><strong>et</strong></span> <span class='ocrx_word' id='word_1_49' title='bbox 1129 653 1432 714; x_wconf 89' lang='lat' dir='ltr'><strong>serpentes,</strong></span> <span class='ocrx_word' id='word_1_50' title='bbox 1483 656 1710 711; x_wconf 61' lang='lat' dir='ltr'><strong>suasque</strong></span> <span class='ocrx_word' id='word_1_51' title='bbox 1754 654 1884 706; x_wconf 78' lang='lat' dir='ltr'><strong>erga</strong></span> <span class='ocrx_word' id='word_1_52' title='bbox 1937 653 2026 692; x_wconf 88' lang='lat' dir='ltr'><strong>res</strong></span> 
     </span>
    </p>
   </div>
   <div class='ocr_carea' id='block_1_10' title="bbox 445 731 2026 808">
    <p class='ocr_par' dir='ltr' id='par_1_10' title="bbox 445 731 2026 808">
     <span class='ocr_line' id='line_1_10' title="bbox 445 731 2026 808; baseline -0.008 -15"><span class='ocrx_word' id='word_1_53' title='bbox 445 751 632 808; x_wconf 70' lang='lat' dir='ltr'><strong>tur-pes</strong></span> <span class='ocrx_word' id='word_1_54' title='bbox 710 745 765 790; x_wconf 90' lang='lat' dir='ltr'><strong>et</strong></span> <span class='ocrx_word' id='word_1_55' title='bbox 829 737 1099 790; x_wconf 81' lang='lat' dir='ltr'><strong>obscenas</strong></span> <span class='ocrx_word' id='word_1_56' title='bbox 1153 733 1541 796; x_wconf 86' lang='lat' dir='ltr'><strong>liberalitatis,</strong></span> <span class='ocrx_word' id='word_1_57' title='bbox 1601 731 2026 798; x_wconf 67' lang='lat' dir='ltr'><strong>ambitiosazque</strong></span> 
     </span>
    </p>
   </div>
   <div class='ocr_carea' id='block_1_11' title="bbox 442 819 2027 896">
    <p class='ocr_par' dir='ltr' id='par_1_11' title="bbox 442 819 2027 896">
     <span class='ocr_line' id='line_1_11' title="bbox 442 819 2027 896; baseline -0.008 -13"><span class='ocrx_word' id='word_1_58' title='bbox 442 827 836 883; x_wconf 65' lang='lat' dir='ltr'><strong>muniﬁcentia:</strong></span> <span class='ocrx_word' id='word_1_59' title='bbox 865 828 1144 896; x_wconf 81' lang='lat' dir='ltr'><strong>specimen</strong></span> <span class='ocrx_word' id='word_1_60' title='bbox 1180 826 1440 879; x_wconf 85' lang='lat' dir='ltr'><strong>edebant.</strong></span> <span class='ocrx_word' id='word_1_61' title='bbox 1487 822 1565 876; x_wconf 80' lang='lat' dir='ltr'><strong>Ac</strong></span> <span class='ocrx_word' id='word_1_62' title='bbox 1603 821 1861 890; x_wconf 85' lang='lat' dir='ltr'><strong>privatim</strong></span> <span class='ocrx_word' id='word_1_63' title='bbox 1901 819 2027 888; x_wconf 85' lang='lat' dir='ltr'><strong>qui-</strong></span> 
     </span>
    </p>
   </div>
   <div class='ocr_carea' id='block_1_12' title="bbox 441 910 2022 980">
    <p class='ocr_par' dir='ltr' id='par_1_12' title="bbox 441 910 2022 980">
     <span class='ocr_line' id='line_1_12' title="bbox 441 910 2022 980; baseline -0.006 -12"><span class='ocrx_word' id='word_1_64' title='bbox 441 915 566 968; x_wconf 89' lang='lat' dir='ltr'><strong>dem</strong></span> <span class='ocrx_word' id='word_1_65' title='bbox 619 912 920 980; x_wconf 83' lang='lat' dir='ltr'><strong>unicuique</strong></span> <span class='ocrx_word' id='word_1_66' title='bbox 973 912 1168 964; x_wconf 90' lang='lat' dir='ltr'><strong>horum</strong></span> <span class='ocrx_word' id='word_1_67' title='bbox 1227 911 1424 965; x_wconf 91' lang='lat' dir='ltr'><strong>festum</strong></span> <span class='ocrx_word' id='word_1_68' title='bbox 1489 910 1801 963; x_wconf 89' lang='lat' dir='ltr'><strong>institutum</strong></span> <span class='ocrx_word' id='word_1_69' title='bbox 1871 917 2022 968; x_wconf 88' lang='lat' dir='ltr'><strong>erat,</strong></span> 
     </span>
    </p>
   </div>
   <div class='ocr_carea' id='block_1_13' title="bbox 443 1003 2028 1072">
    <p class='ocr_par' dir='ltr' id='par_1_13' title="bbox 443 1003 2028 1072">
     <span class='ocr_line' id='line_1_13' title="bbox 443 1003 2028 1072; baseline -0.004 -14"><span class='ocrx_word' id='word_1_70' title='bbox 443 1005 742 1059; x_wconf 85' lang='lat' dir='ltr'><strong>infelicitas</strong></span> <span class='ocrx_word' id='word_1_71' title='bbox 775 1015 953 1056; x_wconf 85' lang='lat' dir='ltr'><strong>autem</strong></span> <span class='ocrx_word' id='word_1_72' title='bbox 981 1005 1298 1072; x_wconf 90' lang='lat' dir='ltr'><strong>perditaque</strong></span> <span class='ocrx_word' id='word_1_73' title='bbox 1331 1005 1567 1058; x_wconf 85' lang='lat' dir='ltr'><strong>amentia</strong></span> <span class='ocrx_word' id='word_1_74' title='bbox 1601 1003 1846 1055; x_wconf 90' lang='lat' dir='ltr'><strong>omnium</strong></span> <span class='ocrx_word' id='word_1_75' title='bbox 1875 1014 2028 1055; x_wconf 86' lang='lat' dir='ltr'><strong>com-</strong></span> 
     </span>
    </p>
   </div>
   <div class='ocr_carea' id='block_1_14' title="bbox 441 1091 2029 1161">
    <p class='ocr_par' dir='ltr' id='par_1_14' title="bbox 441 1091 2029 1161">
     <span class='ocr_line' id='line_1_14' title="bbox 441 1091 2029 1161; baseline -0.001 -15"><span class='ocrx_word' id='word_1_76' title='bbox 441 1096 627 1148; x_wconf 80' lang='lat' dir='ltr'><strong>munis</strong></span> <span class='ocrx_word' id='word_1_77' title='bbox 656 1099 794 1146; x_wconf 84' lang='lat' dir='ltr'><strong>erat.</strong></span> <span class='ocrx_word' id='word_1_78' title='bbox 838 1091 916 1144; x_wconf 84' lang='lat' dir='ltr'><strong>Ad</strong></span> <span class='ocrx_word' id='word_1_79' title='bbox 948 1107 1114 1145; x_wconf 90' lang='lat' dir='ltr'><strong>unum</strong></span> <span class='ocrx_word' id='word_1_80' title='bbox 1153 1092 1299 1145; x_wconf 89' lang='lat' dir='ltr'><strong>ettitn</strong></span> <span class='ocrx_word' id='word_1_81' title='bbox 1359 1092 1660 1161; x_wconf 85' lang='lat' dir='ltr'><strong>impietatis</strong></span> <span class='ocrx_word' id='word_1_82' title='bbox 1707 1105 1935 1159; x_wconf 84' lang='lat' dir='ltr'><strong>scopum</strong></span> <span class='ocrx_word' id='word_1_83' title='bbox 1973 1099 2029 1144; x_wconf 90' lang='lat' dir='ltr'><strong>et</strong></span> 
     </span>
    </p>
   </div>
   <div class='ocr_carea' id='block_1_15' title="bbox 442 1181 1550 1238">
    <p class='ocr_par' dir='ltr' id='par_1_15' title="bbox 442 1181 1550 1238">
     <span class='ocr_line' id='line_1_15' title="bbox 442 1181 1550 1238; baseline 0.001 -2"><span class='ocrx_word' id='word_1_84' title='bbox 442 1184 648 1238; x_wconf 85' lang='lat' dir='ltr'><strong>diaboli</strong></span> <span class='ocrx_word' id='word_1_85' title='bbox 684 1181 892 1234; x_wconf 91' lang='lat' dir='ltr'><strong>cultum</strong></span> <span class='ocrx_word' id='word_1_86' title='bbox 933 1181 1118 1235; x_wconf 87' lang='lat' dir='ltr'><strong>omnia</strong></span> <span class='ocrx_word' id='word_1_87' title='bbox 1150 1182 1550 1238; x_wconf 85' lang='lat' dir='ltr'><strong>referebantur.</strong></span> 
     </span>
    </p>
   </div>
   <div class='ocr_carea' id='block_1_16' title="bbox 517 1269 2030 1341">
    <p class='ocr_par' dir='ltr' id='par_1_16' title="bbox 517 1269 2030 1341">
     <span class='ocr_line' id='line_1_16' title="bbox 517 1269 2030 1341; baseline 0 -15"><span class='ocrx_word' id='word_1_88' title='bbox 517 1273 639 1327; x_wconf 78' lang='lat' dir='ltr'><strong>Col.</strong></span> <span class='ocrx_word' id='word_1_89' title='bbox 669 1269 775 1323; x_wconf 63' lang='lat'><strong>562</strong></span> <span class='ocrx_word' id='word_1_90' title='bbox 803 1271 866 1322; x_wconf 90' lang='lat' dir='ltr'><strong>A.</strong></span> <span class='ocrx_word' id='word_1_91' title='bbox 909 1271 1052 1324; x_wconf 76' lang='lat' dir='ltr'><strong>Adeo</strong></span> <span class='ocrx_word' id='word_1_92' title='bbox 1077 1279 1157 1332; x_wconf 86' lang='lat' dir='ltr'><strong>ut,</strong></span> <span class='ocrx_word' id='word_1_93' title='bbox 1183 1271 1444 1340; x_wconf 79' lang='lat' dir='ltr'><strong>siquidem</strong></span> <span class='ocrx_word' id='word_1_94' title='bbox 1485 1273 1700 1328; x_wconf 83' lang='lat' dir='ltr'><strong>omnino</strong></span> <span class='ocrx_word' id='word_1_95' title='bbox 1727 1287 1814 1326; x_wconf 87' lang='lat' dir='ltr'><strong>eos</strong></span> <span class='ocrx_word' id='word_1_96' title='bbox 1841 1273 2030 1341; x_wconf 86' lang='lat' dir='ltr'><strong>impie-</strong></span> 
     </span>
    </p>
   </div>
   <div class='ocr_carea' id='block_1_17' title="bbox 446 1359 2032 1432">
    <p class='ocr_par' dir='ltr' id='par_1_17' title="bbox 446 1359 2032 1432">
     <span class='ocr_line' id='line_1_17' title="bbox 446 1359 2032 1432; baseline 0.003 -18"><span class='ocrx_word' id='word_1_97' title='bbox 446 1370 559 1416; x_wconf 80' lang='lat' dir='ltr'><strong>tate</strong></span> <span class='ocrx_word' id='word_1_98' title='bbox 598 1359 912 1427; x_wconf 74' lang='lat' dir='ltr'><strong>constringi,</strong></span> <span class='ocrx_word' id='word_1_99' title='bbox 961 1369 1069 1413; x_wconf 89' lang='lat' dir='ltr'><strong>etc.</strong></span> <span class='ocrx_word' id='word_1_100' title='bbox 1137 1359 1281 1415; x_wconf 89' lang='lat' dir='ltr'><strong>Sunt</strong></span> <span class='ocrx_word' id='word_1_101' title='bbox 1337 1363 1429 1430; x_wconf 92' lang='lat' dir='ltr'><strong>qui</strong></span> <span class='ocrx_word' id='word_1_102' title='bbox 1486 1363 1825 1432; x_wconf 89' lang='lat' dir='ltr'><strong>Tlteologum</strong></span> <span class='ocrx_word' id='word_1_103' title='bbox 1882 1364 2032 1419; x_wconf 84' lang='lat' dir='ltr'><strong>inse-</strong></span> 
     </span>
    </p>
   </div>
   <div class='ocr_carea' id='block_1_18' title="bbox 1503 1451 2030 1522">
    <p class='ocr_par' dir='ltr' id='par_1_18' title="bbox 1503 1451 2030 1522">
     <span class='ocr_line' id='line_1_18' title="bbox 1503 1451 2030 1522; baseline 0.004 -16"><span class='ocrx_word' id='word_1_104' title='bbox 1503 1470 1516 1506; x_wconf 91' lang='lat'><strong>:</strong></span> <span class='ocrx_word' id='word_1_105' title='bbox 1573 1451 1852 1522; x_wconf 87' lang='lat' dir='ltr'><strong>ltnpietate</strong></span> <span class='ocrx_word' id='word_1_106' title='bbox 1897 1469 2030 1508; x_wconf 81' lang='lat' dir='ltr'><strong>cou-</strong></span> 
     </span>
    </p>
   </div>
   <div class='ocr_carea' id='block_1_19' title="bbox 447 1537 2026 1610">
    <p class='ocr_par' dir='ltr' id='par_1_19' title="bbox 447 1537 2026 1610">
     <span class='ocr_line' id='line_1_19' title="bbox 447 1537 2026 1610; baseline 0 -15"><span class='ocrx_word' id='word_1_107' title='bbox 447 1541 646 1610; x_wconf 85' lang='lat' dir='ltr'><strong>stringi</strong></span> <span class='ocrx_word' id='word_1_108' title='bbox 677 1537 992 1606; x_wconf 82' lang='lat' dir='ltr'><strong>oportebat,</strong></span> <span class='ocrx_word' id='word_1_109' title='bbox 1020 1537 1214 1593; x_wconf 90' lang='lat' dir='ltr'><strong>deinde</strong></span> <span class='ocrx_word' id='word_1_110' title='bbox 1239 1543 1386 1610; x_wconf 91' lang='lat' dir='ltr'><strong>quod</strong></span> <span class='ocrx_word' id='word_1_111' title='bbox 1419 1543 1674 1597; x_wconf 78' lang='lat' dir='ltr'><strong>cordatus</strong></span> <span class='ocrx_word' id='word_1_112' title='bbox 1706 1543 1852 1597; x_wconf 87' lang='lat' dir='ltr'><strong>viros</strong></span> <span class='ocrx_word' id='word_1_113' title='bbox 1878 1551 2026 1596; x_wconf 90' lang='lat' dir='ltr'><strong>tanta</strong></span> 
     </span>
    </p>
   </div>
   <div class='ocr_carea' id='block_1_20' title="bbox 451 1613 2106 1703">
    <p class='ocr_par' dir='ltr' id='par_1_20' title="bbox 451 1613 2106 1703">
     <span class='ocr_line' id='line_1_20' title="bbox 451 1613 2106 1703; baseline 0.001 -17"><span class='ocrx_word' id='word_1_114' title='bbox 451 1633 737 1702; x_wconf 86' lang='lat' dir='ltr'><strong>impietate</strong></span> <span class='ocrx_word' id='word_1_115' title='bbox 786 1626 1054 1683; x_wconf 86' lang='lat' dir='ltr'><strong>devinctis</strong></span> <span class='ocrx_word' id='word_1_116' title='bbox 1087 1628 1397 1688; x_wconf 88' lang='lat' dir='ltr'><strong>hominibus</strong></span> <span class='ocrx_word' id='word_1_117' title='bbox 1435 1634 1508 1687; x_wconf 89' lang='lat' dir='ltr'><strong>nil</strong></span> <span class='ocrx_word' id='word_1_118' title='bbox 1541 1634 1688 1688; x_wconf 81' lang='lat' dir='ltr'><strong>aliud</strong></span> <span class='ocrx_word' id='word_1_119' title='bbox 1730 1634 2028 1703; x_wconf 85' lang='lat' dir='ltr'><strong>imprecari</strong></span> <span class='ocrx_word' id='word_1_120' title='bbox 2061 1613 2106 1671; x_wconf 70' lang='grc' dir='ltr'><strong><em>Β</em></strong></span> 
     </span>
    </p>
   </div>
   <div class='ocr_carea' id='block_1_21' title="bbox 449 1719 2032 1796">
    <p class='ocr_par' dir='ltr' id='par_1_21' title="bbox 449 1719 2032 1796">
     <span class='ocr_line' id='line_1_21' title="bbox 449 1719 2032 1796; baseline 0.001 -18"><span class='ocrx_word' id='word_1_121' title='bbox 449 1722 651 1780; x_wconf 86' lang='lat' dir='ltr'><strong>debere</strong></span> <span class='ocrx_word' id='word_1_122' title='bbox 695 1719 914 1785; x_wconf 81' lang='lat' dir='ltr'><strong>dixerit,</strong></span> <span class='ocrx_word' id='word_1_123' title='bbox 962 1735 1126 1790; x_wconf 89' lang='lat' dir='ltr'><strong>quant</strong></span> <span class='ocrx_word' id='word_1_124' title='bbox 1165 1731 1224 1778; x_wconf 92' lang='lat' dir='ltr'><strong>ut</strong></span> <span class='ocrx_word' id='word_1_125' title='bbox 1257 1739 1343 1780; x_wconf 89' lang='lat' dir='ltr'><strong>res</strong></span> <span class='ocrx_word' id='word_1_126' title='bbox 1391 1725 1710 1796; x_wconf 85' lang='lat' dir='ltr'><strong>hujusmodi</strong></span> <span class='ocrx_word' id='word_1_127' title='bbox 1761 1735 2032 1796; x_wconf 88' lang='lat' dir='ltr'><strong>perpetuo</strong></span> 
     </span>
    </p>
   </div>
   <div class='ocr_carea' id='block_1_22' title="bbox 449 1811 2032 1888">
    <p class='ocr_par' dir='ltr' id='par_1_22' title="bbox 449 1811 2032 1888">
     <span class='ocr_line' id='line_1_22' title="bbox 449 1811 2032 1888; baseline 0.003 -20"><span class='ocrx_word' id='word_1_128' title='bbox 449 1823 806 1871; x_wconf 76' lang='lat' dir='ltr'><strong>venerentur.</strong></span> <span class='ocrx_word' id='word_1_129' title='bbox 864 1811 1066 1868; x_wconf 89' lang='lat' dir='ltr'><strong>Contra</strong></span> <span class='ocrx_word' id='word_1_130' title='bbox 1129 1815 1308 1881; x_wconf 88' lang='lat' dir='ltr'><strong>enim,</strong></span> <span class='ocrx_word' id='word_1_131' title='bbox 1370 1817 1675 1887; x_wconf 88' lang='lat' dir='ltr'><strong>inquiunt,</strong></span> <span class='ocrx_word' id='word_1_132' title='bbox 1728 1833 1828 1887; x_wconf 89' lang='lat' dir='ltr'><strong>pro</strong></span> <span class='ocrx_word' id='word_1_133' title='bbox 1895 1819 2032 1888; x_wconf 88' lang='lat' dir='ltr'><strong>ipsis</strong></span> 
     </span>
    </p>
   </div>
   <div class='ocr_carea' id='block_1_23' title="bbox 451 1901 2028 1973">
    <p class='ocr_par' dir='ltr' id='par_1_23' title="bbox 451 1901 2028 1973">
     <span class='ocr_line' id='line_1_23' title="bbox 451 1901 2028 1973; baseline 0.004 -17"><span class='ocrx_word' id='word_1_134' title='bbox 451 1906 718 1960; x_wconf 90' lang='lat' dir='ltr'><strong>orandum</strong></span> <span class='ocrx_word' id='word_1_135' title='bbox 747 1901 948 1965; x_wconf 86' lang='lat' dir='ltr'><strong>fuerat,</strong></span> <span class='ocrx_word' id='word_1_136' title='bbox 983 1911 1040 1956; x_wconf 90' lang='lat' dir='ltr'><strong>ut</strong></span> <span class='ocrx_word' id='word_1_137' title='bbox 1067 1903 1358 1973; x_wconf 85' lang='lat' dir='ltr'><strong>impietatis</strong></span> <span class='ocrx_word' id='word_1_138' title='bbox 1394 1908 1615 1962; x_wconf 87' lang='lat' dir='ltr'><strong>vinculo</strong></span> <span class='ocrx_word' id='word_1_139' title='bbox 1654 1907 2028 1962; x_wconf 86' lang='lat' dir='ltr'><strong>solverentur.</strong></span> 
     </span>
    </p>
   </div>
   <div class='ocr_carea' id='block_1_24' title="bbox 455 1979 2030 2064">
    <p class='ocr_par' dir='ltr' id='par_1_24' title="bbox 455 1979 2030 2064">
     <span class='ocr_line' id='line_1_24' title="bbox 455 1979 2030 2064; baseline 0.001 -14"><span class='ocrx_word' id='word_1_140' title='bbox 455 1995 565 2052; x_wconf 81' lang='lat' dir='ltr'><strong>Sed</strong></span> <span class='ocrx_word' id='word_1_141' title='bbox 598 2002 712 2052; x_wconf 69' lang='grc' dir='ltr'><strong>ιιωο</strong></span> <span class='ocrx_word' id='word_1_142' title='bbox 756 1993 918 2048; x_wconf 87' lang='lat' dir='ltr'><strong>stulta</strong></span> <span class='ocrx_word' id='word_1_143' title='bbox 949 2003 1006 2048; x_wconf 90' lang='lat' dir='ltr'><strong>et</strong></span> <span class='ocrx_word' id='word_1_144' title='bbox 1055 1995 1258 2064; x_wconf 90' lang='lat' dir='ltr'><strong>inepta.</strong></span> <span class='ocrx_word' id='word_1_145' title='bbox 1308 1979 1446 2050; x_wconf 82' lang='lat' dir='ltr'><strong>Illud</strong></span> <span class='ocrx_word' id='word_1_146' title='bbox 1498 2007 1679 2052; x_wconf 92' lang='lat' dir='ltr'><strong>autem</strong></span> <span class='ocrx_word' id='word_1_147' title='bbox 1715 1998 2030 2062; x_wconf 90' lang='lat' dir='ltr'><strong>sciendum,</strong></span> 
     </span>
    </p>
   </div>
   <div class='ocr_carea' id='block_1_25' title="bbox 461 2085 2031 2158">
    <p class='ocr_par' dir='ltr' id='par_1_25' title="bbox 461 2085 2031 2158">
     <span class='ocr_line' id='line_1_25' title="bbox 461 2085 2031 2158; baseline 0.003 -18"><span class='ocrx_word' id='word_1_148' title='bbox 461 2087 568 2144; x_wconf 88' lang='lat' dir='ltr'><strong>hoc</strong></span> <span class='ocrx_word' id='word_1_149' title='bbox 606 2087 853 2148; x_wconf 87' lang='lat' dir='ltr'><strong>verbum,</strong></span> <span class='ocrx_word' id='word_1_150' title='bbox 906 2085 1212 2154; x_wconf 83' lang='lat' dir='ltr'><strong>Oportebat,</strong></span> <span class='ocrx_word' id='word_1_151' title='bbox 1277 2085 1575 2156; x_wconf 86' lang='lat' dir='ltr'><strong>aliquando</strong></span> <span class='ocrx_word' id='word_1_152' title='bbox 1619 2088 1762 2143; x_wconf 89' lang='lat' dir='ltr'><strong>idem</strong></span> <span class='ocrx_word' id='word_1_153' title='bbox 1813 2089 2031 2158; x_wconf 85' lang='lat' dir='ltr'><strong>signiti-</strong></span> 
     </span>
    </p>
   </div>
   <div class='ocr_carea' id='block_1_26' title="bbox 459 2178 2034 2250">
    <p class='ocr_par' dir='ltr' id='par_1_26' title="bbox 459 2178 2034 2250">
     <span class='ocr_line' id='line_1_26' title="bbox 459 2178 2034 2250; baseline 0.003 -17"><span class='ocrx_word' id='word_1_154' title='bbox 459 2194 608 2242; x_wconf 87' lang='lat' dir='ltr'><strong>eare,</strong></span> <span class='ocrx_word' id='word_1_155' title='bbox 639 2178 783 2249; x_wconf 92' lang='lat' dir='ltr'><strong>quod</strong></span> <span class='ocrx_word' id='word_1_156' title='bbox 831 2179 986 2232; x_wconf 89' lang='lat' dir='ltr'><strong>decet</strong></span> <span class='ocrx_word' id='word_1_157' title='bbox 1024 2185 1079 2232; x_wconf 91' lang='lat' dir='ltr'><strong>et</strong></span> <span class='ocrx_word' id='word_1_158' title='bbox 1130 2178 1389 2232; x_wconf 88' lang='lat' dir='ltr'><strong>convenit</strong></span> <span class='ocrx_word' id='word_1_159' title='bbox 1429 2197 1442 2233; x_wconf 92' lang='lat'><strong>:</strong></span> <span class='ocrx_word' id='word_1_160' title='bbox 1477 2179 1777 2250; x_wconf 86' lang='lat' dir='ltr'><strong>aliquando</strong></span> <span class='ocrx_word' id='word_1_161' title='bbox 1816 2195 1917 2250; x_wconf 91' lang='lat' dir='ltr'><strong>pro</strong></span> <span class='ocrx_word' id='word_1_162' title='bbox 1968 2195 2034 2237; x_wconf 93' lang='lat' dir='ltr'><strong>eo</strong></span> 
     </span>
    </p>
   </div>
   <div class='ocr_carea' id='block_1_27' title="bbox 456 2267 2038 2345">
    <p class='ocr_par' dir='ltr' id='par_1_27' title="bbox 456 2267 2038 2345">
     <span class='ocr_line' id='line_1_27' title="bbox 456 2267 2038 2345; baseline 0.004 -22"><span class='ocrx_word' id='word_1_163' title='bbox 456 2273 605 2339; x_wconf 87' lang='lat' dir='ltr'><strong>quod</strong></span> <span class='ocrx_word' id='word_1_164' title='bbox 651 2271 968 2326; x_wconf 88' lang='lat' dir='ltr'><strong>necessario</strong></span> <span class='ocrx_word' id='word_1_165' title='bbox 1016 2268 1096 2332; x_wconf 82' lang='lat' dir='ltr'><strong>iit,</strong></span> <span class='ocrx_word' id='word_1_166' title='bbox 1149 2267 1346 2337; x_wconf 87' lang='lat' dir='ltr'><strong>accipi,</strong></span> <span class='ocrx_word' id='word_1_167' title='bbox 1399 2279 1460 2325; x_wconf 91' lang='lat' dir='ltr'><strong>ut</strong></span> <span class='ocrx_word' id='word_1_168' title='bbox 1501 2273 1604 2328; x_wconf 89' lang='lat' dir='ltr'><strong>hoc</strong></span> <span class='ocrx_word' id='word_1_169' title='bbox 1652 2273 1798 2330; x_wconf 91' lang='lat' dir='ltr'><strong>loco.</strong></span> <span class='ocrx_word' id='word_1_170' title='bbox 1849 2272 2038 2345; x_wconf 90' lang='lat' dir='ltr'><strong>Siqui-</strong></span> 
     </span>
    </p>
   </div>
   <div class='ocr_carea' id='block_1_28' title="bbox 457 2357 2037 2430">
    <p class='ocr_par' dir='ltr' id='par_1_28' title="bbox 457 2357 2037 2430">
     <span class='ocr_line' id='line_1_28' title="bbox 457 2357 2037 2430; baseline 0.003 -16"><span class='ocrx_word' id='word_1_171' title='bbox 457 2360 606 2429; x_wconf 85' lang='lat' dir='ltr'><strong>dem,</strong></span> <span class='ocrx_word' id='word_1_172' title='bbox 657 2360 854 2430; x_wconf 90' lang='lat' dir='ltr'><strong>inquit,</strong></span> <span class='ocrx_word' id='word_1_173' title='bbox 891 2360 1118 2414; x_wconf 89' lang='lat' dir='ltr'><strong>omnino</strong></span> <span class='ocrx_word' id='word_1_174' title='bbox 1152 2357 1398 2412; x_wconf 90' lang='lat' dir='ltr'><strong>futurutn</strong></span> <span class='ocrx_word' id='word_1_175' title='bbox 1435 2370 1576 2428; x_wconf 89' lang='lat' dir='ltr'><strong>erat,</strong></span> <span class='ocrx_word' id='word_1_176' title='bbox 1632 2372 1692 2416; x_wconf 93' lang='lat' dir='ltr'><strong>ut</strong></span> <span class='ocrx_word' id='word_1_177' title='bbox 1737 2363 1906 2418; x_wconf 86' lang='lat' dir='ltr'><strong>animi</strong></span> <span class='ocrx_word' id='word_1_178' title='bbox 1940 2367 2037 2420; x_wconf 90' lang='lat' dir='ltr'><strong>de-</strong></span> 
     </span>
    </p>
   </div>
   <div class='ocr_carea' id='block_1_29' title="bbox 459 2451 2038 2527">
    <p class='ocr_par' dir='ltr' id='par_1_29' title="bbox 459 2451 2038 2527">
     <span class='ocr_line' id='line_1_29' title="bbox 459 2451 2038 2527; baseline 0.003 -19"><span class='ocrx_word' id='word_1_179' title='bbox 459 2454 759 2509; x_wconf 84' lang='lat' dir='ltr'><strong>stinatione</strong></span> <span class='ocrx_word' id='word_1_180' title='bbox 785 2451 1066 2522; x_wconf 91' lang='lat' dir='ltr'><strong>liberaque</strong></span> <span class='ocrx_word' id='word_1_181' title='bbox 1091 2452 1374 2507; x_wconf 86' lang='lat' dir='ltr'><strong>voluntate</strong></span> <span class='ocrx_word' id='word_1_182' title='bbox 1423 2453 1478 2508; x_wconf 91' lang='lat' dir='ltr'><strong>itt</strong></span> <span class='ocrx_word' id='word_1_183' title='bbox 1536 2455 1872 2527; x_wconf 84' lang='lat' dir='ltr'><strong>impietatem</strong></span> <span class='ocrx_word' id='word_1_184' title='bbox 1904 2473 2038 2527; x_wconf 88' lang='lat' dir='ltr'><strong>pro-</strong></span> 
     </span>
    </p>
   </div>
   <div class='ocr_carea' id='block_1_30' title="bbox 462 2541 2038 2611">
    <p class='ocr_par' dir='ltr' id='par_1_30' title="bbox 462 2541 2038 2611">
     <span class='ocr_line' id='line_1_30' title="bbox 462 2541 2038 2611; baseline 0.005 -15"><span class='ocrx_word' id='word_1_185' title='bbox 462 2546 828 2608; x_wconf 87' lang='lat' dir='ltr'><strong>volverentur,</strong></span> <span class='ocrx_word' id='word_1_186' title='bbox 871 2557 935 2598; x_wconf 89' lang='lat' dir='ltr'><strong>ac</strong></span> <span class='ocrx_word' id='word_1_187' title='bbox 968 2541 1298 2607; x_wconf 80' lang='lat' dir='ltr'><strong>simulacris,</strong></span> <span class='ocrx_word' id='word_1_188' title='bbox 1331 2556 1454 2611; x_wconf 75' lang='lat' dir='ltr'><strong>qua:</strong></span> <span class='ocrx_word' id='word_1_189' title='bbox 1477 2559 1741 2600; x_wconf 90' lang='lat' dir='ltr'><strong>manuum</strong></span> <span class='ocrx_word' id='word_1_190' title='bbox 1768 2547 2038 2604; x_wconf 89' lang='lat' dir='ltr'><strong>humana-</strong></span> 
     </span>
    </p>
   </div>
   <div class='ocr_carea' id='block_1_31' title="bbox 464 2637 2040 2706">
    <p class='ocr_par' dir='ltr' id='par_1_31' title="bbox 464 2637 2040 2706">
     <span class='ocr_line' id='line_1_31' title="bbox 464 2637 2040 2706; baseline 0.002 -16"><span class='ocrx_word' id='word_1_191' title='bbox 464 2652 586 2692; x_wconf 89' lang='lat' dir='ltr'><strong>rum</strong></span> <span class='ocrx_word' id='word_1_192' title='bbox 629 2651 795 2706; x_wconf 86' lang='lat' dir='ltr'><strong>opera</strong></span> <span class='ocrx_word' id='word_1_193' title='bbox 848 2645 997 2700; x_wconf 90' lang='lat' dir='ltr'><strong>sunt,</strong></span> <span class='ocrx_word' id='word_1_194' title='bbox 1057 2637 1301 2705; x_wconf 85' lang='lat' dir='ltr'><strong>artisque</strong></span> <span class='ocrx_word' id='word_1_195' title='bbox 1354 2637 1762 2703; x_wconf 82' lang='lat' dir='ltr'><strong>meditationes,</strong></span> <span class='ocrx_word' id='word_1_196' title='bbox 1817 2639 2040 2696; x_wconf 88' lang='lat' dir='ltr'><strong>divinos</strong></span> 
     </span>
    </p>
   </div>
   <div class='ocr_carea' id='block_1_32' title="bbox 466 2727 2042 2796">
    <p class='ocr_par' dir='ltr' id='par_1_32' title="bbox 466 2727 2042 2796">
     <span class='ocr_line' id='line_1_32' title="bbox 466 2727 2042 2796; baseline 0.003 -14"><span class='ocrx_word' id='word_1_197' title='bbox 466 2730 702 2785; x_wconf 86' lang='lat' dir='ltr'><strong>honores</strong></span> <span class='ocrx_word' id='word_1_198' title='bbox 755 2729 1080 2791; x_wconf 90' lang='lat' dir='ltr'><strong>tribuerent,</strong></span> <span class='ocrx_word' id='word_1_199' title='bbox 1137 2727 1482 2796; x_wconf 84' lang='lat' dir='ltr'><strong>sapientibus</strong></span> <span class='ocrx_word' id='word_1_200' title='bbox 1527 2741 1583 2785; x_wconf 93' lang='lat' dir='ltr'><strong>et</strong></span> <span class='ocrx_word' id='word_1_201' title='bbox 1633 2733 1873 2787; x_wconf 78' lang='lat' dir='ltr'><strong>conlatis</strong></span> <span class='ocrx_word' id='word_1_202' title='bbox 1905 2732 2042 2788; x_wconf 89' lang='lat' dir='ltr'><strong>viris</strong></span> 
     </span>
    </p>
   </div>
   <div class='ocr_carea' id='block_1_33' title="bbox 463 2819 2042 2891">
    <p class='ocr_par' dir='ltr' id='par_1_33' title="bbox 463 2819 2042 2891">
     <span class='ocr_line' id='line_1_33' title="bbox 463 2819 2042 2891; baseline 0.001 -16"><span class='ocrx_word' id='word_1_203' title='bbox 463 2820 764 2891; x_wconf 84' lang='lat' dir='ltr'><strong>Optandum</strong></span> <span class='ocrx_word' id='word_1_204' title='bbox 799 2828 937 2883; x_wconf 86' lang='lat' dir='ltr'><strong>erat,</strong></span> <span class='ocrx_word' id='word_1_205' title='bbox 971 2830 1028 2873; x_wconf 89' lang='lat' dir='ltr'><strong>ut</strong></span> <span class='ocrx_word' id='word_1_206' title='bbox 1074 2819 1148 2871; x_wconf 84' lang='lat' dir='ltr'><strong>illi</strong></span> <span class='ocrx_word' id='word_1_207' title='bbox 1186 2833 1270 2871; x_wconf 90' lang='lat' dir='ltr'><strong>res</strong></span> <span class='ocrx_word' id='word_1_208' title='bbox 1315 2819 1454 2872; x_wconf 89' lang='lat' dir='ltr'><strong>adeo</strong></span> <span class='ocrx_word' id='word_1_209' title='bbox 1487 2821 1621 2877; x_wconf 87' lang='lat' dir='ltr'><strong>viles</strong></span> <span class='ocrx_word' id='word_1_210' title='bbox 1674 2831 1896 2891; x_wconf 86' lang='lat' dir='ltr'><strong>tamque</strong></span> <span class='ocrx_word' id='word_1_211' title='bbox 1941 2823 2042 2878; x_wconf 87' lang='lat' dir='ltr'><strong>ob-</strong></span> 
     </span>
    </p>
   </div>
   <div class='ocr_carea' id='block_1_34' title="bbox 2133 355 3722 430">
    <p class='ocr_par' dir='ltr' id='par_1_34' title="bbox 2133 355 3722 430">
     <span class='ocr_line' id='line_1_34' title="bbox 2133 355 3722 430; baseline -0.004 -15"><span class='ocrx_word' id='word_1_212' title='bbox 2133 377 2235 415; x_wconf 88' lang='lat' dir='ltr'><strong>nos</strong></span> <span class='ocrx_word' id='word_1_213' title='bbox 2280 360 2560 429; x_wconf 87' lang='lat' dir='ltr'><strong>paradiso,</strong></span> <span class='ocrx_word' id='word_1_214' title='bbox 2615 374 2680 413; x_wconf 85' lang='lat' dir='ltr'><strong>ac</strong></span> <span class='ocrx_word' id='word_1_215' title='bbox 2715 359 2861 430; x_wconf 85' lang='lat' dir='ltr'><strong>ligno</strong></span> <span class='ocrx_word' id='word_1_216' title='bbox 2899 357 3042 422; x_wconf 70' lang='lat' dir='ltr'><strong>vitae,</strong></span> <span class='ocrx_word' id='word_1_217' title='bbox 3087 355 3230 426; x_wconf 88' lang='lat' dir='ltr'><strong>quod</strong></span> <span class='ocrx_word' id='word_1_218' title='bbox 3283 355 3450 409; x_wconf 90' lang='lat' dir='ltr'><strong>nobis</strong></span> <span class='ocrx_word' id='word_1_219' title='bbox 3503 357 3722 423; x_wconf 67' lang='lat' dir='ltr'><strong>praemii</strong></span> 
     </span>
    </p>
   </div>
   <div class='ocr_carea' id='block_1_35' title="bbox 2129 445 3742 523">
    <p class='ocr_par' dir='ltr' id='par_1_35' title="bbox 2129 445 3742 523">
     <span class='ocr_line' id='line_1_35' title="bbox 2129 445 3742 523; baseline -0.007 -15"><span class='ocrx_word' id='word_1_220' title='bbox 2129 455 2249 509; x_wconf 89' lang='lat' dir='ltr'><strong>loco</strong></span> <span class='ocrx_word' id='word_1_221' title='bbox 2300 451 2642 523; x_wconf 80' lang='lat' dir='ltr'><strong>prapositttm</strong></span> <span class='ocrx_word' id='word_1_222' title='bbox 2697 459 2837 514; x_wconf 89' lang='lat' dir='ltr'><strong>erat,</strong></span> <span class='ocrx_word' id='word_1_223' title='bbox 2888 447 3277 502; x_wconf 81' lang='lat' dir='ltr'><strong>exturbarunt.</strong></span> <span class='ocrx_word' id='word_1_224' title='bbox 3335 445 3742 498; x_wconf 68' lang='lat' dir='ltr'><strong>Exturbanun</strong></span> 
     </span>
    </p>
   </div>
   <div class='ocr_carea' id='block_1_36' title="bbox 2129 538 3746 613">
    <p class='ocr_par' dir='ltr' id='par_1_36' title="bbox 2129 538 3746 613">
     <span class='ocr_line' id='line_1_36' title="bbox 2129 538 3746 613; baseline -0.005 -15"><span class='ocrx_word' id='word_1_225' title='bbox 2129 553 2311 598; x_wconf 89' lang='lat' dir='ltr'><strong>autem</strong></span> <span class='ocrx_word' id='word_1_226' title='bbox 2345 559 2442 613; x_wconf 85' lang='lat' dir='ltr'><strong>per</strong></span> <span class='ocrx_word' id='word_1_227' title='bbox 2491 543 2733 596; x_wconf 75' lang='lat' dir='ltr'><strong>scientia:</strong></span> <span class='ocrx_word' id='word_1_228' title='bbox 2761 542 2992 610; x_wconf 81' lang='lat' dir='ltr'><strong>lignum,</strong></span> <span class='ocrx_word' id='word_1_229' title='bbox 3025 549 3270 608; x_wconf 85' lang='lat' dir='ltr'><strong>tempore</strong></span> <span class='ocrx_word' id='word_1_230' title='bbox 3314 538 3558 591; x_wconf 88' lang='lat' dir='ltr'><strong>minime</strong></span> <span class='ocrx_word' id='word_1_231' title='bbox 3593 552 3746 592; x_wconf 75' lang='lat' dir='ltr'><strong>con—</strong></span> 
     </span>
    </p>
   </div>
   <div class='ocr_carea' id='block_1_37' title="bbox 2129 627 3748 702">
    <p class='ocr_par' dir='ltr' id='par_1_37' title="bbox 2129 627 3748 702">
     <span class='ocr_line' id='line_1_37' title="bbox 2129 627 3748 702; baseline -0.002 -20"><span class='ocrx_word' id='word_1_232' title='bbox 2129 647 2265 702; x_wconf 84' lang='lat' dir='ltr'><strong>gruo</strong></span> <span class='ocrx_word' id='word_1_233' title='bbox 2317 641 2637 701; x_wconf 88' lang='lat' dir='ltr'><strong>perceptum</strong></span> <span class='ocrx_word' id='word_1_234' title='bbox 2689 647 2703 684; x_wconf 86' lang='lat'><strong>:</strong></span> <span class='ocrx_word' id='word_1_235' title='bbox 2746 630 2893 699; x_wconf 91' lang='lat' dir='ltr'><strong>quod</strong></span> <span class='ocrx_word' id='word_1_236' title='bbox 2936 628 3157 696; x_wconf 89' lang='lat' dir='ltr'><strong>quidem</strong></span> <span class='ocrx_word' id='word_1_237' title='bbox 3203 628 3510 683; x_wconf 77' lang='lat' dir='ltr'><strong>exercendi</strong></span> <span class='ocrx_word' id='word_1_238' title='bbox 3573 627 3748 681; x_wconf 79' lang='lat' dir='ltr'><strong>liberi</strong></span> 
     </span>
    </p>
   </div>
   <div class='ocr_carea' id='block_1_38' title="bbox 2130 718 3750 788">
    <p class='ocr_par' dir='ltr' id='par_1_38' title="bbox 2130 718 3750 788">
     <span class='ocr_line' id='line_1_38' title="bbox 2130 718 3750 788; baseline -0.002 -11"><span class='ocrx_word' id='word_1_239' title='bbox 2130 723 2343 777; x_wconf 87' lang='lat' dir='ltr'><strong>arbitrii</strong></span> <span class='ocrx_word' id='word_1_240' title='bbox 2405 736 2575 775; x_wconf 84' lang='lat' dir='ltr'><strong>causa</strong></span> <span class='ocrx_word' id='word_1_241' title='bbox 2631 721 2795 776; x_wconf 90' lang='lat' dir='ltr'><strong>nobis</strong></span> <span class='ocrx_word' id='word_1_242' title='bbox 2851 722 3039 776; x_wconf 90' lang='lat' dir='ltr'><strong>datum</strong></span> <span class='ocrx_word' id='word_1_243' title='bbox 3107 721 3310 776; x_wconf 89' lang='lat' dir='ltr'><strong>fuerat.</strong></span> <span class='ocrx_word' id='word_1_244' title='bbox 3355 718 3509 773; x_wconf 78' lang='lat' dir='ltr'><strong>Hinc</strong></span> <span class='ocrx_word' id='word_1_245' title='bbox 3567 734 3750 788; x_wconf 75' lang='lat' dir='ltr'><strong>poma</strong></span> 
     </span>
    </p>
   </div>
   <div class='ocr_carea' id='block_1_39' title="bbox 2130 812 3758 883">
    <p class='ocr_par' dir='ltr' id='par_1_39' title="bbox 2130 812 3758 883">
     <span class='ocr_line' id='line_1_39' title="bbox 2130 812 3758 883; baseline -0.003 -14"><span class='ocrx_word' id='word_1_246' title='bbox 2130 814 2396 883; x_wconf 89' lang='lat' dir='ltr'><strong>dejeetos,</strong></span> <span class='ocrx_word' id='word_1_247' title='bbox 2451 821 2512 867; x_wconf 94' lang='lat' dir='ltr'><strong>ut</strong></span> <span class='ocrx_word' id='word_1_248' title='bbox 2551 812 2884 867; x_wconf 87' lang='lat' dir='ltr'><strong>infirmiores</strong></span> <span class='ocrx_word' id='word_1_249' title='bbox 2908 813 3046 880; x_wconf 85' lang='lat' dir='ltr'><strong>jam,</strong></span> <span class='ocrx_word' id='word_1_250' title='bbox 3093 821 3257 882; x_wconf 84' lang='lat' dir='ltr'><strong>atque</strong></span> <span class='ocrx_word' id='word_1_251' title='bbox 3282 812 3350 865; x_wconf 89' lang='lat' dir='ltr'><strong>ad</strong></span> <span class='ocrx_word' id='word_1_252' title='bbox 3395 827 3758 880; x_wconf 70' lang='lat' dir='ltr'><strong>expugnan-</strong></span> 
     </span>
    </p>
   </div>
   <div class='ocr_carea' id='block_1_40' title="bbox 2132 903 3760 972">
    <p class='ocr_par' dir='ltr' id='par_1_40' title="bbox 2132 903 3760 972">
     <span class='ocr_line' id='line_1_40' title="bbox 2132 903 3760 972; baseline -0.002 -14"><span class='ocrx_word' id='word_1_253' title='bbox 2132 908 2261 959; x_wconf 89' lang='lat' dir='ltr'><strong>dum</strong></span> <span class='ocrx_word' id='word_1_254' title='bbox 2289 903 2594 969; x_wconf 81' lang='lat' dir='ltr'><strong>faciliOt-es,</strong></span> <span class='ocrx_word' id='word_1_255' title='bbox 2638 903 3022 972; x_wconf 87' lang='lat' dir='ltr'><strong>sententiaque</strong></span> <span class='ocrx_word' id='word_1_256' title='bbox 3065 903 3248 957; x_wconf 90' lang='lat' dir='ltr'><strong>divina</strong></span> <span class='ocrx_word' id='word_1_257' title='bbox 3300 904 3760 966; x_wconf 71' lang='lat' dir='ltr'><strong>condemnatos,</strong></span> 
     </span>
    </p>
   </div>
   <div class='ocr_carea' id='block_1_41' title="bbox 2132 994 3766 1066">
    <p class='ocr_par' dir='ltr' id='par_1_41' title="bbox 2132 994 3766 1066">
     <span class='ocr_line' id='line_1_41' title="bbox 2132 994 3766 1066; baseline -0.003 -16"><span class='ocrx_word' id='word_1_258' title='bbox 2132 996 2378 1066; x_wconf 85' lang='lat' dir='ltr'><strong>populati</strong></span> <span class='ocrx_word' id='word_1_259' title='bbox 2408 1005 2560 1060; x_wconf 91' lang='lat' dir='ltr'><strong>sunt,</strong></span> <span class='ocrx_word' id='word_1_260' title='bbox 2588 998 2734 1063; x_wconf 90' lang='lat' dir='ltr'><strong>quod</strong></span> <span class='ocrx_word' id='word_1_261' title='bbox 2765 995 3017 1049; x_wconf 87' lang='lat' dir='ltr'><strong>videlicet</strong></span> <span class='ocrx_word' id='word_1_262' title='bbox 3047 1013 3077 1048; x_wconf 91' lang='lat' dir='ltr'><strong>e</strong></span> <span class='ocrx_word' id='word_1_263' title='bbox 3106 995 3272 1064; x_wconf 80' lang='lat' dir='ltr'><strong>priori</strong></span> <span class='ocrx_word' id='word_1_264' title='bbox 3307 1003 3465 1048; x_wconf 87' lang='lat' dir='ltr'><strong>statu</strong></span> <span class='ocrx_word' id='word_1_265' title='bbox 3495 994 3766 1046; x_wconf 69' lang='lat' dir='ltr'><strong>excidis-</strong></span> 
     </span>
    </p>
   </div>
   <div class='ocr_carea' id='block_1_42' title="bbox 2132 1085 3762 1156">
    <p class='ocr_par' dir='ltr' id='par_1_42' title="bbox 2132 1085 3762 1156">
     <span class='ocr_line' id='line_1_42' title="bbox 2132 1085 3762 1156; baseline -0.002 -13"><span class='ocrx_word' id='word_1_266' title='bbox 2132 1104 2340 1154; x_wconf 89' lang='lat' dir='ltr'><strong>semus,</strong></span> <span class='ocrx_word' id='word_1_267' title='bbox 2398 1103 2464 1142; x_wconf 91' lang='lat' dir='ltr'><strong>ac</strong></span> <span class='ocrx_word' id='word_1_268' title='bbox 2523 1088 2793 1141; x_wconf 89' lang='lat' dir='ltr'><strong>mortales</strong></span> <span class='ocrx_word' id='word_1_269' title='bbox 2839 1097 2894 1141; x_wconf 91' lang='lat' dir='ltr'><strong>et</strong></span> <span class='ocrx_word' id='word_1_270' title='bbox 2933 1088 3222 1156; x_wconf 87' lang='lat' dir='ltr'><strong>passibiles</strong></span> <span class='ocrx_word' id='word_1_271' title='bbox 3255 1085 3385 1140; x_wconf 88' lang='lat' dir='ltr'><strong>facti</strong></span> <span class='ocrx_word' id='word_1_272' title='bbox 3450 1101 3762 1141; x_wconf 57' lang='lat' dir='ltr'><strong>essemus-</strong></span> 
     </span>
    </p>
   </div>
   <div class='ocr_carea' id='block_1_43' title="bbox 2131 1177 3770 1247">
    <p class='ocr_par' dir='ltr' id='par_1_43' title="bbox 2131 1177 3770 1247">
     <span class='ocr_line' id='line_1_43' title="bbox 2131 1177 3770 1247; baseline -0.001 -15"><span class='ocrx_word' id='word_1_273' title='bbox 2131 1179 2272 1232; x_wconf 83' lang='lat' dir='ltr'><strong>Nam</strong></span> <span class='ocrx_word' id='word_1_274' title='bbox 2331 1194 2456 1234; x_wconf 93' lang='lat' dir='ltr'><strong>cum</strong></span> <span class='ocrx_word' id='word_1_275' title='bbox 2496 1178 2574 1232; x_wconf 87' lang='lat' dir='ltr'><strong>illi</strong></span> <span class='ocrx_word' id='word_1_276' title='bbox 2625 1194 2726 1234; x_wconf 85' lang='lat' dir='ltr'><strong>sua</strong></span> <span class='ocrx_word' id='word_1_277' title='bbox 2779 1188 2976 1247; x_wconf 85' lang='lat' dir='ltr'><strong>sponte</strong></span> <span class='ocrx_word' id='word_1_278' title='bbox 3041 1177 3107 1231; x_wconf 85' lang='lat' dir='ltr'><strong>ad</strong></span> <span class='ocrx_word' id='word_1_279' title='bbox 3159 1178 3432 1231; x_wconf 86' lang='lat' dir='ltr'><strong>invidiam</strong></span> <span class='ocrx_word' id='word_1_280' title='bbox 3491 1178 3770 1246; x_wconf 73' lang='lat' dir='ltr'><strong>prolapsi</strong></span> 
     </span>
    </p>
   </div>
   <div class='ocr_carea' id='block_1_44' title="bbox 2131 1268 3766 1334">
    <p class='ocr_par' dir='ltr' id='par_1_44' title="bbox 2131 1268 3766 1334">
     <span class='ocr_line' id='line_1_44' title="bbox 2131 1268 3766 1334; baseline 0.001 -13"><span class='ocrx_word' id='word_1_281' title='bbox 2131 1277 2337 1334; x_wconf 85' lang='lat' dir='ltr'><strong>essent,</strong></span> <span class='ocrx_word' id='word_1_282' title='bbox 2373 1268 2546 1323; x_wconf 86' lang='lat' dir='ltr'><strong>livore</strong></span> <span class='ocrx_word' id='word_1_283' title='bbox 2575 1269 2840 1322; x_wconf 83' lang='lat' dir='ltr'><strong>adversus</strong></span> <span class='ocrx_word' id='word_1_284' title='bbox 2883 1283 2983 1322; x_wconf 89' lang='lat' dir='ltr'><strong>nos</strong></span> <span class='ocrx_word' id='word_1_285' title='bbox 3009 1279 3358 1330; x_wconf 83' lang='lat' dir='ltr'><strong>exarserunt,</strong></span> <span class='ocrx_word' id='word_1_286' title='bbox 3394 1283 3519 1321; x_wconf 88' lang='lat' dir='ltr'><strong>non</strong></span> <span class='ocrx_word' id='word_1_287' title='bbox 3557 1270 3766 1322; x_wconf 75' lang='lat' dir='ltr'><strong>sola</strong></span> 
     </span>
    </p>
   </div>
   <div class='ocr_carea' id='block_1_45' title="bbox 2133 1359 3772 1430">
    <p class='ocr_par' dir='ltr' id='par_1_45' title="bbox 2133 1359 3772 1430">
     <span class='ocr_line' id='line_1_45' title="bbox 2133 1359 3772 1430; baseline 0.001 -15"><span class='ocrx_word' id='word_1_288' title='bbox 2133 1359 2205 1415; x_wconf 88' lang='lat' dir='ltr'><strong>ob</strong></span> <span class='ocrx_word' id='word_1_289' title='bbox 2270 1369 2595 1430; x_wconf 66' lang='lat' dir='ltr'><strong>praesentem</strong></span> <span class='ocrx_word' id='word_1_290' title='bbox 2662 1359 2863 1414; x_wconf 73' lang='lat' dir='ltr'><strong>divinae</strong></span> <span class='ocrx_word' id='word_1_291' title='bbox 2913 1359 3168 1430; x_wconf 76' lang='lat' dir='ltr'><strong>imaginis</strong></span> <span class='ocrx_word' id='word_1_292' title='bbox 3229 1359 3561 1424; x_wconf 84' lang='lat' dir='ltr'><strong>honorem,</strong></span> <span class='ocrx_word' id='word_1_293' title='bbox 3662 1362 3772 1416; x_wconf 70' lang='lat' dir='ltr'><strong>Sed</strong></span> 
     </span>
    </p>
   </div>
   <div class='ocr_carea' id='block_1_46' title="bbox 2133 1450 3778 1520">
    <p class='ocr_par' dir='ltr' id='par_1_46' title="bbox 2133 1450 3778 1520">
     <span class='ocr_line' id='line_1_46' title="bbox 2133 1450 3778 1520; baseline 0 -15"><span class='ocrx_word' id='word_1_294' title='bbox 2133 1451 2298 1506; x_wconf 90' lang='lat' dir='ltr'><strong>etiam</strong></span> <span class='ocrx_word' id='word_1_295' title='bbox 2348 1452 2420 1506; x_wconf 95' lang='lat' dir='ltr'><strong>ob</strong></span> <span class='ocrx_word' id='word_1_296' title='bbox 2458 1451 2702 1507; x_wconf 88' lang='lat' dir='ltr'><strong>futuram</strong></span> <span class='ocrx_word' id='word_1_297' title='bbox 2759 1451 3037 1520; x_wconf 88' lang='lat' dir='ltr'><strong>gloriam:</strong></span> <span class='ocrx_word' id='word_1_298' title='bbox 3074 1467 3175 1505; x_wconf 91' lang='lat' dir='ltr'><strong>nec</strong></span> <span class='ocrx_word' id='word_1_299' title='bbox 3225 1450 3372 1505; x_wconf 91' lang='lat' dir='ltr'><strong>ferre</strong></span> <span class='ocrx_word' id='word_1_300' title='bbox 3426 1461 3778 1520; x_wconf 65' lang='lat' dir='ltr'><strong>potuerunt</strong></span> 
     </span>
    </p>
   </div>
   <div class='ocr_carea' id='block_1_47' title="bbox 2135 1541 3776 1610">
    <p class='ocr_par' dir='ltr' id='par_1_47' title="bbox 2135 1541 3776 1610">
     <span class='ocr_line' id='line_1_47' title="bbox 2135 1541 3776 1610; baseline 0.002 -17"><span class='ocrx_word' id='word_1_301' title='bbox 2135 1541 2366 1610; x_wconf 81' lang='lat' dir='ltr'><strong>gloriam</strong></span> <span class='ocrx_word' id='word_1_302' title='bbox 2411 1556 2442 1595; x_wconf 88' lang='lat' dir='ltr'><strong>a</strong></span> <span class='ocrx_word' id='word_1_303' title='bbox 2476 1557 2554 1604; x_wconf 90' lang='lat' dir='ltr'><strong>se,</strong></span> <span class='ocrx_word' id='word_1_304' title='bbox 2610 1547 2716 1596; x_wconf 89' lang='lat' dir='ltr'><strong>hoc</strong></span> <span class='ocrx_word' id='word_1_305' title='bbox 2760 1550 2865 1608; x_wconf 91' lang='lat' dir='ltr'><strong>est,</strong></span> <span class='ocrx_word' id='word_1_306' title='bbox 2902 1557 2931 1595; x_wconf 88' lang='lat' dir='ltr'><strong>a</strong></span> <span class='ocrx_word' id='word_1_307' title='bbox 2967 1542 3160 1610; x_wconf 88' lang='lat' dir='ltr'><strong>primis</strong></span> <span class='ocrx_word' id='word_1_308' title='bbox 3212 1543 3460 1603; x_wconf 85' lang='lat' dir='ltr'><strong>naturis.</strong></span> <span class='ocrx_word' id='word_1_309' title='bbox 3499 1543 3576 1596; x_wconf 87' lang='lat' dir='ltr'><strong>ad</strong></span> <span class='ocrx_word' id='word_1_310' title='bbox 3632 1558 3776 1602; x_wconf 77' lang='lat' dir='ltr'><strong>nos.</strong></span> 
     </span>
    </p>
   </div>
   <div class='ocr_carea' id='block_1_48' title="bbox 2134 1632 3782 1703">
    <p class='ocr_par' dir='ltr' id='par_1_48' title="bbox 2134 1632 3782 1703">
     <span class='ocr_line' id='line_1_48' title="bbox 2134 1632 3782 1703; baseline 0.002 -18"><span class='ocrx_word' id='word_1_311' title='bbox 2134 1641 2340 1686; x_wconf 86' lang='lat' dir='ltr'><strong>eterra</strong></span> <span class='ocrx_word' id='word_1_312' title='bbox 2393 1632 2446 1685; x_wconf 91' lang='lat' dir='ltr'><strong>in</strong></span> <span class='ocrx_word' id='word_1_313' title='bbox 2497 1632 2699 1686; x_wconf 71' lang='lat' dir='ltr'><strong>emtum</strong></span> <span class='ocrx_word' id='word_1_314' title='bbox 2739 1632 2897 1687; x_wconf 87' lang='lat' dir='ltr'><strong>evehi</strong></span> <span class='ocrx_word' id='word_1_315' title='bbox 2938 1634 3241 1702; x_wconf 89' lang='lat' dir='ltr'><strong>cupientes,</strong></span> <span class='ocrx_word' id='word_1_316' title='bbox 3296 1633 3575 1703; x_wconf 79' lang='lat' dir='ltr'><strong>migrare.</strong></span> <span class='ocrx_word' id='word_1_317' title='bbox 3631 1634 3782 1688; x_wconf 68' lang='grc' dir='ltr'>ιιπ</span> 
     </span>
    </p>
   </div>
   <div class='ocr_carea' id='block_1_49' title="bbox 2135 1724 3778 1793">
    <p class='ocr_par' dir='ltr' id='par_1_49' title="bbox 2135 1724 3778 1793">
     <span class='ocr_line' id='line_1_49' title="bbox 2135 1724 3778 1793; baseline 0.002 -16"><span class='ocrx_word' id='word_1_318' title='bbox 2135 1738 2305 1778; x_wconf 89' lang='lat' dir='ltr'><strong>causa</strong></span> <span class='ocrx_word' id='word_1_319' title='bbox 2365 1733 2482 1790; x_wconf 90' lang='lat' dir='ltr'><strong>est,</strong></span> <span class='ocrx_word' id='word_1_320' title='bbox 2544 1739 2645 1778; x_wconf 92' lang='lat' dir='ltr'><strong>cur</strong></span> <span class='ocrx_word' id='word_1_321' title='bbox 2696 1724 3174 1793; x_wconf 89' lang='lat' dir='ltr'><strong>perseeutionibus</strong></span> <span class='ocrx_word' id='word_1_322' title='bbox 3234 1725 3288 1778; x_wconf 90' lang='lat' dir='ltr'><strong>in</strong></span> <span class='ocrx_word' id='word_1_323' title='bbox 3367 1741 3478 1779; x_wconf 90' lang='lat' dir='ltr'><strong>nos</strong></span> <span class='ocrx_word' id='word_1_324' title='bbox 3554 1727 3778 1780; x_wconf 61' lang='lat' dir='ltr'><strong>serviat</strong></span> 
     </span>
    </p>
   </div>
   <div class='ocr_carea' id='block_1_50' title="bbox 2135 1815 3776 1890">
    <p class='ocr_par' dir='ltr' id='par_1_50' title="bbox 2135 1815 3776 1890">
     <span class='ocr_line' id='line_1_50' title="bbox 2135 1815 3776 1890; baseline 0.004 -22"><span class='ocrx_word' id='word_1_325' title='bbox 2135 1816 2413 1879; x_wconf 86' lang='lat' dir='ltr'><strong>diabolus,</strong></span> <span class='ocrx_word' id='word_1_326' title='bbox 2441 1815 2649 1870; x_wconf 89' lang='lat' dir='ltr'><strong>invidia</strong></span> <span class='ocrx_word' id='word_1_327' title='bbox 2696 1817 2930 1872; x_wconf 82' lang='lat' dir='ltr'><strong>scilicet.</strong></span> <span class='ocrx_word' id='word_1_328' title='bbox 2967 1817 3032 1872; x_wconf 86' lang='lat' dir='ltr'><strong>Et</strong></span> <span class='ocrx_word' id='word_1_329' title='bbox 3067 1819 3350 1888; x_wconf 89' lang='lat' dir='ltr'><strong>quoniam,</strong></span> <span class='ocrx_word' id='word_1_330' title='bbox 3382 1819 3559 1888; x_wconf 83' lang='lat' dir='ltr'><strong>juxta</strong></span> <span class='ocrx_word' id='word_1_331' title='bbox 3601 1825 3776 1890; x_wconf 77' lang='lat' dir='ltr'><strong>Apo-</strong></span> 
     </span>
    </p>
   </div>
   <div class='ocr_carea' id='block_1_51' title="bbox 2137 1907 3772 1983">
    <p class='ocr_par' dir='ltr' id='par_1_51' title="bbox 2137 1907 3772 1983">
     <span class='ocr_line' id='line_1_51' title="bbox 2137 1907 3772 1983; baseline 0.002 -21"><span class='ocrx_word' id='word_1_332' title='bbox 2137 1907 2341 1962; x_wconf 86' lang='lat' dir='ltr'><strong>stolum</strong></span> <span class='ocrx_word' id='word_1_333' title='bbox 2367 1908 2411 1974; x_wconf 70' lang='grc'><strong>⁸,</strong></span> <span class='ocrx_word' id='word_1_334' title='bbox 2451 1923 2559 1962; x_wconf 90' lang='lat' dir='ltr'><strong>non</strong></span> <span class='ocrx_word' id='word_1_335' title='bbox 2591 1909 2948 1978; x_wconf 87' lang='lat' dir='ltr'><strong>probavimus</strong></span> <span class='ocrx_word' id='word_1_336' title='bbox 2995 1924 3096 1964; x_wconf 90' lang='lat' dir='ltr'><strong>nec</strong></span> <span class='ocrx_word' id='word_1_337' title='bbox 3144 1909 3424 1966; x_wconf 88' lang='lat' dir='ltr'><strong>voluimus</strong></span> <span class='ocrx_word' id='word_1_338' title='bbox 3459 1911 3572 1965; x_wconf 85' lang='lat' dir='ltr'><strong>Dei</strong></span> <span class='ocrx_word' id='word_1_339' title='bbox 3606 1929 3772 1983; x_wconf 79' lang='lat' dir='ltr'><strong>pra:-</strong></span> 
     </span>
    </p>
   </div>
   <div class='ocr_carea' id='block_1_52' title="bbox 2137 1999 3774 2069">
    <p class='ocr_par' dir='ltr' id='par_1_52' title="bbox 2137 1999 3774 2069">
     <span class='ocr_line' id='line_1_52' title="bbox 2137 1999 3774 2069; baseline 0.004 -16"><span class='ocrx_word' id='word_1_340' title='bbox 2137 2009 2294 2069; x_wconf 88' lang='lat' dir='ltr'><strong>cepto</strong></span> <span class='ocrx_word' id='word_1_341' title='bbox 2355 1999 2647 2055; x_wconf 89' lang='lat' dir='ltr'><strong>audientes</strong></span> <span class='ocrx_word' id='word_1_342' title='bbox 2707 2015 2875 2066; x_wconf 89' lang='lat' dir='ltr'><strong>esse,</strong></span> <span class='ocrx_word' id='word_1_343' title='bbox 2948 2001 3154 2056; x_wconf 86' lang='lat' dir='ltr'><strong>erroris</strong></span> <span class='ocrx_word' id='word_1_344' title='bbox 3225 2002 3473 2056; x_wconf 83' lang='lat' dir='ltr'><strong>libertati</strong></span> <span class='ocrx_word' id='word_1_345' title='bbox 3556 2006 3774 2059; x_wconf 81' lang='lat' dir='ltr'><strong>traditi</strong></span> 
     </span>
    </p>
   </div>
   <div class='ocr_carea' id='block_1_53' title="bbox 2138 2090 3775 2163">
    <p class='ocr_par' dir='ltr' id='par_1_53' title="bbox 2138 2090 3775 2163">
     <span class='ocr_line' id='line_1_53' title="bbox 2138 2090 3775 2163; baseline 0.003 -19"><span class='ocrx_word' id='word_1_346' title='bbox 2138 2105 2354 2152; x_wconf 85' lang='lat' dir='ltr'><strong>sumus,</strong></span> <span class='ocrx_word' id='word_1_347' title='bbox 2391 2090 2500 2144; x_wconf 91' lang='lat' dir='ltr'><strong>hoc</strong></span> <span class='ocrx_word' id='word_1_348' title='bbox 2539 2099 2646 2157; x_wconf 88' lang='lat' dir='ltr'><strong>est,</strong></span> <span class='ocrx_word' id='word_1_349' title='bbox 2679 2091 2929 2163; x_wconf 90' lang='lat' dir='ltr'><strong>permisit</strong></span> <span class='ocrx_word' id='word_1_350' title='bbox 2972 2091 3115 2147; x_wconf 89' lang='lat' dir='ltr'><strong>Deus</strong></span> <span class='ocrx_word' id='word_1_351' title='bbox 3164 2102 3223 2146; x_wconf 89' lang='lat' dir='ltr'><strong>ut</strong></span> <span class='ocrx_word' id='word_1_352' title='bbox 3269 2093 3321 2145; x_wconf 91' lang='lat' dir='ltr'><strong>in</strong></span> <span class='ocrx_word' id='word_1_353' title='bbox 3353 2107 3628 2149; x_wconf 86' lang='lat' dir='ltr'><strong>errorem</strong></span> <span class='ocrx_word' id='word_1_354' title='bbox 3682 2099 3775 2148; x_wconf 83' lang='lat' dir='ltr'><strong>la-</strong></span> 
     </span>
    </p>
   </div>
   <div class='ocr_carea' id='block_1_54' title="bbox 2139 2180 3776 2253">
    <p class='ocr_par' dir='ltr' id='par_1_54' title="bbox 2139 2180 3776 2253">
     <span class='ocr_line' id='line_1_54' title="bbox 2139 2180 3776 2253; baseline 0.004 -18"><span class='ocrx_word' id='word_1_355' title='bbox 2139 2180 2414 2245; x_wconf 88' lang='lat' dir='ltr'><strong>beretnur,</strong></span> <span class='ocrx_word' id='word_1_356' title='bbox 2456 2196 2519 2235; x_wconf 91' lang='lat' dir='ltr'><strong>ac</strong></span> <span class='ocrx_word' id='word_1_357' title='bbox 2545 2196 2646 2249; x_wconf 89' lang='lat' dir='ltr'><strong>per</strong></span> <span class='ocrx_word' id='word_1_358' title='bbox 2681 2182 2828 2236; x_wconf 91' lang='lat' dir='ltr'><strong>hunc</strong></span> <span class='ocrx_word' id='word_1_359' title='bbox 2868 2183 3154 2246; x_wconf 84' lang='lat' dir='ltr'><strong>honorem,</strong></span> <span class='ocrx_word' id='word_1_360' title='bbox 3188 2198 3353 2253; x_wconf 86' lang='lat' dir='ltr'><strong>quem</strong></span> <span class='ocrx_word' id='word_1_361' title='bbox 3413 2185 3776 2242; x_wconf 73' lang='lat' dir='ltr'><strong>simulacris</strong></span> 
     </span>
    </p>
   </div>
   <div class='ocr_carea' id='block_1_55' title="bbox 2140 2258 3774 2343">
    <p class='ocr_par' dir='ltr' id='par_1_55' title="bbox 2140 2258 3774 2343">
     <span class='ocr_line' id='line_1_55' title="bbox 2140 2258 3774 2343; baseline 0.006 -18"><span class='ocrx_word' id='word_1_362' title='bbox 2140 2271 2476 2338; x_wconf 88' lang='lat' dir='ltr'><strong>habuimus,</strong></span> <span class='ocrx_word' id='word_1_363' title='bbox 2525 2273 2628 2343; x_wconf 91' lang='lat' dir='ltr'><strong>ipsi</strong></span> <span class='ocrx_word' id='word_1_364' title='bbox 2679 2274 3192 2331; x_wconf 88' lang='lat' dir='ltr'><strong>dehonestaremur.</strong></span> <span class='ocrx_word' id='word_1_365' title='bbox 3247 2258 3398 2330; x_wconf 65' lang='lat' dir='ltr'><strong>heus</strong></span> <span class='ocrx_word' id='word_1_366' title='bbox 3454 2279 3629 2332; x_wconf 90' lang='lat' dir='ltr'><strong>enim</strong></span> <span class='ocrx_word' id='word_1_367' title='bbox 3694 2282 3774 2334; x_wconf 87' lang='lat' dir='ltr'><strong>ob</strong></span> 
     </span>
    </p>
   </div>
   <div class='ocr_carea' id='block_1_56' title="bbox 2141 2364 3772 2441">
    <p class='ocr_par' dir='ltr' id='par_1_56' title="bbox 2141 2364 3772 2441">
     <span class='ocr_line' id='line_1_56' title="bbox 2141 2364 3772 2441; baseline 0.006 -25"><span class='ocrx_word' id='word_1_368' title='bbox 2141 2364 2240 2417; x_wconf 90' lang='lat' dir='ltr'><strong>has</strong></span> <span class='ocrx_word' id='word_1_369' title='bbox 2273 2373 2386 2419; x_wconf 89' lang='lat' dir='ltr'><strong>tres</strong></span> <span class='ocrx_word' id='word_1_370' title='bbox 2425 2380 2625 2421; x_wconf 89' lang='lat' dir='ltr'><strong>causas</strong></span> <span class='ocrx_word' id='word_1_371' title='bbox 2656 2381 2756 2422; x_wconf 91' lang='lat' dir='ltr'><strong>nos</strong></span> <span class='ocrx_word' id='word_1_372' title='bbox 2792 2367 3019 2432; x_wconf 88' lang='lat' dir='ltr'><strong>creavit,</strong></span> <span class='ocrx_word' id='word_1_373' title='bbox 3073 2376 3132 2422; x_wconf 93' lang='lat' dir='ltr'><strong>ut</strong></span> <span class='ocrx_word' id='word_1_374' title='bbox 3173 2368 3455 2423; x_wconf 89' lang='lat' dir='ltr'><strong>honorum</strong></span> <span class='ocrx_word' id='word_1_375' title='bbox 3506 2387 3772 2441; x_wconf 85' lang='lat' dir='ltr'><strong>operum</strong></span> 
     </span>
    </p>
   </div>
   <div class='ocr_carea' id='block_1_57' title="bbox 2142 2453 3774 2527">
    <p class='ocr_par' dir='ltr' id='par_1_57' title="bbox 2142 2453 3774 2527">
     <span class='ocr_line' id='line_1_57' title="bbox 2142 2453 3774 2527; baseline 0.005 -20"><span class='ocrx_word' id='word_1_376' title='bbox 2142 2454 2329 2508; x_wconf 90' lang='lat' dir='ltr'><strong>studio</strong></span> <span class='ocrx_word' id='word_1_377' title='bbox 2355 2453 2765 2521; x_wconf 90' lang='lat' dir='ltr'><strong>incumbamus,</strong></span> <span class='ocrx_word' id='word_1_378' title='bbox 2834 2465 2893 2510; x_wconf 91' lang='lat' dir='ltr'><strong>ut</strong></span> <span class='ocrx_word' id='word_1_379' title='bbox 2937 2457 3005 2510; x_wconf 84' lang='lat' dir='ltr'><strong>ad</strong></span> <span class='ocrx_word' id='word_1_380' title='bbox 3041 2457 3269 2526; x_wconf 78' lang='lat' dir='ltr'><strong>gloriam</strong></span> <span class='ocrx_word' id='word_1_381' title='bbox 3320 2457 3507 2527; x_wconf 83' lang='lat' dir='ltr'><strong>ipsius</strong></span> <span class='ocrx_word' id='word_1_382' title='bbox 3547 2462 3774 2526; x_wconf 88' lang='lat' dir='ltr'><strong>simus,</strong></span> 
     </span>
    </p>
   </div>
   <div class='ocr_carea' id='block_1_58' title="bbox 2145 2547 3773 2616">
    <p class='ocr_par' dir='ltr' id='par_1_58' title="bbox 2145 2547 3773 2616">
     <span class='ocr_line' id='line_1_58' title="bbox 2145 2547 3773 2616; baseline 0.005 -16"><span class='ocrx_word' id='word_1_383' title='bbox 2145 2555 2204 2600; x_wconf 93' lang='lat' dir='ltr'><strong>ut</strong></span> <span class='ocrx_word' id='word_1_384' title='bbox 2252 2559 2376 2599; x_wconf 91' lang='lat' dir='ltr'><strong>eum</strong></span> <span class='ocrx_word' id='word_1_385' title='bbox 2425 2559 2526 2616; x_wconf 92' lang='lat' dir='ltr'><strong>pro</strong></span> <span class='ocrx_word' id='word_1_386' title='bbox 2562 2547 2773 2603; x_wconf 88' lang='lat' dir='ltr'><strong>viribus</strong></span> <span class='ocrx_word' id='word_1_387' title='bbox 2827 2549 3126 2602; x_wconf 89' lang='lat' dir='ltr'><strong>imitemur.</strong></span> <span class='ocrx_word' id='word_1_388' title='bbox 3173 2548 3243 2602; x_wconf 82' lang='lat' dir='ltr'><strong>At</strong></span> <span class='ocrx_word' id='word_1_389' title='bbox 3285 2565 3388 2604; x_wconf 89' lang='lat' dir='ltr'><strong>nos</strong></span> <span class='ocrx_word' id='word_1_390' title='bbox 3440 2551 3773 2608; x_wconf 81' lang='lat' dir='ltr'><strong>affectuum</strong></span> 
     </span>
    </p>
   </div>
   <div class='ocr_carea' id='block_1_59' title="bbox 2144 2639 3772 2716">
    <p class='ocr_par' dir='ltr' id='par_1_59' title="bbox 2144 2639 3772 2716">
     <span class='ocr_line' id='line_1_59' title="bbox 2144 2639 3772 2716; baseline 0.004 -22"><span class='ocrx_word' id='word_1_391' title='bbox 2144 2639 2389 2694; x_wconf 91' lang='lat' dir='ltr'><strong>omnium</strong></span> <span class='ocrx_word' id='word_1_392' title='bbox 2421 2655 2517 2693; x_wconf 78' lang='lat' dir='ltr'><strong>arx</strong></span> <span class='ocrx_word' id='word_1_393' title='bbox 2553 2649 2608 2694; x_wconf 91' lang='lat' dir='ltr'><strong>et</strong></span> <span class='ocrx_word' id='word_1_394' title='bbox 2649 2641 2993 2696; x_wconf 88' lang='lat' dir='ltr'><strong>domicilium</strong></span> <span class='ocrx_word' id='word_1_395' title='bbox 3027 2640 3154 2696; x_wconf 89' lang='lat' dir='ltr'><strong>facti</strong></span> <span class='ocrx_word' id='word_1_396' title='bbox 3191 2657 3385 2698; x_wconf 87' lang='lat' dir='ltr'><strong>sumus</strong></span> <span class='ocrx_word' id='word_1_397' title='bbox 3432 2661 3448 2696; x_wconf 92' lang='lat'>:</span> <span class='ocrx_word' id='word_1_398' title='bbox 3481 2649 3588 2714; x_wconf 89' lang='lat' dir='ltr'><strong>qui</strong></span> <span class='ocrx_word' id='word_1_399' title='bbox 3630 2649 3772 2716; x_wconf 88' lang='lat' dir='ltr'><strong>qui-</strong></span> 
     </span>
    </p>
   </div>
   <div class='ocr_carea' id='block_1_60' title="bbox 2144 2732 3767 2807">
    <p class='ocr_par' dir='ltr' id='par_1_60' title="bbox 2144 2732 3767 2807">
     <span class='ocr_line' id='line_1_60' title="bbox 2144 2732 3767 2807; baseline 0.005 -21"><span class='ocrx_word' id='word_1_400' title='bbox 2144 2733 2266 2786; x_wconf 89' lang='lat' dir='ltr'><strong>dem</strong></span> <span class='ocrx_word' id='word_1_401' title='bbox 2313 2732 2502 2787; x_wconf 89' lang='lat' dir='ltr'><strong>auima</strong></span> <span class='ocrx_word' id='word_1_402' title='bbox 2551 2733 2789 2788; x_wconf 87' lang='lat' dir='ltr'><strong>exedunt</strong></span> <span class='ocrx_word' id='word_1_403' title='bbox 2847 2742 2902 2788; x_wconf 93' lang='lat' dir='ltr'><strong>et</strong></span> <span class='ocrx_word' id='word_1_404' title='bbox 2951 2733 3291 2801; x_wconf 87' lang='lat' dir='ltr'><strong>conficiunt,</strong></span> <span class='ocrx_word' id='word_1_405' title='bbox 3339 2750 3454 2789; x_wconf 92' lang='lat' dir='ltr'><strong>non</strong></span> <span class='ocrx_word' id='word_1_406' title='bbox 3514 2739 3767 2807; x_wconf 80' lang='lat' dir='ltr'><strong>quidem</strong></span> 
     </span>
    </p>
   </div>
   <div class='ocr_carea' id='block_1_61' title="bbox 2148 2820 3765 2890">
    <p class='ocr_par' dir='ltr' id='par_1_61' title="bbox 2148 2820 3765 2890">
     <span class='ocr_line' id='line_1_61' title="bbox 2148 2820 3765 2890; baseline 0.007 -16"><span class='ocrx_word' id='word_1_407' title='bbox 2148 2820 2322 2889; x_wconf 91' lang='lat' dir='ltr'><strong>ipsius</strong></span> <span class='ocrx_word' id='word_1_408' title='bbox 2352 2822 2742 2890; x_wconf 87' lang='lat' dir='ltr'><strong>substantiam,</strong></span> <span class='ocrx_word' id='word_1_409' title='bbox 2784 2837 2973 2878; x_wconf 89' lang='lat' dir='ltr'><strong>verum</strong></span> <span class='ocrx_word' id='word_1_410' title='bbox 3022 2824 3349 2880; x_wconf 69' lang='lat' dir='ltr'><strong>substantiae</strong></span> <span class='ocrx_word' id='word_1_411' title='bbox 3383 2841 3765 2885; x_wconf 85' lang='lat' dir='ltr'><strong>ornamenta.</strong></span> 
     </span>
    </p>
   </div>
   <div class='ocr_carea' id='block_1_62' title="bbox 465 2907 2040 3012">
    <p class='ocr_par' dir='ltr' id='par_1_62' title="bbox 465 2907 2039 2982">
     <span class='ocr_line' id='line_1_62' title="bbox 465 2907 2039 2982; baseline -0.003 -13"><span class='ocrx_word' id='word_1_412' title='bbox 465 2927 662 2969; x_wconf 86' lang='lat' dir='ltr'><strong>scenas</strong></span> <span class='ocrx_word' id='word_1_413' title='bbox 734 2918 789 2966; x_wconf 92' lang='lat' dir='ltr'><strong>et</strong></span> <span class='ocrx_word' id='word_1_414' title='bbox 849 2910 1106 2967; x_wconf 82' lang='lat' dir='ltr'><strong>ridiculas</strong></span> <span class='ocrx_word' id='word_1_415' title='bbox 1170 2907 1432 2974; x_wconf 88' lang='lat' dir='ltr'><strong>colerent,</strong></span> <span class='ocrx_word' id='word_1_416' title='bbox 1497 2927 1606 2982; x_wconf 90' lang='lat' dir='ltr'><strong>quo</strong></span> <span class='ocrx_word' id='word_1_417' title='bbox 1664 2911 1924 2967; x_wconf 87' lang='lat' dir='ltr'><strong>nimirum</strong></span> <span class='ocrx_word' id='word_1_418' title='bbox 1973 2929 2039 2969; x_wconf 86' lang='lat' dir='ltr'><strong>ex</strong></span> 
     </span>
    </p>
   </div>
   <div class='ocr_carea' id='block_1_63' title="bbox 2146 2907 3764 3012">
    <p class='ocr_par' dir='ltr' id='par_1_63' title="bbox 2149 2910 3764 2988">
     <span class='ocr_line' id='line_1_63' title="bbox 2149 2910 3764 2988; baseline 0.008 -23"><span class='ocrx_word' id='word_1_419' title='bbox 2149 2910 2334 2980; x_wconf 84' lang='lat' dir='ltr'><strong>Neque</strong></span> <span class='ocrx_word' id='word_1_420' title='bbox 2367 2912 2471 2967; x_wconf 90' lang='lat' dir='ltr'><strong>hoc</strong></span> <span class='ocrx_word' id='word_1_421' title='bbox 2517 2914 2698 2968; x_wconf 90' lang='lat' dir='ltr'><strong>solum</strong></span> <span class='ocrx_word' id='word_1_422' title='bbox 2747 2929 2912 2984; x_wconf 88' lang='lat' dir='ltr'><strong>grave</strong></span> <span class='ocrx_word' id='word_1_423' title='bbox 2943 2925 3050 2979; x_wconf 89' lang='lat' dir='ltr'><strong>est,</strong></span> <span class='ocrx_word' id='word_1_424' title='bbox 3099 2915 3194 2969; x_wconf 89' lang='lat' dir='ltr'><strong>sed</strong></span> <span class='ocrx_word' id='word_1_425' title='bbox 3241 2917 3389 2986; x_wconf 90' lang='lat' dir='ltr'><strong>quod</strong></span> <span class='ocrx_word' id='word_1_426' title='bbox 3429 2917 3764 2988; x_wconf 73' lang='lat' dir='ltr'><strong>ﬂagitiosus</strong></span> 
     </span>
    </p>
   </div>
   <div class='ocr_carea' id='block_1_64' title="bbox 468 3001 2040 3077">
    <p class='ocr_par' dir='ltr' id='par_1_64' title="bbox 468 3001 2040 3077">
     <span class='ocr_line' id='line_1_64' title="bbox 468 3001 2040 3077; baseline 0.001 -15"><span class='ocrx_word' id='word_1_427' title='bbox 468 3004 782 3077; x_wconf 72' lang='lat' dir='ltr'><strong>huiusmodi</strong></span> <span class='ocrx_word' id='word_1_428' title='bbox 815 3021 995 3063; x_wconf 89' lang='lat' dir='ltr'><strong>rerum</strong></span> <span class='ocrx_word' id='word_1_429' title='bbox 1031 3005 1182 3061; x_wconf 90' lang='lat' dir='ltr'><strong>cultu</strong></span> <span class='ocrx_word' id='word_1_430' title='bbox 1221 3010 1275 3056; x_wconf 88' lang='lat' dir='ltr'><strong>et</strong></span> <span class='ocrx_word' id='word_1_431' title='bbox 1302 3001 1624 3063; x_wconf 87' lang='lat' dir='ltr'><strong>adoratione</strong></span> <span class='ocrx_word' id='word_1_432' title='bbox 1656 3004 1849 3076; x_wconf 86' lang='lat' dir='ltr'><strong>majori</strong></span> <span class='ocrx_word' id='word_1_433' title='bbox 1880 3006 2040 3075; x_wconf 81' lang='lat' dir='ltr'><strong>igno-</strong></span> 
     </span>
    </p>
   </div>
   <div class='ocr_carea' id='block_1_65' title="bbox 467 3097 2043 3168">
    <p class='ocr_par' dir='ltr' id='par_1_65' title="bbox 467 3097 2043 3168">
     <span class='ocr_line' id='line_1_65' title="bbox 467 3097 2043 3168; baseline -0.002 -12"><span class='ocrx_word' id='word_1_434' title='bbox 467 3100 635 3157; x_wconf 87' lang='lat' dir='ltr'><strong>minia</strong></span> <span class='ocrx_word' id='word_1_435' title='bbox 681 3097 1042 3159; x_wconf 67' lang='lat' dir='ltr'><strong>adicerentur.</strong></span> <span class='ocrx_word' id='word_1_436' title='bbox 1101 3098 1431 3168; x_wconf 85' lang='lat' dir='ltr'><strong>Quanquam</strong></span> <span class='ocrx_word' id='word_1_437' title='bbox 1490 3101 1639 3158; x_wconf 90' lang='lat' dir='ltr'><strong>enim</strong></span> <span class='ocrx_word' id='word_1_438' title='bbox 1687 3113 1879 3155; x_wconf 88' lang='lat' dir='ltr'><strong>omnes</strong></span> <span class='ocrx_word' id='word_1_439' title='bbox 1931 3113 2043 3154; x_wconf 91' lang='lat' dir='ltr'><strong>uno</strong></span> 
     </span>
    </p>
   </div>
   <div class='ocr_carea' id='block_1_66' title="bbox 465 3189 2043 3253">
    <p class='ocr_par' dir='ltr' id='par_1_66' title="bbox 465 3189 2043 3253">
     <span class='ocr_line' id='line_1_66' title="bbox 465 3189 2043 3253; baseline -0.003 0"><span class='ocrx_word' id='word_1_440' title='bbox 465 3199 652 3253; x_wconf 84' lang='lat' dir='ltr'><strong>errore</strong></span> <span class='ocrx_word' id='word_1_441' title='bbox 712 3196 1020 3252; x_wconf 86' lang='lat' dir='ltr'><strong>concordes</strong></span> <span class='ocrx_word' id='word_1_442' title='bbox 1075 3193 1410 3250; x_wconf 85' lang='lat' dir='ltr'><strong>exstiterunt</strong></span> <span class='ocrx_word' id='word_1_443' title='bbox 1465 3209 1481 3248; x_wconf 88' lang='lat'><strong>:</strong></span> <span class='ocrx_word' id='word_1_444' title='bbox 1527 3201 1710 3250; x_wconf 87' lang='lat' dir='ltr'><strong>tamen</strong></span> <span class='ocrx_word' id='word_1_445' title='bbox 1767 3189 1859 3246; x_wconf 89' lang='lat' dir='ltr'><strong>alii</strong></span> <span class='ocrx_word' id='word_1_446' title='bbox 1918 3191 2043 3249; x_wconf 84' lang='lat' dir='ltr'><strong>aliis</strong></span> 
     </span>
    </p>
   </div>
   <div class='ocr_carea' id='block_1_67' title="bbox 466 3283 2045 3364">
    <p class='ocr_par' dir='ltr' id='par_1_67' title="bbox 466 3283 2045 3364">
     <span class='ocr_line' id='line_1_67' title="bbox 466 3283 2045 3364; baseline -0.004 -18"><span class='ocrx_word' id='word_1_447' title='bbox 466 3300 621 3352; x_wconf 77' lang='lat' dir='ltr'><strong>tanto</strong></span> <span class='ocrx_word' id='word_1_448' title='bbox 663 3292 999 3364; x_wconf 88' lang='lat' dir='ltr'><strong>stupidiores</strong></span> <span class='ocrx_word' id='word_1_449' title='bbox 1053 3287 1260 3346; x_wconf 89' lang='lat' dir='ltr'><strong>inventi</strong></span> <span class='ocrx_word' id='word_1_450' title='bbox 1309 3295 1460 3352; x_wconf 87' lang='lat' dir='ltr'><strong>sunt,</strong></span> <span class='ocrx_word' id='word_1_451' title='bbox 1497 3297 1708 3360; x_wconf 89' lang='lat' dir='ltr'><strong>quanto</strong></span> <span class='ocrx_word' id='word_1_452' title='bbox 1738 3283 1935 3340; x_wconf 87' lang='lat' dir='ltr'><strong>viliora</strong></span> <span class='ocrx_word' id='word_1_453' title='bbox 1989 3294 2045 3339; x_wconf 87' lang='lat' dir='ltr'><strong>et</strong></span> 
     </span>
    </p>
   </div>
   <div class='ocr_carea' id='block_1_68' title="bbox 465 3375 2045 3445">
    <p class='ocr_par' dir='ltr' id='par_1_68' title="bbox 465 3375 2045 3445">
     <span class='ocr_line' id='line_1_68' title="bbox 465 3375 2045 3445; baseline -0.009 0"><span class='ocrx_word' id='word_1_454' title='bbox 465 3385 794 3445; x_wconf 85' lang='lat' dir='ltr'><strong>obsceniora</strong></span> <span class='ocrx_word' id='word_1_455' title='bbox 851 3387 957 3444; x_wconf 90' lang='lat' dir='ltr'><strong>sibi</strong></span> <span class='ocrx_word' id='word_1_456' title='bbox 984 3384 1207 3442; x_wconf 87' lang='lat' dir='ltr'><strong>numina</strong></span> <span class='ocrx_word' id='word_1_457' title='bbox 1236 3381 1530 3438; x_wconf 83' lang='lat' dir='ltr'><strong>finxerunt.</strong></span> <span class='ocrx_word' id='word_1_458' title='bbox 1559 3382 1848 3438; x_wconf 84' lang='lat' dir='ltr'><strong>Enimvero</strong></span> <span class='ocrx_word' id='word_1_459' title='bbox 1870 3375 2045 3434; x_wconf 79' lang='lat' dir='ltr'><strong>Maxi-</strong></span> 
     </span>
    </p>
   </div>
   <div class='ocr_carea' id='block_1_69' title="bbox 466 3468 2043 3551">
    <p class='ocr_par' dir='ltr' id='par_1_69' title="bbox 466 3468 2043 3551">
     <span class='ocr_line' id='line_1_69' title="bbox 466 3468 2043 3551; baseline -0.01 -13"><span class='ocrx_word' id='word_1_460' title='bbox 466 3493 593 3538; x_wconf 85' lang='lat' dir='ltr'><strong>ntus</strong></span> <span class='ocrx_word' id='word_1_461' title='bbox 622 3493 689 3534; x_wconf 86' lang='lat' dir='ltr'><strong>ex</strong></span> <span class='ocrx_word' id='word_1_462' title='bbox 735 3479 1025 3551; x_wconf 85' lang='lat' dir='ltr'><strong>cujusdam</strong></span> <span class='ocrx_word' id='word_1_463' title='bbox 1080 3475 1230 3533; x_wconf 89' lang='lat' dir='ltr'><strong>senis</strong></span> <span class='ocrx_word' id='word_1_464' title='bbox 1265 3472 1465 3544; x_wconf 79' lang='lat' dir='ltr'><strong>insigni</strong></span> <span class='ocrx_word' id='word_1_465' title='bbox 1520 3487 1706 3529; x_wconf 89' lang='lat' dir='ltr'><strong>rerum</strong></span> <span class='ocrx_word' id='word_1_466' title='bbox 1733 3468 2043 3524; x_wconf 89' lang='lat' dir='ltr'><strong>divinarum</strong></span> 
     </span>
    </p>
   </div>
   <div class='ocr_carea' id='block_1_70' title="bbox 463 3562 2043 3645">
    <p class='ocr_par' dir='ltr' id='par_1_70' title="bbox 463 3562 2043 3645">
     <span class='ocr_line' id='line_1_70' title="bbox 463 3562 2043 3645; baseline -0.011 -11"><span class='ocrx_word' id='word_1_467' title='bbox 463 3571 779 3645; x_wconf 82' lang='lat' dir='ltr'><strong>cognitione</strong></span> <span class='ocrx_word' id='word_1_468' title='bbox 842 3572 1052 3643; x_wconf 74' lang='lat' dir='ltr'><strong>praediti</strong></span> <span class='ocrx_word' id='word_1_469' title='bbox 1127 3567 1397 3625; x_wconf 85' lang='lat' dir='ltr'><strong>sententia</strong></span> <span class='ocrx_word' id='word_1_470' title='bbox 1456 3569 1598 3623; x_wconf 89' lang='lat' dir='ltr'><strong>hanc</strong></span> <span class='ocrx_word' id='word_1_471' title='bbox 1674 3562 2043 3632; x_wconf 88' lang='lat' dir='ltr'><strong>objectionetn</strong></span> 
     </span>
    </p>
   </div>
   <div class='ocr_carea' id='block_1_71' title="bbox 466 3656 2042 3735">
    <p class='ocr_par' dir='ltr' id='par_1_71' title="bbox 466 3656 2042 3735">
     <span class='ocr_line' id='line_1_71' title="bbox 466 3656 2042 3735; baseline -0.011 -11"><span class='ocrx_word' id='word_1_472' title='bbox 466 3667 704 3727; x_wconf 83' lang='lat' dir='ltr'><strong>diluens,</strong></span> <span class='ocrx_word' id='word_1_473' title='bbox 741 3663 1065 3735; x_wconf 79' lang='lat' dir='ltr'><strong>Gregorium</strong></span> <span class='ocrx_word' id='word_1_474' title='bbox 1102 3661 1178 3714; x_wconf 88' lang='lat' dir='ltr'><strong>ait</strong></span> <span class='ocrx_word' id='word_1_475' title='bbox 1211 3657 1440 3730; x_wconf 76' lang='lat' dir='ltr'><strong>gentiles</strong></span> <span class='ocrx_word' id='word_1_476' title='bbox 1473 3667 1680 3713; x_wconf 90' lang='lat' dir='ltr'><strong>temere</strong></span> <span class='ocrx_word' id='word_1_477' title='bbox 1705 3656 1761 3711; x_wconf 89' lang='lat' dir='ltr'><strong>itt</strong></span> <span class='ocrx_word' id='word_1_478' title='bbox 1796 3669 2042 3708; x_wconf 87' lang='lat' dir='ltr'><strong>errorem</strong></span> 
     </span>
    </p>
   </div>
   <div class='ocr_carea' id='block_1_72' title="bbox 468 3745 2048 3834">
    <p class='ocr_par' dir='ltr' id='par_1_72' title="bbox 468 3745 2048 3834">
     <span class='ocr_line' id='line_1_72' title="bbox 468 3745 2048 3834; baseline -0.012 -17"><span class='ocrx_word' id='word_1_479' title='bbox 468 3755 798 3834; x_wconf 87' lang='lat' dir='ltr'><strong>provolutos</strong></span> <span class='ocrx_word' id='word_1_480' title='bbox 845 3763 1182 3817; x_wconf 89' lang='lat' dir='ltr'><strong>cernentem,</strong></span> <span class='ocrx_word' id='word_1_481' title='bbox 1217 3750 1381 3819; x_wconf 90' lang='lat' dir='ltr'><strong>idque</strong></span> <span class='ocrx_word' id='word_1_482' title='bbox 1413 3763 1555 3819; x_wconf 71' lang='lat' dir='ltr'><strong>aegre</strong></span> <span class='ocrx_word' id='word_1_483' title='bbox 1597 3759 1652 3804; x_wconf 88' lang='lat' dir='ltr'><strong>et</strong></span> <span class='ocrx_word' id='word_1_484' title='bbox 1698 3745 2048 3815; x_wconf 89' lang='lat' dir='ltr'><strong>impatienter</strong></span> 
     </span>
    </p>
   </div>
   <div class='ocr_carea' id='block_1_73' title="bbox 465 3833 2044 3914">
    <p class='ocr_par' dir='ltr' id='par_1_73' title="bbox 465 3833 2044 3914">
     <span class='ocr_line' id='line_1_73' title="bbox 465 3833 2044 3914; baseline -0.016 -2"><span class='ocrx_word' id='word_1_485' title='bbox 465 3833 758 3914; x_wconf 82' lang='lat' dir='ltr'><strong>ferentem,</strong></span> <span class='ocrx_word' id='word_1_486' title='bbox 782 3841 1282 3905; x_wconf 89' lang='lat' dir='ltr'><strong>commiserationis</strong></span> <span class='ocrx_word' id='word_1_487' title='bbox 1304 3841 1485 3910; x_wconf 86' lang='lat' dir='ltr'><strong>potius</strong></span> <span class='ocrx_word' id='word_1_488' title='bbox 1513 3853 1678 3910; x_wconf 90' lang='lat' dir='ltr'><strong>quam</strong></span> <span class='ocrx_word' id='word_1_489' title='bbox 1708 3835 1818 3890; x_wconf 91' lang='lat' dir='ltr'><strong>odii</strong></span> <span class='ocrx_word' id='word_1_490' title='bbox 1846 3833 2044 3888; x_wconf 81' lang='lat' dir='ltr'><strong>aﬁ&#39;ectn</strong></span> 
     </span>
    </p>
   </div>
   <div class='ocr_carea' id='block_1_74' title="bbox 467 3924 2048 4000">
    <p class='ocr_par' dir='ltr' id='par_1_74' title="bbox 467 3924 2048 4000">
     <span class='ocr_line' id='line_1_74' title="bbox 467 3924 2048 4000; baseline -0.016 0"><span class='ocrx_word' id='word_1_491' title='bbox 467 3946 587 4000; x_wconf 80' lang='lat' dir='ltr'><strong>haec</strong></span> <span class='ocrx_word' id='word_1_492' title='bbox 615 3938 863 3996; x_wconf 80' lang='lat' dir='ltr'><strong>dixisse:</strong></span> <span class='ocrx_word' id='word_1_493' title='bbox 899 3947 959 3994; x_wconf 91' lang='lat' dir='ltr'><strong>ut</strong></span> <span class='ocrx_word' id='word_1_494' title='bbox 1015 3936 1229 3992; x_wconf 89' lang='lat' dir='ltr'><strong>scilicet</strong></span> <span class='ocrx_word' id='word_1_495' title='bbox 1285 3930 1384 3997; x_wconf 91' lang='lat' dir='ltr'><strong>illi,</strong></span> <span class='ocrx_word' id='word_1_496' title='bbox 1436 3944 1467 3985; x_wconf 89' lang='lat' dir='ltr'><strong>a</strong></span> <span class='ocrx_word' id='word_1_497' title='bbox 1525 3924 1810 3999; x_wconf 85' lang='lat' dir='ltr'><strong>religionis</strong></span> <span class='ocrx_word' id='word_1_498' title='bbox 1863 3924 2048 3978; x_wconf 89' lang='lat' dir='ltr'><strong>numi-</strong></span> 
     </span>
    </p>
   </div>
   <div class='ocr_carea' id='block_1_75' title="bbox 469 4016 2051 4104">
    <p class='ocr_par' dir='ltr' id='par_1_75' title="bbox 469 4016 2051 4104">
     <span class='ocr_line' id='line_1_75' title="bbox 469 4016 2051 4104; baseline -0.014 -10"><span class='ocrx_word' id='word_1_499' title='bbox 469 4047 716 4104; x_wconf 83' lang='lat' dir='ltr'><strong>numque</strong></span> <span class='ocrx_word' id='word_1_500' title='bbox 743 4045 970 4089; x_wconf 90' lang='lat' dir='ltr'><strong>suorum</strong></span> <span class='ocrx_word' id='word_1_501' title='bbox 1004 4028 1252 4086; x_wconf 64' lang='lat' dir='ltr'><strong>foeditate</strong></span> <span class='ocrx_word' id='word_1_502' title='bbox 1279 4033 1334 4081; x_wconf 89' lang='lat' dir='ltr'><strong>et</strong></span> <span class='ocrx_word' id='word_1_503' title='bbox 1366 4022 1773 4078; x_wconf 87' lang='lat' dir='ltr'><strong>abominatione</strong></span> <span class='ocrx_word' id='word_1_504' title='bbox 1805 4016 1873 4072; x_wconf 89' lang='lat' dir='ltr'><strong>ad</strong></span> <span class='ocrx_word' id='word_1_505' title='bbox 1910 4031 2051 4072; x_wconf 64' lang='lat' dir='ltr'><strong>verae</strong></span> 
     </span>
    </p>
   </div>
   <div class='ocr_carea' id='block_1_76' title="bbox 471 4110 2049 4200">
    <p class='ocr_par' dir='ltr' id='par_1_76' title="bbox 471 4110 2049 4200">
     <span class='ocr_line' id='line_1_76' title="bbox 471 4110 2049 4200; baseline -0.014 -17"><span class='ocrx_word' id='word_1_506' title='bbox 471 4126 695 4200; x_wconf 83' lang='lat' dir='ltr'><strong>pietatis</strong></span> <span class='ocrx_word' id='word_1_507' title='bbox 725 4126 935 4180; x_wconf 85' lang='lat' dir='ltr'><strong>cultum</strong></span> <span class='ocrx_word' id='word_1_508' title='bbox 969 4139 1028 4178; x_wconf 88' lang='lat' dir='ltr'><strong>se</strong></span> <span class='ocrx_word' id='word_1_509' title='bbox 1053 4119 1345 4184; x_wconf 87' lang='lat' dir='ltr'><strong>referrent,</strong></span> <span class='ocrx_word' id='word_1_510' title='bbox 1376 4113 1732 4172; x_wconf 88' lang='lat' dir='ltr'><strong>deridendam</strong></span> <span class='ocrx_word' id='word_1_511' title='bbox 1762 4110 2049 4165; x_wconf 90' lang='lat' dir='ltr'><strong>numinum</strong></span> 
     </span>
    </p>
   </div>
   <div class='ocr_carea' id='block_1_77' title="bbox 471 4208 2051 4287">
    <p class='ocr_par' dir='ltr' id='par_1_77' title="bbox 471 4208 2051 4287">
     <span class='ocr_line' id='line_1_77' title="bbox 471 4208 2051 4287; baseline -0.011 -12"><span class='ocrx_word' id='word_1_512' title='bbox 471 4230 698 4276; x_wconf 85' lang='lat' dir='ltr'><strong>suorum</strong></span> <span class='ocrx_word' id='word_1_513' title='bbox 762 4216 1157 4287; x_wconf 89' lang='lat' dir='ltr'><strong>turpitudinem</strong></span> <span class='ocrx_word' id='word_1_514' title='bbox 1211 4211 1339 4266; x_wconf 92' lang='lat' dir='ltr'><strong>hinc</strong></span> <span class='ocrx_word' id='word_1_515' title='bbox 1388 4208 1784 4280; x_wconf 88' lang='lat' dir='ltr'><strong>perspicientes</strong></span> <span class='ocrx_word' id='word_1_516' title='bbox 1827 4221 1841 4259; x_wconf 90' lang='lat'><strong>:</strong></span> <span class='ocrx_word' id='word_1_517' title='bbox 1886 4214 2051 4274; x_wconf 89' lang='lat' dir='ltr'><strong>atque</strong></span> 
     </span>
    </p>
   </div>
   <div class='ocr_carea' id='block_1_78' title="bbox 2147 3003 3759 3083">
    <p class='ocr_par' dir='ltr' id='par_1_78' title="bbox 2147 3003 3759 3083">
     <span class='ocr_line' id='line_1_78' title="bbox 2147 3003 3759 3083; baseline 0.007 -27"><span class='ocrx_word' id='word_1_518' title='bbox 2147 3018 2367 3073; x_wconf 88' lang='lat' dir='ltr'><strong>quoque</strong></span> <span class='ocrx_word' id='word_1_519' title='bbox 2430 3003 2562 3060; x_wconf 91' lang='lat' dir='ltr'><strong>deos</strong></span> <span class='ocrx_word' id='word_1_520' title='bbox 2613 3015 2668 3062; x_wconf 92' lang='lat' dir='ltr'><strong>et</strong></span> <span class='ocrx_word' id='word_1_521' title='bbox 2721 3006 3043 3060; x_wconf 83' lang='lat' dir='ltr'><strong>libidinosos</strong></span> <span class='ocrx_word' id='word_1_522' title='bbox 3100 3007 3456 3076; x_wconf 84' lang='lat' dir='ltr'><strong>inveximu‘s,</strong></span> <span class='ocrx_word' id='word_1_523' title='bbox 3515 3009 3759 3083; x_wconf 74' lang='lat' dir='ltr'><strong>ﬂagitiis</strong></span> 
     </span>
    </p>
   </div>
   <div class='ocr_carea' id='block_1_79' title="bbox 2148 3098 3758 3175">
    <p class='ocr_par' dir='ltr' id='par_1_79' title="bbox 2148 3098 3758 3175">
     <span class='ocr_line' id='line_1_79' title="bbox 2148 3098 3758 3175; baseline 0.007 -28"><span class='ocrx_word' id='word_1_524' title='bbox 2148 3099 2580 3165; x_wconf 90' lang='lat' dir='ltr'><strong>patrocinantes,</strong></span> <span class='ocrx_word' id='word_1_525' title='bbox 2629 3105 2794 3166; x_wconf 86' lang='lat' dir='ltr'><strong>atque</strong></span> <span class='ocrx_word' id='word_1_526' title='bbox 2850 3098 2917 3152; x_wconf 88' lang='lat' dir='ltr'><strong>ad</strong></span> <span class='ocrx_word' id='word_1_527' title='bbox 2957 3112 3020 3151; x_wconf 92' lang='lat' dir='ltr'><strong>ea</strong></span> <span class='ocrx_word' id='word_1_528' title='bbox 3057 3098 3430 3168; x_wconf 89' lang='lat' dir='ltr'><strong>impellentes.</strong></span> <span class='ocrx_word' id='word_1_529' title='bbox 3494 3100 3581 3155; x_wconf 84' lang='lat' dir='ltr'><strong>Ex</strong></span> <span class='ocrx_word' id='word_1_530' title='bbox 3643 3121 3758 3175; x_wconf 87' lang='lat' dir='ltr'><strong>quo</strong></span> 
     </span>
    </p>
   </div>
   <div class='ocr_carea' id='block_1_80' title="bbox 2147 3185 3756 3263">
    <p class='ocr_par' dir='ltr' id='par_1_80' title="bbox 2147 3185 3756 3263">
     <span class='ocr_line' id='line_1_80' title="bbox 2147 3185 3756 3263; baseline 0.004 -21"><span class='ocrx_word' id='word_1_531' title='bbox 2147 3185 2402 3251; x_wconf 76' lang='lat' dir='ltr'><strong>ellicitur,</strong></span> <span class='ocrx_word' id='word_1_532' title='bbox 2434 3198 2494 3243; x_wconf 92' lang='lat' dir='ltr'><strong>ut</strong></span> <span class='ocrx_word' id='word_1_533' title='bbox 2519 3198 2802 3258; x_wconf 89' lang='lat' dir='ltr'><strong>peccatum</strong></span> <span class='ocrx_word' id='word_1_534' title='bbox 2830 3204 2935 3243; x_wconf 93' lang='lat' dir='ltr'><strong>non</strong></span> <span class='ocrx_word' id='word_1_535' title='bbox 2972 3189 3134 3243; x_wconf 91' lang='lat' dir='ltr'><strong>modo</strong></span> <span class='ocrx_word' id='word_1_536' title='bbox 3169 3206 3278 3245; x_wconf 91' lang='lat' dir='ltr'><strong>non</strong></span> <span class='ocrx_word' id='word_1_537' title='bbox 3306 3191 3756 3263; x_wconf 88' lang='lat' dir='ltr'><strong>condemnetur,</strong></span> 
     </span>
    </p>
   </div>
   <div class='ocr_carea' id='block_1_81' title="bbox 2149 3281 3755 3346">
    <p class='ocr_par' dir='ltr' id='par_1_81' title="bbox 2149 3281 3755 3346">
     <span class='ocr_line' id='line_1_81' title="bbox 2149 3281 3755 3346; baseline 0.007 -12"><span class='ocrx_word' id='word_1_538' title='bbox 2149 3295 2339 3334; x_wconf 90' lang='lat' dir='ltr'><strong>verum</strong></span> <span class='ocrx_word' id='word_1_539' title='bbox 2375 3281 2620 3336; x_wconf 87' lang='lat' dir='ltr'><strong>divinum</strong></span> <span class='ocrx_word' id='word_1_540' title='bbox 2653 3281 2817 3337; x_wconf 90' lang='lat' dir='ltr'><strong>etiam</strong></span> <span class='ocrx_word' id='word_1_541' title='bbox 2860 3292 3176 3346; x_wconf 88' lang='lat' dir='ltr'><strong>censeatur.</strong></span> <span class='ocrx_word' id='word_1_542' title='bbox 3213 3286 3364 3340; x_wconf 89' lang='lat' dir='ltr'><strong>velut</strong></span> <span class='ocrx_word' id='word_1_543' title='bbox 3394 3287 3497 3341; x_wconf 85' lang='lat' dir='ltr'><strong>Dei</strong></span> <span class='ocrx_word' id='word_1_544' title='bbox 3547 3291 3704 3345; x_wconf 88' lang='lat' dir='ltr'><strong>actio</strong></span> <span class='ocrx_word' id='word_1_545' title='bbox 3737 3307 3755 3345; x_wconf 89' lang='lat'><strong>:</strong></span> 
     </span>
    </p>
   </div>
   <div class='ocr_carea' id='block_1_82' title="bbox 2149 3372 3760 3443">
    <p class='ocr_par' dir='ltr' id='par_1_82' title="bbox 2149 3372 3760 3443">
     <span class='ocr_line' id='line_1_82' title="bbox 2149 3372 3760 3443; baseline 0.007 -16"><span class='ocrx_word' id='word_1_546' title='bbox 2149 3372 2410 3427; x_wconf 86' lang='lat' dir='ltr'><strong>nimirum</strong></span> <span class='ocrx_word' id='word_1_547' title='bbox 2447 3374 2515 3429; x_wconf 88' lang='lat' dir='ltr'><strong>iis</strong></span> <span class='ocrx_word' id='word_1_548' title='bbox 2554 3374 2648 3443; x_wconf 87' lang='lat' dir='ltr'><strong>qui</strong></span> <span class='ocrx_word' id='word_1_549' title='bbox 2682 3383 2930 3443; x_wconf 88' lang='lat' dir='ltr'><strong>peccant,</strong></span> <span class='ocrx_word' id='word_1_550' title='bbox 2959 3376 3339 3433; x_wconf 77' lang='lat' dir='ltr'><strong>excusationis</strong></span> <span class='ocrx_word' id='word_1_551' title='bbox 3370 3380 3760 3438; x_wconf 82' lang='lat' dir='ltr'><strong>defensionis—</strong></span> 
     </span>
    </p>
   </div>
   <div class='ocr_carea' id='block_1_83' title="bbox 2148 3459 3759 3542">
    <p class='ocr_par' dir='ltr' id='par_1_83' title="bbox 2148 3459 3759 3542">
     <span class='ocr_line' id='line_1_83' title="bbox 2148 3459 3759 3542; baseline 0.009 -25"><span class='ocrx_word' id='word_1_552' title='bbox 2148 3478 2256 3535; x_wconf 89' lang='lat' dir='ltr'><strong>que</strong></span> <span class='ocrx_word' id='word_1_553' title='bbox 2290 3459 2456 3519; x_wconf 77' lang='lat' dir='ltr'><strong>causa</strong></span> <span class='ocrx_word' id='word_1_554' title='bbox 2501 3465 2568 3519; x_wconf 89' lang='lat' dir='ltr'><strong>ad</strong></span> <span class='ocrx_word' id='word_1_555' title='bbox 2619 3465 2773 3530; x_wconf 89' lang='lat' dir='ltr'><strong>deos,</strong></span> <span class='ocrx_word' id='word_1_556' title='bbox 2827 3481 2969 3535; x_wconf 85' lang='lat' dir='ltr'><strong>quos</strong></span> <span class='ocrx_word' id='word_1_557' title='bbox 3019 3469 3231 3534; x_wconf 89' lang='lat' dir='ltr'><strong>colunt,</strong></span> <span class='ocrx_word' id='word_1_558' title='bbox 3271 3469 3759 3542; x_wconf 82' lang='lat' dir='ltr'><strong>perfugientibus,</strong></span> 
     </span>
    </p>
   </div>
   <div class='ocr_carea' id='block_1_84' title="bbox 2149 3556 3764 3640">
    <p class='ocr_par' dir='ltr' id='par_1_84' title="bbox 2149 3556 3764 3640">
     <span class='ocr_line' id='line_1_84' title="bbox 2149 3556 3764 3640; baseline 0.008 -29"><span class='ocrx_word' id='word_1_559' title='bbox 2149 3566 2316 3626; x_wconf 90' lang='lat' dir='ltr'><strong>atque</strong></span> <span class='ocrx_word' id='word_1_560' title='bbox 2346 3556 2750 3612; x_wconf 82' lang='lat' dir='ltr'><strong>atiirtnantibus</strong></span> <span class='ocrx_word' id='word_1_561' title='bbox 2797 3572 2914 3620; x_wconf 89' lang='lat' dir='ltr'><strong>eos,</strong></span> <span class='ocrx_word' id='word_1_562' title='bbox 2943 3573 3068 3613; x_wconf 91' lang='lat' dir='ltr'><strong>cum</strong></span> <span class='ocrx_word' id='word_1_563' title='bbox 3109 3561 3247 3615; x_wconf 85' lang='lat' dir='ltr'><strong>tales</strong></span> <span class='ocrx_word' id='word_1_564' title='bbox 3279 3562 3412 3627; x_wconf 90' lang='lat' dir='ltr'><strong>sint,</strong></span> <span class='ocrx_word' id='word_1_565' title='bbox 3458 3566 3560 3619; x_wconf 90' lang='lat' dir='ltr'><strong>tali</strong></span> <span class='ocrx_word' id='word_1_566' title='bbox 3607 3583 3764 3640; x_wconf 77' lang='lat' dir='ltr'><strong>quo.</strong></span> 
     </span>
    </p>
   </div>
   <div class='ocr_carea' id='block_1_85' title="bbox 2149 3647 3605 3722">
    <p class='ocr_par' dir='ltr' id='par_1_85' title="bbox 2149 3647 3605 3722">
     <span class='ocr_line' id='line_1_85' title="bbox 2149 3647 3605 3722; baseline 0.008 -22"><span class='ocrx_word' id='word_1_567' title='bbox 2149 3662 2258 3719; x_wconf 85' lang='lat' dir='ltr'><strong>que</strong></span> <span class='ocrx_word' id='word_1_568' title='bbox 2291 3647 2475 3704; x_wconf 86' lang='lat' dir='ltr'><strong>cultus</strong></span> <span class='ocrx_word' id='word_1_569' title='bbox 2504 3659 2668 3719; x_wconf 92' lang='lat' dir='ltr'><strong>atque</strong></span> <span class='ocrx_word' id='word_1_570' title='bbox 2706 3650 3046 3704; x_wconf 85' lang='lat' dir='ltr'><strong>adorationis</strong></span> <span class='ocrx_word' id='word_1_571' title='bbox 3072 3666 3272 3722; x_wconf 77' lang='lat' dir='ltr'><strong>genere</strong></span> <span class='ocrx_word' id='word_1_572' title='bbox 3304 3655 3605 3714; x_wconf 87' lang='lat' dir='ltr'><strong>delectari.</strong></span> 
     </span>
    </p>
   </div>
   <div class='ocr_carea' id='block_1_86' title="bbox 2224 3739 3762 3825">
    <p class='ocr_par' dir='ltr' id='par_1_86' title="bbox 2224 3739 3762 3825">
     <span class='ocr_line' id='line_1_86' title="bbox 2224 3739 3762 3825; baseline 0.008 -29"><span class='ocrx_word' id='word_1_573' title='bbox 2224 3739 2361 3796; x_wconf 81' lang='lat' dir='ltr'><strong>Ibid.</strong></span> <span class='ocrx_word' id='word_1_574' title='bbox 2415 3741 2477 3796; x_wconf 93' lang='lat' dir='ltr'><strong>D.</strong></span> <span class='ocrx_word' id='word_1_575' title='bbox 2541 3743 2609 3795; x_wconf 81' lang='lat' dir='ltr'><strong>At</strong></span> <span class='ocrx_word' id='word_1_576' title='bbox 2670 3759 2788 3796; x_wconf 80' lang='lat' dir='ltr'><strong>vero</strong></span> <span class='ocrx_word' id='word_1_577' title='bbox 2829 3744 3271 3812; x_wconf 85' lang='lat' dir='ltr'><strong>quemadmodum</strong></span> <span class='ocrx_word' id='word_1_578' title='bbox 3321 3751 3473 3804; x_wconf 85' lang='lat' dir='ltr'><strong>nobis</strong></span> <span class='ocrx_word' id='word_1_579' title='bbox 3551 3755 3762 3825; x_wconf 70' lang='lat' dir='ltr'><strong>beneﬁ-</strong></span> 
     </span>
    </p>
   </div>
   <div class='ocr_carea' id='block_1_87' title="bbox 2149 3834 3759 3905">
    <p class='ocr_par' dir='ltr' id='par_1_87' title="bbox 2149 3834 3759 3905">
     <span class='ocr_line' id='line_1_87' title="bbox 2149 3834 3759 3905; baseline 0.011 -18"><span class='ocrx_word' id='word_1_580' title='bbox 2149 3834 2252 3899; x_wconf 86' lang='lat' dir='ltr'><strong>cio,</strong></span> <span class='ocrx_word' id='word_1_581' title='bbox 2285 3844 2390 3888; x_wconf 92' lang='lat' dir='ltr'><strong>etc.</strong></span> <span class='ocrx_word' id='word_1_582' title='bbox 2449 3837 2628 3904; x_wconf 82' lang='lat' dir='ltr'><strong>Atque</strong></span> <span class='ocrx_word' id='word_1_583' title='bbox 2674 3834 2810 3898; x_wconf 71' lang='lat' dir='ltr'><strong>haec,</strong></span> <span class='ocrx_word' id='word_1_584' title='bbox 2859 3835 3056 3905; x_wconf 91' lang='lat' dir='ltr'><strong>inquit,</strong></span> <span class='ocrx_word' id='word_1_585' title='bbox 3112 3838 3316 3893; x_wconf 85' lang='lat' dir='ltr'><strong>ethnici</strong></span> <span class='ocrx_word' id='word_1_586' title='bbox 3377 3843 3759 3904; x_wconf 79' lang='lat' dir='ltr'><strong>deblaterent.</strong></span> 
     </span>
    </p>
   </div>
   <div class='ocr_carea' id='block_1_88' title="bbox 2150 3925 3752 4004">
    <p class='ocr_par' dir='ltr' id='par_1_88' title="bbox 2150 3925 3752 4004">
     <span class='ocr_line' id='line_1_88' title="bbox 2150 3925 3752 4004; baseline 0.017 -34"><span class='ocrx_word' id='word_1_587' title='bbox 2150 3925 2318 3982; x_wconf 79' lang='lat' dir='ltr'><strong>Nobis</strong></span> <span class='ocrx_word' id='word_1_588' title='bbox 2350 3934 2555 3990; x_wconf 90' lang='lat' dir='ltr'><strong>autem,</strong></span> <span class='ocrx_word' id='word_1_589' title='bbox 2605 3927 3061 3996; x_wconf 89' lang='lat' dir='ltr'><strong>quemadmodum</strong></span> <span class='ocrx_word' id='word_1_590' title='bbox 3093 3928 3358 3986; x_wconf 88' lang='lat' dir='ltr'><strong>divinitus</strong></span> <span class='ocrx_word' id='word_1_591' title='bbox 3400 3934 3601 3992; x_wconf 87' lang='lat' dir='ltr'><strong>datum</strong></span> <span class='ocrx_word' id='word_1_592' title='bbox 3637 3954 3752 4004; x_wconf 87' lang='lat' dir='ltr'><strong>est,</strong></span> 
     </span>
    </p>
   </div>
   <div class='ocr_carea' id='block_1_89' title="bbox 2155 4018 3761 4096">
    <p class='ocr_par' dir='ltr' id='par_1_89' title="bbox 2155 4018 3761 4096">
     <span class='ocr_line' id='line_1_89' title="bbox 2155 4018 3761 4096; baseline 0.006 -22"><span class='ocrx_word' id='word_1_593' title='bbox 2155 4029 2214 4074; x_wconf 92' lang='lat' dir='ltr'><strong>ut</strong></span> <span class='ocrx_word' id='word_1_594' title='bbox 2265 4018 2711 4088; x_wconf 89' lang='lat' dir='ltr'><strong>superstitiosum</strong></span> <span class='ocrx_word' id='word_1_595' title='bbox 2762 4033 3005 4073; x_wconf 85' lang='lat' dir='ltr'><strong>errorem</strong></span> <span class='ocrx_word' id='word_1_596' title='bbox 3060 4019 3386 4090; x_wconf 78' lang='lat' dir='ltr'><strong>ingerimus,</strong></span> <span class='ocrx_word' id='word_1_597' title='bbox 3431 4029 3532 4096; x_wconf 90' lang='lat' dir='ltr'><strong>qui</strong></span> <span class='ocrx_word' id='word_1_598' title='bbox 3585 4032 3761 4089; x_wconf 77' lang='lat' dir='ltr'><strong>eﬂieit</strong></span> 
     </span>
    </p>
   </div>
   <div class='ocr_carea' id='block_1_90' title="bbox 2155 4109 3754 4184">
    <p class='ocr_par' dir='ltr' id='par_1_90' title="bbox 2155 4109 3754 4184">
     <span class='ocr_line' id='line_1_90' title="bbox 2155 4109 3754 4184; baseline 0.009 -18"><span class='ocrx_word' id='word_1_599' title='bbox 2155 4121 2214 4166; x_wconf 92' lang='lat' dir='ltr'><strong>ut</strong></span> <span class='ocrx_word' id='word_1_600' title='bbox 2243 4112 2521 4166; x_wconf 58' lang='lat' dir='ltr'><strong>daemones</strong></span> <span class='ocrx_word' id='word_1_601' title='bbox 2557 4109 2852 4164; x_wconf 89' lang='lat' dir='ltr'><strong>timeantur</strong></span> <span class='ocrx_word' id='word_1_602' title='bbox 2877 4121 3043 4180; x_wconf 88' lang='lat' dir='ltr'><strong>atque</strong></span> <span class='ocrx_word' id='word_1_603' title='bbox 3095 4112 3460 4184; x_wconf 89' lang='lat' dir='ltr'><strong>honorcntur,</strong></span> <span class='ocrx_word' id='word_1_604' title='bbox 3485 4135 3560 4176; x_wconf 88' lang='lat' dir='ltr'><strong>ac</strong></span> <span class='ocrx_word' id='word_1_605' title='bbox 3599 4127 3754 4180; x_wconf 78' lang='lat' dir='ltr'><strong>veri-</strong></span> 
     </span>
    </p>
   </div>
   <div class='ocr_carea' id='block_1_91' title="bbox 2157 4199 3757 4274">
    <p class='ocr_par' dir='ltr' id='par_1_91' title="bbox 2157 4199 3757 4274">
     <span class='ocr_line' id='line_1_91' title="bbox 2157 4199 3757 4274; baseline 0.004 -20"><span class='ocrx_word' id='word_1_606' title='bbox 2157 4209 2318 4255; x_wconf 88' lang='lat' dir='ltr'><strong>tatem</strong></span> <span class='ocrx_word' id='word_1_607' title='bbox 2370 4213 2788 4268; x_wconf 87' lang='lat' dir='ltr'><strong>c0gnoscatuus,</strong></span> <span class='ocrx_word' id='word_1_608' title='bbox 2838 4212 2914 4266; x_wconf 90' lang='lat' dir='ltr'><strong>et,</strong></span> <span class='ocrx_word' id='word_1_609' title='bbox 2968 4199 3114 4270; x_wconf 90' lang='lat' dir='ltr'><strong>quod</strong></span> <span class='ocrx_word' id='word_1_610' title='bbox 3161 4200 3364 4259; x_wconf 88' lang='lat' dir='ltr'><strong>Paulus</strong></span> <span class='ocrx_word' id='word_1_611' title='bbox 3405 4208 3485 4261; x_wconf 90' lang='lat' dir='ltr'><strong>ait</strong></span> <span class='ocrx_word' id='word_1_612' title='bbox 3523 4211 3576 4274; x_wconf 83' lang='grc'><strong>⁸,</strong></span> <span class='ocrx_word' id='word_1_613' title='bbox 3637 4211 3757 4268; x_wconf 55' lang='lat' dir='ltr'><strong>Deo</strong></span> 
     </span>
    </p>
   </div>
   <div class='ocr_carea' id='block_1_92' title="bbox 474 4293 3757 4380">
    <p class='ocr_par' dir='ltr' id='par_1_92' title="bbox 474 4293 3757 4380">
     <span class='ocr_line' id='line_1_92' title="bbox 474 4293 3757 4380; baseline 0.001 -23"><span class='ocrx_word' id='word_1_614' title='bbox 474 4315 639 4368; x_wconf 64' lang='lat' dir='ltr'><strong>etiam</strong></span> <span class='ocrx_word' id='word_1_615' title='bbox 693 4319 756 4365; x_wconf 83' lang='lat' dir='ltr'><strong>ut</strong></span> <span class='ocrx_word' id='word_1_616' title='bbox 811 4311 858 4366; x_wconf 86' lang='lat' dir='ltr'><strong>si</strong></span> <span class='ocrx_word' id='word_1_617' title='bbox 912 4309 1004 4380; x_wconf 88' lang='lat' dir='ltr'><strong>qui</strong></span> <span class='ocrx_word' id='word_1_618' title='bbox 1067 4306 1184 4362; x_wconf 73' lang='lat' dir='ltr'><strong>inec</strong></span> <span class='ocrx_word' id='word_1_619' title='bbox 1243 4303 1544 4366; x_wconf 89' lang='lat' dir='ltr'><strong>audirent,</strong></span> <span class='ocrx_word' id='word_1_620' title='bbox 1607 4300 1662 4354; x_wconf 93' lang='lat' dir='ltr'><strong>in</strong></span> <span class='ocrx_word' id='word_1_621' title='bbox 1733 4296 2048 4370; x_wconf 80' lang='lat' dir='ltr'><strong>pestiferam</strong></span> <span class='ocrx_word' id='word_1_622' title='bbox 2083 4293 2282 4364; x_wconf 80' lang='lat' dir='ltr'><strong>Dvivo</strong></span> <span class='ocrx_word' id='word_1_623' title='bbox 2311 4301 2366 4346; x_wconf 89' lang='lat' dir='ltr'><strong>et</strong></span> <span class='ocrx_word' id='word_1_624' title='bbox 2392 4306 2546 4356; x_wconf 88' lang='lat' dir='ltr'><strong>vero,</strong></span> <span class='ocrx_word' id='word_1_625' title='bbox 2581 4305 2688 4346; x_wconf 91' lang='lat' dir='ltr'><strong>non</strong></span> <span class='ocrx_word' id='word_1_626' title='bbox 2734 4302 2914 4347; x_wconf 88' lang='lat' dir='ltr'><strong>autem</strong></span> <span class='ocrx_word' id='word_1_627' title='bbox 2964 4295 3199 4351; x_wconf 88' lang='lat' dir='ltr'><strong>mortuis</strong></span> <span class='ocrx_word' id='word_1_628' title='bbox 3234 4294 3478 4367; x_wconf 86' lang='lat' dir='ltr'><strong>falsique</strong></span> <span class='ocrx_word' id='word_1_629' title='bbox 3498 4305 3757 4359; x_wconf 86' lang='lat' dir='ltr'><strong>nominis</strong></span> 
     </span>
    </p>
   </div>
   <div class='ocr_carea' id='block_1_93' title="bbox 471 4392 1772 4473">
    <p class='ocr_par' dir='ltr' id='par_1_93' title="bbox 471 4392 1772 4473">
     <span class='ocr_line' id='line_1_93' title="bbox 471 4392 1772 4473; baseline -0.014 -12"><span class='ocrx_word' id='word_1_630' title='bbox 471 4420 662 4464; x_wconf 88' lang='lat' dir='ltr'><strong>eorum</strong></span> <span class='ocrx_word' id='word_1_631' title='bbox 691 4402 1001 4473; x_wconf 84' lang='lat' dir='ltr'><strong>Opinionem</strong></span> <span class='ocrx_word' id='word_1_632' title='bbox 1035 4398 1262 4454; x_wconf 88' lang='lat' dir='ltr'><strong>minime</strong></span> <span class='ocrx_word' id='word_1_633' title='bbox 1294 4392 1772 4466; x_wconf 89' lang='lat' dir='ltr'><strong>pertraherentur.</strong></span> 
     </span>
    </p>
   </div>
   <div class='ocr_carea' id='block_1_94' title="bbox 543 4481 2052 4566">
    <p class='ocr_par' dir='ltr' id='par_1_94' title="bbox 543 4481 2052 4566">
     <span class='ocr_line' id='line_1_94' title="bbox 543 4481 2052 4566; baseline -0.013 -14"><span class='ocrx_word' id='word_1_634' title='bbox 543 4497 681 4554; x_wconf 88' lang='lat' dir='ltr'><strong>Ibid.</strong></span> <span class='ocrx_word' id='word_1_635' title='bbox 724 4495 786 4550; x_wconf 86' lang='grc' dir='ltr'><strong>Β.</strong></span> <span class='ocrx_word' id='word_1_636' title='bbox 831 4495 1000 4566; x_wconf 80' lang='lat' dir='ltr'><strong>Atque</strong></span> <span class='ocrx_word' id='word_1_637' title='bbox 1035 4493 1150 4546; x_wconf 78' lang='lat' dir='ltr'><strong>hwc</strong></span> <span class='ocrx_word' id='word_1_638' title='bbox 1181 4487 1390 4560; x_wconf 81' lang='lat' dir='ltr'><strong>quidem</strong></span> <span class='ocrx_word' id='word_1_639' title='bbox 1419 4484 1613 4538; x_wconf 79' lang='lat' dir='ltr'><strong>ludant</strong></span> <span class='ocrx_word' id='word_1_640' title='bbox 1648 4481 1893 4556; x_wconf 79' lang='lat' dir='ltr'><strong>gentiles,</strong></span> <span class='ocrx_word' id='word_1_641' title='bbox 1943 4490 2052 4535; x_wconf 90' lang='lat' dir='ltr'><strong>etc.</strong></span> 
     </span>
    </p>
   </div>
   <div class='ocr_carea' id='block_1_95' title="bbox 474 4575 2057 4661">
    <p class='ocr_par' dir='ltr' id='par_1_95' title="bbox 474 4575 2057 4661">
     <span class='ocr_line' id='line_1_95' title="bbox 474 4575 2057 4661; baseline -0.015 -13"><span class='ocrx_word' id='word_1_642' title='bbox 474 4593 596 4659; x_wconf 80' lang='lat' dir='ltr'><strong>liis,</strong></span> <span class='ocrx_word' id='word_1_643' title='bbox 625 4591 827 4661; x_wconf 90' lang='lat' dir='ltr'><strong>inquit,</strong></span> <span class='ocrx_word' id='word_1_644' title='bbox 860 4586 1140 4660; x_wconf 82' lang='lat' dir='ltr'><strong>ﬁgmentis</strong></span> <span class='ocrx_word' id='word_1_645' title='bbox 1175 4584 1450 4638; x_wconf 89' lang='lat' dir='ltr'><strong>ducantur</strong></span> <span class='ocrx_word' id='word_1_646' title='bbox 1480 4578 1730 4649; x_wconf 82' lang='lat' dir='ltr'><strong>gentiles,</strong></span> <span class='ocrx_word' id='word_1_647' title='bbox 1779 4589 1810 4628; x_wconf 89' lang='lat' dir='ltr'><strong>a</strong></span> <span class='ocrx_word' id='word_1_648' title='bbox 1840 4575 2057 4627; x_wconf 68' lang='lat' dir='ltr'><strong>daemo-</strong></span> 
     </span>
    </p>
   </div>
   <div class='ocr_carea' id='block_1_96' title="bbox 476 4661 2053 4744">
    <p class='ocr_par' dir='ltr' id='par_1_96' title="bbox 476 4661 2053 4744">
     <span class='ocr_line' id='line_1_96' title="bbox 476 4661 2053 4744; baseline -0.016 -4"><span class='ocrx_word' id='word_1_649' title='bbox 476 4686 638 4741; x_wconf 88' lang='lat' dir='ltr'><strong>nibus</strong></span> <span class='ocrx_word' id='word_1_650' title='bbox 668 4683 722 4737; x_wconf 89' lang='lat' dir='ltr'><strong>itt</strong></span> <span class='ocrx_word' id='word_1_651' title='bbox 759 4683 901 4736; x_wconf 88' lang='lat' dir='ltr'><strong>hanc</strong></span> <span class='ocrx_word' id='word_1_652' title='bbox 931 4676 1226 4734; x_wconf 87' lang='lat' dir='ltr'><strong>amentiam</strong></span> <span class='ocrx_word' id='word_1_653' title='bbox 1254 4669 1550 4744; x_wconf 89' lang='lat' dir='ltr'><strong>provoluti,</strong></span> <span class='ocrx_word' id='word_1_654' title='bbox 1588 4669 1682 4737; x_wconf 92' lang='lat' dir='ltr'><strong>qui</strong></span> <span class='ocrx_word' id='word_1_655' title='bbox 1711 4665 1932 4736; x_wconf 89' lang='lat' dir='ltr'><strong>quidem</strong></span> <span class='ocrx_word' id='word_1_656' title='bbox 1961 4661 2053 4715; x_wconf 88' lang='lat' dir='ltr'><strong>Dei</strong></span> 
     </span>
    </p>
   </div>
   <div class='ocr_carea' id='block_1_97' title="bbox 478 4753 2052 4834">
    <p class='ocr_par' dir='ltr' id='par_1_97' title="bbox 478 4753 2052 4834">
     <span class='ocr_line' id='line_1_97' title="bbox 478 4753 2052 4834; baseline -0.017 -1"><span class='ocrx_word' id='word_1_657' title='bbox 478 4779 742 4832; x_wconf 89' lang='lat' dir='ltr'><strong>honorem</strong></span> <span class='ocrx_word' id='word_1_658' title='bbox 772 4775 837 4828; x_wconf 86' lang='lat' dir='ltr'><strong>ad</strong></span> <span class='ocrx_word' id='word_1_659' title='bbox 867 4788 926 4828; x_wconf 89' lang='lat' dir='ltr'><strong>se</strong></span> <span class='ocrx_word' id='word_1_660' title='bbox 961 4768 1264 4825; x_wconf 86' lang='lat' dir='ltr'><strong>transferre</strong></span> <span class='ocrx_word' id='word_1_661' title='bbox 1312 4763 1618 4834; x_wconf 90' lang='lat' dir='ltr'><strong>cupientes,</strong></span> <span class='ocrx_word' id='word_1_662' title='bbox 1650 4759 1786 4812; x_wconf 86' lang='lat' dir='ltr'><strong>alios</strong></span> <span class='ocrx_word' id='word_1_663' title='bbox 1813 4756 1867 4809; x_wconf 91' lang='lat' dir='ltr'><strong>in</strong></span> <span class='ocrx_word' id='word_1_664' title='bbox 1915 4753 2052 4807; x_wconf 86' lang='lat' dir='ltr'><strong>alias</strong></span> 
     </span>
    </p>
   </div>
   <div class='ocr_carea' id='block_1_98' title="bbox 477 4848 2055 4942">
    <p class='ocr_par' dir='ltr' id='par_1_98' title="bbox 477 4848 2055 4942">
     <span class='ocr_line' id='line_1_98' title="bbox 477 4848 2055 4942; baseline -0.018 -15"><span class='ocrx_word' id='word_1_665' title='bbox 477 4881 663 4942; x_wconf 86' lang='lat' dir='ltr'><strong>turpes</strong></span> <span class='ocrx_word' id='word_1_666' title='bbox 707 4879 762 4924; x_wconf 90' lang='lat' dir='ltr'><strong>et</strong></span> <span class='ocrx_word' id='word_1_667' title='bbox 815 4867 1100 4921; x_wconf 89' lang='lat' dir='ltr'><strong>indecoras</strong></span> <span class='ocrx_word' id='word_1_668' title='bbox 1139 4862 1220 4916; x_wconf 89' lang='lat' dir='ltr'><strong>&#39;de</strong></span> <span class='ocrx_word' id='word_1_669' title='bbox 1274 4859 1386 4913; x_wconf 87' lang='lat' dir='ltr'><strong>Deo</strong></span> <span class='ocrx_word' id='word_1_670' title='bbox 1433 4851 1733 4910; x_wconf 87' lang='lat' dir='ltr'><strong>sententias</strong></span> <span class='ocrx_word' id='word_1_671' title='bbox 1751 4848 2055 4942; x_wconf 13' lang='lat' dir='ltr'><strong>gdistrase-</strong></span> 
     </span>
    </p>
   </div>
   <div class='ocr_carea' id='block_1_99' title="bbox 479 4938 2054 5026">
    <p class='ocr_par' dir='ltr' id='par_1_99' title="bbox 479 4938 2054 5026">
     <span class='ocr_line' id='line_1_99' title="bbox 479 4938 2054 5026; baseline -0.018 -8"><span class='ocrx_word' id='word_1_672' title='bbox 479 4938 628 5018; x_wconf 74' lang='lat' dir='ltr'><strong>runt.</strong></span> <span class='ocrx_word' id='word_1_673' title='bbox 678 4959 813 5014; x_wconf 80' lang='lat' dir='ltr'><strong>Aliis</strong></span> <span class='ocrx_word' id='word_1_674' title='bbox 855 4959 1001 5012; x_wconf 88' lang='lat' dir='ltr'><strong>enim</strong></span> <span class='ocrx_word' id='word_1_675' title='bbox 1047 4957 1461 5026; x_wconf 84' lang='lat' dir='ltr'><strong>persuaserunt,</strong></span> <span class='ocrx_word' id='word_1_676' title='bbox 1519 4953 1575 4997; x_wconf 92' lang='lat' dir='ltr'><strong>ut</strong></span> <span class='ocrx_word' id='word_1_677' title='bbox 1613 4957 1710 5013; x_wconf 91' lang='lat' dir='ltr'><strong>pro</strong></span> <span class='ocrx_word' id='word_1_678' title='bbox 1746 4941 1857 4994; x_wconf 90' lang='lat' dir='ltr'><strong>Deo</strong></span> <span class='ocrx_word' id='word_1_679' title='bbox 1899 4938 2054 4992; x_wconf 88' lang='lat' dir='ltr'><strong>volu-</strong></span> 
     </span>
    </p>
   </div>
   <div class='ocr_carea' id='block_1_100' title="bbox 478 5030 2056 5124">
    <p class='ocr_par' dir='ltr' id='par_1_100' title="bbox 478 5030 2056 5124">
     <span class='ocr_line' id='line_1_100' title="bbox 478 5030 2056 5124; baseline -0.014 -20"><span class='ocrx_word' id='word_1_680' title='bbox 478 5062 679 5124; x_wconf 81' lang='lat' dir='ltr'><strong>ptatem</strong></span> <span class='ocrx_word' id='word_1_681' title='bbox 723 5052 1009 5115; x_wconf 89' lang='lat' dir='ltr'><strong>haberent,</strong></span> <span class='ocrx_word' id='word_1_682' title='bbox 1054 5047 1178 5102; x_wconf 89' lang='lat' dir='ltr'><strong>aliis</strong></span> <span class='ocrx_word' id='word_1_683' title='bbox 1233 5052 1289 5098; x_wconf 85' lang='lat' dir='ltr'><strong>ut</strong></span> <span class='ocrx_word' id='word_1_684' title='bbox 1343 5041 1648 5100; x_wconf 88' lang='lat' dir='ltr'><strong>fortunam,</strong></span> <span class='ocrx_word' id='word_1_685' title='bbox 1679 5033 1802 5088; x_wconf 92' lang='lat' dir='ltr'><strong>aliis</strong></span> <span class='ocrx_word' id='word_1_686' title='bbox 1850 5041 1908 5124; x_wconf 81' lang='lat' dir='ltr'><strong>ut</strong></span> <span class='ocrx_word' id='word_1_687' title='bbox 1940 5030 2056 5084; x_wconf 76' lang='lat' dir='ltr'><strong>ele-</strong></span> 
     </span>
    </p>
   </div>
   <div class='ocr_carea' id='block_1_101' title="bbox 480 5122 2056 5210">
    <p class='ocr_par' dir='ltr' id='par_1_101' title="bbox 480 5122 2056 5210">
     <span class='ocr_line' id='line_1_101' title="bbox 480 5122 2056 5210; baseline -0.015 -10"><span class='ocrx_word' id='word_1_688' title='bbox 480 5122 685 5210; x_wconf 84' lang='lat' dir='ltr'><strong>menta,</strong></span> <span class='ocrx_word' id='word_1_689' title='bbox 719 5145 842 5198; x_wconf 87' lang='lat' dir='ltr'><strong>aliis</strong></span> <span class='ocrx_word' id='word_1_690' title='bbox 871 5153 931 5196; x_wconf 91' lang='lat' dir='ltr'><strong>ut</strong></span> <span class='ocrx_word' id='word_1_691' title='bbox 962 5137 1371 5196; x_wconf 89' lang='lat' dir='ltr'><strong>contentionem</strong></span> <span class='ocrx_word' id='word_1_692' title='bbox 1402 5141 1457 5186; x_wconf 90' lang='lat' dir='ltr'><strong>et</strong></span> <span class='ocrx_word' id='word_1_693' title='bbox 1487 5126 1808 5190; x_wconf 88' lang='lat' dir='ltr'><strong>amicitiam,</strong></span> <span class='ocrx_word' id='word_1_694' title='bbox 1840 5122 1962 5176; x_wconf 91' lang='lat' dir='ltr'><strong>aliis</strong></span> <span class='ocrx_word' id='word_1_695' title='bbox 1995 5128 2056 5176; x_wconf 90' lang='lat' dir='ltr'><strong>ut</strong></span> 
     </span>
    </p>
   </div>
   <div class='ocr_carea' id='block_1_102' title="bbox 480 5216 2054 5301">
    <p class='ocr_par' dir='ltr' id='par_1_102' title="bbox 480 5216 2054 5301">
     <span class='ocr_line' id='line_1_102' title="bbox 480 5216 2054 5301; baseline -0.016 -13"><span class='ocrx_word' id='word_1_696' title='bbox 480 5233 732 5288; x_wconf 72' lang='lat' dir='ltr'><strong>cmlestes</strong></span> <span class='ocrx_word' id='word_1_697' title='bbox 765 5243 820 5286; x_wconf 87' lang='lat' dir='ltr'><strong>et</strong></span> <span class='ocrx_word' id='word_1_698' title='bbox 840 5245 1036 5301; x_wconf 78' lang='lat' dir='ltr'><strong>aereos</strong></span> <span class='ocrx_word' id='word_1_699' title='bbox 1064 5243 1128 5283; x_wconf 92' lang='lat' dir='ltr'><strong>ac</strong></span> <span class='ocrx_word' id='word_1_700' title='bbox 1157 5232 1447 5282; x_wconf 88' lang='lat' dir='ltr'><strong>terrestres</strong></span> <span class='ocrx_word' id='word_1_701' title='bbox 1469 5221 1602 5274; x_wconf 90' lang='lat' dir='ltr'><strong>deos</strong></span> <span class='ocrx_word' id='word_1_702' title='bbox 1631 5216 2054 5277; x_wconf 89' lang='lat' dir='ltr'><strong>arbitrarentur,</strong></span> 
     </span>
    </p>
   </div>
   <div class='ocr_carea' id='block_1_103' title="bbox 483 5303 2059 5383">
    <p class='ocr_par' dir='ltr' id='par_1_103' title="bbox 483 5303 2059 5383">
     <span class='ocr_line' id='line_1_103' title="bbox 483 5303 2059 5383; baseline -0.013 -4"><span class='ocrx_word' id='word_1_703' title='bbox 483 5325 603 5378; x_wconf 80' lang='lat' dir='ltr'><strong>aliis</strong></span> <span class='ocrx_word' id='word_1_704' title='bbox 632 5334 690 5378; x_wconf 88' lang='lat' dir='ltr'><strong>ut</strong></span> <span class='ocrx_word' id='word_1_705' title='bbox 718 5320 1043 5383; x_wconf 78' lang='lat' dir='ltr'><strong>animantia,</strong></span> <span class='ocrx_word' id='word_1_706' title='bbox 1091 5318 1220 5373; x_wconf 87' lang='lat' dir='ltr'><strong>aliis</strong></span> <span class='ocrx_word' id='word_1_707' title='bbox 1251 5326 1311 5371; x_wconf 93' lang='lat' dir='ltr'><strong>ut</strong></span> <span class='ocrx_word' id='word_1_708' title='bbox 1351 5313 1574 5381; x_wconf 86' lang='lat' dir='ltr'><strong>stirpes,</strong></span> <span class='ocrx_word' id='word_1_709' title='bbox 1629 5307 1752 5362; x_wconf 90' lang='lat' dir='ltr'><strong>aliis</strong></span> <span class='ocrx_word' id='word_1_710' title='bbox 1804 5314 1866 5359; x_wconf 93' lang='lat' dir='ltr'><strong>ut</strong></span> <span class='ocrx_word' id='word_1_711' title='bbox 1909 5303 2059 5358; x_wconf 88' lang='lat' dir='ltr'><strong>aliud</strong></span> 
     </span>
    </p>
   </div>
   <div class='ocr_carea' id='block_1_104' title="bbox 483 5396 2059 5487">
    <p class='ocr_par' dir='ltr' id='par_1_104' title="bbox 483 5396 2059 5487">
     <span class='ocr_line' id='line_1_104' title="bbox 483 5396 2059 5487; baseline -0.014 -15"><span class='ocrx_word' id='word_1_712' title='bbox 483 5415 764 5487; x_wconf 83' lang='lat' dir='ltr'><strong>quidpiam</strong></span> <span class='ocrx_word' id='word_1_713' title='bbox 798 5411 1001 5468; x_wconf 85' lang='lat' dir='ltr'><strong>divinis</strong></span> <span class='ocrx_word' id='word_1_714' title='bbox 1044 5409 1348 5465; x_wconf 89' lang='lat' dir='ltr'><strong>honoribus</strong></span> <span class='ocrx_word' id='word_1_715' title='bbox 1397 5403 1695 5458; x_wconf 70' lang='lat' dir='ltr'><strong>adicerent.</strong></span> <span class='ocrx_word' id='word_1_716' title='bbox 1746 5396 1847 5453; x_wconf 80' lang='lat' dir='ltr'><strong>Hic</strong></span> <span class='ocrx_word' id='word_1_717' title='bbox 1878 5404 2059 5452; x_wconf 86' lang='lat' dir='ltr'><strong>autem</strong></span> 
     </span>
    </p>
   </div>
   <div class='ocr_carea' id='block_1_105' title="bbox 555 5587 1686 5669">
    <p class='ocr_par' dir='ltr' id='par_1_105' title="bbox 555 5587 1686 5669">
     <span class='ocr_line' id='line_1_105' title="bbox 555 5587 1686 5669; baseline -0.016 -10"><span class='ocrx_word' id='word_1_718' title='bbox 555 5605 578 5638; x_wconf 74' lang='grc' dir='ltr'>δ</span> <span class='ocrx_word' id='word_1_719' title='bbox 601 5601 757 5658; x_wconf 75' lang='lat' dir='ltr'><strong>Rom.</strong></span> <span class='ocrx_word' id='word_1_720' title='bbox 792 5615 832 5669; x_wconf 83' lang='grc' dir='ltr'>ι,</span> <span class='ocrx_word' id='word_1_721' title='bbox 863 5599 933 5654; x_wconf 70' lang='lat'><strong>28</strong></span> <span class='ocrx_word' id='word_1_722' title='bbox 967 5610 1120 5667; x_wconf 84' lang='lat' dir='ltr'><strong>seqq.</strong></span> <span class='ocrx_word' id='word_1_723' title='bbox 1223 5594 1243 5626; x_wconf 82' lang='grc'><strong><em>³</em></strong></span> <span class='ocrx_word' id='word_1_724' title='bbox 1284 5589 1525 5648; x_wconf 86' lang='lat' dir='ltr'><strong>IThcss.</strong></span> <span class='ocrx_word' id='word_1_725' title='bbox 1562 5604 1600 5654; x_wconf 87' lang='grc' dir='ltr'>ι,</span> <span class='ocrx_word' id='word_1_726' title='bbox 1633 5587 1686 5644; x_wconf 90' lang='lat'><strong>9.</strong></span> 
     </span>
    </p>
   </div>
   <div class='ocr_carea' id='block_1_106' title="bbox 2154 4381 3753 4453">
    <p class='ocr_par' dir='ltr' id='par_1_106' title="bbox 2154 4381 3753 4453">
     <span class='ocr_line' id='line_1_106' title="bbox 2154 4381 3753 4453; baseline 0.007 -16"><span class='ocrx_word' id='word_1_727' title='bbox 2154 4382 2260 4437; x_wconf 88' lang='lat' dir='ltr'><strong>diis</strong></span> <span class='ocrx_word' id='word_1_728' title='bbox 2293 4381 2616 4447; x_wconf 86' lang='lat' dir='ltr'><strong>serviamus,</strong></span> <span class='ocrx_word' id='word_1_729' title='bbox 2652 4397 2718 4438; x_wconf 89' lang='lat' dir='ltr'><strong>ac</strong></span> <span class='ocrx_word' id='word_1_730' title='bbox 2739 4383 2916 4453; x_wconf 63' lang='lat' dir='ltr'><strong>&quot;supra</strong></span> <span class='ocrx_word' id='word_1_731' title='bbox 2950 4399 3168 4439; x_wconf 89' lang='lat' dir='ltr'><strong>omnem</strong></span> <span class='ocrx_word' id='word_1_732' title='bbox 3205 4398 3517 4444; x_wconf 88' lang='lat' dir='ltr'><strong>creaturam</strong></span> <span class='ocrx_word' id='word_1_733' title='bbox 3551 4407 3753 4447; x_wconf 78' lang='lat' dir='ltr'><strong>assur-</strong></span> 
     </span>
    </p>
   </div>
   <div class='ocr_carea' id='block_1_107' title="bbox 2154 4467 3754 4542">
    <p class='ocr_par' dir='ltr' id='par_1_107' title="bbox 2154 4467 3754 4542">
     <span class='ocr_line' id='line_1_107' title="bbox 2154 4467 3754 4542; baseline 0.008 -19"><span class='ocrx_word' id='word_1_734' title='bbox 2154 4485 2346 4541; x_wconf 88' lang='lat' dir='ltr'><strong>gamus</strong></span> <span class='ocrx_word' id='word_1_735' title='bbox 2387 4471 2546 4542; x_wconf 90' lang='lat' dir='ltr'><strong>(nulli</strong></span> <span class='ocrx_word' id='word_1_736' title='bbox 2598 4471 2807 4526; x_wconf 87' lang='lat' dir='ltr'><strong>scilicet</strong></span> <span class='ocrx_word' id='word_1_737' title='bbox 2836 4473 2912 4526; x_wconf 91' lang='lat' dir='ltr'><strong>rei</strong></span> <span class='ocrx_word' id='word_1_738' title='bbox 2957 4467 3152 4528; x_wconf 76' lang='lat' dir='ltr'><strong>creata:</strong></span> <span class='ocrx_word' id='word_1_739' title='bbox 3192 4475 3497 4533; x_wconf 80' lang='lat' dir='ltr'><strong>divinitatis</strong></span> <span class='ocrx_word' id='word_1_740' title='bbox 3542 4495 3754 4538; x_wconf 87' lang='lat' dir='ltr'><strong>nomen</strong></span> 
     </span>
    </p>
   </div>
   <div class='ocr_carea' id='block_1_108' title="bbox 2158 4562 3753 4631">
    <p class='ocr_par' dir='ltr' id='par_1_108' title="bbox 2158 4562 3753 4631">
     <span class='ocr_line' id='line_1_108' title="bbox 2158 4562 3753 4631; baseline 0.006 -14"><span class='ocrx_word' id='word_1_741' title='bbox 2158 4562 2468 4630; x_wconf 88' lang='lat' dir='ltr'><strong>tribuendo)</strong></span> <span class='ocrx_word' id='word_1_742' title='bbox 2506 4577 2569 4617; x_wconf 87' lang='lat' dir='ltr'><strong>ac</strong></span> <span class='ocrx_word' id='word_1_743' title='bbox 2611 4573 2872 4631; x_wconf 65' lang='lat' dir='ltr'><strong>praeterea</strong></span> <span class='ocrx_word' id='word_1_744' title='bbox 2921 4565 3189 4620; x_wconf 89' lang='lat' dir='ltr'><strong>mundum</strong></span> <span class='ocrx_word' id='word_1_745' title='bbox 3227 4583 3445 4623; x_wconf 90' lang='lat' dir='ltr'><strong>omnem</strong></span> <span class='ocrx_word' id='word_1_746' title='bbox 3477 4574 3753 4628; x_wconf 86' lang='lat' dir='ltr'><strong>sensilem</strong></span> 
     </span>
    </p>
   </div>
   <div class='ocr_carea' id='block_1_109' title="bbox 2159 4654 3751 4735">
    <p class='ocr_par' dir='ltr' id='par_1_109' title="bbox 2159 4654 3751 4735">
     <span class='ocr_line' id='line_1_109' title="bbox 2159 4654 3751 4735; baseline 0.007 -26"><span class='ocrx_word' id='word_1_747' title='bbox 2159 4655 2391 4722; x_wconf 76' lang='lat' dir='ltr'><strong>tempori</strong></span> <span class='ocrx_word' id='word_1_748' title='bbox 2425 4654 2824 4724; x_wconf 90' lang='lat' dir='ltr'><strong>subjaeentetn,</strong></span> <span class='ocrx_word' id='word_1_749' title='bbox 2849 4665 3013 4726; x_wconf 89' lang='lat' dir='ltr'><strong>atque</strong></span> <span class='ocrx_word' id='word_1_750' title='bbox 3051 4659 3187 4712; x_wconf 82' lang='lat' dir='ltr'><strong>adeo</strong></span> <span class='ocrx_word' id='word_1_751' title='bbox 3217 4659 3616 4727; x_wconf 86' lang='lat' dir='ltr'><strong>intellectilem,</strong></span> <span class='ocrx_word' id='word_1_752' title='bbox 3649 4669 3751 4735; x_wconf 82' lang='lat' dir='ltr'><strong>qui</strong></span> 
     </span>
    </p>
   </div>
   <div class='ocr_carea' id='block_1_110' title="bbox 2155 4746 3750 4826">
    <p class='ocr_par' dir='ltr' id='par_1_110' title="bbox 2155 4746 3750 4826">
     <span class='ocr_line' id='line_1_110' title="bbox 2155 4746 3750 4826; baseline 0.009 -28"><span class='ocrx_word' id='word_1_753' title='bbox 2155 4746 2597 4816; x_wconf 73' lang='lat' dir='ltr'><strong>primmmotioni</strong></span> <span class='ocrx_word' id='word_1_754' title='bbox 2643 4749 2852 4814; x_wconf 89' lang='lat' dir='ltr'><strong>subest,</strong></span> <span class='ocrx_word' id='word_1_755' title='bbox 2903 4750 3302 4806; x_wconf 84' lang='lat' dir='ltr'><strong>transiliamus.</strong></span> <span class='ocrx_word' id='word_1_756' title='bbox 3349 4754 3489 4807; x_wconf 87' lang='lat' dir='ltr'><strong>Deus</strong></span> <span class='ocrx_word' id='word_1_757' title='bbox 3536 4758 3750 4826; x_wconf 78' lang='lat' dir='ltr'><strong>quippe</strong></span> 
     </span>
    </p>
   </div>
   <div class='ocr_carea' id='block_1_111' title="bbox 2157 4838 3742 4910">
    <p class='ocr_par' dir='ltr' id='par_1_111' title="bbox 2157 4838 3742 4910">
     <span class='ocr_line' id='line_1_111' title="bbox 2157 4838 3742 4910; baseline 0.007 -17"><span class='ocrx_word' id='word_1_758' title='bbox 2157 4849 2309 4894; x_wconf 92' lang='lat' dir='ltr'><strong>motu</strong></span> <span class='ocrx_word' id='word_1_759' title='bbox 2351 4853 2473 4892; x_wconf 90' lang='lat' dir='ltr'><strong>sese</strong></span> <span class='ocrx_word' id='word_1_760' title='bbox 2510 4838 2576 4892; x_wconf 88' lang='lat' dir='ltr'><strong>ad</strong></span> <span class='ocrx_word' id='word_1_761' title='bbox 2627 4854 2806 4892; x_wconf 89' lang='lat' dir='ltr'><strong>rerum</strong></span> <span class='ocrx_word' id='word_1_762' title='bbox 2847 4844 3285 4910; x_wconf 80' lang='lat' dir='ltr'><strong>procreationem</strong></span> <span class='ocrx_word' id='word_1_763' title='bbox 3319 4853 3373 4900; x_wconf 91' lang='lat' dir='ltr'><strong>et</strong></span> <span class='ocrx_word' id='word_1_764' title='bbox 3409 4844 3742 4903; x_wconf 77' lang='lat' dir='ltr'><strong>fabricatio-</strong></span> 
     </span>
    </p>
   </div>
   <div class='ocr_carea' id='block_1_112' title="bbox 2158 4931 3745 5010">
    <p class='ocr_par' dir='ltr' id='par_1_112' title="bbox 2158 4931 3745 5010">
     <span class='ocr_line' id='line_1_112' title="bbox 2158 4931 3745 5010; baseline 0.006 -25"><span class='ocrx_word' id='word_1_765' title='bbox 2158 4946 2281 4986; x_wconf 89' lang='lat' dir='ltr'><strong>nem</strong></span> <span class='ocrx_word' id='word_1_766' title='bbox 2319 4931 2563 5004; x_wconf 65' lang='lat' dir='ltr'><strong>agitavit.</strong></span> <span class='ocrx_word' id='word_1_767' title='bbox 2596 4933 2673 4986; x_wconf 87' lang='lat' dir='ltr'><strong>Ac</strong></span> <span class='ocrx_word' id='word_1_768' title='bbox 2693 4933 2869 5000; x_wconf 91' lang='lat' dir='ltr'><strong>primo</strong></span> <span class='ocrx_word' id='word_1_769' title='bbox 2918 4935 3136 5002; x_wconf 87' lang='lat' dir='ltr'><strong>quidem</strong></span> <span class='ocrx_word' id='word_1_770' title='bbox 3171 4936 3343 5005; x_wconf 89' lang='lat' dir='ltr'><strong>ipsius</strong></span> <span class='ocrx_word' id='word_1_771' title='bbox 3372 4947 3526 4992; x_wconf 90' lang='lat' dir='ltr'><strong>tnotu</strong></span> <span class='ocrx_word' id='word_1_772' title='bbox 3558 4942 3745 5010; x_wconf 86' lang='lat' dir='ltr'><strong>angeli</strong></span> 
     </span>
    </p>
   </div>
   <div class='ocr_carea' id='block_1_113' title="bbox 2157 5025 3743 5102">
    <p class='ocr_par' dir='ltr' id='par_1_113' title="bbox 2157 5025 3743 5102">
     <span class='ocr_line' id='line_1_113' title="bbox 2157 5025 3743 5102; baseline 0.006 -25"><span class='ocrx_word' id='word_1_773' title='bbox 2157 5025 2424 5095; x_wconf 88' lang='lat' dir='ltr'><strong>procreati</strong></span> <span class='ocrx_word' id='word_1_774' title='bbox 2457 5034 2606 5087; x_wconf 89' lang='lat' dir='ltr'><strong>sunt,</strong></span> <span class='ocrx_word' id='word_1_775' title='bbox 2639 5035 2826 5094; x_wconf 91' lang='lat' dir='ltr'><strong>utpote</strong></span> <span class='ocrx_word' id='word_1_776' title='bbox 2859 5035 2984 5079; x_wconf 89' lang='lat' dir='ltr'><strong>ante</strong></span> <span class='ocrx_word' id='word_1_777' title='bbox 3013 5037 3229 5096; x_wconf 88' lang='lat' dir='ltr'><strong>tempus</strong></span> <span class='ocrx_word' id='word_1_778' title='bbox 3263 5031 3469 5084; x_wconf 88' lang='lat' dir='ltr'><strong>conditi</strong></span> <span class='ocrx_word' id='word_1_779' title='bbox 3505 5048 3520 5086; x_wconf 89' lang='lat'><strong>:</strong></span> <span class='ocrx_word' id='word_1_780' title='bbox 3559 5047 3743 5102; x_wconf 78' lang='lat' dir='ltr'><strong>quau-</strong></span> 
     </span>
    </p>
   </div>
   <div class='ocr_carea' id='block_1_114' title="bbox 2157 5118 3742 5192">
    <p class='ocr_par' dir='ltr' id='par_1_114' title="bbox 2157 5118 3742 5192">
     <span class='ocr_line' id='line_1_114' title="bbox 2157 5118 3742 5192; baseline 0.005 -20"><span class='ocrx_word' id='word_1_781' title='bbox 2157 5119 2451 5186; x_wconf 80' lang='lat' dir='ltr'><strong>duquidem</strong></span> <span class='ocrx_word' id='word_1_782' title='bbox 2491 5127 2615 5170; x_wconf 90' lang='lat' dir='ltr'><strong>ante</strong></span> <span class='ocrx_word' id='word_1_783' title='bbox 2645 5118 2846 5172; x_wconf 78' lang='lat' dir='ltr'><strong>cmlutn</strong></span> <span class='ocrx_word' id='word_1_784' title='bbox 2878 5128 2932 5172; x_wconf 90' lang='lat' dir='ltr'><strong>et</strong></span> <span class='ocrx_word' id='word_1_785' title='bbox 2965 5119 3106 5173; x_wconf 89' lang='lat' dir='ltr'><strong>diem</strong></span> <span class='ocrx_word' id='word_1_786' title='bbox 3135 5135 3201 5175; x_wconf 92' lang='lat' dir='ltr'><strong>ac</strong></span> <span class='ocrx_word' id='word_1_787' title='bbox 3231 5121 3425 5186; x_wconf 89' lang='lat' dir='ltr'><strong>solem,</strong></span> <span class='ocrx_word' id='word_1_788' title='bbox 3463 5124 3560 5192; x_wconf 89' lang='lat' dir='ltr'><strong>qui</strong></span> <span class='ocrx_word' id='word_1_789' title='bbox 3597 5134 3742 5180; x_wconf 85' lang='lat' dir='ltr'><strong>tem-</strong></span> 
     </span>
    </p>
   </div>
   <div class='ocr_carea' id='block_1_115' title="bbox 2157 5209 3736 5282">
    <p class='ocr_par' dir='ltr' id='par_1_115' title="bbox 2157 5209 3736 5282">
     <span class='ocr_line' id='line_1_115' title="bbox 2157 5209 3736 5282; baseline 0.006 -20"><span class='ocrx_word' id='word_1_790' title='bbox 2157 5223 2261 5279; x_wconf 88' lang='lat' dir='ltr'><strong>pus</strong></span> <span class='ocrx_word' id='word_1_791' title='bbox 2293 5209 2604 5275; x_wconf 88' lang='lat' dir='ltr'><strong>coustituit,</strong></span> <span class='ocrx_word' id='word_1_792' title='bbox 2636 5209 2812 5279; x_wconf 88' lang='lat' dir='ltr'><strong>angeli</strong></span> <span class='ocrx_word' id='word_1_793' title='bbox 2840 5211 3008 5265; x_wconf 85' lang='lat' dir='ltr'><strong>creati</strong></span> <span class='ocrx_word' id='word_1_794' title='bbox 3037 5221 3169 5266; x_wconf 90' lang='lat' dir='ltr'><strong>sunt</strong></span> <span class='ocrx_word' id='word_1_795' title='bbox 3203 5229 3218 5269; x_wconf 85' lang='lat'><strong>:</strong></span> <span class='ocrx_word' id='word_1_796' title='bbox 3251 5212 3496 5267; x_wconf 87' lang='lat' dir='ltr'><strong>secundo</strong></span> <span class='ocrx_word' id='word_1_797' title='bbox 3527 5227 3736 5282; x_wconf 84' lang='lat' dir='ltr'><strong>autem,</strong></span> 
     </span>
    </p>
   </div>
   <div class='ocr_carea' id='block_1_116' title="bbox 2160 5300 3736 5372">
    <p class='ocr_par' dir='ltr' id='par_1_116' title="bbox 2160 5300 3736 5372">
     <span class='ocr_line' id='line_1_116' title="bbox 2160 5300 3736 5372; baseline 0.004 -16"><span class='ocrx_word' id='word_1_798' title='bbox 2160 5302 2249 5356; x_wconf 89' lang='lat' dir='ltr'><strong>hic</strong></span> <span class='ocrx_word' id='word_1_799' title='bbox 2277 5300 2516 5355; x_wconf 89' lang='lat' dir='ltr'><strong>mundus</strong></span> <span class='ocrx_word' id='word_1_800' title='bbox 2564 5301 2658 5370; x_wconf 91' lang='lat' dir='ltr'><strong>qui</strong></span> <span class='ocrx_word' id='word_1_801' title='bbox 2700 5312 2925 5370; x_wconf 89' lang='lat' dir='ltr'><strong>aspectu</strong></span> <span class='ocrx_word' id='word_1_802' title='bbox 2956 5305 3211 5359; x_wconf 89' lang='lat' dir='ltr'><strong>sentitur.</strong></span> <span class='ocrx_word' id='word_1_803' title='bbox 3263 5303 3736 5372; x_wconf 84' lang='lat' dir='ltr'><strong>Quemadmodum</strong></span> 
     </span>
    </p>
   </div>
   <div class='ocr_carea' id='block_1_117' title="bbox 2162 5394 3735 5469">
    <p class='ocr_par' dir='ltr' id='par_1_117' title="bbox 2162 5394 3735 5469">
     <span class='ocr_line' id='line_1_117' title="bbox 2162 5394 3735 5469; baseline 0.004 -19"><span class='ocrx_word' id='word_1_804' title='bbox 2162 5394 2327 5466; x_wconf 83' lang='lat' dir='ltr'><strong>igitur</strong></span> <span class='ocrx_word' id='word_1_805' title='bbox 2365 5394 2521 5451; x_wconf 90' lang='lat' dir='ltr'><strong>nobis</strong></span> <span class='ocrx_word' id='word_1_806' title='bbox 2555 5394 2742 5450; x_wconf 82' lang='lat' dir='ltr'><strong>datum</strong></span> <span class='ocrx_word' id='word_1_807' title='bbox 2779 5406 2864 5451; x_wconf 88' lang='lat' dir='ltr'><strong>est</strong></span> <span class='ocrx_word' id='word_1_808' title='bbox 2903 5405 2960 5452; x_wconf 91' lang='lat' dir='ltr'><strong>ut</strong></span> <span class='ocrx_word' id='word_1_809' title='bbox 3013 5396 3282 5454; x_wconf 83' lang='lat' dir='ltr'><strong>idolorum</strong></span> <span class='ocrx_word' id='word_1_810' title='bbox 3315 5399 3466 5455; x_wconf 91' lang='lat' dir='ltr'><strong>cultu</strong></span> <span class='ocrx_word' id='word_1_811' title='bbox 3497 5399 3735 5469; x_wconf 84' lang='lat' dir='ltr'><strong>liberati,</strong></span> 
     </span>
    </p>
   </div>
   <div class='ocr_carea' id='block_1_118' title="bbox 3935 3211 3943 3464">
    <p class='ocr_par' dir='ltr' id='par_1_118' title="bbox 3935 3240 3943 3464">
     <span class='ocr_line' id='line_1_118' title="bbox 3937 3240 3943 3340; baseline 0 0"><span class='ocrx_word' id='word_1_812' title='bbox 3937 3240 3943 3340; x_wconf 70' lang='grc' dir='ltr'><strong>ἱ</strong></span> 
     </span>
     <span class='ocr_line' id='line_1_119' title="bbox 3935 3343 3943 3464; baseline 0 -10"><span class='ocrx_word' id='word_1_813' title='bbox 3935 3343 3943 3464; x_wconf 66' lang='grc' dir='ltr'><em>ἐ</em></span> 
     </span>
    </p>
   </div>
  </div>
