3958 6204
261 361 410 423 19.ὲὸ

1188 354 1508 413 NICETAS
1549 353 1630 415 IN
1673 353 1894 413 ORAT.
1934 353 2181 411 XXXIX
2227 352 2283 411 S.
2331 351 2560 412 GREG.

3388 353 3524 417 1226

261 470 458 530 Deum,
505 466 595 537 qui
653 465 799 518 omni
848 473 1124 529 creatura,
1153 457 1645 531 tam‘aspeclabili,
1680 477 1841 530 quam
1873 471 1922 527 Α
1950 462 2237 528 ri/icatam,
2283 471 2676 522 timueruntque
2711 458 2779 512 ad
2831 476 2950 513 eum
2997 461 3260 519 accedere,
3317 461 3524 515 Idcirco

263 559 564 614 intellectili
601 566 654 610 et
678 555 948 626 spirituali
984 554 1234 623 superior
1264 561 1368 616 est,
1400 567 1797 623 cognoscamus
1828 570 1839 603 :

260 655 348 706 sic
401 651 561 705 etiam
596 648 689 702 Dei
723 647 982 716 mysteria
1034 644 1400 714 intelligamus
1431 654 1486 698 et
1523 645 1838 709 doceamus,

253 759 330 798 ac
359 745 512 813 juxta
554 739 871 794 Salomonis
902 740 1047 808 leges
1083 747 1136 791 et
1191 745 1456 818 praecepta
1488 736 1841 805 philosophe-

197 885 211 894 ,
259 850 407 887 tnur.
458 832 730 897 Quoniam
772 830 917 882 enim
953 830 1005 880 in
1039 827 1332 896 malignam
1356 827 1592 879 animant
1626 843 1727 878 non
1752 827 1832 878 in-

254 925 420 978 trabit
457 923 721 992 sapientia
749 922 769 952 ⁶
801 962 816 986 ,
859 920 1064 974 idcirco
1085 921 1308 972 animos
1337 932 1550 983 eorum,
1581 917 1672 986 qui
1713 931 1836 971 cum

256 1013 524 1081 sapientia
591 1011 1041 1065 consuetudinem
1091 1008 1327 1062 habituri
1385 1019 1534 1072 sunt,
1598 1009 1836 1076 primum

257 1120 356 1172 per
409 1104 653 1157 divinum
707 1103 960 1156 timorem
1010 1111 1240 1170 purgat,
1281 1100 1367 1154 bis
1407 1100 1586 1154 verbis
1622 1117 1634 1152 :
1675 1100 1840 1152 Priu-

249 1194 465 1263 cipium
503 1193 810 1263 sapientiae,
868 1193 1063 1262 collige
1114 1192 1464 1262 sapientiam,
1505 1191 1610 1245 hoc
1640 1202 1748 1258 est,
1781 1191 1834 1244 in

255 1285 532 1355 principio
615 1284 898 1353 sapientia:
939 1324 954 1349 ,
1004 1284 1057 1337 id
1092 1292 1222 1349 est,
1285 1284 1338 1338 in
1402 1285 1596 1338 timore
1651 1283 1836 1337 divino

245 1376 580 1446 sapientiam
614 1377 708 1430 tibi
751 1391 1030 1446 compara.
1091 1375 1159 1432 Ut
1202 1377 1350 1431 enim
1395 1375 1831 1442 fundamentum,

257 1469 455 1522 domus
508 1467 838 1537 principium
900 1479 1011 1534 est,
1073 1476 1127 1523 et
1181 1470 1360 1532 navis,
1428 1469 1616 1523 carina
1685 1485 1699 1520 :
1754 1469 1835 1522 sic

255 1558 455 1621 etiam,
487 1557 638 1626 juxta
687 1557 907 1613 Davidis
960 1560 1328 1626 sententiam,
1379 1561 1695 1630 principium
1741 1577 1833 1614 sa-

247 1652 489 1712 oientiw,
543 1653 702 1703 timor
733 1650 945 1704 Domini
988 1651 1033 1704 ".
1086 1650 1266 1706 Pietas
1311 1654 1458 1706 enim
1508 1667 1572 1706 ac
1612 1652 1832 1721 religio-

258 1756 349 1795 sus
381 1741 543 1796 timor
570 1741 638 1796 ad
673 1757 936 1796 numeros
967 1757 1160 1798 omnes
1198 1742 1418 1797 virtutis
1446 1743 1828 1807 absolvendos,

255 1834 422 1889 scala:
469 1832 646 1886 instar
697 1842 778 1886 est
838 1850 854 1887 :

259 1926 516 1979 vitiorum
570 1925 894 1995 contagione
950 1925 1315 1994 sordibusque
1369 1926 1605 1990 lustret,
1667 1935 1832 1995 atque

255 2015 569 2083 ubicunque
645 2014 982 2068 domicilium
1067 2016 1364 2084 sedemque
1435 2017 1676 2077 habeat,
1732 2016 1831 2067 im-

252 2107 456 2175 probas
486 2120 678 2160 omnes
723 2115 776 2159 et
817 2104 1112 2175 ﬂagitiosas
1155 2105 1472 2161 actionesin
1497 2105 1678 2176 fugam
1715 2122 1836 2160 ver-

256 2207 356 2251 tat.
419 2195 689 2261 Quoniam
760 2197 927 2265 igitur
984 2197 1426 2253 ruditnentarius
1486 2208 1570 2252 est
1623 2200 1828 2264 timor,

257 2293 404 2343 velut
463 2290 657 2359 puerili
713 2291 949 2360 quadam
1017 2290 1367 2347 institutione
1418 2305 1520 2345 nos
1573 2290 1642 2344 ad
1710 2304 1829 2344 eam

256 2381 534 2446 virtutem,
589 2397 710 2451 qum
765 2381 816 2434 in
867 2381 1094 2436 actione
1130 2394 1404 2449 versatur,
1456 2382 1828 2448 introducens,

160 2496 162 2498 τ
253 2473 428 2524 activa
477 2481 658 2526 autem
713 2473 884 2526 virtus
940 2474 1416 2542 contemplationis
1468 2474 1613 2528 scala
1671 2483 1755 2528 est
1810 2491 1824 2525 :

253 2562 432 2616 danda
485 2564 643 2618 nobis
699 2574 784 2617 est
817 2579 1004 2632 opera,
1054 2575 1113 2618 ut
1162 2575 1306 2620 recte
1363 2575 1418 2619 et
1469 2573 1832 2635 congruenter

253 2655 326 2710 iis
375 2665 594 2710 utamur
628 2695 644 2720 ,
712 2656 1014 2726 ordineque
1067 2659 1528 2727 progrediamur,
1595 2667 1757 2726 atque
1799 2671 1830 2710 a

254 2747 453 2801 timore
499 2749 681 2802 exorsi
715 2788 731 2814 ,
769 2751 822 2802 in
871 2750 1353 2818 contemplationis
1383 2748 1660 2818 fastigium
1699 2747 1831 2801 sub-

256 2837 543 2890 vehantur.
584 2836 718 2890 Nam
774 2837 1207 2907 contemplatio,
1260 2837 1365 2892 nisi
1416 2838 1629 2891 titnoris
1658 2837 1828 2888 divini

252 2927 410 2980 freno
455 2936 797 2993 coercentur,
856 2927 910 2981 in
962 2929 1316 2997 blasphemia:
1370 2943 1590 2997 quoque
1636 2927 1832 2980 fortas-

256 3018 334 3071 sis
364 3027 417 3072 ct
449 3018 743 3088 impietatis
775 3019 1074 3089 praecipitia
1109 3035 1208 3074 nos
1251 3019 1524 3088 impulerit
1572 3033 1639 3074 ac
1679 3019 1828 3088 deje-

255 3108 414 3164 cerit.
445 3109 522 3162 Ac
557 3109 679 3163 vide
713 3110 942 3174 scalam,
979 3125 1076 3179 per
1121 3125 1286 3180 quam
1318 3109 1383 3164 ad
1432 3109 1826 3178 perfectionem

257 3200 414 3253 nobis
458 3213 717 3255 ascensus
769 3210 935 3270 patet.
987 3201 1090 3256 Ubi
1150 3201 1296 3256 cnim
1355 3202 1521 3256 timor
1565 3210 1668 3266 est,
1720 3201 1829 3255 illic

253 3304 471 3360 quoque
511 3292 894 3344 mandatorum
927 3293 1261 3346 observatio.
1308 3290 1414 3346 Ubi
1447 3303 1629 3345 autem
1671 3307 1829 3345 man-

253 3383 504 3436 datorum
539 3383 850 3437 observatio
877 3421 892 3446 ,
947 3381 1028 3436 ibi
1072 3384 1254 3437 carnis
1283 3397 1501 3451 quoque
1528 3382 1775 3452 purgatio
1812 3398 1826 3435 :

256 3487 378 3541 quae
409 3473 626 3540 quidem
651 3487 780 3525 caro
806 3472 912 3525 hoc
947 3480 1032 3525 est
1069 3475 1285 3537 animm,
1316 3472 1462 3540 quod
1498 3472 1598 3524 soli
1634 3472 1828 3535 nubes,

259 3564 498 3616 tenebris
547 3563 756 3616 scilicet
798 3576 918 3615 eam
970 3561 1252 3616 obducens
1290 3571 1458 3630 atque
1502 3562 1828 3626 obscurans,

258 3669 360 3709 nec
393 3654 562 3708 divini
610 3652 746 3707 radii
792 3652 1139 3722 splendorem
1181 3669 1316 3724 pttre
1365 3653 1568 3707 intueri
1617 3655 1826 3708 sinetis.

255 3743 426 3798 Porro
458 3743 546 3797 ubi
589 3744 786 3798 animte
818 3746 1092 3815 purgatio,
1139 3761 1260 3814 qua:
1290 3746 1580 3801 virtutibus
1610 3761 1830 3814 compa-

253 3844 426 3897 ratur,
479 3836 586 3890 illic
629 3836 793 3890 etiam
857 3836 1092 3892 scientize
1135 3838 1479 3904 illuminatio,
1511 3849 1633 3908 post
1684 3837 1828 3908 piam

254 3931 710 3998 sempiternarutn
779 3944 961 3984 rerum
1015 3929 1459 4000 disquisitionem
1505 3931 1704 3995 elucet,
1760 3932 1827 3985 ad

256 4021 347 4076 Dei
375 4022 738 4092 eOgnitionem
781 4022 1024 4075 animam
1071 4021 1331 4088 evehens,
1367 4022 1650 4092 ipsiusque
1682 4022 1831 4078 desi-

255 4113 462 4168 derium
512 4115 589 4166 rei
643 4113 888 4166 omnium
946 4128 1160 4167 summe
1217 4115 1530 4182 expetendae
1581 4114 1830 4183 alligens,

257 4207 359 4259 hoc
419 4215 525 4269 est,
578 4204 713 4268 Deo,
773 4204 868 4272 qui
919 4213 973 4258 et
1032 4205 1086 4258 in
1152 4207 1406 4260 maximis
1447 4218 1555 4271 est,
1606 4206 1661 4260 id
1722 4217 1828 4270 est,

258 4297 309 4347 in
347 4296 522 4348 tribus
553 4294 824 4364 personis,
854 4303 908 4348 et
939 4295 992 4348 in
1027 4298 1286 4362 maximo,
1316 4310 1535 4367 propter
1575 4298 1833 4352 substan-

260 4385 346 4438 tim
377 4393 433 4438 et
479 4384 780 4437 divinitatis
831 4385 1115 4448 unitatem,
1157 4395 1211 4439 et
1268 4389 1639 4456 tnagnitudine
1677 4389 1827 4442 omni

1945 555 2202 608 vzlamine
2247 554 2435 607 faciem
2486 570 2639 606 suam
2674 553 2917 618 obduxit,
2965 564 3121 623 atque
3147 557 3224 608 ita
3250 573 3366 609 cum
3400 558 3524 625 ipsis

1945 647 2260 700 versabatur
2313 648 2360 700 °.
2436 645 2910 712 Quemadmodum
2982 648 3150 718 igitur
3218 649 3522 714 Israelitte,

1943 738 2195 806 quamvis
2247 735 2414 791 Mosis
2463 739 2675 791 vultum
2729 752 2955 792 cernere
3011 748 3293 806 cuperent,
3327 750 3513 794 tamen

1942 838 2162 898 propter
2190 828 2496 897 splendoris
2512 829 2699 883 radios
2729 844 2794 882 ex
2826 845 2891 884 eo
2923 841 3522 900 manantes,suamque

1943 920 2336 984 inlirmitatem,
2391 934 2516 972 eum
2563 921 2762 974 intueri
2795 935 2903 975 non
2934 931 3188 991 poterant
3222 939 3236 976 :
3274 923 3341 976 ad
3376 923 3522 977 hunc

1940 1027 2156 1083 quoque
2210 1013 2431 1065 modum
2488 1013 2800 1082 quicunque
2855 1028 2918 1066 ex
2956 1013 3116 1068 nobis
3153 1028 3250 1083 per
3299 1027 3517 1067 morum

1939 1101 2266 1169 probitatem
2299 1102 2659 1171 egregiasque
2691 1101 2937 1156 actiones
2988 1102 3206 1156 anin'tos
3251 1116 3360 1155 non
3397 1118 3522 1170 per-

1939 1197 2247 1266 purgarint,
2280 1211 2404 1250 cum
2453 1196 2564 1250 Deo
2617 1207 2672 1251 et
2702 1197 2975 1266 theologia
3014 1197 3215 1250 frustra
3245 1212 3517 1251 commer-

1938 1288 2085 1341 cium
2143 1287 2344 1340 habere
2398 1286 2764 1340 conabuntur.
2830 1285 3042 1343 Rursus
3097 1287 3163 1341 de
3215 1287 3412 1340 Manue
3464 1288 3516 1339 in

1936 1375 2074 1429 libro
2107 1372 2364 1429 Judicum
2399 1374 2512 1429 hac
2541 1377 2818 1429 memoriae
2849 1376 3067 1444 prodita
3099 1386 3230 1432 sunt
3261 1377 3329 1442 ιθ,
3363 1392 3512 1438 eum,

1936 1482 2064 1521 cum
2106 1466 2320 1522 lsraelis
2365 1467 2528 1536 judex
2578 1477 2772 1531 esset,
2822 1467 3294 1536 humanitatisque
3341 1468 3515 1522 officia

1934 1570 2059 1624 erga
2137 1554 2380 1623 hospites
2433 1553 2678 1608 studiose
2748 1555 2992 1619 coleret,
3051 1555 3305 1625 angelum
3359 1555 3515 1622 quasi

1936 1661 2102 1700 unum
2133 1647 2448 1715 quempiam
2492 1661 2524 1701 e
2558 1646 2715 1716 plebe
2752 1647 2992 1715 hospitio
3026 1648 3330 1716 excepisse,
3361 1662 3518 1700 cum-

1935 1753 2042 1808 que
2090 1737 2231 1807 ignis
2275 1753 2304 1790 e
2355 1748 2509 1807 petra
2562 1748 2616 1792 et
2669 1753 2858 1793 mensa
2909 1741 3153 1793 emicans
3182 1740 3333 1793 cibos
3376 1738 3513 1807 ipsis

907 1843 1093 1902 utpote
1141 1834 1234 1903 qui
1283 1835 1502 1888 animos
1543 1843 1766 1888 nostros
1801 1849 1830 1888 a
1868 1826 1906 1879 Β
1935 1830 2218 1899 appositas
2251 1829 2594 1895 devorasset,
2643 1839 2807 1897 atque
2859 1830 3088 1898 angelus
3133 1844 3165 1882 a
3214 1837 3516 1897 conspectu

1935 1922 2108 1990 ipsius
2138 1936 2198 1974 se
2227 1919 2601 1982 subduxisset,
2643 1921 2698 1973 in
2743 1936 2865 1974 eam
2915 1921 3234 1989 Opinionem
3273 1920 3513 1982 venisse,

1936 2020 1994 2066 ut
2030 2010 2198 2065 Deum
2246 2026 2276 2063 a
2301 2026 2359 2064 se
2393 2011 2571 2065 visum
2619 2025 2742 2065 esse
2779 2011 3144 2076 existimaret,
3179 2023 3516 2076 uxoremque

1935 2105 2010 2158 ita
2039 2103 2332 2157 allocutum
2365 2117 2488 2158 esse
2510 2118 2525 2157 :
2551 2101 2822 2167 Perimus,
2867 2117 3024 2168 uxor,
3060 2100 3225 2154 Deum
3264 2101 3510 2154 uidimus.

1933 2195 2401 2262 Quemadmodum
2457 2195 2630 2266 igitur
2673 2193 2892 2258 Manue,
2953 2191 3275 2262 Sampsonis
3332 2201 3509 2261 pater.

1935 2288 2107 2344 Deum
2141 2288 2324 2342 videre
2357 2287 2460 2342 sibi
2494 2287 2645 2342 visus
2676 2295 2783 2353 est,
2817 2301 2941 2340 cum
2992 2293 3171 2338 tamen
3212 2300 3321 2339 non
3352 2285 3499 2338 vide-

1934 2383 2004 2433 rit
2053 2398 2066 2433 :
2112 2381 2185 2434 ita
2230 2380 2320 2450 qui
2355 2380 2568 2450 purgati
2601 2394 2706 2432 non
2757 2379 2981 2441 fuerint,
3011 2377 3340 2448 theologiam
3381 2378 3509 2445 qui-

1935 2471 2078 2533 dem,
2129 2469 2233 2523 hoc
2280 2479 2404 2533 est,
2464 2468 2772 2523 divinitatis
2822 2468 3221 2538 cognitionem,
3273 2467 3508 2535 imagine

1933 2561 2260 2630 concipient,
2286 2560 2458 2629 ipsam
2487 2571 2666 2614 tamen
2703 2574 2813 2614 non
2847 2560 3110 2614 videbunt
3141 2577 3155 2612 :
3188 2561 3299 2613 imo
3329 2557 3512 2626 potius

1935 2653 2291 2708 simulacrum
2345 2653 2624 2721 quoddam
2684 2651 2858 2720 ipsius
2909 2651 3184 2706 intuentes
3218 2665 3285 2704 ac
3331 2649 3512 2719 perci-

1934 2746 2145 2813 pientes
2183 2744 2370 2798 animo
2419 2743 2790 2813 trepidabunt,
2847 2757 2910 2796 ac
2947 2741 3130 2796 dicent
3163 2760 3177 2796 :
3212 2735 3508 2802 Periimus,

1932 2837 2078 2907 quod
2110 2838 2364 2893 videlicet
2395 2853 2464 2892 ne
2510 2839 2802 2892 obscuram
2842 2837 3062 2906 quidem
3095 2836 3244 2892 illius
3275 2835 3506 2888 formam

1933 2930 2216 2985 sustinere
2250 2938 2477 2998 queant.
2515 2929 2599 2983 Ad
2653 2930 2768 2982 hinc
2798 2927 3260 2998 quemadmodum
3313 2923 3510 2979 Petrus

1935 3021 2041 3074 vim
2091 3018 2498 3089 efﬁcaciamque
2541 3019 2840 3074 divinitatis
2881 3035 2986 3074 non
3020 3019 3221 3082 ferens,
3265 3015 3451 3072 Jesum
3477 3030 3508 3068 a

1935 3112 2150 3182 navigio
2199 3114 2444 3178 arcebat,
2493 3120 2551 3166 ιιι
2583 3123 2769 3167 narrat
2812 3112 3143 3182 evangelista
3176 3110 3215 3141 “
3252 3126 3267 3164 :
3307 3109 3382 3163 ita
3417 3108 3508 3178 qui

1933 3207 2118 3261 animo
2173 3205 2414 3259 nondum
2469 3214 2703 3273 purgato
2757 3203 3091 3271 theologiam
3159 3201 3424 3268 suscipit.
3476 3215 3508 3254 a

1933 3305 2114 3351 mente
2144 3309 2245 3349 sua
2283 3309 2404 3349 eam
2454 3293 2734 3357 amolitur,
2785 3293 2893 3346 vim
2927 3292 3097 3360 ipsius
3143 3306 3250 3346 non
3306 3290 3507 3344 ferens.

1932 3383 2407 3452 Quemadmodum
2461 3383 2686 3451 insuper
2718 3382 2944 3442 Paulus,
2979 3392 3039 3436 ut
3085 3381 3262 3436 Lucas
3293 3381 3346 3434 in
3379 3395 3509 3449 apo-

1931 3478 2195 3532 stolorum
2228 3475 2377 3530 Actis
2409 3484 2596 3528 narrat
2629 3475 2696 3541 ",
2734 3489 2859 3530 cum
2895 3475 3134 3545 acceptis
3169 3490 3197 3528 a
3228 3472 3505 3543 pontifici-

1931 3567 2034 3623 bus
2083 3564 2276 3622 litteris
2325 3563 2701 3637 Hierosolyma
2752 3567 3080 3620 Damascum
3129 3565 3506 3628 contenderet,

1934 3670 1994 3714 ut
2041 3660 2390 3716 Christianos
2442 3669 2868 3728 persequeretur
2921 3666 3086 3727 atque
3138 3658 3508 3726 opprimeret,

1932 3754 2096 3808 simul
2127 3762 2289 3824 atque
2321 3753 2422 3822 ipsi
2459 3754 2564 3807 iter
2593 3751 2812 3808 facienti
2843 3751 3076 3822 exiguus
3125 3750 3353 3816 Christi,
3392 3752 3508 3806 veri

1931 3846 2176 3908 luminis,
2211 3846 2399 3900 radius
2439 3844 2690 3912 objectus
2718 3853 2822 3910 est,
2863 3845 3049 3898 statim
3096 3853 3320 3913 aspectu
3347 3844 3510 3898 orba-

1932 3949 2020 3992 tus
2039 3945 2142 4002 est,
2176 3936 2320 4006 quod
2349 3952 2378 3991 a
2407 3936 2807 4006 persecutionis
2839 3935 3058 4005 piaculo
3082 3935 3349 3990 lustratus
3381 3944 3508 3990 ante

1933 4045 2042 4084 non
2082 4028 2302 4094 fuisset,
2338 4044 2502 4098 quam
2559 4042 2684 4083 cum
2715 4041 2804 4091 eo,
2857 4041 3018 4096 quem
3053 4027 3509 4096 persequebatur,

1933 4123 1984 4176 in
2007 4123 2340 4192 colloquium
2389 4122 2599 4177 veniret
2657 4136 2672 4172 :
2727 4119 2919 4173 eodem
2979 4117 3144 4172 modo
3190 4118 3284 4186 qui
3315 4118 3510 4185 divino

1933 4216 2128 4268 timore
2177 4214 2395 4284 purgati
2432 4227 2538 4266 non
2588 4209 2810 4274 fuerint,
2844 4210 2939 4264 sed
2988 4211 3174 4263 animo
3205 4209 3422 4280 impuro
3453 4217 3510 4264 et

1933 4306 2154 4361 sordido
2205 4309 2273 4358 ad
2321 4302 2840 4373 contemplationem
2888 4303 3243 4366 accesserint,
3278 4302 3400 4372 plus
3442 4316 3509 4355 ex

1931 4412 1994 4450 ea
2056 4411 2114 4450 re
2170 4393 2489 4450 detrimenti
2550 4400 2607 4447 et
2665 4392 2984 4461 dispendii,
3042 4408 3205 4463 quam
3260 4391 3510 4446 utilitatis

258 4473 506 4541 superior
548 4481 653 4535 est,
707 4471 836 4541 quia
886 4487 986 4526 nec
1038 4473 1366 4543 quantitate,
1421 4491 1522 4530 nec
1569 4478 1825 4545 amplitu-
1860 4494 1986 4547 Det
2037 4485 2341 4556 compendii
2398 4485 2688 4554 accipient.
2753 4484 3220 4551 Quemadmodum
3275 4485 3510 4553 denique

255 4565 416 4629 dine,
468 4579 568 4618 nec
627 4563 1001 4632 magnitudine
1053 4564 1567 4619 circumscribitur:
1603 4567 1827 4637 Magnus

255 4657 422 4719 enim,
461 4655 660 4724 inquit,
687 4654 946 4708 Dominus
975 4665 1025 4708 et
1067 4654 1354 4709 laudabilis
1389 4656 1556 4722 valde,
1593 4674 1683 4711 nec
1713 4675 1828 4710 ma-

258 4748 544 4816 gnitudinis
575 4747 688 4815 ejus
713 4747 838 4816 ﬁnis
862 4758 939 4800 est
971 4747 1014 4798 ⁸.

325 4857 442 4912 Col.
473 4860 578 4914 545
607 4858 668 4913 Β.
721 4861 983 4924 Quocirca
1031 4877 1084 4914 se
1126 4877 1377 4930 quemque
1411 4877 1559 4929 prius
1605 4879 1833 4932 purgare

259 4960 480 5016 oportet,
511 4961 616 5006 etc.
653 4951 799 5018 lliec,
829 4954 1024 5023 inquit,
1061 4970 1185 5008 cum
1220 4971 1280 5010 se
1324 4957 1396 5008 ita
1440 4956 1694 5021 habeant,
1729 4961 1852 5011 ad-.

261 5041 492 5093 hibenda
525 5041 678 5110 prius
704 5057 786 5096 εει
814 5059 909 5111 per
937 5049 1188 5099 virtutem
1239 5047 1292 5098 in
1337 5046 1555 5100 actione
1594 5047 1822 5115 positam

261 5131 530 5200 purgatio,
562 5142 727 5201 atque
773 5135 849 5187 ita
897 5136 967 5188 ad
1009 5136 1492 5205 contemplationis
1531 5139 1823 5208 puritatem

1927 4578 2142 4633 dicebat
2194 4576 2454 4632 Centurio
2505 4596 2522 4632 :

2595 4578 2839 4643 Domine,
2893 4593 2998 4631 non
3052 4593 3168 4631 sum
3213 4578 3402 4647 dignus
3453 4583 3511 4628 ut

1929 4670 2089 4722 intres
2121 4668 2214 4722 sub
2271 4677 2464 4722 tectum
2513 4683 2687 4722 meum
2739 4685 2757 4724 :
2813 4669 2904 4722 sed
2929 4669 3015 4722 dic
3043 4675 3219 4733 verba,
3255 4676 3304 4720 et
3351 4683 3509 4720 sana-

1930 4762 2072 4814 bitur
2118 4776 2248 4830 puer
2303 4777 2450 4814 meus
2507 4759 2551 4794 "
2621 4761 2751 4832 (hoc
2809 4775 2972 4829 porro
3028 4759 3297 4823 dicebat,
3348 4773 3508 4813 cura-

1933 4855 2130 4908 tionem
2195 4852 2743 4922 puerirrequirens,
2806 4853 3076 4907 medicum
3143 4859 3324 4905 autem
3381 4865 3499 4920 pro-

1935 4953 2056 5014 pter
2109 4944 2256 5013 pium
2293 4952 2348 4996 et
2394 4943 2724 4997 laudabilem
2764 4952 2970 4996 metum
3003 4942 3056 4996 in
3093 4942 3318 4997 domum
3346 4956 3506 4994 suam

1938 5053 2045 5091 non
2067 5037 2380 5106 admittens)
2420 5051 2434 5088 :
2473 5035 2554 5090 sic
2580 5035 2744 5090 etiam
2796 5036 2897 5106 ipsi
2935 5036 3258 5106 theologiam
3289 5035 3508 5103 quidem

1934 5137 2206 5197 expetent,
2257 5142 2446 5183 verum
2513 5127 2684 5182 Deum
2738 5129 2916 5198 ipsum
2969 5127 3024 5182 in
3064 5128 3305 5181 animum
3337 5125 3501 5181 haud-

261 5222 520 5285 eundum,
599 5222 652 5276 id
693 5233 818 5286 est,
876 5224 1118 5278 divinam
1162 5227 1453 5302 scientiam
1517 5241 1572 5283 et
1625 5231 1830 5284 doctri-

1936 5232 2196 5286 quaquam
2227 5216 2506 5286 excepturi
2539 5227 2687 5272 sunt.

261 5331 382 5368 nam
435 5334 449 5369 :
518 5318 622 5371 nisi
682 5318 841 5374 nobis
896 5319 1038 5374 idem
1089 5322 1337 5376 accidere
1383 5313 1639 5386 velimus,
1681 5321 1827 5391 quod

263 5405 517 5461 lsraelitis
564 5409 784 5464 accidit.
839 5409 1113 5479 Scriptum
1164 5414 1310 5468 enim
1358 5423 1445 5469 est
1488 5415 1543 5468 in
1590 5415 1826 5470 Exodo:

274 5496 520 5551 Viderunt
553 5499 652 5566 ﬁlii
684 5498 905 5556 Israelis
938 5501 1160 5570 Moscm,
1195 5506 1487 5577 faciemque
1514 5508 1681 5577 ipsius
1714 5513 1830 5580 glo-

329 5675 349 5702 ⁸
391 5675 519 5744 Sap.
552 5692 590 5734 I,
627 5675 681 5727 4.
755 5677 773 5707 ⁷
818 5677 962 5732 Psal.
994 5695 1080 5740 cx,
1120 5680 1206 5735 10.

261 5745 294 5773 ⁸¹
338 5745 468 5798 Luc.
509 5762 556 5809 v,
590 5745 644 5798 8.
722 5747 764 5776 ¹²
802 5751 929 5802 Act.
960 5765 1008 5814 v,
1053 5751 1075 5802 1
1113 5768 1268 5822 seqq.

493 5842 767 5904 PATIWL.
802 5846 921 5905 Gn.
954 5847 1252 5910 CXXVII.

1309 5683 1330 5714 ⁸
1374 5684 1516 5738 Psal.
1575 5703 1754 5754 cxuv,
1813 5689 1866 5744 3.

1367 5757 1410 5787 ³³
1449 5756 1637 5811 Matth.
1696 5774 1811 5826 vttt,
1847 5760 1897 5812 8.

1999 5330 2141 5385 lbid.
2184 5331 2248 5384 (Σ.
2305 5329 2542 5385 Proinde
2580 5331 2724 5384 dicat
2779 5348 2982 5402 quoque
3039 5348 3102 5386 ea:
3153 5331 3301 5386 nobis
3355 5332 3502 5401 quis-

1927 5424 2093 5490 piam,
2149 5430 2256 5477 etc.
2323 5421 2602 5487 Quamliu,
2669 5423 2867 5493 inquit,
2935 5424 3206 5494 quispiam
3254 5432 3504 5479 nostrum

1931 5513 2177 5568 centurio
2211 5523 2316 5580 est,
2371 5513 2474 5568 hoc
2528 5525 2635 5582 est,
2679 5515 2881 5571 multos
2925 5515 2978 5568 in
3035 5514 3167 5572 vitio
3216 5530 3504 5586 superans,

1977 5691 1996 5722 ’
2037 5691 2202 5748 Exod.
2259 5707 2442 5759 xntv,
2498 5694 2567 5752 ’50
2651 5698 2740 5754 55.
2854 5699 2896 5730 ¹⁰
2932 5697 3108 5753 Jndic.
3138 5712 3256 5764 χιιι,
3292 5699 3315 5751 1
3350 5712 3504 5766 seqq.

3053 5867 3128 5922 39
