4032 6198
495 244 633 308 1227

1877 239 2251 301 ADDENDA.

3609 228 3754 290 1923

495 360 950 434 quemadmodum
996 360 1084 413 iile
1128 358 1182 411 in
1233 357 1451 410 militari
1490 353 1808 425 ptmfectura
1841 367 2057 409 centum
2089 351 2454 421 Ajnrundius
2493 349 2822 419 possidetur,
2875 354 2927 401 tt
2973 343 3271 399 studiosius
3322 343 3752 414 diligentiusque

500 457 763 511 militibus
795 462 1042 522 proterat,
1072 450 1422 511 ac'diaholo,
1457 450 1844 503 sceleratorum
1887 446 2061 499 humi-

500 565 628 604 num
670 546 1045 615 scelerumque
1073 543 1255 597 mundi
1303 542 1532 612 principi
1575 544 1767 603 servit,
1801 540 1904 594 hac
1936 554 2063 591 ora-

498 645 646 696 tione
706 648 891 694 utatur
955 653 970 689 :
1026 633 1144 690 Non
1201 650 1319 689 sunt
1373 633 1572 703 dignus
1612 633 1706 701 qui
1762 630 2065 686 divinitatis

501 732 805 788 doctrinam
863 729 1158 798 excipiam.
1224 727 1292 779 At
1347 736 1699 795 posteaquam
1759 722 2065 775 lmtnanita-

499 836 606 878 tem
664 819 868 877 Christi
923 818 1241 888 perm-perit,
1283 817 1386 871 hoc
1435 824 1540 880 est,
1607 829 1727 867 eam
1788 817 2064 874 virtutem,

499 934 622 987 qua:
653 916 705 969 iu
737 913 947 983 agendo
975 918 1241 972 versatur,
1274 919 1560 962 assecutus
1596 904 1780 969 fuerit,
1816 919 1878 958 ac
1903 916 2066 971 supra

499 1023 847 1081 sycomorum
878 1004 1117 1073 seipsutn
1144 1000 1419 1064 extulerit,
1452 999 1505 1052 id
1530 1008 1639 1061 est,
1678 1012 1841 1066 supra
1884 995 2069 1048 carnis

501 1101 780 1159 affectum.
832 1112 992 1166 quem
1032 1094 1298 1157 membra,
1328 1105 1449 1160 qum
1482 1104 1649 1159 super
1683 1099 1882 1142 terram
1915 1094 2066 1149 sunt,

499 1199 663 1246 vocat
718 1188 1005 1257 Apostolus
1037 1184 1102 1248 “,
1128 1193 1314 1252 utpote
1350 1191 1694 1236 terrenarum
1730 1194 1911 1232 rerum
1950 1186 2071 1232 stu—

500 1282 595 1334 dio
644 1279 953 1340 addictum,
1006 1290 1072 1329 ac
1123 1275 1271 1329 circa
1317 1287 1413 1326 eas
1452 1285 1574 1325 sese
1610 1270 1964 1332 volutantem,
2008 1283 2072 1321 ac

503 1386 709 1440 corpus
770 1366 1096 1423 humilitatis
1148 1364 1301 1418 humi
1359 1362 1728 1432 provolutum.
1802 1358 2075 1427 Quemad-

504 1466 727 1521 modum
779 1463 926 1517 enim
991 1471 1312 1530 sycomorus
1361 1454 1562 1509 sterilis
1623 1465 1785 1522 atque
1840 1449 2071 1521 infrugi-

506 1560 618 1613 fera
649 1556 898 1627 quaedam
947 1551 1111 1607 arbor
1139 1559 1223 1604 est
1251 1559 1414 1617 atque
1440 1548 1717 1617 depressa,
1781 1546 1861 1599 sic
1905 1543 2073 1598 etiam

505 1648 741 1705 carnalis
785 1646 1029 1700 allectus.
1086 1639 1351 1707 Quocirca
1401 1639 1493 1709 qui
1545 1651 1668 1692 eum
1726 1634 1943 1703 fugerit,
2009 1648 2076 1688 ac

504 1743 655 1795 velut
688 1750 936 1793 marcore
986 1733 1262 1796 olfecerit,
1314 1730 1607 1798 carnisque
1641 1728 1941 1797 voluptates
1978 1740 2076 1795 0p-

505 1828 800 1900 prcsserit,
850 1823 1403 1893 contemplationem,
1447 1819 1551 1873 hoc
1596 1826 1712 1883 est,
1771 1816 2075 1871 divinitatis

505 1920 834 1982 doctrinam,
884 1916 1061 1972 activa
1112 1912 1311 1966 virtute
1342 1909 1456 1980 jam
1509 1915 1847 1977 comparata,
1902 1906 2075 1960 susei-

462 1990 473 2004 ’
507 2012 642 2083 piat,
694 2021 860 2078 atque
894 2005 1080 2060 audiat
1115 2001 1327 2057 :Uodie
1355 1999 1499 2054 salus
1548 1998 1671 2051 huic
1719 1997 1921 2063 domui,
1976 1995 2077 2049 hoc

508 2113 613 2167 est,
642 2100 899 2163 erunibus
939 2096 1137 2152 anim-.2
1162 2092 1410 2164 partibus
1456 2086 1470 2143 ξ
1525 2103 1625 2144 nec
1655 2086 1830 2143 solum
1860 2101 1923 2141 ea
1955 2100 2078 2155 qua:

510 2196 675 2251 habet
735 2200 971 2256 tueatur,
1026 2201 1213 2243 verum
1264 2185 1331 2240 ad
1375 2181 1584 2250 majora
1638 2181 1802 2235 etiam
1849 2186 1903 2234 et
1948 2178 2079 2234 sub-

519 2287 737 2341 limiora
801 2281 1131 2344 contendat,
1201 2291 1266 2331 ac
1325 2273 1585 2346 pm'clare
1659 2277 1881 2341 spargat
1957 2284 2080 2338 qua:

506 2380 773 2439 scelerate
818 2372 1074 2443 collegit,
1129 2370 1245 2425 sive
1293 2365 1576 2437 pecunias,
1635 2364 1750 2419 sive
1799 2364 2077 2432 dogmata,

509 2485 729 2543 resque,
761 2481 815 2524 et
863 2467 1029 2521 animi
1062 2479 1249 2528 sensa,
1279 2459 1580 2517 divinitatis
1611 2457 1856 2513 doctrina
1886 2471 2077 2526 parum

509 2566 719 2634 digna.
773 2560 1035 2616 cIundat.
1096 2555 1240 2611 Idem
1295 2554 1445 2609 enim
1502 2548 1744 2609 Verbum
1813 2549 2078 2605 historico

500 2657 729 2728 quidem
777 2666 943 2709 sensu
985 2649 1165 2711 Deus,
1214 2645 1512 2716 anagogico
1549 2653 1732 2699 autem
1783 2643 2081 2699 divinitatis

509 2750 784 2810 doctrina,
840 2754 893 2798 et
952 2740 1191 2811 indignis
1257 2735 1673 2791 formidolosum
1719 2745 1804 2791 cst
1863 2745 2082 2804 propter

514 2851 768 2895 naturam
827 2850 984 2888 suam
1038 2849 1053 2885 :
1115 2830 1252 2900 ignis
1307 2828 1445 2882 enim
1502 2839 1812 2881 consumens
1872 2836 1983 2888 est,
2024 2834 2083 2879 ut

511 2934 590 2986 ait
650 2926 930 2996 Scriptura
991 2924 1067 2986 ³⁸,
1109 2929 1163 2974 et
1223 2925 1441 2987 pzopler
1499 2915 1884 2985 benignitatem
1922 2923 2079 2983 raptu

512 3024 671 3078 facile
697 3061 711 3086 ,
747 3021 814 3074 iis
862 3017 1072 3085 utique,
1113 3025 1253 3084 quos
1315 3025 1425 3064 non
1456 3007 1638 3063 dicam
1685 3007 1878 3078 dignos
1926 3010 2079 3076 (pro-

516 3116 630 3187 prie
675 3114 817 3168 enim
865 3124 1023 3163 uerno
1077 3122 1144 3161 eo
1196 3102 1394 3174 dignus
1444 3102 1569 3171 est),
1607 3115 1792 3155 verum
1850 3100 1943 3170 qui
2011 3101 2077 3154 ad

514 3208 688 3278 ipsius
718 3202 1087 3271 exceptionem
1120 3198 1193 3252 ita
1234 3212 1290 3251 se
1317 3206 1710 3266 praepararunt,
1746 3202 1803 3247 ut
1847 3193 1947 3258 illi,
1981 3193 2073 3263 qui

515 3299 730 3368 quidem
784 3308 972 3348 crasso
1018 3301 1072 3345 et
1135 3288 1384 3357 improbo
1428 3284 1625 3354 spiritu
1676 3299 1741 3338 ex
1806 3283 2076 3353 spirituali

514 3392 708 3445 animae
735 3404 847 3443 sine
881 3385 1044 3439 domo
1073 3380 1302 3450 expulso
1329 3417 1344 3443 ,
1377 3392 1549 3446 caque
1579 3377 1762 3445 acupis
1796 3377 2077 3450 mundata,

514 3484 618 3537 hcc
675 3489 785 3543 est,
821 3475 1066 3530 studiose
1120 3481 1348 3542 purgata
1398 3478 1560 3537 atque
1604 3475 1819 3529 ornata,
1870 3482 2078 3536 nequa-

510 3585 675 3643 quam
702 3569 934 3627 otiosam
967 3581 1087 3619 eam
1133 3572 1297 3632 atque
1346 3561 1575 3615 inertem
1615 3560 1959 3628 reliquerunt
1988 3561 2079 3623 (ac

510 3675 765 3715 reversus
799 3659 1047 3724 impurus
1100 3654 1311 3707 daemon
1349 3650 1566 3705 facilius
1614 3649 1780 3704 simul
1809 3665 1874 3704 ac
1908 3653 2077 3703 tutius

512 3755 566 3804 in
617 3765 737 3805 eam
791 3748 1097 3814 immigret,
1159 3749 1346 3810 utpote
1392 3755 1517 3795 cum
1599 3750 1803 3807 septem
1869 3739 2080 3808 spiriti-

512 3844 617 3897 bus
652 3840 892 3902 rediens,
931 3837 1025 3907 qui
1068 3835 1285 3904 quidem
1338 3845 1544 3903 septem
1579 3833 1797 3887 virtutis
1868 3833 2079 3901 spiriti-

510 3934 614 3989 bus
649 3929 1032 3992 adversantur,
1078 3926 1181 3978 hoc
1228 3931 1331 3988 est,
1386 3922 1627 3990 Spiritus
1674 3923 1848 3976 sancti
1897 3922 2076 3988 donis,

509 4040 632 4096 quae
689 4024 762 4079 ab
817 4020 956 4075 Isaia
1016 4024 1370 4073 recensentur
1436 4014 1519 4082 “,
1578 4028 1773 4083 nempe
1841 4010 2079 4082 Spiritus

508 4114 862 4176 fortitudinis,
895 4110 1132 4173 consilii,
1193 4106 1510 4177 prudentiae,
1549 4099 1765 4160 timoris
1816 4103 1930 4169 Dei,
1965 4106 2077 4174 pie-

511 4208 659 4271 tatis,
692 4203 991 4274 sapieutiat,
1024 4210 1078 4256 et
1109 4200 1398 4267 scientite),
1424 4214 1610 4255 verum
1643 4196 1709 4251 ad
1746 4196 1856 4251 vitii
1897 4196 2079 4265 fugant

509 4296 729 4352 virtutis
761 4292 965 4349 cultqu
1004 4292 1313 4363 adjungunt
1371 4290 1541 4359 (juxta
1589 4288 1720 4343 illud
1757 4306 1770 4342 :
1801 4289 2016 4343 Declina
2044 4306 2077 4341 α

2164 443 2486 497 custoditur.

2239 536 2359 587 Col.
2384 533 2490 586 546
2517 533 2560 586 Α
2610 532 2956 601 Posteaquam
2990 539 3164 583 autem
3184 530 3360 582 anima
3395 540 3605 594 nostra,
3633 539 3747 581 etc.

2169 622 2226 679 Si
2301 624 2565 677 divinitus
2662 623 2916 675 illustrari
3001 621 3199 689 gestis,
3274 618 3581 672 faciendum
3651 620 3750 672 tibi

2169 714 2321 782 prius
2371 721 2486 770 est.
2548 723 2638 773 ut.
2687 690 3155 780 ἐιιιιιιιὶξιιῑιηυιίωη
3209 707 3468 761 Salomon
3511 719 3695 762 monet
3731 727 3748 761 :

2173 804 2331 859 Omni
2359 805 2597 857 custodm
2641 819 2808 855 terres
2856 818 2946 854 cor
2986 810 3132 853 tuum
3167 801 3232 862 ",
3284 801 3754 869 ase‘nsionesque

2172 896 2225 949 in
2284 899 2449 950 corde.
2494 908 2587 949 tuo
2631 895 2915 963 disponas,
2964 892 3149 946 Davidi
3198 907 3403 945 morem
3446 908 3642 960 gerens
3676 894 3748 953 ³⁸.

2174 987 2477 1057 profectum
2512 988 2622 1040 Deo
2658 995 2895 1055 gratum,
2934 996 3101 1054 atque
3131 985 3197 1038 ad
3241 984 3448 1052 majora
3487 999 3746 1052 progres-

2173 1080 2382 1134 sionem
2416 1090 2470 1134 et
2502 1094 2789 1134 ascensum
2817 1094 2846 1130 a
2877 1088 2925 1130 te
2944 1077 3234 1147 postulanti
3261 1093 3275 1142 ;
3312 1092 3374 1130 ac
3399 1078 3466 1131 de
3496 1074 3750 1130 Ieremia:

2176 1171 2404 1225 consilia
2442 1180 2496 1224 et
2547 1170 2813 1225 sententia
2852 1170 2920 1233 ",
2975 1167 3188 1221 novalia
3221 1168 3318 1221 tibi
3360 1168 3461 1233 ipsi
3494 1167 3750 1228 iunmes,

2176 1262 2372 1314 animae
2423 1270 2529 1314 tute
2592 1261 2729 1314 facie
2786 1258 3152 1327 complanata,
3200 1257 3525 1325 vitiosisqtte
3571 1257 3751 1324 spinis

2175 1350 2433 1406 extractis
2478 1361 2533 1404 et
2588 1350 2814 1405 evulsis.
2868 1349 3022 1416 Quod
3059 1349 3150 1403 ubi
3183 1348 3281 1402 abs
3310 1358 3362 1401 te
3393 1348 3595 1402 factum
3629 1346 3752 1399 fuco

2178 1444 2268 1507 rit,
2300 1442 2412 1512 jam
2461 1442 2527 1495 ad
2578 1442 2846 1511 justitiam
2878 1440 3011 1504 fere,
3043 1456 3108 1494 ae
3152 1451 3268 1494 tum
3304 1440 3523 1494 domum
3565 1441 3749 1492 scien-

2182 1536 2269 1589 tian
2298 1535 2531 1600 lutniue,
2566 1536 2708 1588 sicut
2756 1544 2840 1587 est
2883 1535 3025 1602 apud
3070 1532 3266 1588 Oscam
3312 1534 3380 1596 “,
3432 1530 3753 1586 collustrari

2179 1629 2403 1698 puteris.
2453 1626 2902 1697 Quandoquidem
2938 1625 3003 1678 In
3047 1625 3331 1695 malignam
3376 1625 3605 1678 animum
3644 1641 3753 1678 non

2108 1709 2145 1765 υ
2177 1719 2398 1772 intrabit
2454 1719 2715 1787 sapientia
2776 1718 2844 1771 ⁸⁸.
2901 1716 3040 1772 Cum
3095 1726 3278 1770 autem
3335 1718 3450 1785 ipse
3482 1716 3751 1784 sapientia

2177 1811 2482 1865 i.:s‘.rurttts
2532 1824 2596 1863 ac
2649 1809 2834 1863 divino
2888 1808 3179 1878 splendore
3240 1809 3497 1875 perfusus
3551 1808 3749 1873 fueris,

2179 1909 2289 1956 tum
2340 1916 2472 1955 vero
2508 1902 2631 1955 aliis
2688 1916 2923 1970 quoque,
2982 1908 3041 1953 ut
3093 1899 3170 1953 ait
3217 1900 3504 1971 Apostolus
3536 1900 3605 1966 ⁸⁸,
3649 1899 3743 1953 Dei

2177 1991 2500 2060 sapientiam
2550 1992 2797 2060 loquere,
2852 1992 2917 2043 de
2972 1992 3188 2059 lleoque
3238 1991 3487 2044 dissere:
3516 2006 3581 2045 ac
3626 1999 3747 2045 tum

2177 2081 2341 2136 etiam
2386 2081 2613 2151 mystice
2650 2090 2705 2135 et
2733 2081 3127 2147 circumspecte
3173 2095 3237 2135 ea
3290 2096 3411 2150 qua:
3443 2082 3585 2149 apud
3628 2084 3754 2135 vul-

2176 2188 2333 2244 gares
2384 2173 2654 2238 homines,
2704 2173 2807 2227 hoc
2853 2182 2956 2237 est,
3013 2173 3238 2227 minime
3288 2183 3562 2242 purgatos,
3622 2174 3755 2228 abs-

2180 2266 2399 2320 condita
2449 2276 2615 2331 sunt,
2668 2266 2914 2320 discute.-
2959 2266 3035 2320 Ac
3099 2265 3367 2319 luminare
3418 2265 3473 2319 in
3541 2267 3757 2320 mundo

2178 2354 2380 2422 factus,
2435 2366 2491 2411 et
2541 2356 2686 2424 fulge
2740 2356 2877 2426 ipse,
2929 2365 2984 2409 et
3039 2354 3177 2410 alios
3230 2355 3465 2409 illustra.
3523 2353 3753 2409 lnterint

2178 2465 2329 2513 vero,
2359 2451 2538 2514 idest,
2571 2464 2856 2520 quousque
2886 2452 2950 2503 ad
2982 2462 3274 2519 supernum
3301 2448 3450 2502 illum
3484 2447 3758 2517 fulgorem

2185 2541 2525 2612 perveneris,
2574 2543 2804 2617 teipsum
2836 2556 3139 2612 pitepurga,
3196 2555 3265 2596 ac
3293 2538 3470 2593 Verbo
3507 2555 3757 2610 praepara

2179 2643 2234 2689 et
2283 2634 2571 2704 prtcinitia,
2617 2642 2673 2685 et
2723 2632 2872 2686 velut
2909 2647 3214 2702 praeexerce
3244 2639 3545 2700 (sacrarum
3581 2633 3760 2702 siqui.

2181 2727 2302 2779 dem
2352 2741 2532 2779 rerum
2588 2724 2844 2779 doctores
2891 2724 3138 2777 initiandi
3168 2724 3277 2777 vim
3316 2724 3536 2793 habent)
3564 2734 3623 2777 ut
3676 2736 3763 2778 ιαμ

2184 2816 2360 2885 ipsum
2386 2814 2620 2884 primum
2649 2815 2911 2868 beneﬂcio
2927 2814 3151 2868 aﬂieias.
3186 2812 3342 2880 Quod
3371 2814 3586 2881 quidem
3609 2813 3762 2869 futu-

2184 2923 2305 2961 rum
2340 2917 2455 2972 est,
2487 2907 2531 2961 si
2578 2922 2686 2960 non
2718 2906 2893 2962 solum
2948 2916 3001 2961 te
3035 2910 3106 2960 ita
3135 2920 3423 2975 compares
3448 2946 3465 2969 ,
3492 2917 3550 2961 ut
3582 2906 3762 2963 Deum

2184 3002 2458 3069 excipere,
2499 3000 2594 3055 sed
2644 3001 2772 3056 aliis
2829 3015 3045 3071 quoque
3091 2999 3271 3069 ipsum
3304 3000 3549 3070 proferre
3590 3010 3762 3072 atque

2107 3062 2150 3122 ο
2183 3092 2473 3146 ostendere
2497 3092 2781 3147 mercaris.

2254 3185 2385 3238 Ibid.
2429 3183 2489 3238 B.
2550 3182 2818 3249 Quoniam
2869 3193 3042 3236 autem
3082 3199 3320 3238 sermone
3363 3184 3626 3239 theatrum
3674 3205 3760 3241 re-

2180 3278 2541 3349 purgavimus,
2575 3287 2682 3331 etc.
2738 3276 3028 3342 QuOuiam,
3059 3276 3255 3346 ittqttit,
3285 3292 3558 3341 sermone,
3596 3296 3756 3347 quem

2181 3372 2248 3425 de
2303 3371 2442 3425 festo
2497 3370 2831 3433 habuimus,
2882 3368 3216 3422 auditorium
3282 3373 3753 3440 prmparav'rmus,

2187 3474 2352 3533 atque
2411 3472 2654 3518 attentos
2733 3462 3041 3515 auditorunt
3098 3463 3312 3515 animos
3380 3462 3759 3529 reddidimus,

2182 3570 2304 3624 age,
2358 3555 2442 3608 ‘de
2494 3553 2634 3608 festo
2679 3553 2956 3624 quidpiam
3002 3554 3357 3608 disseramus.
3393 3552 3458 3608 Et
3496 3559 3756 3623 quoniam

2183 3646 2506 3714 primarium
2556 3659 2620 3698 ac
2657 3645 2989 3713 praecipuum
3033 3643 3155 3698 festi
3182 3657 3368 3713 caput,
3408 3645 3498 3698 Dei
3530 3660 3609 3700 est
3643 3663 3755 3700 tne-

2182 3739 2354 3791 moria
2430 3737 2850 3807 divinitatisque
2927 3738 3321 3803 pertractatio,
3372 3735 3464 3790 Dei
3526 3739 3753 3808 proinde

2183 3829 2504 3883 memoriam
2546 3830 2906 3883 celebremus.
2961 3825 3096 3881 Nam
3146 3830 3292 3897 quod
3339 3829 3412 3883 ait
3439 3827 3651 3886 David:
3687 3828 3751 3883 1η

2180 3936 2298 3974 race
2357 3920 2732 3974 exsultatiouis
2798 3929 2850 3972 et
2903 3920 3248 3988 confessionis
3328 3935 3489 3973 setius
3557 3922 3749 3990 [extum

2181 4012 2445 4083 agentium
2475 4012 2553 4078 ²⁸;
2585 4022 2639 4065 et
2674 4027 2866 4066 rursus
2892 4027 2907 4063 :
2941 4010 3113 4078 Quasi
3148 4011 3448 4065 nutantium
3479 4011 3747 4066 hominum

2181 4103 2440 4157 habitatio
2469 4105 2521 4157 in
2560 4115 2606 4158 te
2641 4105 2710 4171 “,
2739 4105 2873 4158 nihil
2925 4104 3070 4158 aliud
3112 4106 3199 4159 hic
3232 4120 3400 4160 sonus
3447 4115 3550 4167 est,
3588 4121 3747 4175 quant

2185 4197 2276 4251 Dei
2335 4200 2474 4262 laus,
2515 4213 2637 4266 qua:
2686 4197 2754 4251 ab
2798 4198 2867 4251 iis
2904 4196 3249 4265 pra‘diratur,
3282 4196 3374 4266 qui
3418 4198 3753 4266 sempiterno

2182 4289 2275 4344 illo
2309 4290 2508 4359 gaudio
2537 4289 2684 4356 digni
2720 4289 2888 4342 habiti
2937 4298 3083 4343 sunt.
3138 4288 3293 4354 Quod
3342 4289 3387 4342 si
3437 4304 3498 4341 ea
3542 4306 3664 4358 qua:
3697 4289 3747 4342 in

509 4388 673 4453 malo,
709 4397 759 4441 et
814 4387 900 4457 [ac
934 4384 1126 4440 bonum
1153 4383 1217 4437 ".
1250 4379 1556 4451 Utrumque
1587 4380 1732 4434 enim
1769 4379 2076 4434 necessario
2111 4402 2152 4453 η
2182 4382 2428 4435 oratione
2473 4380 2540 4434 de
2590 4378 2881 4435 Nativitate
2931 4379 3065 4446 dixi,
3101 4394 3245 4434 lttlllc
3285 4395 3507 4449 quoque
3543 4393 3749 4450 repeto,

509 4482 805 4553 requiritur
830 4520 846 4544 ,
893 4480 1150 4534 nimirum
1193 4475 1388 4529 animae
1417 4472 1665 4543 purgatio
1685 4510 1703 4536 ,
1739 4481 1798 4525 ut
1829 4472 2077 4540 impurus

512 4577 655 4631 vitiis
702 4574 923 4645 spiritus
968 4572 1021 4624 in
1072 4569 1251 4637 fugam
1314 4581 1374 4620 se
1407 4564 1705 4634 conjiciat,
1752 4571 1806 4616 et
1862 4562 2077 4616 virtutis

511 4670 775 4731 accessio,
815 4673 874 4719 ut
902 4666 1081 4718 bonus
1121 4659 1347 4731 spiritus
1391 4659 1443 4713 in
1501 4657 1720 4710 domum
1761 4654 2072 4720 inducatur,

508 4778 572 4816 ae
608 4760 765 4814 locus
797 4758 1110 4825 impleatur,
1162 4760 1217 4807 et
1249 4750 1449 4805 virtute
1472 4748 1803 4814 eumuletur)
1830 4763 1844 4808 ;
1901 4756 2072 4801 totum

507 4858 815 4917 Christum,
862 4853 946 4908 vel
997 4861 1146 4906 certe
1201 4862 1364 4916 quam
1413 4845 1651 4898 maxime
1695 4843 1810 4895 fieri
1870 4851 2071 4912 potest,

506 4947 874 5005 admittentes,
923 4956 994 4993 ne
1049 4936 1299 4992 diabolus
1353 4936 1589 4998 rediens,
1624 4947 1690 4987 ac
1737 4931 1916 4987 locum
1974 4932 2075 4984 ali-

505 5052 669 5106 quem
718 5048 947 5089 vacuunt
1002 5029 1302 5092 offendens,
1356 5042 1480 5081 eum
1530 5026 1767 5096 impleat,
1801 5023 2072 5094 pernicio-

505 5132 817 5196 sioretnque
850 5141 916 5180 ex
953 5123 1149 5178 animis
1177 5118 1381 5175 nostris
1413 5117 1682 5173 oﬂicinam
1717 5116 1818 5170 sibi
1851 5114 2068 5178 ciliciat,

507 5220 910 5287 violentiusque
960 5222 1236 5278 excurrat,
1288 5221 1452 5279 atque
1495 5219 1816 5277 occupatam
1850 5207 2071 5261 domum

506 5311 693 5371 tutiori
752 5308 1007 5379 prmsidio
1068 5306 1279 5369 muniat
1336 5304 1400 5355 ⁸⁸.
1479 5301 1635 5368 Quod
1683 5301 1826 5356 enim
1881 5297 2072 5353 dilIici'

504 5402 612 5458 ltus
671 5408 1033 5475 expugnatur,
1089 5398 1166 5464 id,
1223 5411 1349 5453 cum
1407 5395 1576 5451 semel
1621 5401 1837 5462 captum
1881 5401 1986 5457 est,
2018 5401 2071 5447 et

577 5542 621 5573 ί*
656 5540 866 5596 Coloss.
901 5556 980 5600 ιιι.
1022 5541 1077 5609 5.,
1153 5540 1197 5571 ¹⁸
1238 5539 1389 5592 Deut.
1431 5536 1619 5599 H324.

506 5625 580 5674 tv,
631 5611 726 5665 9.5.
839 5610 883 5641 "
925 5612 1063 5663 l’sal.
1106 5624 1328 5667 Lxmst.
1364 5609 1386 5661 l
1425 5624 1578 5675 seqq.

510 5697 570 5744 tt.
604 5683 661 5737 6.
759 5681 801 5712 "
844 5681 988 5736 Psal.
1023 5696 1129 5740 ita,
1170 5678 1220 5732 5.
1299 5681 1343 5708 ²’
1384 5678 1524 5732 l‘sal.
1559 5691 1775 5740 nam,
1809 5676 1861 5728 7.

1697 5534 1885 5605 "Alsa‘.
1919 5552 1993 5600 χι,
2020 5535 2073 5597 9.,
2104 5536 2159 5589 '5.

1655 5606 1696 5636 ¹¹
1738 5603 1935 5659 Jeretu.
1970 5621 2042 5669 tv,
2101 5606 2122 5656 1
2161 5620 2311 5674 seqq.

2185 4473 2318 4526 nihil
2371 4474 2571 4525 mirttm
2617 4474 2742 4526 erit.
2790 4470 2946 4538 Nam,
3004 4483 3061 4526 ut
3104 4471 3347 4527 Platonis
3386 4472 3566 4527 verbis
3609 4484 3747 4533 utar,

2183 4566 2372 4617 eadem
2410 4566 2476 4617 de
2523 4564 2715 4619 iisdetu
2768 4564 2929 4619 rebus
2977 4558 3190 4633 loquar,
3239 4566 3290 4619 id
3342 4575 3447 4626 est,
3478 4566 3547 4618 de
3580 4567 3753 4618 tribus

2182 4656 2456 4725 personis.
2500 4655 2634 4710 Nam
2690 4658 2742 4709 itt
2804 4656 2930 4710 aliis
2975 4640 3211 4726 quidem
3252 4656 3415 4711 rebus
3456 4671 3521 4711 ac
3551 4666 3753 4710 tracta-

2183 4751 2349 4812 tibus,
2403 4749 2673 4804 orationis
2734 4749 3055 4803 varietatem
3112 4758 3166 4803 et
3227 4750 3438 4819 c0piam
3508 4751 3749 4804 studiose

2178 4841 2434 4895 aliectare
2481 4840 2792 4910 praestiterit
2834 4855 2848 4893 :
2893 4849 2950 4895 at
2996 4840 3053 4895 in
3085 4856 3149 4893 ea
3209 4840 3600 4909 disputatione,
3630 4856 3749 4907 qua:

2177 4934 2246 4989 de
2282 4933 2396 4988 Deo
2445 4934 2765 5003 suscipitur,
2811 4934 3228 5000 expressissima
3278 4942 3333 4985 et
3369 4932 3746 4986 cﬂieaeissima

2179 5026 2342 5079 verba
2391 5025 2726 5094 arripienda,
2780 5033 2835 5078 et
2897 5023 3189 5086 consertis,
3226 5022 3369 5091 quod
3410 5022 3588 5085 aiant,
3635 5037 3753 5075 ma—

2183 5115 2343 5171 nibus
2394 5118 2677 5170 retinenda
2726 5123 2853 5169 sunt
2899 5132 2914 5169 :
2957 5114 3169 5167 etiamsi
3205 5113 3499 5167 identidem
3559 5111 3745 5165 eadem

2184 5208 2347 5263 verba
2379 5208 2508 5262 mihi
2540 5207 2832 5278 repetenda
2868 5208 2999 5263 sint.
3041 5208 3308 5273 Quoniam
3340 5207 3488 5261 enim
3523 5207 3755 5265 lubrica.

2179 5311 2235 5356 et
2284 5301 2601 5373 periculosa:
2647 5302 2777 5354 alea:
2806 5301 2960 5370 plena
2994 5311 3078 5354 est
3124 5299 3423 5356 divinitatis
3475 5300 3750 5356 tractatio,

2180 5393 2433 5463 Deosque
2515 5402 2709 5447 natura
2799 5391 3165 5446 formidabilis
3236 5402 3322 5447 est
3398 5401 3452 5446 et
3541 5392 3755 5446 incom-

2237 5536 2279 5568 "
2314 5533 2457 5589 Psal.
2493 5551 2675 5597 χχχιι,
2702 5533 2794 5588 27.
2872 5533 2913 5564 ¹⁸
2951 5531 3082 5586 an.
3116 5548 3190 5593 λι.
3237 5532 3297 5585 21
3340 5531 3431 5585 26.

2412 5608 2454 5637 ²¹
2495 5606 2654 5670 Osee,
2693 5621 2745 5669 κ,
2808 5603 2888 5657 l2.
2974 5605 3019 5633 ¹³
3061 5604 3188 5672 Snp.
3243 5619 3280 5666 t,
3312 5602 3365 5655 4.

3512 5531 3553 5561 ¹¹
3594 5529 3754 5582 Prov.

3477 5602 3523 5631 “
3566 5601 3586 5652 ι
3628 5600 3754 5654 tlor.
