3958 6204
246 271 393 361 tein

1180 293 1504 357 NICETAS
1545 291 1625 352 IN
1666 288 1889 350 ORAT.
1927 288 2179 350 XXXIX
2220 292 2278 351 S.
2321 296 2552 356 GREG.

3385 300 3522 366 1230

246 413 656 485 preliensibilis,
691 412 913 477 idcirco,
948 412 1162 482 quoties
1197 411 1329 466 mibi
1380 410 1449 465 de
1501 407 1611 462 Deo
1659 405 1836 460 dissc-
1871 407 1913 460 A
1949 418 2130 458 rerum
2184 409 2431 464 omnium
2495 410 2784 466 Dominum
2845 421 3011 484 atque
3065 413 3525 486 omnipotentem,

248 508 405 562 rendi
442 506 743 562 necessitas
772 505 1062 571 incumbit,
1082 515 1195 559 tum
1228 504 1416 574 lingua
1445 499 1828 561 contremisco,

248 614 364 651 mni
410 607 755 666 meutc,qu:e
789 598 982 668 primis
1035 596 1353 652 uotiouibus
1387 595 1834 651 sublimioribus-

251 705 377 759 que,
403 705 565 760 quam
588 700 649 745 ut
680 689 1249 761 argumentationibus
1271 688 1584 743 confirmari
1607 697 1828 759 queant,

242 783 528 837 institutus
561 783 819 837 materias
882 782 1099 853 arripit,
1133 790 1248 835 tum
1304 781 1635 852 cogitatione
1666 780 1829 834 etiam

237 876 633 942 perhorresco,
668 889 790 944 quae
819 884 1269 945 arguntentm'um
1318 888 1516 927 causas
1566 887 1597 926 a
1650 879 1834 928 mente

240 968 548 1036 accipiens,
588 969 787 1023 tuentis
833 968 1161 1036 agitationes
1218 968 1531 1021 considerat
1580 966 1834 1037 veltttque

243 1057 547 1113 distribuit.
600 1060 798 1128 Atque.
864 1068 919 1113 ut
967 1060 1063 1129 ipsi
1113 1074 1331 1128 quoque
1375 1058 1832 1123 contremiscatis,

240 1164 402 1220 Opto.
436 1151 689 1208 llorroris
723 1153 866 1206 enim
931 1152 1157 1208 aﬂ‘ectus
1184 1153 1287 1207 hoc
1313 1154 1432 1206 loco
1473 1152 1685 1207 laudem
1719 1167 1834 1207 me-

240 1254 421 1310 retur,
453 1260 517 1299 ac
550 1245 712 1300 timor
747 1248 835 1300 hic
869 1247 1079 1301 beatus.
1118 1244 1286 1300 Deum
1323 1260 1489 1315 porro
1523 1262 1649 1300 cum
1685 1245 1829 1310 dico,

248 1340 447 1408 triplex
490 1354 772 1411 unumque
834 1340 1021 1394 lumen
1061 1338 1157 1393 tibi
1186 1339 1371 1393 animo
1402 1355 1646 1410 propone
1679 1358 1692 1393 :
1733 1340 1831 1393 tri-

251 1432 378 1500 plex
437 1432 677 1500 quidem,
720 1442 987 1503 quantum
1023 1432 1089 1487 ad
1147 1434 1495 1503 ltypostases,
1525 1442 1584 1488 ut
1632 1431 1831 1488 Orien-

251 1523 389 1577 tales
420 1523 690 1589 dicebant,
718 1526 821 1588 vel,
847 1533 905 1579 ut
938 1526 1076 1590 Itali,
1101 1539 1397 1595 personas;
1424 1540 1592 1578 unum
1625 1534 1829 1593 autem,

249 1626 517 1685 quantum
548 1618 612 1671 ad
637 1619 1002 1673 substantiam
1032 1627 1087 1672 et
1121 1618 1493 1673 adorationem
1541 1617 1833 1673 divisionis

249 1707 435 1760 omnis
469 1716 763 1777 expertem.
793 1706 1005 1761 Etenim
1041 1706 1304 1762 dividitur
1334 1709 1556 1777 quidem
1593 1707 1671 1777 (7)
1704 1723 1835 1778 pro-

243 1811 375 1869 pter
410 1806 523 1854 tres
555 1814 817 1869 personas
848 1816 863 1854 :
894 1809 1176 1864 eteterum,
1210 1800 1571 1855 indistinctim
1615 1813 1835 1871 prepter

249 1892 561 1947 divinitatis
582 1893 841 1947 unitatem
867 1909 885 1947 :
918 1907 983 1948 ac
1013 1907 1209 1947 rursus
1241 1892 1585 1948 connectitur
1614 1893 1834 1963 quidem

252 1993 476 2055 prepter
534 1984 840 2041 divinitatis
890 1984 1252 2047 identitatem,
1301 1983 1602 2039 distiuctim
1647 1993 1833 2040 autem

254 2086 480 2147 prepter
546 2090 906 2147 personarum
967 2076 1289 2132 trinitatem.
1336 2073 1519 2131 Unum
1577 2076 1724 2132 enim
1779 2076 1834 2131 in

248 2171 433 2226 tribus
492 2169 751 2225 divinitas
794 2178 899 2236 est,
939 2178 995 2225 et
1033 2169 1135 2224 tria
1169 2184 1360 2234 unum,
1406 2184 1472 2225 ea
1523 2168 1578 2224 in
1634 2169 1837 2241 quibus

249 2264 513 2319 divinitas
562 2273 680 2330 est,
722 2262 809 2317 vel
862 2262 1046 2333 potius
1100 2278 1222 2334 qua:
1271 2262 1536 2319 divinitas
1592 2271 1742 2327 sunt,
1780 2272 1839 2318 ut

248 2358 429 2428 magis
451 2359 673 2429 proprio
702 2365 757 2412 et
784 2365 982 2412 exarto
1018 2357 1186 2412 verbo
1216 2366 1364 2421 utar,
1394 2371 1459 2412 ac
1485 2372 1555 2412 ne
1574 2357 1836 2429 cuiquam

250 2468 286 2507 a
340 2468 428 2507 me
472 2452 692 2508 occasio
739 2451 1062 2521 suspicandi
1112 2452 1294 2517 detur,
1319 2451 1658 2507 divinitatem
1689 2452 1837 2507 aliud

252 2544 514 2614 quiddam
563 2559 686 2600 esse
742 2552 940 2615 prartcr
987 2544 1124 2609 haec,
1156 2551 1252 2598 aut
1280 2544 1608 2614 compositio
1642 2544 1750 2599 ulla
1782 2544 1837 2600 in

253 2639 597 2710 simplicibus
637 2638 981 2709 escogitetur
1019 2654 1036 2692 :
1074 2645 1192 2692 tum
1225 2638 1391 2693 etiam
1425 2641 1554 2709 quia
1580 2639 1840 2695 divinitas

250 2734 507 2803 personis
554 2731 963 2803 quodammodo
1020 2732 1388 2788 coessentiata
1418 2740 1523 2787 est.
1567 2730 1840 2788 Escessus

253 2836 438 2880 autent
491 2840 556 2880 ac
599 2823 850 2881 defectus
901 2826 1106 2881 missos
1145 2823 1441 2892 faciamus,
1494 2839 1597 2880 nec
1652 2825 1841 2895 plures

252 2936 520 2990 personas
574 2921 757 2976 tribus
808 2919 1164 2983 conﬁtentes,
1219 2934 1321 2974 nec
1363 2919 1676 2989 pauciores.
1721 2918 1838 2982 Vel,

252 3031 355 3070 nec
376 3016 722 3083 escedeutes,
745 3023 805 3069 ut
828 3014 1016 3081 Arius,
1064 3029 1189 3070 cum
1217 3023 1329 3069 tres
1356 3024 1582 3069 naturas
1635 3013 1844 3069 inducit

1936 499 2092 568 quasi
2128 500 2181 554 in
2214 502 2426 572 apicem
2459 505 2750 574 quemdam
2786 516 2840 561 et
2870 506 3147 578 fastigium
3174 508 3362 579 colligi
3389 524 3523 565 con-

1936 588 2193 661 trahique
2216 591 2442 647 omnino
2478 595 2853 650 necessarium
2891 606 2996 652 cst.
3021 596 3157 652 Nam
3184 598 3286 655 hac
3310 600 3524 655 ratione

1936 681 2095 737 nobis
2129 682 2331 739 divina:
2368 682 2654 743 Trinitatis
2704 688 2953 742 doctrina
2986 698 3041 744 et
3069 698 3257 744 sancta
3297 690 3523 746 unitatis

1937 773 2254 841 praedicatio
2290 777 2584 833 constabit.
2626 779 2731 834 Sed
2763 780 3045 836 videamus
3066 781 3197 850 quid
3231 782 3521 851 signiticet,

1935 880 1998 918 ex
2065 865 2353 923 diametro.
2414 868 2692 927 Diameter
2741 873 2794 927 in
2848 874 3075 931 circulis
3129 884 3213 930 cst
3269 874 3518 945 quaedam

1937 968 2084 1013 reda
2128 960 2292 1026 linea,
2340 979 2485 1033 quze,
2524 981 2621 1035 per
2645 975 2894 1022 centrum
2930 968 3117 1035 ducta,
3142 967 3194 1023 in
3232 979 3524 1039 utramque

1935 1062 2146 1121 partem
2205 1058 2550 1124 terminatur,
2599 1070 2764 1130 atque
2818 1060 2872 1114 in
2914 1062 3049 1116 duas
3101 1075 3289 1130 aquas
3339 1072 3524 1129 partes

1934 1144 2203 1200 circulum
2235 1160 2404 1214 secat,
2437 1149 2705 1205 diametcr
2740 1153 2885 1207 dicta
2915 1154 3066 1224 παρὰ
3101 1153 3161 1206 τὸ
3197 1153 3524 1221 διαμετρεῖν

1933 1236 2026 1289 τὸν
2054 1237 2176 1292 ὅλον
2202 1239 2404 1295 κύκλον
2431 1244 2512 1305 εἰς
2547 1245 2643 1296 ἶσα
2667 1243 2761 1298 δύο
2790 1245 2957 1317 μέρη,
2981 1245 3033 1299 id
3056 1254 3160 1309 est,
3174 1245 3320 1315 quod
3347 1255 3524 1300 totum

1934 1329 2204 1384 circulum
2242 1331 2294 1385 in
2326 1332 2466 1389 duas
2516 1346 2697 1403 partes
2739 1337 2979 1406 aequales
3014 1337 3350 1391 dimetiatur.
3396 1334 3525 1389 Sola

1934 1422 2080 1475 enim
2134 1423 2250 1478 ltzec
2301 1423 2443 1479 linea
2484 1424 2535 1480 id
2570 1425 2760 1481 efﬁcit.
2798 1427 2856 1481 In
2887 1427 3283 1498 quadrangulis
3309 1433 3519 1490 autem,

1935 1515 2019 1568 vel
2073 1515 2239 1569 etiam
2290 1516 2345 1570 in
2399 1516 2791 1588 quadrilatcris
2848 1519 3077 1590 figuris,
3125 1519 3393 1574 diatnetcr
3442 1527 3531 1573 est

1935 1606 2186 1677 qua-dam
2227 1615 2377 1662 recta
2411 1608 2550 1663 linea
2601 1609 2670 1664 ab
2706 1611 2908 1681 angulo
2951 1612 3018 1666 ad
3056 1612 3317 1681 angulum
3342 1611 3528 1673 ducta,

1939 1698 1993 1751 in
2056 1698 2195 1753 duas
2232 1699 2471 1769 aequales
2522 1711 2703 1769 partes
2750 1702 2989 1772 spatium
3033 1704 3314 1761 scindens.
3350 1703 3531 1769 Quare

1938 1805 2001 1844 ea
2038 1807 2102 1845 ex
2134 1790 2402 1846 diametro
2460 1793 2713 1863 Opposita
2764 1793 3046 1857 dicuntur,
3107 1811 3231 1866 qua:
3289 1796 3529 1850 multum

1940 1881 2080 1937 inter
2105 1897 2164 1938 se
2195 1882 2731 1955 distant,quoniam,
2769 1892 2878 1939 tam
2913 1885 2968 1939 in
2999 1885 3224 1941 circulis
3274 1902 3440 1956 quant
3474 1887 3528 1939 in

1936 1974 2329 2046 quadrangulis
2386 1986 2482 2032 aut
2532 1977 2942 2047 quadrilateris,
3018 1979 3168 2032 nulla
3220 1979 3397 2049 major
3444 1987 3530 2033 est

1938 2066 2109 2121 sectio
2157 2083 2321 2137 quam
2370 2083 2433 2123 ea
2481 2083 2606 2138 quae
2657 2085 2753 2138 per
2785 2068 3115 2124 diametrum
3148 2070 3226 2124 fit.
3266 2069 3529 2136 Quando-

1937 2159 2157 2229 quidem
2178 2160 2367 2229 igitur,
2393 2170 2450 2215 et
2477 2160 2703 2216 Sabeiiii
2729 2163 3061 2230 contractio,
3089 2172 3144 2219 et
3166 2162 3283 2219 Arii
3305 2163 3528 2228 divisio.

1940 2250 2170 2304 unitatis
2205 2264 2273 2306 ac
2310 2252 2682 2309 multitudinis
2726 2254 2874 2310 inter
2907 2270 2968 2312 se
2998 2255 3266 2334 rationem
3304 2255 3529 2317 habent.

1938 2356 2003 2396 es
2063 2341 2331 2397 diametro
2391 2345 2617 2415 quidem
2653 2346 2798 2400 inter
2848 2361 2911 2403 se
2951 2348 3205 2418 opposita
3245 2356 3377 2404 sunt
3415 2346 3531 2403 haec

1941 2434 2109 2496 mala,
2161 2433 2267 2490 hoc
2315 2447 2421 2502 est,
2472 2437 2709 2492 maxime
2744 2438 3056 2504 contraria,
3092 2454 3283 2493 verum
3331 2438 3530 2509 impie-

1939 2535 2051 2581 tate
2106 2527 2282 2596 paria,
2316 2537 2503 2598 utpote
2534 2544 2688 2600 atque
2740 2524 3049 2602 perniciosa
3085 2550 3101 2588 :
3135 2532 3340 2587 malum
3377 2532 3529 2588 enim

1944 2617 2229 2687 utriusque
2259 2621 2469 2689 aequale
2497 2632 2602 2689 est,
2627 2623 2845 2677 tametsi
2881 2624 2933 2677 in
2969 2623 3265 2680 contrariis
3290 2624 3531 2697 reperia-

1943 2717 2051 2762 tur.
2079 2708 2248 2765 Nobis
2270 2723 2470 2778 autem,
2491 2723 2549 2767 ιιι
2570 2730 2694 2768 cum
2719 2715 3212 2788 Apostololoquar,
3230 2733 3366 2771 unus
3395 2716 3532 2771 Deus

1940 2799 2123 2865 Pater,
2147 2818 2214 2856 ea:
2230 2818 2332 2872 quo
2351 2805 2551 2870 omnia,
2568 2822 2705 2859 unus
2719 2805 2977 2862 Dominus
2990 2808 3148 2863 Iesus
3165 2808 3432 2869 Christus,
3444 2824 3526 2877 pa

1941 2908 2092 2964 quem
2122 2895 2325 2962 omnia,
2343 2907 2389 2949 et
2408 2913 2544 2950 unus
2559 2895 2794 2965 Spiritus
2820 2911 3058 2965 sanctus,
3077 2901 3131 2954 in
3148 2916 3253 2971 quo
3271 2901 3451 2954 omnia
3466 2900 3512 2931 "

1945 2983 2070 3042 llaec
2096 2997 2279 3043 autem
2302 2990 2430 3054 tria,
2449 3006 2672 3061 nempe:
2701 2991 2786 3047 Ea:
2806 3009 2931 3064 quo,
2956 3010 3050 3064 per
3077 3011 3228 3065 quem
3251 2994 3379 3051 etin
3408 3010 3533 3064 quo,

257 3111 391 3176 (una
423 3106 697 3177 enim-est)
721 3123 737 3173 ;
762 3121 866 3162 nec
889 3105 1227 3171 deficientes,
1254 3115 1314 3161 ιιι
1340 3104 1637 3169 Sabellius,
1677 3121 1841 3161 unam
1872 3115 1914 3171 ο
1948 3089 2171 3177 "aufras
2199 3090 2255 3177 ’ξι
2285 3083 2628 3177 ⁶¹¹ίξ⁵ξ²ξ¹ξί³⁵
2661 3086 2888 3177 "'i"i'_“°
2921 3085 3184 3177 ξοίξίίυηί
3208 3125 3224 3149 ι
3259 3087 3533 3177 ⁴Ι¹¹9¹¹¹³⁴¹’

252 3215 550 3270 personam
602 3199 907 3266 afﬁrmans,
936 3213 1064 3254 cum
1112 3207 1226 3254 tres
1280 3200 1416 3255 sint.
1465 3198 1576 3254 Nec
1633 3199 1841 3254 unione

256 3292 639 3348 confusionem
688 3290 979 3357 facientes,
1004 3306 1272 3361 personas
1317 3292 1529 3347 scilicet
1561 3306 1668 3344 non
1701 3292 1841 3345 divi-

258 3386 436 3441 dendo
493 3385 621 3458 (hoc
691 3385 839 3439 enim
893 3393 980 3439 est
1026 3380 1331 3451 confusio),
1377 3383 1838 3453 quemadmodum

255 3476 384 3531 fecit
425 3475 720 3538 Sabellius,
754 3482 868 3529 tres
909 3487 1176 3543 personas
1209 3473 1264 3527 in
1291 3488 1456 3526 unam
1508 3476 1842 3530 contrahens

252 3577 422 3633 atque
454 3565 812 3634 permiscens.
848 3560 960 3619 Nec
981 3563 1254 3618 divisione
1289 3562 1689 3633 sejunctioncm
1725 3566 1841 3619 etil-

254 3661 486 3723 cientes,
543 3657 912 3713 substantiam
971 3656 1229 3712 videlicet
1281 3671 1392 3712 non
1465 3659 1842 3713 contrahendo

256 3753 385 3817 (hoc
410 3763 556 3804 enim
587 3748 856 3818 sejunctio
878 3746 1007 3819 est),
1038 3761 1150 3816 quo
1173 3749 1425 3818 prorupit
1442 3748 1555 3803 Arii
1585 3749 1840 3816 audacia,

252 3857 379 3896 eum
407 3840 748 3896 divinitatem
779 3839 837 3894 in
887 3847 1002 3894 tres
1025 3847 1257 3894 naturas
1288 3855 1318 3894 a
1353 3855 1414 3896 se
1444 3841 1675 3896 invicem
1704 3841 1841 3897 alie-

252 3950 354 3989 nas
378 3933 586 3988 divisit.

323 4044 398 4099 Ac
433 4041 793 4098 Sabellismus
819 4040 1041 4113 quidem
1071 4040 1419 4098 Judaismutn
1446 4042 1636 4109 refert,
1671 4044 1839 4099 nimio

254 4154 374 4192 rum
427 4151 592 4192 unam
675 4137 841 4189 trium
916 4136 1233 4207 hypostasin
1296 4148 1567 4204 statuens,
1613 4152 1838 4209 remque

256 4244 421 4282 unam
452 4229 600 4282 varia
641 4228 865 4282 nomina
898 4227 1186 4282 habentem
1222 4245 1345 4284 esse
1378 4231 1590 4292 dicens,
1616 4230 1833 4286 Patrem

253 4332 309 4375 et
337 4320 533 4375 Filium
566 4328 621 4374 ct
651 4319 917 4387 Spiritum
947 4331 1197 4376 sanctum
1223 4338 1238 4389 ;
1270 4323 1613 4379 Arianismus
1651 4336 1833 4379 autem

254 4428 378 4466 cum
407 4410 734 4467 etltuicistuo
761 4412 1037 4476 convenit,
1071 4422 1255 4482 utpote
1294 4430 1388 4484 per
1419 4421 1582 4471 trium
1615 4426 1838 4472 natura-

259 4521 377 4559 rum
422 4504 785 4559 assertionem
837 4503 1064 4557 dcorum
1099 4505 1499 4561 multitudinem
1555 4508 1835 4564 invehens.

260 4597 826 4669 lit,quemadtnodum
856 4597 932 4651 ait
955 4611 1188 4668 magnus
1219 4596 1509 4669 Dionysius
1528 4598 1831 4668 Romanus,

258 4693 441 4746 Ariani
469 4707 594 4747 eam
620 4688 845 4747 Sabellii
876 4692 1146 4746 sententia
1179 4706 1245 4746 ex
1273 4690 1544 4747 diametro
1568 4706 1833 4764 pugnant.

259 4784 524 4840 Sabellius
578 4786 725 4840 enim
773 4784 1025 4840 eumdem
1086 4800 1208 4840 esse
1270 4785 1467 4842 Filium
1526 4797 1582 4843 et
1621 4789 1834 4844 Patrem

260 4872 420 4943 impie
453 4878 670 4938 asserit,
695 4887 749 4931 et
782 4888 971 4932 contra
998 4877 1249 4933 eumdem
1282 4877 1496 4934 Patrem
1521 4892 1575 4935 et
1596 4880 1833 4949 Filium;

257 4966 439 5021 Ariani
525 4978 706 5024 autem
751 4979 862 5026 tres
903 4972 1037 5027 deos
1070 4974 1478 5045 quodammodo
1510 4980 1828 5048 pradicant,

258 5071 501 5116 sanctam
547 5062 809 5117 unitatem
850 5063 904 5116 itt
939 5074 1048 5120 tres
1076 5081 1341 5135 personas
1376 5069 1516 5123 inter
1539 5086 1597 5126 se
1620 5073 1831 5129 alienas

255 5168 319 5205 ac
374 5166 601 5220 prorsus
671 5163 951 5224 separatas
998 5156 1327 5214 dividentes.
1384 5160 1638 5219 Divinum
1688 5168 1833 5222 enim

262 5241 491 5297 Verbum
542 5242 653 5299 Deo
699 5260 882 5300 rerum
931 5247 1310 5306 universarum
1346 5258 1559 5309 unitunt
1592 5273 1715 5314 esse
1743 5275 1837 5314 ne-

258 5349 404 5389 «esse
434 5345 539 5399 est,
594 5351 660 5391 ac
705 5335 969 5409 Spiritum
1005 5350 1257 5399 sanctum
1292 5345 1347 5400 in
1386 5344 1497 5402 Deo
1543 5350 1745 5417 inesse,
1775 5369 1838 5410 ac

257 5437 531 5495 postremo
606 5428 849 5484 divinam
926 5429 1253 5491 Trinitatem
1315 5438 1369 5493 in
1433 5456 1603 5497 unum
1666 5443 1836 5502 Deum

322 5546 367 5576 ν
399 5543 416 5598 1
447 5545 572 5603 Cor.
605 5564 722 5613 vui,
750 5549 806 5606 6.
883 5553 967 5607 ³⁸1
1001 5555 1124 5611 Cor.
1160 5573 1198 5621 ι,
1226 5559 1280 5614 9.
1358 5562 1403 5593 ”
1443 5563 1655 5623 Coloss.
1687 5585 1748 5635 Il,
1788 5574 1875 5629 l9.

321 5660 396 5741 (ἶ)
435 5662 701 5718 Dividitur
728 5667 1056 5743 quidem.”
1088 5681 1194 5732 est.
1258 5682 1535 5735 contraria
1577 5684 1718 5737 inter
1774 5703 1833 5743 se

257 5740 545 5821 conjuncta
571 5745 719 5821 sunt,
747 5740 891 5820 quod
915 5742 1114 5821 mirum
1147 5755 1232 5821 est
1261 5764 1275 5800 :
1308 5751 1568 5805 nimirutn
1601 5740 1829 5810 divisEo;

260 5816 309 5856 ut
348 5812 550 5868 unitas,
574 5815 627 5859 et
655 5812 1032 5873 coniunctioni
1056 5813 1257 5872 divisio
1308 5837 1319 5872 :
1363 5820 1434 5874 ita
1474 5831 1532 5876 ut
1565 5839 1667 5879 nec
1689 5826 1829 5882 divi—

1948 3171 2170 3222 modum
2209 3169 2449 3226 ltmretici
2479 3172 2774 3239 blaterant,
2805 3174 2954 3230 Patri
2989 3174 3075 3227 Ea:
3110 3192 3212 3244 quo
3239 3176 3531 3243 assignan-

1940 3270 1963 3316 t
1983 3279 2044 3324 is,
2069 3260 2208 3315 Filio
2235 3261 2338 3315 Per
2370 3277 2547 3330 quem,
2576 3272 2629 3317 et
2652 3260 2882 3332 Spiritui
2912 3272 3107 3319 sancto
3146 3263 3213 3317 In
3243 3281 3366 3334 quo.
3395 3265 3533 3322 Nam

1945 3352 1991 3407 si
2035 3355 2171 3412 haec,
2236 3361 2295 3405 ut
2353 3352 2460 3422 ipsi
2511 3353 2838 3421 opinantur,
2898 3362 3125 3411 naturas
3188 3371 3533 3427 separarent,

1948 3458 2295 3514 nequaquam
2344 3445 2413 3498 ab
2445 3460 2558 3500 uno
2585 3445 2707 3502 loco
2736 3447 2792 3501 in
2821 3446 2989 3503 alium
3026 3448 3207 3504 locum
3240 3461 3338 3505 trav
3364 3453 3531 3507 sirent

1947 3535 2031 3590 Ine
2075 3534 2490 3605 prapositiones
2522 3553 2611 3603 ex,
2662 3554 2758 3608 per
2799 3548 2855 3595 et
2899 3541 2994 3607 in;
3033 3557 3224 3596 verum
3258 3544 3326 3597 dc
3374 3543 3532 3599 Patre

1945 3640 2164 3695 semper
2215 3626 2516 3695 diceretur,
2549 3627 2636 3683 Ex
2681 3647 2825 3700 quo;
2878 3632 2947 3686 de
3001 3632 3142 3687 Filio
3187 3644 3394 3701 autem,
3436 3635 3529 3691 Pet

1944 3733 2130 3787 quem;
2158 3726 2213 3773 et
2239 3719 2305 3775 de
2336 3719 2544 3790 Spiritu
2578 3731 2797 3788 sancto,
2830 3721 2899 3777 In
2932 3741 3063 3796 quo.
3097 3726 3261 3796 Atqui
3295 3728 3438 3785 inter
3475 3746 3532 3785 se

1947 3819 2248 3865 mutantur.
2292 3809 2664 3868 Ostendemus
2741 3814 2887 3870 enim
2946 3831 3050 3873 nec
3126 3816 3343 3873 Patrem
3400 3820 3533 3878 illud

1948 3897 2033 3952 Ex
2070 3916 2172 3969 quo
2225 3900 2613 3970 accipientem,
2647 3901 2789 3959 Filio
2849 3903 2959 3959 Per
3000 3923 3153 3976 quem
3205 3910 3532 3979 reliquisse;

1944 4004 2047 4045 nec
2069 4006 2262 4046 rursus
2293 3991 2489 4046 Filium
2518 3992 2589 4047 ab
2619 3993 2815 4049 barum
2848 3997 3241 4064 particularum
3271 4014 3532 4056 continu-

1945 4082 2143 4148 nione,
2192 4082 2275 4136 Ea:
2310 4100 2439 4160 quo,
2474 4094 2528 4140 et
2570 4084 2680 4140 Per
2713 4102 2907 4156 quem,
2959 4087 3220 4157 Spiritum
3276 4102 3531 4148 sanctum

1947 4188 2156 4227 arcere.
2181 4170 2315 4227 Nam
2356 4184 2411 4230 et
2444 4175 2513 4230 de
2548 4177 2707 4232 Patre
2735 4177 2939 4233 dicitur
2958 4179 3062 4234 Per
3095 4198 3248 4252 quem
3281 4201 3302 4238 :
3329 4182 3532 4239 Fidelis

1942 4262 2115 4326 enim,
2161 4261 2362 4331 inquit,
2390 4263 2534 4318 Deus
2562 4280 2657 4334 per
2685 4283 2837 4336 quem
2871 4272 3043 4325 vocali
3092 4289 3276 4327 smnus
3311 4277 3382 4328 ad
3407 4293 3531 4346 par-

1943 4353 2305 4422 ticipationem
2339 4351 2477 4408 Filii
2518 4359 2603 4409 sui
2630 4358 2697 4412 ".
2730 4356 2797 4413 Et
2838 4359 2907 4414 de
2967 4360 3128 4425 Filio,
3164 4362 3248 4417 Ea:
3293 4381 3437 4431 quo;
3473 4368 3529 4420 in

1872 4449 1915 4505 υ
1946 4442 2184 4514 Epistola
2217 4444 2363 4501 enim
2402 4447 2470 4502 ad
2506 4446 2864 4507 Colossenses
2893 4453 2961 4507 ad
2980 4468 3098 4520 eos,
3124 4456 3217 4524 qui
3251 4454 3530 4525 Unigcniti

1945 4538 2258 4608 cognitione
2281 4540 2562 4606 carebant,
2587 4542 2794 4599 dictum
2823 4552 2909 4600 est
2938 4562 2954 4600 :
2990 4543 3115 4599 Non
3140 4556 3316 4601 tenens
3348 4562 3528 4615 capu',

1936 4631 1988 4686 id
2020 4642 2123 4696 est,
2156 4631 2464 4698 Christum,
2490 4651 2556 4689 ea:
2588 4652 2691 4705 quo
2725 4654 2877 4692 omne
2923 4655 3117 4709 corpus
3149 4656 3242 4708 per
3279 4644 3530 4695 commis-

1933 4740 2089 4779 suras
2123 4735 2170 4779 et
2201 4727 2537 4797 compagines
2578 4728 3044 4785 subministratum
3090 4733 3275 4787 crescit
3317 4736 3375 4786 in
3432 4750 3529 4786 au-

1934 4825 2200 4884 gmentum
2236 4815 2332 4871 Dei
2364 4819 2430 4872 ¹⁹.
2474 4818 2541 4873 Et
2590 4836 2781 4876 rursus
2806 4821 2994 4877 eodem
3032 4825 3197 4877 modo
3219 4824 3286 4879 de
3320 4825 3529 4894 Spiritu

1936 4917 2153 4969 sancto,
2186 4905 2273 4959 Ea:
2318 4923 2422 4977 quo
2474 4908 2700 4963 dicitur.
2728 4909 2836 4976 Qui
2878 4913 3040 4975 enim,
3072 4913 3269 4982 inquit,
3300 4915 3528 4974 sentiunt

1938 4999 1993 5052 in
2018 4997 2246 5068 Spiritu,
2275 5015 2342 5053 ea:
2365 5000 2573 5070 Spiritu
2595 5013 2749 5058 metet
2773 5006 2936 5059 vitam
2967 5017 3224 5061 (sternant
3245 5007 3313 5060 ³⁰.
3349 5009 3528 5077 Atque

1938 5093 2101 5146 etiam
2160 5094 2226 5149 de
2271 5094 2462 5149 eodem
2509 5093 2617 5150 Per
2664 5113 2817 5166 quem
2863 5099 3111 5155 dicitur:
3163 5100 3333 5156 Nobis
3360 5103 3522 5167 enim,

1938 5183 2136 5252 inquit,
2172 5182 2313 5237 Deus
2338 5200 2431 5253 per
2457 5182 2720 5255 Spiritum
2759 5188 3005 5243 revelari!
3037 5189 3106 5243 “.
3134 5189 3337 5246 Eadem
3376 5192 3527 5247 etde

1939 5275 2170 5345 syllaba,
2205 5272 2298 5338 In,
2347 5276 2530 5332 dicere
2580 5292 2897 5348 possumus,
2926 5296 3093 5350 quant
3141 5282 3307 5338 etiam
3367 5283 3521 5339 Scri-

1937 5377 2118 5435 ptura,
2148 5368 2217 5422 de
2269 5367 2431 5424 Patre
2489 5370 2652 5426 verba
2713 5370 2943 5438 faciens,
2987 5374 3231 5431 admittit
3262 5394 3277 5432 :
3311 5374 3381 5431 In
3416 5375 3526 5431 Deo

1938 5456 2098 5521 enim,
2132 5455 2344 5525 inquit,
2395 5458 2486 5525 qui
2535 5459 2717 5513 omnia
2750 5461 3035 5519 creauit".
3069 5466 3246 5535 Atque
3274 5464 3343 5520 ad
3378 5465 3523 5520 hunc

1955 5574 1998 5606 ³ο
2025 5574 2201 5629 Galat.
2221 5568 2295 5639 vi,
2326 5571 2378 5626 8.
2484 5574 2524 5607 ⁸¹
2556 5574 2573 5629 Ι
2606 5575 2737 5631 Cor.
2777 5593 2838 5644 tt,
2878 5577 2965 5634 i0.
3043 5579 3089 5612 "
3123 5576 3323 5651 Ephes.
3352 5594 3436 5647 ιιι,
3467 5580 3534 5635 9.

1940 5691 2023 5744 sio
2057 5692 2261 5743 unione
2300 5700 2505 5754 careat,
2561 5708 2663 5747 nec
2699 5710 2894 5750 rursus
2927 5694 3060 5749 unio
3106 5695 3396 5749 divisionis
3450 5691 3516 5745 sit

1935 5775 2151 5829 espers.
2203 5762 2407 5832 lltecin
2447 5762 2635 5818 codice
2670 5763 2892 5832 Reginae
2934 5765 3375 5832 interpretationi
3425 5759 3519 5817 Νι»

1936 5842 2068 5929 cette
2090 5828 2317 5885 confuse
2348 5832 2553 5887 iusetta
2585 5834 2650 5889 ad
2688 5828 2893 5890 calcem
2927 5828 3154 5903 rejirere
3201 5832 3375 5888 libuit.
