3958 6204
568 231 695 299 1231

1955 229 2131 287 ΛΟΠΞ

2240 232 2332 288 η·
3716 222 3809 301 ἴῖῖῖ

558 349 786 404 modum
842 347 940 401 has
976 344 1386 415 praepositiones
1428 356 1819 412 nonnunquam
1860 342 2134 395 immutari
2165 345 2208 402 Α
2244 342 2365 394 licet
2397 356 2499 393 non
2540 352 2658 412 post
2690 341 2920 397 Palmm.
2998 342 3278 411 Spiritus
3329 355 3558 400 sanctus
3604 364 3707 404 τετυ
3735 374 3797 424 δικ.

561 440 1079 496 demonstravimus.
1152 436 1412 506 Sequitur
1476 435 1588 505 jam
1671 445 1728 488 ut
1786 435 2139 489 ostendamus

564 535 744 602 ipsum
778 546 992 602 quoque
1020 530 1302 583 nominum
1335 527 1580 580 ordinem
1620 527 1909 595 aliquoties
1943 526 2137 579 itthr'li

564 636 730 693 atque
775 626 1076 691 transponi,
1111 637 1210 675 nec
1263 618 1477 674 Patrem
1526 636 1741 689 semper
1800 619 1975 688 primo
2020 621 2139 672 loco

568 715 864 775 numerari,
898 713 1093 767 Filium
1129 716 1388 775 secundo,
1424 724 1474 766 et
1504 711 1663 765 tertio
1697 710 1962 780 Spiritum
2012 727 2141 765 san-

565 819 711 859 ctum
750 823 768 860 :
798 806 889 860 sed
944 805 1108 858 etiam
1144 806 1449 873 permutato
1480 810 1643 871 atque
1670 802 1887 856 inverso
1925 802 2138 865 ordine,

567 906 624 951 ut
650 899 702 950 in
733 897 824 951 illo
862 896 1106 967 Apostoli
1142 896 1260 950 loco
1294 914 1307 949 :
1348 889 1533 948 Gratia
1568 892 1783 947 Domini
1814 892 1982 947 nostri
2012 891 2139 946 Iesu

564 987 798 1053 Christi,
850 999 895 1040 et
957 984 1193 1040 citaritas
1239 985 1332 1038 Dei
1376 983 1593 1047 Patris,
1627 992 1677 1036 et
1732 983 2139 1036 communicatio

564 1081 734 1133 sancti
764 1077 993 1148 Spiritus
1026 1078 1097 1132 sit
1131 1093 1247 1131 cum
1275 1076 1517 1130 erunibus
1546 1075 1687 1129 vobis
1712 1075 1778 1130 ³⁸.
1807 1075 1870 1128 Ει
1900 1090 2089 1130 rursus
2119 1092 2133 1129 :

564 1170 859 1225 Divisioncs
911 1170 1209 1240 gratiarum
1263 1177 1408 1231 sunt,
1449 1167 1584 1221 idem
1640 1176 1814 1220 autem
1858 1164 2088 1235 Spiritus
2118 1178 2139 1217 :

563 1275 610 1316 et
643 1263 925 1316 divisiones
978 1260 1427 1315 ministrationum
1462 1268 1606 1323 sunt,
1642 1260 1780 1311 idem
1806 1268 1981 1311 autem
2032 1260 2141 1311 Do-

562 1356 734 1406 minus
770 1370 789 1407 .'
832 1363 879 1407 et
917 1354 1195 1407 divisiones
1223 1351 1586 1415 operutionum
1623 1359 1765 1414 sunt,
1794 1350 1931 1403 idem
1964 1359 2140 1403 autem

561 1441 702 1495 Deus
720 1441 784 1496 “.
820 1443 910 1497 En
950 1441 1226 1512 quomodo
1272 1441 1324 1494 in
1362 1441 1448 1494 his
1484 1441 1618 1495 locis
1666 1439 1802 1493 ordo
1852 1440 2136 1493 nominum

561 1532 816 1588 inversus
848 1534 937 1588 sit.
974 1532 1263 1588 liuimvero
1295 1530 1555 1597 haeretici,
1597 1531 1678 1585 Ea:
1715 1547 1838 1601 quo,
1867 1531 1933 1585 de
1971 1544 2136 1585 causa

548 1625 667 1677 vdiei
705 1624 977 1678 affirmant
1012 1641 1025 1677 :
1065 1623 1169 1676 Per
1218 1639 1392 1694 quem,
1424 1623 1491 1677 de
1521 1637 1726 1692 organo
1758 1639 1772 1687 ;
1808 1620 1873 1674 1n
1906 1638 2006 1691 quo
2027 1662 2042 1686 ,
2074 1623 2140 1676 de

546 1718 723 1782 loco;
775 1724 940 1783 atque
977 1715 1101 1769 hinc
1153 1714 1435 1784 colligunt,
1472 1713 1617 1785 quod
1667 1715 2125 1782 quennulmodutn

559 1809 661 1862 alia
721 1822 901 1861 causa:
932 1819 1127 1860 natura
1150 1816 1254 1873 est,
1289 1807 1395 1860 alia
1433 1806 1643 1877 organi,
1682 1815 1843 1876 atque
1869 1807 1972 1860 alia
2004 1807 2127 1872 loci,

559 1901 626 1955 ad
678 1902 927 1954 eumdem
973 1915 1192 1970 quoque
1240 1904 1460 1953 modum
1506 1900 1739 1965 alienus,
1763 1909 2020 1969 quantum
2064 1900 2129 1954 ad

550 2004 835 2057 naturam,
862 2002 945 2047 est
983 1992 1153 2047 Filius
1187 2008 1217 2047 a
1262 1992 1420 2047 Patre
1461 1992 1925 2063 (quandoquidem
1957 2001 2011 2046 et
2042 2008 2129 2048 0r-

557 2100 755 2151 g'inum
809 2085 876 2137 al)
906 2084 1158 2153 artiiice),
1188 2084 1399 2138 alienus
1437 2084 1560 2138 item
1600 2084 1833 2152 Spiritus
1866 2095 2083 2139 sanctus
2113 2101 2127 2138 :

550 2185 850 2243 quatenus.
899 2185 953 2229 et
1001 2175 1141 2236 loco,
1187 2182 1239 2229 ct
1274 2183 1535 2244 tempore,
1563 2174 1632 2228 ab
1681 2189 2012 2243 organorum
2048 2176 2128 2228 vel

559 2267 829 2321 artiﬁcum
877 2276 1072 2319 natura
1120 2275 1407 2335 separatus
1433 2274 1536 2320 est.
1576 2266 1643 2317 At
1672 2280 1772 2320 nos
1806 2266 1889 2320 his
1928 2281 2127 2336 propn-

557 2361 848 2413 sitionihus
880 2373 988 2413 non
1021 2358 1263 2428 separari
1287 2367 1513 2413 naturas
1539 2357 1790 2424 dicimus,
1822 2358 1916 2412 sed
1948 2362 2128 2428 potius

563 2451 737 2504 uetari
771 2458 933 2519 atque
959 2448 1212 2520 exprimi,
1242 2450 1514 2518 uniusque
1538 2458 1749 2503 natura:
1774 2449 2129 2518 prOprietates

561 2542 851 2596 declarari.
883 2542 1049 2612 quue
1085 2558 1149 2596 ex
1199 2556 1266 2596 eo
1318 2541 1665 2611 perSpicuum
1690 2551 1794 2607 est,
1836 2543 1980 2611 quod
2019 2552 2128 2597 tres

561 2634 647 2687 ha:
704 2633 1104 2703 propositiones
1154 2634 1219 2688 de
1267 2648 1378 2687 uno
1424 2631 1649 2688 Christo
1680 2633 1999 2702 complexim
2030 2649 2126 2688 ex-

559 2740 762 2791 prcssze
803 2711 1147 2793 reperiuntur
1179 2744 1194 2779 :
1232 2725 1500 2796 siquidem
1552 2723 1703 2779 Pauli
1748 2725 1814 2779 ad
1851 2724 2129 2781 Romanos

562 2817 863 2882 Epistulam
911 2817 1329 2884 haudquaquam
1358 2815 1727 2885 perfunctorie
1753 2816 2019 2885 quispiam
2062 2816 2133 2871 le-

562 2906 720 2971 g-irit,
744 2905 796 2958 in
824 2921 929 2974 qua
962 2909 1031 2959 ita
1059 2909 1245 2960 scribit
1276 2924 1289 2960 :
1324 2906 1462 2970 Quia
1484 2922 1550 2960 ea:
1582 2908 1715 2975 ipso,
1756 2917 1804 2959 et
1829 2922 1921 2975 per
1939 2908 2127 2975 ipsum,

554 3010 607 3051 et
639 3000 692 3051 in
717 3001 827 3067 ipso
869 3000 1046 3053 omnia
1066 3001 1134 3053 ³⁸.
1161 2999 1233 3053 Ex
1256 3000 1372 3070 ipso
1400 3000 1543 3054 enim
1573 3016 1660 3054 res
1677 3016 1868 3056 omnes
1885 3004 2130 3056 essentia:

562 3110 673 3146 sme
708 3106 927 3146 causam
958 3092 1158 3146 habent
1190 3096 1486 3147 secundum
1520 3090 1615 3147 Dei
1644 3103 1697 3147 et
1733 3092 1913 3159 Patris
1941 3096 2131 3149 volun-

560 3192 748 3242 tatem,
786 3189 841 3235 it
872 3197 969 3251 per
1012 3183 1189 3252 ipsum
1222 3182 1405 3237 omnia
1441 3190 1760 3252 permanent
1821 3190 1874 3237 et
1904 3199 2128 3237 conser-

559 3284 778 3340 vantur,
839 3281 1023 3343 utpote
1072 3273 1198 3343 quia
1252 3274 1434 3327 omnia
1493 3276 1717 3338 creavit,
1769 3275 2130 3346 omnibusque

558 3364 725 3416 rebus
758 3377 788 3416 a
828 3376 887 3416 se
915 3363 1235 3431 procreatis,
1260 3375 1324 3415 ea
1356 3377 1477 3431 quae
1531 3364 1597 3416 ad
1653 3365 1883 3418 salutem
1935 3379 2133 3419 conve-

558 3455 753 3518 niunt,
810 3453 1162 3507 admetiatur.
1231 3454 1308 3507 Ac
1361 3454 1592 3523 proinde
1642 3455 1709 3508 ad
1763 3470 1888 3509 eum
1946 3456 2130 3511 omnia

556 3560 618 3598 se
658 3553 1005 3607 convertunt,
1064 3544 1277 3598 ardenti
1340 3545 1575 3614 quodam
1640 3545 1915 3602 desiderio
1968 3557 2132 3616 atque

559 3634 818 3688 inchabili
886 3648 1097 3697 amore,
1172 3634 1236 3687 ad
1295 3636 1419 3689 vita:
1480 3636 1774 3689 Auctorem
1844 3652 2135 3706 rerumque

558 3724 999 3778 necessariarum
1057 3724 1597 3781 subministratorem
1654 3728 1843 3781 oculos
1897 3741 2128 3781 conver-

558 3816 751 3869 tentia.
1042 3830 1043 3833 ‘

558 3952 569 3963 .
637 3907 756 3959 Col.
812 3906 919 3960 547
961 3905 1026 3960 Β.
1078 3906 1240 3960 I’ater
1288 3916 1439 3976 pater
1478 3919 1579 3972 est,
1651 3919 1698 3961 et
1753 3907 2004 3978 principii
2043 3926 2132 3963 ex-

556 4012 694 4063 pers,
727 4005 832 4051 etc.
878 3995 1146 4062 Quoniam
1202 3997 1528 4051 Eunomiani
1556 4000 1900 4067 paternitatis
1930 4017 2135 4055 nomen

558 4089 851 4157 improprie
905 4087 1052 4142 Patri
1099 4089 1342 4144 adhiberi
1395 4089 1683 4155 dicebant,
1747 4106 1858 4145 non
1916 4104 2135 4163 propter

557 4180 876 4232 relationem
920 4180 986 4234 ad
1028 4179 1256 4244 Filium,
1282 4183 1398 4248 sed,
1427 4192 1486 4238 ut
1512 4182 1564 4237 in
1596 4185 1883 4251 creaturis,
1908 4196 2132 4256 propter

554 4269 882 4322 tﬂ'ectricrm
911 4272 1228 4335 scientiam;
1259 4272 1487 4339 idcirco,
1510 4274 1585 4328 ait
1609 4272 1935 4344 Theologus,
1972 4278 2137 4331 Pater

2172 1684 2210 1739 Β

2245 432 2380 486 ritus
2410 443 2511 487 est.
2553 434 2784 490 Sanctus
2828 448 3019 490 autem
3085 436 3393 505 adjectum
3426 449 3533 502 est,
3563 452 3617 494 ut
3653 445 3801 504 divinus

2241 523 2479 593 Spiritus
2523 526 2590 581 ab
2634 527 2700 580 iis
2757 527 3186 599 distinguatur,
3224 529 3329 598 qui
3383 530 3696 599 simpliciter
3738 544 3802 607 spi.

2242 619 2378 670 ritus
2408 627 2692 680 vocantur,
2726 618 2991 672 nimirum
3022 621 3104 673 al)
3132 621 3353 683 angelo
3391 632 3448 675 et
3480 625 3676 689 animo,
3699 640 3806 695 atque

2242 719 2403 759 aereo
2430 703 2578 761 ﬂatu.
2611 705 2745 761 Vere
2780 716 2958 762 autem
3002 710 3293 764 additum
3325 719 3439 777 est,
3475 724 3533 766 ut
3557 721 3804 772 ostenditur

2241 808 2364 847 cum
2423 797 2599 848 solum
2652 798 2868 866 proprie
2922 807 3214 851 sanctum
3250 814 3409 863 esse,
3449 812 3638 858 caetera
3678 819 3802 864 autem

2242 886 2408 955 gratia
2448 894 2501 940 et
2532 886 3071 945 communicatione.
3117 890 3271 944 Nam
3316 899 3600 949 creaturis
3649 899 3807 955 aliunde

2243 974 2460 1028 inducta
2490 983 2572 1030 est
2603 976 2991 1031 sanctificatio.
3035 978 3314 1047 Spiritus
3369 991 3560 1037 autem
3608 994 3807 1044 sanctius

2242 1075 2491 1120 naturam
2548 1069 2747 1137 explet.
2784 1069 2848 1122 Et
2881 1073 3397 1139 quemadmodum
3434 1092 3578 1130 unus
3607 1077 3807 1145 Patrne

2242 1174 2385 1215 unus
2442 1159 2633 1225 Filius,
2700 1163 2771 1215 ita
2816 1173 2885 1241 Oct
2937 1180 3100 1218 unus
3190 1164 3450 1235 Spiritus
3508 1181 3730 1227 sanctus.
3761 1175 3805 1228 At

2241 1252 2467 1320 proinde
2499 1269 2529 1307 a
2563 1264 2755 1308 natura
2799 1264 2979 1309 creata
3022 1265 3268 1311 tantum
3308 1272 3563 1315 remotus
3592 1279 3653 1316 ac
3678 1266 3808 1333 sejun-

2240 1354 2361 1397 Ctus
2393 1353 2495 1407 est,
2525 1354 2788 1413 quantum
2824 1347 3157 1415 simplicem
3202 1359 3265 1402 et
3303 1350 3621 1406 absolutum
3666 1372 3805 1408 nume-

2241 1447 2361 1487 rum
2392 1450 2420 1488 a
2449 1436 2770 1504 compositis
2810 1437 3168 1507 diremptum
3200 1456 3337 1495 esse
3381 1458 3482 1510 par
3508 1455 3588 1498 est
3619 1463 3632 1497 :
3667 1462 3807 1499 rursus

2242 1523 2385 1578 Patri
2423 1535 2478 1580 et
2512 1526 2651 1580 Filio
2689 1535 2898 1583 tantum
2938 1530 3150 1585 uuitus
3189 1541 3307 1594 est,
3366 1545 3634 1603 quiantuin
3670 1537 3803 1593 unitas

2241 1618 2307 1671 ad
2346 1618 2606 1673 unitatem
2664 1621 2987 1688 cognatione
3014 1622 3235 1692 juncta
3277 1634 3389 1680 est.
3422 1624 3538 1681 Nec
3575 1644 3689 1683 vero
3716 1630 3804 1685 hinc

2241 1709 2416 1763 solum
2481 1711 2758 1766 societatis
2806 1719 2859 1765 ct
2894 1714 3346 1769 conmmnionis
3395 1717 3649 1772 naturalis
3680 1735 3799 1788 argu-

2239 1806 2421 1851 menta
2454 1799 2749 1864 ducuntur,
2809 1803 2901 1854 sed
2934 1802 3113 1855 etiam
3156 1803 3298 1872 quia
3333 1820 3400 1859 ex
3434 1806 3544 1860 Deo
3569 1823 3681 1861 esse
3705 1809 3801 1861 dici-

2239 1899 2347 1951 tur,
2382 1906 2488 1944 non
2509 1893 2966 1961 quemadmodum
2999 1895 3209 1948 omnia
3238 1912 3311 1951 ex
3345 1896 3457 1952 Deo
3485 1910 3625 1965 sunt,
3658 1916 3792 1956 rerum

2239 1988 2298 2033 ut
2356 1997 2419 2034 ex
2485 1981 2592 2036 Deo
2653 1984 3074 2053 prodieus,uou
3126 1990 3522 2056 generationis
3574 1992 3729 2054 modo,
3756 1999 3794 2043 ut

2242 2069 2433 2131 Filius.
2484 2074 2576 2126 sed
2609 2076 3036 2143 progressionis,
3079 2088 3144 2132 ut
3205 2076 3459 2146 Spiritus
3489 2080 3591 2133 oris
3636 2080 3784 2149 ejus”.

2238 2161 2360 2226 Quo
2392 2172 2539 2217 certe
2569 2164 2689 2217 loco
2722 2180 2820 2218 nec
2844 2180 2939 2233 per
2969 2181 3034 2221 os
3065 2170 3405 2223 membrum
3428 2170 3786 2241 intelligendum:

2239 2263 2343 2318 est,
2376 2270 2472 2308 nec
2507 2269 2601 2323 per
2644 2254 2906 2325 Spiritum
2943 2257 3120 2314 ﬂatus
3154 2266 3451 2331 quispiam
3476 2277 3783 2317 evanescens:

2240 2362 2426 2401 rerum
2453 2359 2505 2402 et
2526 2365 2610 2415 os,
2642 2360 2700 2403 ut
2733 2350 2841 2405 Deo
2873 2349 3111 2421 dignum
3150 2363 3268 2418 est,
3296 2356 3550 2424 accipere
3576 2354 3783 2409 debemus

2238 2449 2291 2494 et
2319 2455 2415 2510 per
2451 2440 2712 2508 Spiritum
2745 2442 3121 2497 substantiam
3152 2447 3347 2499 vivam
3384 2447 3676 2514 intelligere.
3703 2444 3781 2497 Nec

2240 2547 2366 2584 vero
2393 2532 2463 2586 ita
2490 2541 2809 2602 argutcntur
2842 2533 3090 2589 haeretici
3120 2553 3135 2589 :
3170 2538 3233 2592 Si
3270 2539 3461 2607 genuit
3483 2535 3645 2600 Pater,
3673 2539 3779 2604 inge;

2239 2624 2387 2679 nitus
2435 2640 2557 2679 esse
2607 2626 2793 2680 desiit.
2853 2624 3176 2696 Ingenuum
3228 2629 3384 2682 enim
3449 2639 3660 2698 oportet,
3697 2644 3772 2680 non

2238 2719 2402 2771 modo
2444 2732 2475 2772 a
2510 2718 2656 2772 nullo
2683 2719 2921 2789 genitum
2966 2734 3122 2784 esse,
3159 2724 3259 2776 sel
3290 2737 3393 2777 nec
3430 2722 3589 2776 ullum
3610 2734 3773 2790 quoque

2239 2811 2511 2879 genuisse.
2539 2809 2726 2881 Neque
2767 2813 2892 2867 item
2948 2813 3156 2867 eodem
3195 2815 3371 2868 modo
3400 2815 3467 2868 de
3487 2812 3612 2867 Filio
3631 2815 3766 2882 dispu-

2242 2909 2356 2955 tent
2384 2921 2397 2955 :
2434 2903 2491 2957 Si
2517 2918 2580 2957 ex
2613 2902 2854 2971 ingenito
2908 2905 3067 2960 Patre
3104 2907 3338 2977 genitus
3367 2916 3470 2970 est,
3498 2907 3762 2974 γεννήσεως.

2240 2994 2291 3046 id
2327 3003 2430 3057 est,
2480 2995 2845 3062 generationis
2893 3010 3094 3052 nomen
3152 2999 3369 3054 autisit.
3408 2998 3619 3052 Necesse
3654 2996 3759 3045 enim

2236 3096 2318 3139 est
2378 3086 2641 3153 genitum,
2676 3094 2731 3141 et
2773 3089 3014 3157 genitum
3048 3104 3209 3150 esse,
3245 3098 3302 3143 et
3350 3105 3381 3143 a
3428 3089 3574 3143 Patre
3608 3085 3757 3155 genito.

2226 3175 2338 3232 Nec
2396 3187 2675 3246 postremo
2705 3180 2771 3234 de
2804 3179 3009 3247 Spiritu
3044 3195 3263 3237 sancto
3303 3183 3372 3236 ad
3415 3182 3556 3235 hunc
3591 3178 3754 3231 modum

2229 3268 2538 3323 disserant:
2564 3271 2669 3323 Aut
2702 3269 2975 3338 ingenitus
3005 3279 3118 3338 est,
3156 3284 3259 3328 aut
3296 3274 3529 3344 genitus.
3558 3269 3606 3322 Si
3650 3268 3755 3329 inge-

2229 3362 2402 3422 nitus.
2436 3359 2597 3416 Pater
2626 3361 2791 3416 fuerit
2817 3381 2831 3417 :
2859 3363 2904 3417 si
2940 3373 3129 3420 autem
3170 3367 3419 3437 genitus,
3455 3378 3576 3433 ergo
3610 3359 3746 3412 Filius

2229 3452 2431 3508 Verum
2482 3469 2544 3509 os
2578 3456 2710 3522 ipsis
2741 3454 3079 3522 ob-truatur,
3120 3468 3186 3514 ut
3235 3457 3405 3512 stulte
3445 3464 3596 3523 atque
3622 3452 3750 3516 inepie

2227 3546 2626 3600 cavillantibus.
2678 3545 2812 3600 Nam
2866 3563 2966 3602 nec
3016 3548 3188 3604 Pater
3248 3564 3317 3604 eo
3371 3546 3622 3617 ingenitus
3665 3551 3750 3591 esse

2229 3637 2424 3699 desiit,
2482 3640 2611 3707 quia
2664 3639 2850 3708 genuit
2894 3639 3209 3711 (ingenitus
3271 3642 3417 3696 enim
3473 3637 3667 3692 dicitur.
3708 3638 3747 3680 ιιι

2230 3744 2507 3797 nunquam
2554 3732 2922 3799 genitus,.non
2951 3742 3143 3786 autem
3173 3733 3324 3804 quod
3360 3732 3570 3785 minime
3594 3733 3745 3794 gentle'

2236 3821 2352 3889 rit}.
2379 3818 2489 3876 Nec
2515 3818 2684 3876 Filius
2715 3824 2932 3892 genitus
2962 3839 3085 3879 esse
3114 3824 3359 3887 destitit,
3395 3821 3517 3893 quia
3540 3833 3596 3872 ex
3633 3816 3742 3880 ἰιιεε·

2229 3912 2346 3964 nito
2405 3913 2619 3980 genitus
2666 3913 2737 3966 sit
2799 3911 3037 3984 (genitus
3092 3917 3249 3970 enim
3302 3922 3420 3978 est,
3478 3924 3574 3964 non
3620 3914 3664 3957 ut
3698 3914 3742 3953 cs

2228 4001 2409 4076 genito
2462 4000 2619 4056 Patre
2658 4006 2893 4071 genitus,
2919 4004 3013 4059 sed
3060 4014 3118 4058 ut
3161 4006 3343 4063 solum
3394 3996 3629 4073 genilﬂsl-
3661 3987 3737 4043 N“

2228 4091 2460 4163 denique
2511 4092 2746 4164 Spiritus
2805 4104 3050 4163 sanctus,
3113 4108 3216 4155 aut
3269 4098 3323 4151 in
3370 4094 3569 4147 Patrem
3594 4094 3667 4139 aut
3696 4081 3735 4132 in

2229 4181 2427 4245 Filium
2460 4185 2729 4241 concessit
2768 4186 2891 4257 (nec
2915 4188 3058 4242 enim
3092 4189 3397 4259 ingenitus,
3419 4193 3470 4239 et
3493 4177 3671 4252 genitus
3687 4183 3731 4223 ti

2228 4293 2414 4332 eorum
2440 4293 2667 4332 numero
2708 4286 2858 4345 sunt,
2886 4294 3008 4347 «tua:
3033 4280 3217 4336 medio
3250 4285 3454 4337 carent,
3479 4282 3530 4326 ut
3557 4268 3730 4322 alterum

555 4370 710 4429 pater
731 4370 835 4422 est,
866 4362 969 4415 hoc
997 4372 1100 4426 est,
1129 4379 1250 4418 vere
1288 4363 1470 4429 Pater,
1499 4379 1556 4420 ut
1582 4367 1888 4436 quiFilium
1927 4385 2127 4438 genue-
2162 4378 2204 4432 ι)
2237 4371 2427 4422 horum
2466 4367 2689 4438 Spiritui
2735 4371 3045 4425 necessario
3075 4369 3425 4426 tribuendum
3459 4363 3561 4431 sit).
3584 4353 3726 4409 Venti"

558 4454 631 4506 rit
651 4494 665 4514 ,
700 4459 753 4507 el
780 4454 1031 4524 principii
1063 4470 1300 4525 expers;
1344 4472 1521 4528 neque
1551 4460 1697 4513 enim
1729 4456 1795 4514 ex
1831 4476 2131 4531 quoquam,

557 4561 733 4614 neque
764 4560 794 4599 a
825 4547 1026 4616 seipso,
1069 4562 1246 4618 neque
1278 4549 1346 4603 ab
1373 4549 1543 4605 altero
1569 4559 1749 4605 ortum
1779 4552 1964 4607 habet.
1994 4552 2129 4605 Nam

555 4639 651 4705 qui
696 4653 822 4692 vere
865 4639 1014 4693 solus
1065 4650 1220 4707 pater
1271 4649 1376 4707 est,
1410 4657 1477 4695 ex
1510 4642 1659 4697 nullo
1702 4643 1875 4699 altero
1917 4655 2020 4699 est.
2056 4649 2132 4698 Ac

558 4745 751 4783 rursus
786 4730 980 4795 Filius,
1011 4733 1153 4785 iilius
1203 4741 1304 4795 est,
1339 4750 1466 4797 non,
1503 4746 1562 4788 ut
1619 4747 1894 4801 creatura,
1927 4753 2123 4792 nomen

557 4820 701 4873 istud
739 4829 1091 4887 consecutus,
1125 4824 1277 4891 juxta
1314 4824 1445 4877 illud
1482 4839 1496 4877 ε
1534 4823 1710 4879 Filius
1753 4828 2125 4896 primogenitns

556 4927 702 4963 meus
752 4909 1011 4965 Israel".
1065 4910 1198 4966 Nam
1234 4914 1336 4968 hoc
1380 4915 1501 4969 loco
1544 4914 1712 4970 dictio
1742 4913 1862 4969 Filii
1914 4932 2017 4969 non
2071 4928 2128 4969 ut

557 5016 807 5059 creatura
838 5006 1150 5075 accipienda
1181 5017 1265 5062 est
1302 5025 1317 5060 :
1362 5011 1455 5063 sed
1489 5009 1706 5078 proprie
1742 5006 1934 5071 Filius,
1966 5019 2127 5078 atque

556 5111 585 5155 a
615 5096 771 5151 Patre
792 5112 898 5152 suo
932 5099 1147 5166 genitus
1183 5117 1198 5154 :
1237 5103 1330 5170 qui
1369 5101 1558 5165 etiam,
1591 5111 1855 5172 quantum
1902 5103 1967 5156 ad
1995 5113 2128 5155 tem-

556 5189 706 5257 poris
754 5190 1102 5261 principium,
1137 5193 1409 5264 principio
1442 5202 1613 5248 caret.
1645 5193 1777 5248 Nam
1812 5196 1905 5263 qui
1940 5193 2124 5247 omnia

559 5281 784 5346 creavit,
841 5284 1034 5351 utique
1107 5296 1161 5338 et
1215 5295 1485 5354 tempora.
1540 5284 1871 5355 Temporum
1943 5297 2122 5339 autem

556 5372 783 5429 Greater
814 5375 1055 5443 profecto
1096 5380 1321 5447 tempori
1350 5394 1691 5449 nequaquam
1720 5380 1925 5434 subest.
1950 5380 2126 5448 Atque

554 5466 717 5519 etiam
773 5468 1103 5538 principium
1171 5469 1356 5537 habet,
1403 5482 1674 5541 quatenus
1719 5486 1786 5527 ex
1830 5469 2121 5534 Patre'est,

2233 4461 2373 4514 inter
2423 4474 2485 4513 ea
2535 4460 2772 4515 medium
2817 4462 3024 4530 aliquid
3075 4463 3420 4539 interjectum
3464 4462 3557 4515 est,
3587 4450 3727 4539 ιιςιιιρς

2233 4551 2530 4619 processio.
2593 4551 2845 4607 Procedit
2887 4523 3067 4621 iiaque
3096 4523 3336 4623 Spiritus
3368 4563 3397 4601 a
3420 4545 3578 4599 Patre.
3607 4523 3718 4597 ρυθίί

2229 4639 2273 4696 εί
2307 4643 2566 4711 Procedit.
2613 4643 2797 4713 illique
2845 4644 2913 4697 ab
2948 4644 3121 4713 ipsius
3173 4656 3365 4699 natura
3406 4646 3457 4692 et
3503 4625 3722 4687 divinitate

2228 4749 2334 4785 non
2367 4743 2448 4788 est
2479 4742 2787 4803 separatus,
2816 4735 2909 4789 sed
2946 4746 3122 4800 etest,
3147 4745 3200 4792 et
3235 4716 3411 4789 manet
3437 4728 3578 4781 Deus.
3603 4713 3715 4767 Ρθίετ

2177 4827 2182 4831 ⁷
2227 4836 2374 4893 pater
2423 4837 2525 4889 est,
2578 4837 2632 4881 et
2691 4826 2858 4882 Filius
2913 4828 3090 4893 illitis,
3128 4840 3180 4882 et
3232 4827 3460 4895 Spiritus
3516 4806 3711 4880 Sitifim-

2231 4916 2672 4987 Uniuseujusque
2699 4919 2843 4972 enim
2874 4919 3065 4973 harum
3092 4922 3253 4975 trium
3280 4915 3599 4987 personarum
3620 4904 3709 4961 ιντο·

2225 5011 2425 5080 prietas
2486 5013 2846 5066 transinoveri
2909 5029 3014 5066 nun
3074 5014 3254 5069 debet.
3288 5009 3414 5063 Nam
3451 5001 3494 5055 si
3520 4996 3617 5048 loco
3640 4991 3711 5037 5"“

2226 5112 2369 5156 mola
2388 5103 2453 5156 ad
2480 5103 2642 5156 alium
2661 5105 2933 5171 transiret,
2962 5122 3067 5161 non
3088 5106 3199 5175 jam
3224 5089 3540 5175 proprietatis
3557 5080 3702 5175 nomen

2226 5203 2490 5248 tueretur.
2525 5194 2723 5264 Duplex
2778 5208 2958 5250 autem
3010 5206 3112 5262 est,
3146 5193 3433 5266 proprietas
3474 5171 3707 5268 altera

2227 5297 2381 5350 turaz,
2414 5286 2578 5340 altera
2606 5262 2876 5355 persona}.
2907 5293 2980 5342 Ac
3006 5303 3209 5344 natura:
3242 5281 3440 5356 quidem
3463 5262 3701 5356 ριόρτκξίΫ

2226 5388 2331 5433 tem
2366 5378 2429 5433 ad
2469 5390 2575 5433 tres
2625 5395 2884 5449 persoaas
2930 5397 3048 5437 sese
3094 5387 3387 5437 moventem
3414 5375 3462 5422 et
3487 5346 3703 5449 eﬂ'undei"

2228 5482 2334 5526 ῑθῐη
2369 5471 2608 5549 "cperim
2654 5482 2758 5536 csl.
2793 5475 2937 5527 velut
2987 5473 3318 5533 increatum,
3361 5442 3694 5523 sempiternum:

624 5598 735 5680 “if
763 5626 889 5681 Cor.
926 5628 1157 5693 “11,15.
1238 5628 1734 5693 "lCor.sn,4-6.
1814 5628 2131 5684 ’διιοιιμκ

2235 5631 2299 5684 ιθ.
2375 5627 2604 5683 “Exod.
2638 5644 2712 5695 ιν,
2747 5631 2837 5687 22.
2916 5630 3127 5686 "Psal.
3166 5639 3335 5688 ns“.
3376 5617 3422 5672 ii
