3958 6204
294 242 454 308 1:2"8

1234 244 1553 304 NICETAS
1596 240 1674 301 ΙΝ
1716 241 1935 301 ORAT.
1975 241 2228 301 XXXIX
2268 241 2326 301 S.
2368 244 2597 303 GREG.

3426 250 3560 314 123i

278 365 672 433 otttnipotetts,
707 371 1009 431 cmteraquc
1062 360 1306 427 ejusdem
1353 360 1590 429 generis.
1627 359 1878 412 Persona:
1910 364 1948 416 Α
1985 366 2172 409 essent
2204 358 2435 423 species,
2463 359 2689 412 alteram
2715 360 3002 429 explicarit
3022 362 3332 437 Theologus
3355 379 3559 434 uoster,

281 472 435 511 vero
475 456 853 525 proprietatem
892 453 1041 507 nullo
1079 453 1240 506 modo
1296 451 1498 505 moveri
1534 450 1869 519 proﬁtemur,

282 560 357 601 ut.
405 547 721 614 ingenitum,
760 545 1027 615 genitum,
1072 553 1126 597 ct
1184 544 1507 615 procedens.
1547 541 1670 595 lla-c
1725 540 1870 593 enim

278 653 655 708 personarum
687 646 811 690 sunt
844 637 1225 705 proprietates.
1268 635 1336 688 At
1365 649 1493 688 vero
1526 629 1870 694 Eunomiaizi,

280 730 524 799 ingeniti
575 743 638 782 ac
660 727 1116 796 genitirationem
1167 726 1505 781 diversarum
1554 734 1869 793 naturarum

283 821 661 890 proprietates
720 834 842 873 esse
897 823 1328 878 contendentes,
1380 816 1592 870 Patrem
1649 813 1867 883 quidem

282 912 519 981 proprie
576 910 742 964 Deum
808 910 1092 965 neminant
1130 926 1142 962 :
1176 907 1375 962 Filium
1404 915 1584 960 autem
1618 914 1671 959 et
1696 905 1870 973 Spiri-

281 1011 437 1065 tum,
480 999 714 1053 uominis
758 1000 949 1058 solius.
996 1014 1101 1051 non
1137 1010 1317 1050 autem
1346 995 1591 1065 ejusdem
1623 995 1872 1049 essentia

273 1090 589 1152 cinisorti'u,
630 1107 753 1144 cum
810 1105 876 1144 eo
918 1090 1241 1159 conjuuctos
1275 1102 1396 1143 eSse
1424 1097 1700 1142 astruunt.
1734 1084 1868 1141 Nam

275 1200 417 1236 eum
465 1182 622 1235 Pater
655 1181 928 1250 ingenitus
957 1181 1049 1243 sil,
1086 1180 1360 1249 inquiunt,
1412 1193 1510 1232 nec
1542 1192 1867 1247 quemquam

272 1277 494 1344 gignet.
525 1271 675 1339 Quod
709 1274 752 1325 si
793 1269 950 1323 Pater
995 1284 1100 1323 non
1149 1269 1341 1337 gignit,
1377 1276 1435 1321 ut
1481 1268 1713 1322 delirant
1758 1264 1868 1319 Eu-

279 1366 560 1426 nomiani,
594 1365 834 1433 profecto
867 1377 966 1416 nec
1000 1360 1171 1415 Filius
1211 1371 1450 1432 paterna:
1497 1372 1705 1416 natura?
1738 1376 1866 1432 par-

275 1457 459 1525 ticeps
512 1456 748 1519 exsistit,
781 1464 966 1523 utpote
1020 1469 1050 1507 a
1107 1451 1270 1507 Patre
1331 1454 1552 1507 minime
1600 1452 1867 1522 genitus;

276 1564 477 1600 verum
506 1546 786 1614 zequivoce
843 1544 985 1599 Deus
1038 1545 1258 1609 dicitur,
1290 1544 1394 1598 hoc
1423 1553 1525 1607 est,
1554 1545 1731 1599 solum
1771 1542 1864 1597 Dei

280 1654 491 1694 nomen
534 1639 719 1701 habet,
775 1651 883 1690 non
936 1644 1117 1690 autem
1155 1651 1269 1690 rem
1325 1637 1519 1703 ipsam.
1563 1636 1667 1703 Qui
1728 1637 1862 1690 mihi

1976 447 2185 511 dicens,
2244 449 2386 502 Deus
2421 449 2587 503 homo
2623 452 2680 504 lit
2713 468 2726 517 ;
2760 453 2986 508 alteram
3032 473 3157 510 vero
3188 462 3559 532 prastermisit,

1977 538 2235 592 nimirum
2297 542 2441 610 quod
2502 542 2666 597 homo
2718 556 2936 616 qttoqtte
2986 548 3128 604 Deus
3175 550 3460 616 cliieiatnr,
3496 553 3557 606 ut

1977 632 2320 700 pet-Spicuam
2365 643 2425 686 et
2471 647 2927 704 consequentem.
2964 638 3096 693 Nam
3133 643 3177 695 si
3212 642 3354 697 Deus
3393 644 3561 701 homo

1974 721 2205 776 emcitur
2226 765 2239 789 ,
2278 726 2467 792 procul
2495 727 2663 782 dubio
2693 739 2742 783 et
2777 730 2946 787 homo
2975 732 3138 789 Deus.
3172 734 3403 801 Qnando
3433 741 3559 808 qni-

1976 816 2096 868 dem
2155 817 2531 873 indubitatum
2564 833 2673 885 est,
2719 834 2941 893 propter
2971 827 3104 891 hoc,
3156 829 3288 884 illud
3342 847 3559 901 quoque

1975 906 2176 961 factum
2205 924 2348 965 esse.
2383 913 2447 966 Et
2473 915 2565 985 qui
2598 918 2900 971 secundum
2930 921 3114 988 gloria:
3149 938 3261 977 sua:
3292 936 3345 977 et
3370 926 3556 992 splen-

1973 998 2122 1055 doris
2178 1002 2445 1057 orientem
2501 1007 2567 1059 ad
2616 1008 2851 1075 primum
2907 1011 3030 1065 creti
3080 1015 3305 1068 set-undi
3353 1017 3555 1070 cwlum
3611 1089 3625 1096 ἢ

1973 1098 2312 1159 ascenderat,
2347 1095 2439 1151 ille
2472 1083 2539 1152 in.
2564 1100 2881 1170 hnjnsmodi
2909 1094 3118 1159 oriente
3140 1110 3275 1161 adeo
3301 1109 3557 1164 sublimis

1971 1194 2024 1238 et
2065 1186 2317 1242 excelsus
2349 1229 2364 1254 ,
2407 1184 2868 1258 quemadmodum
2926 1197 3129 1251 cecinit
3182 1197 3346 1252 Daiid
3373 1200 3438 1263 ³’,
3500 1201 3555 1255 in

1971 1291 2191 1340 occasu,
2214 1276 2317 1332 hoc
2350 1289 2454 1345 εει,
2487 1281 2539 1334 in
2577 1295 2762 1336 nostra
2795 1286 3027 1341 utilitate
3057 1299 3219 1357 atque
3247 1289 3554 1359 ahjcctioue

1970 1365 2208 1435 gloriose
2235 1368 2567 1424 celebratur.
2597 1371 2791 1428 Oriens
2815 1375 2983 1442 etaim,
3016 1370 3361 1434 Divinitatem
3391 1382 3555 1449 prin-

1969 1455 2096 1524 cipii
2116 1466 2437 1526 expertem,
2460 1450 2594 1529 quae
2625 1462 2715 1515 lux
2744 1464 3081 1532 sempiterna
3110 1477 3194 1521 est
3214 1508 3230 1535 ,
3260 1468 3552 1539 signiﬁcat.

1969 1544 2243 1600 Ascensus
2274 1556 2457 1602 autem
2495 1549 2549 1602 in
2582 1566 2802 1616 occasu,
2826 1544 3282 1612 consuetudinem
3315 1562 3554 1614 societa-

1968 1639 2187 1702 temque
2207 1649 2335 1689 cum
2378 1637 2616 1692 humana
2662 1652 2983 1711 paupertate
3012 1645 3206 1701 initam
3229 1687 3245 1713 ,
3273 1663 3397 1717 quae
3421 1650 3551 1719 qui-

277 1746 423 1787 sane
479 1729 665 1784 eadem
737 1727 949 1781 ratione
1005 1725 1205 1780 dicturi
1270 1727 1546 1793 videntur,
1597 1726 1856 1797 quoniam
1893 1726 1935 1781 Β
1964 1725 2083 1776 dem
2111 1762 2125 1788 ,
2159 1725 2206 1778 si
2238 1740 2363 1780 cum
2401 1742 2641 1797 superno
2685 1732 2975 1800 splendore
3014 1736 3355 1808 conferatur,
3384 1756 3550 1798 occa-

277 1825 533 1877 Adamus
585 1836 802 1889 quoque
842 1822 919 1874 ex
967 1834 1132 1874 carne
1163 1820 1378 1889 genitus
1411 1836 1516 1874 non
1562 1827 1663 1884 est,
1699 1819 1795 1873 sed
1830 1835 1859 1874 a

280 1916 398 1970 Deo
426 1913 674 1978 elfectus,
707 1913 840 1966 Seth
884 1922 1064 1966 autem
1101 1927 1164 1965 ex
1198 1911 1390 1965 Adami
1423 1927 1545 1966 cum
1590 1911 1698 1964 Eva
1724 1927 1862 1965 con-

278 2023 480 2080 gressu
524 2015 844 2075 procreatus
872 2012 975 2067 est,
1010 2002 1215 2057 idcirco
1249 2017 1344 2058 eos
1374 2002 1861 2058 naturzevdirersi-

280 2108 395 2153 tate
430 2098 571 2151 inter
604 2110 661 2150 se
705 2095 1008 2166 disjunctos
1036 2109 1177 2149 esse.
1213 2092 1368 2160 Quod
1393 2095 1439 2149 si
1470 2094 1523 2148 in
1553 2110 1661 2149 una
1696 2104 1860 2165 atque

278 2193 474 2246 eadem
531 2190 769 2243 humana
825 2196 1019 2241 natura
1068 2196 1119 2241 ct
1174 2187 1480 2263 ingenitum
1522 2195 1576 2242 et
1616 2188 1857 2258 genitum

282 2284 655 2354 reperiuntur,
686 2288 891 2350 quanto
930 2278 1102 2347 magis
1134 2278 1188 2332 in
1224 2278 1430 2333 divina.

352 2374 473 2429 Col.
508 2373 609 2428 547
638 2372 699 2427 C.
733 2370 878 2425 Unus
915 2372 1077 2441 igitur
1100 2370 1237 2425 Deus
1269 2371 1323 2425 in
1350 2372 1541 2437 tribus,
1566 2382 1672 2427 etc.
1704 2370 1858 2428 Unus

278 2465 484 2535 igitur,
521 2463 717 2532 inquit,
750 2473 833 2517 est
865 2462 1005 2517 Deus
1038 2462 1093 2515 in
1129 2462 1304 2516 tribus
1333 2463 1600 2531 personis,
1643 2472 1697 2518 et
1746 2473 1855 2519 tres

277 2567 528 2627 person-ac
561 2567 726 2604 unum
775 2560 923 2614 sunt,
970 2550 1147 2618 quoad
1194 2550 1552 2605 divinitatem.
1585 2550 1854 2618 Quoniam

275 2652 459 2701 autem
490 2645 603 2697 bace
626 2657 686 2697 se
717 2642 792 2694 ita
823 2641 1058 2706 habent,
1088 2642 1191 2695 hoc
1225 2651 1329 2706 est,
1367 2642 1447 2696 hze
1478 2657 1746 2711 personm,
1773 2643 1855 2697 vel

282 2739 385 2790 hoc
439 2734 621 2804 potius
646 2775 660 2798 ,
692 2733 744 2785 id
776 2741 859 2786 est
898 2730 1154 2786 divinitas
1181 2771 1193 2795 ,
1227 2746 1405 2802 neque
1439 2732 1647 2802 angelis
1682 2733 1849 2800 solis,

276 2825 371 2895 qui
427 2823 650 2892 superni
695 2830 823 2876 sunt
871 2820 1141 2890 spiritus,
1199 2821 1477 2877 deﬁnitam
1524 2833 1689 2894 atque
1743 2826 1853 2879 cir-

277 2914 665 2984 cumscriplaut
711 2926 833 2965 esse
865 2908 956 2962 Dei
998 2908 1372 2963 adorationem
1405 2913 1728 2980 oportebat,
1756 2912 1851 2967 sed

277 3020 329 3064 (ιι
360 3009 412 3061 in
454 3016 594 3059 terra
630 3017 850 3074 quoque
886 3000 1181 3054 nonnullos
1222 3014 1343 3055 esse
1366 3038 1380 3064 ,
1416 3003 1509 3070 qui
1556 3019 1680 3057 cum
1716 3003 1849 3057 ado-

277 3106 483 3161 rarent,
522 3107 579 3150 ut
609 3095 790 3150 omnia
818 3094 992 3162 ipsius
1019 3092 1185 3157 gloria
1220 3093 1616 3160 implerentur;
1644 3095 1846 3163 quippe

274 3203 398 3241 cum
430 3199 517 3238 res
548 3198 738 3237 omnes
785 3187 983 3233 creatae
1016 3176 1107 3228 Dei
1158 3178 1267 3231 sint
1297 3178 1520 3245 (Omnia
1565 3181 1734 3243 enim,
1758 3180 1846 3232 in-

276 3277 394 3346 quit
419 3274 485 3339 ",
513 3276 743 3328 serriunt
770 3269 910 3335 tibi),
931 3282 1050 3320 eam
1078 3266 1146 3319 ob
1167 3281 1388 3320 causam
1416 3269 1581 3323 homo
1605 3280 1843 3335 creatur,
1884 3308 1893 3313 -

278 3383 470 3436 nempe
493 3375 551 3419 ut
577 3366 657 3419 sic.
687 3375 903 3432 quoque
934 3361 1030 3416 Dei
1069 3361 1238 3432 gloria
1287 3361 1610 3414 celebretur.
1641 3360 1844 3430 Duplex

280 3460 418 3511 cnim
453 3452 747 3509 errationis
793 3452 1075 3505 hominum
1120 3465 1286 3506 causa
1320 3450 1456 3515 fuit,
1489 3451 1659 3506 altera
1687 3461 1845 3507 ante—

274 3552 502 3609 cedens,
531 3546 742 3599 bonitas
766 3543 975 3598 scilicet
1006 3542 1097 3597 Dei
1123 3582 1138 3609 ,
1167 3543 1333 3598 altera
1362 3543 1558 3609 ﬁnalis,
1580 3545 1841 3598 nimirum

281 3643 367 3695 Dei
413 3638 603 3708 gloria.
651 3635 919 3702 Quoniam
953 3645 1132 3689 autem
1182 3650 1212 3689 a
1246 3635 1427 3689 divina
1469 3636 1842 3691 misericordia

283 3734 513 3786 alienum
551 3740 668 3783 erat
714 3728 987 3782 hominem
1036 3743 1136 3796 per
1176 3737 1462 3797 peceatum
1508 3745 1538 3782 a
1583 3730 1844 3784 Creatore

282 3841 374 3879 suo
405 3833 716 3892 separatum
752 3820 1050 3889 negligere,
1091 3819 1212 3873 ideo
1243 3820 1574 3873 innovantur
1601 3830 1841 3876 naturae:

251 3916 454 3971 'divinn
477 3914 623 3967 enirn
654 3915 949 3966 humanam
993 3912 1330 3965 nativitatem
1362 3910 1549 3966 subire
1575 3912 1840 3977 sustituit,

281 4016 459 4062 nostra
496 4014 677 4058 autem
704 4003 999 4056 animatam
1027 4016 1246 4056 carnem
1266 4003 1630 4072 spiritualiter
1653 4004 1842 4073 genito

286 4096 455 4150 Verbo
485 4093 732 4164 protulit.
763 4090 1031 4161 Quodque
1068 4095 1238 4161 tiiagis
1274 4093 1587 4147 mirandum
1613 4103 1719 4163 est,
1741 4110 1843 4149 nec

281 4185 607 4257 rirginitatis
644 4184 725 4236 lex
776 4197 870 4251 per
900 4184 1332 4251 procreationem
1386 4184 1498 4237 ullo
1531 4184 1695 4239 modo
1736 4185 1841 4240 itu-

282 4279 481 4333 minuta
543 4281 649 4328 est.
705 4271 907 4326 Adlnec
960 4271 1290 4325 innovantur
1346 4281 1587 4339 naturze,
1654 4273 1841 4328 divina

1962 1830 2060 1869 sus
2099 1818 2371 1873 rationent
2397 1820 2583 1888 habet,
2605 1836 2670 1877 ac
2703 1826 2883 1880 noctis
2903 1827 3321 1886 similitudinem
3359 1833 3548 1889 refert.

1960 1904 2120 1961 Nulla
2173 1912 2318 1965 enim
2364 1910 2511 1967 inter
2566 1923 2856 1987 utramque
2900 1929 3153 1975 naturam
3199 1929 3549 1995 comparatio

1961 2007 2102 2064 crat,
2165 2003 2490 2071 priusquam
2540 2007 2732 2062 ambas
2779 2025 3030 2067 summus
3089 2013 3180 2068 ille
3238 2016 3428 2072 artifex
3489 2020 3547 2077 in

1961 2088 2143 2154 seipso
2166 2092 2567 2161 conjunxisset.
2591 2097 2671 2150 Ac
2697 2094 2960 2153 Divinitas
2980 2100 3200 2167 quidem
3231 2117 3327 2172 per
3346 2104 3546 2161 Orien-

1962 2186 2068 2232 tem
2125 2181 2477 2253 designatur,
2514 2193 2703 2256 utpote
2736 2188 2907 2243 altum
2953 2198 3010 2245 et
3063 2193 3379 2250 excelsum:
3407 2212 3546 2267 quo.

1958 2269 2130 2337 niam,
2150 2287 2272 2327 cum
2293 2276 2376 2331 sol
2399 2277 2597 2342 oritur,
2618 2278 2673 2332 in
2702 2280 2939 2336 sublime
2966 2280 3140 2339 fertur
3159 2294 3214 2340 et
3235 2270 3540 2347 extollitur.

1960 2364 2206 2419 Occasus
2245 2376 2427 2422 autem
2454 2408 2470 2434 ,
2506 2377 2563 2423 ut
2596 2369 2822 2427 humilis
2857 2387 2922 2427 ac
2953 2374 3245 2447 depressus
3265 2417 3283 2443 ,
3316 2393 3540 2438 carnem

1959 2454 2231 2522 signilieat
2260 2476 2271 2511 :
2301 2461 2565 2530 quoniam
2607 2464 2689 2518 sol
2716 2464 2772 2517 in
2805 2481 3064 2523 occasum
3097 2484 3330 2540 vergens
3359 2473 3544 2543 depri-

1963 2546 2155 2611 mitur,
2182 2563 2249 2603 ac
2276 2548 2534 2606 deorsum
2559 2552 2756 2609 fertur.
2794 2556 2965 2612 Porro
2995 2557 3051 2612 in
3086 2574 3287 2616 occasu
3320 2579 3542 2634 quoque

1959 2635 2225 2693 Dominus
2270 2643 2563 2711 magniﬁce
2601 2654 2659 2699 et
2698 2646 2935 2717 gloriose
2966 2650 3301 2707 celebratur.
3330 2654 3538 2712 Gloria

1956 2728 2108 2781 enim
2138 2731 2243 2799 ipsi
2270 2734 2443 2790 cessit
2470 2734 2756 2792 humilitas
2786 2739 2877 2793 illa
2905 2756 3071 2810 quam
3109 2743 3164 2798 in
3198 2744 3542 2805 humanitate

1954 2826 2292 2878 assumenda
2335 2828 2614 2895 praestitit,
2650 2829 2951 2886 bonitatem
2990 2834 3166 2902 ipsius
3194 2840 3538 2907 perspicuam

1954 2920 2117 2982 atque
2174 2914 2442 2972 illustrem
2482 2920 2743 2977 reddens.
2764 2920 2885 2977 lam
2925 2939 3053 2980 vero
3088 2927 3180 2983 Dei
3219 2927 3415 2997 Filius,
3448 2932 3541 2987 Fi-

1958 3004 2063 3060 lius
2087 3005 2322 3062 hominis
2346 3010 2525 3066 factus
2540 3021 2648 3077 est,
2673 3028 2782 3069 non
2824 3019 3167 3088 mutationis,
3203 3026 3303 3079 sed
3325 3040 3538 3081 assum-

1950 3096 2160 3162 ptionis
2196 3098 2435 3153 ratione.
2467 3099 2668 3155 Mansit
2701 3106 2850 3181 enim
2883 3107 2938 3160 id
2967 3112 3112 3178 quod
3140 3125 3281 3181 erat,
3306 3126 3361 3171 ει
3387 3121 3537 3187 quod

1949 3200 2058 3238 nou
2092 3196 2251 3251 erat,
2292 3191 2611 3258 assumpsit.
2652 3190 2787 3247 Nam
2839 3210 2962 3250 cum
2996 3214 3116 3254 eam
3164 3219 3289 3260 esse
3323 3221 3535 3266 natura:

1948 3284 2149 3329 nostra:
2173 3277 2546 3334 inﬁrmitatem
2573 3284 2997 3353 perspiceret,ut
3027 3305 3097 3345 ex
3127 3294 3307 3364 seipsa
3335 3313 3525 3357 rerum

1946 3367 2189 3421 omnium
2241 3379 2529 3425 auctorem
2565 3382 2619 3428 et
2672 3375 2985 3435 effectorem
3022 3397 3360 3456 cognoscere
3414 3410 3525 3449 non

1949 3467 2138 3524 posset
2172 3461 2452 3549 (quoniam
2481 3464 2597 3534 ipse
2624 3467 2895 3537 ingenitus
2917 3485 3020 3541 est,
3045 3493 3144 3533 nos
3173 3491 3379 3550 autem,
3404 3501 3529 3544 cum

1948 3547 2103 3612 prius
2150 3564 2259 3603 non
2297 3541 2568 3620 essemus,
2588 3556 2721 3612 facti
2768 3573 2954 3631 postea
2988 3583 3324 3643 corporaque
3368 3579 3529 3635 cllicti

1947 3639 2185 3710 sumus).
2217 3641 2422 3699 ideirco
2451 3646 2595 3702 haud
2630 3652 2728 3707 abs
2754 3670 2813 3709 re
2844 3639 3103 3727 Verbum,
3140 3639 3320 3724 Patris
3349 3670 3529 3743 imago

1945 3728 2216 3827 exsistens
2243 3770 2259 3794 .
2292 3739 2529 3792 mortale
2551 3753 2752 3810 corpus
2787 3749 3016 3818 accepit,
3046 3762 3104 3807 ut
3133 3772 3281 3815 mors
3306 3728 3529 3835 quoque

1944 3817 1998 3870 in
2030 3834 2095 3873 co
2151 3820 2398 3880 funditus
2433 3833 3117 3913 exstingueretur,atqtte
3166 3817 3525 3913 homines.“

1947 3909 2237 3980 imaginem
2268 3916 2365 3972 Dei
2397 3922 2565 3976 creati
2597 3923 2779 3980 denuo
2808 3930 3248 3992 instaurarentur
3276 3956 3340 3995 ac
3362 3959 3525 4000 reno-

1944 4012 2224 4058 varentur.
2267 4006 2737 4071 Quemadmodum
2771 4018 2916 4072 enim
2963 4022 3010 4076 si
3052 4024 3224 4083 forma
3272 4039 3520 4101 quaedam

1944 4090 1998 4144 in
2030 4091 2180 4162 ligno
2204 4095 2416 4165 depicta
2447 4105 2691 4158 externis
2723 4109 2979 4166 sordibus
3003 4114 3180 4170 obsita
3216 4133 3271 4176 ει
3288 4090 3517 4183 ⁵οιιιίιιεἐ

1944 4192 2060 4236 rata
2095 4183 2280 4251 fuerit,
2311 4203 2503 4246 rursus
2525 4207 2673 4259 eum,
2700 4199 2859 4265 cujus
2890 4200 3177 4276 imaginem
3208 4214 3391 4284 refert,
3417 4222 3518 4275 ad-

1945 4275 2118 4331 hiberi
2147 4291 2372 4334 necesse
2398 4290 2504 4347 est,
2535 4293 2595 4339 ut
2623 4301 2685 4340 ea
2718 4275 3200 4367 instaurariqueat
3232 4321 3245 4358 :
3280 4308 3346 4361 ad
3373 4275 3519 4368 hunc

278 4370 415 4425 enim
458 4367 750 4419 humanam
785 4361 1113 4429 assumpsit,
1148 4363 1384 4417 humana
1420 4375 1600 4418 autem
1636 4365 1834 4419 divinl-
1868 4379 1907 4434 ε]
1943 4380 2157 4435 quoque
2206 4368 2425 4424 modum
2471 4373 2721 4433 Christus
2738 4419 2759 4463 ρ
2794 4380 2969 4440 Patris
3008 4361 3208 4461 imago,
3232 4395 3299 4449 ad
3333 4361 3517 4456 "651;;

280 4474 380 4519 tate
430 4462 619 4517 all‘eeta
672 4470 757 4513 est
807 4467 1023 4527 :atque
1072 4458 1284 4512 inllnita
1331 4460 1551 4528 quidem
1598 4476 1629 4514 a
1685 4462 1836 4516 tinita

278 4555 662 4627 comprehensa
701 4559 805 4613 est,
840 4551 990 4605 finita
1035 4566 1162 4606 vero
1206 4552 1431 4606 infinita:
1477 4568 1689 4608 annexa
1725 4573 1739 4610 :
1772 4571 1837 4611 ac

281 4649 499 4717 denique
521 4649 755 4701 adurens
777 4654 971 4700 natura
994 4659 1239 4700 crassam
1261 4654 1316 4699 ct
1335 4646 1558 4700 materia
1579 4658 1838 4703 constan-

281 4748 377 4793 tem
411 4740 737 4807 assumpsit;
774 4753 959 4792 crassa
1000 4747 1054 4791 et
1085 4738 1323 4793 carnalis
1363 4739 1684 4794 adurentem
1718 4741 1836 4794 sine

282 4830 380 4882 utlu
407 4828 731 4880 detrimento
763 4829 995 4895 accepit.
1030 4826 1176 4880 Nova
1209 4828 1352 4880 enim
1381 4829 1469 4881 illa
1500 4844 1604 4891 res,
1636 4845 1756 4897 qua:
1781 4831 1833 4883 in

279 4917 485 4972 Christo
518 4915 710 4975 eluxit,
752 4930 858 4968 non
893 4917 946 4968 in
991 4917 1093 4970 hoc
1129 4918 1393 4970 duntaxat
1425 4919 1529 4972 sita
1557 4931 1660 4983 cst,
1687 4921 1833 4989 quod

284 5010 323 5063 is
349 5009 435 5078 qui
462 5008 580 5062 sine
622 5006 890 5075 principio
916 5007 1028 5076 jam
1059 5023 1125 5061 ex
1156 5008 1261 5062 Deo
1299 5010 1514 5077 genitus
1537 5019 1674 5077 erat,
1709 5023 1831 5067 ortu

282 5114 481 5170 qucque
514 5098 799 5165 temporali
838 5098 1139 5151 secundum
1191 5114 1411 5152 carnem
1460 5103 1677 5168 genitus
1707 5103 1778 5156 sit
1810 5123 1826 5160 :

282 5194 361 5247 sed
389 5194 438 5245 itt
484 5204 550 5244 eo
579 5190 765 5252 etiam,
798 5188 942 5257 quod
975 5199 1159 5243 nostra
1198 5199 1391 5244 natura
1425 5207 1647 5247 carnem
1685 5196 1837 5248 nullo

283 5283 418 5350 prius
440 5282 588 5349 jacto
616 5279 827 5334 semine
857 5279 1090 5344 dederit,
1125 5295 1190 5335 ac
1220 5278 1384 5352 Virgo
1413 5282 1532 5337 sine
1562 5285 1837 5353 pudicitiae

282 5378 449 5421 actura
486 5365 779 5436 pepererit.
806 5365 1054 5435 Cumque
1082 5377 1408 5423 naturarum
1431 5384 1645 5436 earum,
1673 5371 1843 5442 cit'ca_

278 5474 399 5529 quas
448 5471 592 5512 novo
637 5457 889 5526 exemplo
931 5458 1136 5527 aliquid
1180 5459 1464 5527 edebatur,
1517 5462 1838 5533 adjicienda:

337 5636 375 5668 ³⁸
399 5634 749 5703 Ρεςιιωινιιι,
776 5634 863 5690 υι.
945 5635 986 5669 ³⁹
1018 5633 1164 5691 Psal.
1189 5651 1356 5704 Lxrn,
1391 5642 1479 5699 ﬁt.

1934 4454 2048 4507 [nec
2064 4457 2181 4510 loca
2198 4460 2451 4526 accessit,
2474 4471 2531 4517 ut
2546 4454 2823 4523 hominem
2841 4472 2910 4526 ad
2930 4454 3342 4537 similitudinem
3358 4503 3514 4541 suam

1932 4546 2167 4603 ellictum
2208 4550 2518 4623 instauret,
2550 4572 2616 4614 ac
2665 4560 2734 4617 de
2781 4563 3097 4625 hominibus
3137 4573 3274 4630 bene
3316 4587 3516 4640 mereri

1933 4643 2176 4709 cupiens,
2214 4655 2273 4698 ut
2308 4647 2493 4712 homo,
2523 4649 2590 4704 ad
2615 4667 2716 4709 nos
2748 4669 2976 4727 peregre
3007 4676 3067 4716 se
3106 4664 3341 4724 confert.
3369 4669 3509 4726 Nam

1931 4745 2057 4784 cum
2090 4735 2259 4789 semel
2308 4735 2590 4794 hominum
2640 4754 2851 4800 mentes
2891 4749 2961 4804 ad
3001 4755 3282 4812 sensilium
3328 4774 3513 4817 rerum

1943 4825 2184 4877 studium
2221 4828 2487 4897 prolapsae
2516 4844 2721 4900 essent,
2765 4835 3152 4901 Verbumsose
3187 4865 3284 4916 per
3312 4866 3513 4922 corpus

1942 4920 2300 4981 spectandum
2333 4920 2558 4989 objecit,
2608 4933 2668 4978 ut
2696 4926 2945 4986 homines
2976 4947 3281 5006 sensusque
3320 4920 3510 4999 eorum

1941 5006 2008 5059 ad
2042 5022 2100 5061 se
2132 5024 2348 5079 quoque
2377 5013 2655 5069 hominem
2692 5019 2983 5087 traducat,
3008 5034 3175 5097 atque
3206 5044 3509 5103 conVertat,

1941 5112 2003 5151 ac
2035 5114 2127 5166 per
2154 5115 2216 5155 ea
2249 5118 2368 5170 qua:
2400 5106 2539 5172 gerit
2563 5108 2897 5177 hominibus,
2923 5114 3122 5184 ipsum,
3148 5128 3206 5174 ut
3232 5121 3507 5183 hominem

1939 5188 2297 5259 intuentibus,
2344 5196 2503 5251 [idem
2537 5197 2724 5266 faciat,
2752 5217 2814 5258 se
2840 5219 2949 5260 non
2982 5208 3258 5268 hominem
3306 5219 3508 5286 solum,

1938 5281 2033 5334 sed
2086 5285 2248 5338 etiam
2286 5284 2452 5340 Deum
2487 5303 2631 5347 esse.
2671 5291 2830 5349 Visus
2868 5306 2953 5352 est
3000 5298 3183 5370 igitur,
3229 5321 3294 5362 ac
3343 5281 3509 5365 carne

1937 5375 2094 5439 quasi
2127 5376 2244 5430 velo
2273 5381 2508 5446 quodam
2540 5392 2594 5436 et
2627 5383 3002 5456 integumento
3049 5393 3329 5467 intcrjecta
3359 5439 3374 5466 ,
3412 5417 3508 5456 no-

1940 5466 2147 5521 biscnm
2196 5481 2443 5531 Versatus
2492 5487 2595 5530 est.
2635 5475 2833 5536 Puram
2884 5483 3035 5541 enim
3084 5503 3149 5544 ac
3202 5491 3504 5562 simplicem
