3958 6204
282 178 427 243 1Ξῖιῖ

1203 172 1522 234 NICETAS
1564 170 1643 231 ιΝ
1683 167 1908 229 ORAT-
1948 165 2198 226 XXXIX
2237 165 2296 225 S.
2338 163 2568 223 GBEG.

3406 156 3535 218 ητιδ

279 293 366 345 ab
400 289 660 359 Apostolo
704 297 925 340 voratur
981 287 1046 346 δίε,
1075 293 1258 355 utpote
1301 285 1393 354 qui
1424 300 1488 337 ex
1525 280 1650 337 Orci
1684 290 1871 334 ventre
1901 282 1942 340 Α
1973 287 2153 333 autem
2185 265 2541 331 humanitatis
2566 287 2597 327 a
2621 271 2838 327 Christo
2871 277 3167 338 assumpta:
3221 267 3516 326 consilium

284 383 510 451 primus
577 381 641 432 ad
716 379 1170 433 resurrectitmem
1231 374 1639 441 secundamque
1697 372 1862 423 vitam

289 473 515 543 genitus
550 479 677 534 est,
718 479 771 524 et
803 485 899 539 per
958 467 1206 537 baptismi
1254 464 1721 536 regenerationem
1757 461 1867 515 dux

284 573 352 616 et
378 570 567 616 auctor
591 560 656 614 ad
690 567 1000 627 utrumque,
1035 572 1096 611 ac
1128 557 1212 612 via
1260 556 1515 612 omnibus
1542 552 1868 607 mortalibus

292 652 531 706 exstitit.
583 650 703 706 Jam
750 664 877 704 vero
905 649 1165 705 Christus
1218 648 1358 717 apud
1408 645 1726 701 Malacbiam
1774 630 1867 696 Sol

294 745 524 807 iustitia:
565 752 619 797 et
657 742 902 812 Sponsus
941 740 1319 795 nominatur"
1362 757 1376 793 :
1418 739 1559 809 apud
1604 737 1867 792 Joannem

296 833 541 888 Verbum
560 832 627 896 “,
673 832 1132 901 quemadmodum
1182 841 1237 886 et
1288 829 1603 885 Pratcnrsor
1631 827 1872 887 Joannes

293 927 463 993 apud.
499 925 750 979 eumdem
815 923 1059 978 Lucerna
1083 925 1126 956 δ’
1183 933 1238 979 et
1293 923 1473 979 Vox”
1533 933 1586 978 et
1649 921 1872 979 Amicus

296 1013 571 1081 Sponsi“
631 1013 849 1067 dicitur.
884 1013 1111 1078 Verum,
1166 1022 1225 1067 ut
1272 1014 1338 1068 ad
1390 1028 1503 1066 rem
1564 1011 1872 1075 redeamus,

293 1102 546 1157 Joannes
592 1101 774 1157 Jcsuzn
826 1104 1146 1171 submovet;
1181 1102 1341 1160 Jesus
1370 1113 1550 1159 autem
1596 1100 1875 1157 contendit

296 1204 468 1265 atque
499 1195 685 1259 instat,
748 1196 1074 1265 baptismum
1124 1197 1429 1266 postulans,
1470 1197 1656 1266 aitque
1694 1212 1709 1248 :
1745 1192 1872 1249 Sine

296 1303 482 1352 nunc;
517 1288 620 1341 hoc
654 1289 799 1342 enim
836 1297 985 1342 certa
1039 1288 1442 1356 dispensatione
1475 1287 1552 1348 lit,
1579 1296 1636 1339 nt
1679 1299 1874 1339 omnes

299 1376 529 1445 iustitiae
578 1391 836 1430 numeros
879 1376 1157 1445 impleam,
1195 1377 1297 1430 hoc
1330 1383 1458 1440 est,
1508 1376 1690 1431 omnia
1744 1375 1874 1443 legis

301 1479 461 1534 prmo
488 1476 595 1534 pta.
637 1465 748 1521 lloc
796 1475 976 1521 autem
1028 1466 1308 1531 adverbio,
1360 1464 1554 1529 Nunc,
1593 1466 1713 1520 ideo
1744 1482 1875 1521 usus

301 1566 425 1621 est,
460 1573 549 1625 qu.
573 1557 717 1611 niam
752 1559 1089 1626 exploratum
1130 1557 1361 1613 habebat
1391 1557 1507 1613 fore
1551 1570 1631 1621 ut,
1678 1557 1874 1627 exiguo

1968 384 2030 424 ac
2048 368 2205 422 Verbi
2243 382 2366 421 cttm
2398 380 2563 420 carne
2597 362 3033 433 coniunctionem
3064 359 3359 429 signiﬁcat,
3380 357 3537 424 cujus

1971 477 2039 516 ne
2071 470 2311 515 extrema
2365 456 2587 527 quidem
2631 466 2682 510 et
2711 454 3034 509 brevissima
3087 450 3348 521 mysteria
3380 447 3540 502 facile

1970 552 2108 609 Solvi
2138 560 2300 621 atque
2327 547 2592 618 explicari
2621 553 2875 617 possunt,
2905 559 3014 599 non
3038 543 3216 596 dicam
3247 542 3316 595 ab
3347 540 3418 596 iis
3445 540 3542 608 qui

1972 646 2025 700 in
2052 659 2230 699 rerum
2263 658 2293 697 a
2320 641 2544 696 Christo
2592 648 2870 709 gestarum
2921 634 3233 705 cogititione
3288 632 3543 685 carnales

1971 735 2261 800 atlbuc,et,
2293 740 2352 785 ut
2378 728 2619 800 Apostoli
2655 716 2823 783 verbo
2859 735 2981 781 utar
3008 724 3076 783 ⁵⁸.
3105 721 3345 776 infantes
3379 729 3538 781 sunt,

1971 827 2064 882 sed
2102 840 2170 879 ne
2210 824 2280 878 ab
2309 822 2508 877 adultis
2538 819 2758 891 quidem
2804 829 2971 887 atque
3021 812 3281 884 perfecus
3310 852 3325 876 ,
3359 810 3543 878 qualis

1970 926 2089 972 erat
2130 915 2408 978 Joannes,
2453 927 2617 983 quam
2667 907 2973 981 parcissimi
3031 921 3094 961 ac
3137 919 3273 974 pene
3343 901 3546 957 nullius

1975 1010 2081 1066 cibi
2106 1009 2186 1061 vir
2223 1027 2237 1061 :
2273 1005 2426 1061 Venit
2448 1005 2618 1070 enim,
2647 1002 2845 1072 inquit,
2874 999 3105 1054 Joannes
3162 996 3421 1063 Baptista,
3453 1007 3545 1047 nec

1973 1100 2298 1156 manducone
2331 1114 2422 1152 nec
2452 1096 2630 1150 bibens
2668 1093 2736 1149 ".
2770 1122 2842 1136 -ι
2874 1090 3019 1145 Nare
3061 1087 3182 1142 Elia
3209 1102 3227 1140 :
3262 1085 3319 1139 Si
3351 1083 3539 1143 vultis.

1975 1193 2173 1261 inquit,
2211 1190 2472 1258 recipere,
2509 1186 2625 1255 ipse
2660 1183 2964 1244 eSt‘Elias,
2994 1180 3088 1250 qui
3138 1185 3401 1232 venturus
3431 1182 3537 1229 cst.

1976 1282 2299 1339 Solitudinis
2353 1278 2585 1332 alumne.
2625 1304 2688 1314 —
2724 1272 2901 1339 Quid,
2942 1269 3158 1337 inquit,
3213 1264 3418 1321 exiistis
3492 1263 3547 1316 in

1974 1380 2239 1433 desertum
2290 1373 2507 1427 cidere?
2544 1368 2904 1439 prophetam?
2935 1366 3097 1421 etiam
3146 1363 3266 1416 dico
3299 1360 3464 1422 vobis,
3496 1367 3548 1411 et

1974 1470 2250 1539 plusquam
2284 1464 2594 1534 prophetam
2610 1460 2678 1515 ⁸⁸.
2713 1458 2849 1513 Nam
2903 1472 3026 1511 cum
3052 1454 3232 1511 caeteri
3270 1453 3551 1522 prophetat:

1976 1560 2254 1616 Christum
2294 1565 2505 1610 tantum
2543 1561 2834 1607 venturum
2872 1546 3245 1608 cecinissent,
3307 1541 3551 1597 Joannes

306 1657 436 1715 post
469 1657 739 1717 tempore,
776 1647 1068 1716 Baptislant
1111 1664 1206 1716 per
1250 1647 1588 1703 sacrosancti
1632 1648 1717 1703 sui
1756 1663 1878 1701 ver-

1990 1666 2103 1707 eum
2141 1662 2357 1720 quoque
2410 1644 2589 1700 oculis
2642 1639 2950 1712 perspexit.
3011 1637 3134 1693 Jam
3190 1649 3320 1690 vero
3375 1633 3466 1687 illa
3520 1645 3556 1685 e

305 1736 434 1791 ticis
490 1747 805 1793 contactum
847 1751 900 1793 et
934 1738 1171 1809 Spiritus
1211 1736 1394 1794 sancti
1442 1739 1736 1793 adventum
1783 1736 1878 1792 ab-

306 1827 503 1886 iucrct.

386 1923 519 1977 lbid.
550 1923 611 1975 1).
639 1922 766 1977 lam
796 1924 921 1988 quid
958 1922 1305 1976 ventilabrum
1334 1922 1644 1992 signiﬁcat?
1681 1919 1884 1990 Purga-

310 2016 649 2073 tiuncm.etc.
691 2015 765 2070 De
803 2014 1021 2069 Christo
1058 2014 1111 2067 in
1153 2011 1459 2084 Evangeli‘s
1492 2012 1565 2066 ita
1588 2012 1880 2068 scribitur:

325 2104 679 2160 Ventilabrum
703 2107 755 2158 in
781 2120 941 2159 manu
971 2104 1103 2175 ejus,
1134 2114 1181 2158 et
1220 2105 1461 2176 purgabit
1491 2120 1670 2158 aream
1704 2120 1880 2171 suam,

309 2207 360 2249 et
393 2196 601 2265 collegit
647 2196 882 2248 triticum
918 2196 972 2248 in
1005 2194 1288 2249 horreum:
1314 2195 1496 2264 paleas
1528 2204 1702 2248 autem
1736 2204 1881 2248 tom-

311 2290 461 2343 buret
541 2289 650 2359 igni
704 2287 1215 2357 inexstinguibili".
1275 2287 1647 2342 Ventilabrum
1716 2302 1882 2355 porro

314 2381 691 2449 purgationem
722 2379 1022 2450 signiﬁcat,
1059 2377 1161 2432 hoc
1182 2386 1286 2444 est,
1324 2378 1671 2440 divisionem,
1711 2378 1884 2448 frugi-

313 2473 489 2526 ferum
520 2472 586 2525 ab
618 2470 939 2544 infrugifero
970 2472 1392 2530 discernentem.
1422 2470 1880 2540 quemadmodum

314 2564 679 2619 vrtnilabrum
713 2564 1046 2619 frumentum
1079 2580 1108 2619 a
1153 2566 1305 2635 palea
1335 2564 1613 2628 discernit,
1644 2577 1708 2617 ac
1732 2562 1882 2631 quid-

315 2656 443 2725 quid
471 2655 585 2711 lcve
609 2667 662 2709 et
688 2666 973 2710 ventosum
1000 2665 1103 2720 est,
1127 2657 1331 2710 excutit
1360 2673 1374 2709 :
1400 2655 1660 2726 quidquid
1691 2669 1883 2710 rursus

314 2762 478 2817 grave
500 2756 601 2809 est,
626 2747 678 2800 in
705 2747 898 2801 horrea
924 2748 1190 2802 recondit.
1216 2746 1358 2817 ignis
1400 2757 1581 2801 autem
1627 2760 1884 2801 consum-

318 2839 556 2907 ptionem
620 2840 888 2910 designat,
920 2841 1113 2895 sordes
1164 2854 1355 2893 eorum
1409 2834 1501 2909 q'ui
1559 2846 1880 2908 purgantur,

1982 1742 2123 1798 caelo
2160 1738 2328 1794 missa
2358 1751 2460 1791 vox
2492 1735 2770 1790 Christum
2806 1731 3022 1786 t-wlitns
3071 1725 3377 1797 profectum
3426 1736 3551 1776 esse

1983 1835 2202 1894 clamat,
2268 1828 2550 1897 ipsiusque
2606 1823 2946 1878 divinitatem
3002 1824 3281 1871 testatur:
3327 1811 3428 1866 llic
3472 1819 3553 1865 est

1984 1924 2162 1980 Filius
2191 1937 2335 1976 meus
2389 1919 2613 1973 dilectus
2645 1916 2714 1968 ".
2758 1913 2957 1967 Adhaec
2990 1908 3228 1978 Spiritus
3279 1916 3548 1974 corporeo

1986 2017 2146 2074 modo
2189 2020 2538 2083 conspectus,
2585 2016 2750 2075 atque
2785 2014 2844 2059 ut
2890 1999 3142 2057 columba
3175 1998 3240 2051 ad
3273 1994 3553 2051 Christum

1984 2121 2325 2170 accurrcns,
2387 2102 2563 2173 ipsius
2620 2113 2822 2169 corpus
2882 2095 3089 2150 honore
3138 2088 3343 2152 allicit,
3398 2082 3550 2156 quod

1983 2197 2205 2268 quidem
2239 2209 2339 2249 nec
2370 2200 2568 2248 natura
2622 2188 2768 2242 Deus
2796 2193 2880 2241 est
2926 2178 3053 2254 (hoc
3085 2178 3232 2236 enim
3278 2177 3426 2233 dictu
3456 2175 3556 2229 ab-

1983 2288 2209 2345 surdum
2252 2282 2465 2355 fuerit),
2495 2294 2595 2336 nec
2623 2278 2914 2348 adoptione
2947 2290 2965 2329 :
3003 2287 3109 2327 non
3140 2270 3285 2325 enim
3326 2283 3391 2322 ex
3428 2280 3558 2355 pro:

1985 2381 2268 2451 gressione
2304 2388 2360 2433 et
2398 2376 2759 2436 incremento,
2797 2380 2985 2424 verum
3013 2362 3359 2420 dedicatione
3389 2340 3561 2427 atqud

1988 2450 2322 2542 hypostatica
2354 2465 2559 2522 unione
2589 2475 2752 2530 supra
2802 2468 3058 2515 naturam
3111 2463 3275 2524 atque
3309 2450 3561 2520 adoptio-

1989 2575 2112 2615 nem
2176 2574 2242 2612 cx
2300 2559 2415 2627 ipsa
2455 2553 2657 2609 unione
2708 2548 3049 2607 divinitatem
3102 2555 3416 2601 assecutum
3452 2550 3557 2596 est.

1989 2651 2174 2717 thue
2209 2647 2464 2703 columba
2505 2642 2633 2699 olim
2680 2639 2749 2695 ad
2786 2654 2971 2694 arcam
3022 2650 3272 2698 reversa,
3319 2644 3374 2688 et
3402 2629 3560 2686 oliva:

1987 2743 2251 2798 festucam
2280 2755 2375 2794 ore
2404 2738 2608 2802 ferens,
2654 2731 2933 2790 sensibilis
2986 2736 3040 2783 et
3073 2725 3325 2797 corporei
3368 2723 3558 2778 diluvii

1988 2834 2165 2889 sedati
2219 2830 2471 2885 nuntiutn
2533 2825 2775 2881 attulit"
2809 2838 2824 2876 :
2858 2821 3047 2876 eodem
3106 2818 3269 2873 modo
3322 2814 3559 2885 Spiritus

317 2932 620 2985 abulcntem
648 2976 662 2998 ,
693 2942 746 2987 et
780 2932 924 3003 quod
958 2932 1092 2987 levis
1120 2943 1172 2987 et
1203 2931 1409 2986 vitiosa:
1452 2941 1659 2985 naturai
1692 2944 1882 3000 repur-
1910 2933 1953 2990 C
1985 2937 2227 2989 sanctus,
2264 2938 2407 2978 nunc
2438 2920 2494 2976 in
2541 2916 2805 2975 columba
2836 2913 3010 2969 forma
3058 2925 3348 2980 apparens,
3406 2921 3559 2962 com-

318 3033 557 3092 gautcm.
594 3023 752 3079 Levis
782 3025 925 3078 enim
959 3040 1044 3079 res
1088 3033 1141 3079 et
1172 3024 1320 3078 arida
1363 3031 1641 3092 peccatum
1664 3060 1677 3084 ,
1708 3021 1885 3090 ignem

324 3115 482 3170 facile
511 3116 845 3185 concipiens.
880 3116 980 3170 Per
1023 3116 1202 3184 ignem
1238 3116 1401 3168 etiam
1434 3114 1672 3181 Spiritus
1707 3112 1889 3167 fervor

322 3208 616 3277 significari
647 3216 843 3276 potest,
866 3207 958 3277 qui
986 3209 1050 3258 ad
1075 3204 1519 3259 virtutistcultum
1548 3213 1601 3258 et
1622 3204 1887 3265 studium,

327 3298 526 3368 Deique
593 3314 883 3360 amorem,
937 3296 1109 3366 ipsius
1194 3295 1486 3364 participes
1564 3292 1886 3346 inflammat.

327 3394 586 3459 Sequitur
663 3389 807 3450 apud
877 3386 1266 3457 evangelistam
1328 3402 1343 3439 :
1397 3383 1609 3439 Securis
1673 3384 1742 3437 ad
1802 3401 1892 3438 ra-

323 3483 491 3535 dicem
549 3481 799 3534 arborum
856 3480 1028 3549 posita
1078 3486 1152 3532 est
1173 3476 1239 3533 ⁸³.
1300 3474 1521 3530 Securis
1580 3476 1777 3530 anima:
1834 3474 1892 3528 il-

330 3576 432 3627 lius
457 3572 787 3628 excisiouem
820 3571 1087 3640 designat,
1121 3585 1240 3638 quae
1272 3568 1344 3622 ita
1374 3566 1581 3636 perdite
1616 3575 1669 3620 et
1703 3565 1891 3637 profli-

328 3676 449 3737 gate
490 3666 640 3729 vivit,
695 3674 755 3718 ut
827 3678 893 3717 ne
944 3660 1193 3716 adhibito
1265 3658 1490 3729 quidem
1550 3648 1620 3711 ‘et
1690 3659 1891 3727 injecto

328 3755 625 3812 salutifera:
687 3753 968 3808 medicinte
1032 3753 1161 3805 [into
1227 3751 1462 3805 fructum
1524 3749 1693 3804 ullum
1731 3749 1890 3803 ferat.

332 3847 441 3902 lloc
485 3856 665 3902 autem
709 3853 982 3914 sumptum
1018 3853 1199 3899 estex
1258 3841 1568 3911 evangelica
1609 3840 1891 3910 parabola,

333 3940 385 3991 in
422 3954 527 4004 qua
563 3934 800 4005 agriCola
835 3932 1090 4004 precibus
1120 3946 1149 3985 a
1199 3931 1372 3986 vinea:
1407 3929 1638 3983 Dmnino
1668 3940 1896 3983 conten-

333 4027 433 4089 dit,
470 4035 527 4080 ut
559 4041 670 4079 uno
709 4024 888 4078 adhuc
943 4038 1091 4077 anno
1139 4022 1301 4076 ficum
1350 4021 1612 4086 dimittat,
1644 4029 1703 4075 ut
1748 4021 1894 4075 circa

332 4134 451 4174 eam
485 4117 676 4177 fodiat,
707 4131 771 4169 ac
810 4125 1021 4171 stercus
1045 4113 1275 4185 injiciat.
1316 4113 1529 4168 Rursus
1557 4113 1611 4167 in
1654 4110 1897 4181 Evange-

336 4213 406 4263 lio
435 4208 568 4263 dicit
596 4208 857 4261 Dominus
899 4224 915 4261 :
952 4203 1073 4259 Non
1128 4206 1242 4260 veni
1276 4207 1478 4259 mittere
1528 4221 1752 4274 pacem,
1806 4202 1896 4257 sed

1990 3032 2234 3091 pressam
2266 3029 2390 3070 esse
2421 3009 2763 3082 spiritualem
2793 3003 3034 3061 illuviem
3072 3001 3300 3056 iudicat.
3329 2997 3484 3065 Quod
3512 2995 3558 3051 si

1992 3090 2281 3162 hteretieus
2339 3097 2812 3170 magnitudinibus
2874 3102 2930 3148 et.
3010 3090 3393 3160 ponderibus,
3439 3105 3563 3158 quae

1998 3210 2296 3265 corporum
2341 3191 2562 3263 propria
2613 3197 2767 3251 sunt,
2793 3185 3136 3239 divinitatem
3178 3180 3561 3235 aestimandam

1992 3292 2215 3347 censet,
2272 3292 2436 3350 atque
2490 3278 2698 3333 idcirco
2758 3273 3023 3344 Spiritum
3069 3285 3296 3341 parvum
3327 3268 3559 3350 iudicat,

1995 3375 2142 3446 quod
2200 3342 2476 3428 columba:
2519 3367 2700 3439 specie
2759 3342 3057 3436 apparuit,
3115 3342 3564 3427 faciendum’jam

1995 3468 2098 3540 ipsi
2132 3473 2216 3521 est
2255 3474 2313 3522 ut
2345 3478 2570 3535 regnum
2622 3472 2846 3531 quoque
2892 3454 3156 3510 caelorum
3207 3458 3560 3522 aspernetur.

1998 3559 2261 3633 quoniam
2321 3570 2492 3628 grano
2552 3552 2760 3622 sinapis
2802 3548 3120 3609 confertur,
3171 3560 3235 3599 ac
3285 3542 3569 3598 diabolum

1995 3651 2198 3708 Christi
2224 3647 2499 3720 maiestati
2534 3650 2853 3713 anteponat,
2900 3638 3025 3706 quia
3056 3638 3124 3691 de
3169 3649 3234 3690 co
3264 3633 3567 3689 Zacharias

1993 3742 2126 3797 dicit
2144 3757 2159 3795 :
2180 3739 2312 3806 Qui:
2334 3754 2387 3793 es
2405 3747 2484 3799 tu.
2501 3751 2649 3790 mons
2672 3748 2878 3803 magne,
2898 3730 2987 3799 qui
3007 3746 3061 3783 es
3090 3737 3210 3781 ante
3234 3726 3433 3781 vultum
3455 3721 3567 3778 Zo-

1996 3830 2258 3887 robttbelis
2281 3830 2324 3861 “
2346 3829 2452 3884 lEt
2479 3825 2746 3881 Jeremias
2784 3840 2799 3880 :
2836 3822 2967 3876 Ecce
2986 3838 3077 3890 ego
3101 3820 3169 3872 ad
3195 3829 3259 3883 te,
3286 3834 3433 3870 mons
3451 3831 3571 3868 cor—

1998 3923 2235 3993 rupte".
2268 3922 2421 3977 Mons
2455 3927 2639 3974 autem
2692 3928 2926 3984 magnus
2973 3903 3332 3964 adversarius
3382 3916 3569 3961 noster

1997 4014 2224 4087 proptdr
2247 4011 2556 4082 superbiam
2591 4022 2745 4064 suam
2767 4016 2821 4061 et
2848 4003 3210 4073 arrogantiam
3251 3999 3472 4054 dicitur.
3510 3995 3580 4052 In:

2000 4107 2141 4162 libro
2199 4114 2377 4158 autem
2426 4101 2530 4157 Job
2602 4097 2895 4152 Leviathan
2950 4090 3256 4157 vocatur“,
3317 4088 3485 4160 quod,
3521 4095 3567 4142 si

2002 4194 2396 4263 interpreteris,
2434 4191 2573 4245 idem
2643 4187 2993 4256 significabit,
3030 4183 3175 4254 quod
3228 4195 3322 4235 rex
3386 4195 3577 4235 eorum

334 4299 594 4371 gladium;
629 4297 743 4350 ι·εηί
780 4296 915 4350 enim
957 4295 1188 4349 dividere
1220 4295 1479 4349 hominem
1517 4270 1765 4349 adversus
1795 4311 1894 4365 pa-
1930 4271 1974 4326 Ῑ)
2002 4304 2119 4359 qua:
2152 4288 2201 4340 i.t
2246 4285 2396 4355 aquis
2450 4289 2597 4335 sunt.
2631 4279 2889 4334 Christus
2936 4282 3128 4331 contra
3181 4272 3325 4342 apud
3376 4270 3569 4324 Isaiam

337 4403 465 4445 trem
498 4407 674 4455 suum,
730 4399 778 4443 et
834 4388 1003 4456 ﬁliam
1054 4388 1303 4439 adversus
1352 4397 1577 4440 matrem
1622 4403 1796 4449 suam,
1853 4394 1901 4440 et

336 4500 525 4539 nurum
564 4481 811 4567 advers'tts
829 4496 1037 4534 socrum
1060 4495 1213 4533 suam
1232 4478 1297 4529 ".
1316 4476 1611 4531 Consimile
1641 4477 1901 4547 quiddam

338 4593 430 4646 per
461 4566 747 4629 Michzcani
771 4586 992 4641 quoque
1036 4569 1242 4624 dictum
1272 4578 1357 4623 est
1394 4584 1407 4620 :
1441 4566 1640 4629 Filius,
1698 4568 1900 4637 inquit,

336 4667 675 4719 exlionorabit
712 4674 935 4733 patrem.
973 4663 1084 4732 [ilia
1108 4664 1160 4715 in
1201 4672 1425 4713 matrem
1458 4674 1613 4711 suam
1644 4657 1899 4725 insurget,

287 4790 290 4794 .
340 4763 386 4805 rt
426 4769 588 4804 nurus
618 4753 672 4805 in
714 4767 923 4805 socrum
949 4750 1186 4803 suum”.
1228 4746 1453 4801 Cladins
1487 4743 1652 4814 igitur
1677 4753 1898 4797 acutum

341 4855 393 4895 et
444 4851 816 4911 penetrantem
856 4841 1062 4915 Christi
1106 4852 1418 4895 sermonem
1476 4836 1719 4898 indicat,
1797 4836 1900 4889 hoc

341 4943 446 4992 cst,
481 4931 602 4985 fidei
635 4932 966 4994 doctrinam,
1019 4941 1071 4983 et
1100 4930 1565 4999 praedicationem,
1615 4927 1803 4981 fideles
1836 4927 1906 4981 ab

343 5026 654 5079 intidclibns
694 5021 1048 5085 dividentem,
1114 5036 1363 5092 novaque
1410 5030 1464 5074 et
1490 5019 1801 5081 evangelica
1842 5033 1908 5073 ac

343 5132 471 5170 vera
523 5117 784 5171 adversus
819 5127 1001 5169 vetera
1033 5124 1088 5167 et
1122 5114 1423 5167 umbratica
1471 5113 1720 5181 exetnpla
1752 5112 1906 5165 exci-

348 5219 571 5265 tanteut.
627 5200 873 5279 Currigia
913 5215 1095 5262 autem
1149 5207 1324 5262 larunt
1392 5215 1478 5262 est
1530 5205 1723 5262 calcei.
1792 5203 1906 5260 lloc

987 5391 1033 5423 ν’
1069 5389 1295 5444 Mulaclt.
1330 5405 1403 5448 tv.
1430 5389 1484 5443 2.

1295 5458 1425 5512 an.
1478 5476 1556 5519 ll',
1594 5459 1675 5510 l6.

413 5392 460 5424 “
490 5392 700 5448 t'iolosc.
738 5408 777 5450 ι.
826 5390 911 5446 15.

343 5478 427 5527 ιιι,
478 5461 567 5516 29.
668 5464 713 5495 ⁸¹
746 5460 931 5514 Matth.
990 5477 1072 5520 ut.
1133 5460 1233 5521 1‘2;

1577 5389 1620 5421 ⁸⁸
1647 5387 1801 5441 Joan.
1844 5403 1882 5448 ι,
1917 5386 2143 5454 passim.

1752 5458 1797 5489 ⁸³
1833 5456 1962 5509 Luc.
2004 5472 2086 5517 nt,
2134 5455 2186 5509 9.
2288 5457 2333 5487 ⁸⁵

2003 4393 2176 4449 agnus
2230 4375 2591 4428 nominatur:
2647 4367 2925 4438 Tanquam
2974 4380 3183 4435 agnus,
3235 4362 3453 4431 inquit,
3504 4360 3575 4411 ad

2002 4470 2315 4525 occisionem
2351 4466 2540 4520 ductus
2565 4474 2666 4529 est,
2715 4471 2765 4517 et
2795 4461 2931 4516 sicut
2956 4473 3123 4529 agnus
3154 4471 3331 4510 coram
3363 4461 3573 4506 tonsore

2002 4579 2099 4616 suo
2133 4561 2393 4615 obmutuit
2415 4557 2483 4609 “.
2546 4556 2611 4610 Et
2670 4553 2811 4623 apud
2850 4550 3161 4606 Joannem:
3211 4544 3340 4599 Ecce
3392 4543 3585 4613 Agnus.

2002 4652 2184 4708 Dei".
2223 4650 2290 4705 Et
2340 4649 2394 4703 in
2448 4646 2735 4716 Evangelia
2781 4642 3074 4713 margarita
3124 4644 3373 4700 vocatur,
3406 4648 3571 4704 quam

2006 4747 2180 4799 bonus
2209 4742 2511 4811 negotiator
2536 4735 2829 4793 divenditis
2864 4731 3119 4789 omnibus
3146 4728 3263 4786 suis
3301 4724 3569 4782 facultati-

2012 4837 2113 4891 bus
2135 4838 2353 4893 emit“.
2403 4838 2566 4892 Gutta
2598 4846 2779 4890 autem
2819 4830 2961 4900 apud
3010 4826 3269 4882 Davidcm
3303 4830 3527 4877 vocatur
3558 4837 3574 4875 :

2010 4928 2310 4994 Descendit,
2343 4930 2543 4999 inquit,
2598 4927 2732 4980 sicut
2778 4923 2957 4993 pluvia
3004 4921 3059 4974 in
3106 4915 3298 4984 vellus,
3343 4923 3393 4968 et
3439 4912 3574 4967 sicut

2009 5033 2154 5091 gutta
2181 5022 2390 5075 stillans
2417 5038 2573 5088 super
2606 5018 2884 5072 terram".

2086 5116 2201 5171 Col.
2236 5115 2338 5170 534
2356 5114 2416 5169 C.
2438 5113 2700 5179 Quoniam
2731 5122 2903 5165 autent
2932 5107 3198 5180 baptismi,
3232 5114 3341 5159 etc.
3372 5099 3575 5162 Unum,

2016 5209 2212 5280 inquit,
2243 5206 2507 5278 baptisma
2573 5213 2714 5270 erat,
2753 5202 2920 5258 Musis
2997 5200 3267 5270 baptisma
3316 5195 3372 5250 in
3413 5208 3576 5262 aqua.

3335 5373 3378 5406 "
3416 5369 3575 5426 Joan.

3334 5444 3379 5476 ⁸⁸
3398 5441 3414 5494 1
3447 5440 3574 5493 Cor.

2763 5381 2811 5414 "
2843 5378 3003 5432 Joan.
3059 5392 3098 5439 ι,
3145 5376 3239 5430 25.

2761 5450 2806 5482 ⁸⁸
2832 5449 2995 5503 Miclt.
3051 5463 3142 5510 t'tt,
3204 5444 3258 5499 6.

2235 5384 2458 5439 “Joan.
2490 5400 2541 5444 ν.
2584 5381 2672 5435 53.

2288 5457 2333 5487 ⁸⁵
2387 5453 2573 5506 ΜειιιΙι.
2634 5468 2659 5503 ιι

2387 5468 2573 5507 Μειιιιι.
2634 5468 2687 5510 ιι,

344 5510 427 5596 ut:
460 5510 616 5584 lin"
649 5510 933 5592 Manium,
971 5510 1425 5589 t'sL‘ss'i..'..."4-a,
1472 5510 1556 5581 to:
1633 5531 1676 5560 ω
1716 5527 1876 5579 Matth

1997 5567 2009 5588 ,
2054 5510 2136 5596 l'7.
2183 5527 2226 5556 6°
2253 5523 2388 5596 Gen.
2416 5539 2529 5596 _\lll,
2557 5521 2718 5596 8-ll._
2744 5523 2785 5552 “
2820 5520 3057 5596 Ζίιιειιίιιίἰ
3088 5533 3168 5596 ιν,
3192 5514 3256 5596 _7.
3288 5515 3332 5545 "
3369 5510 3573 5596 δρςςιη.

349 5620 421 5669 ιι,
453 5602 541 5658 23.
620 5601 665 5634 ‘°
714 5598 832 5656 Job.
871 5603 1077 5666 st.,‘20.
1154 5601 1198 5631 “
1238 5600 1344 5653 ιω.
1404 5614 1519 5661 ιιιι,
1572 5598 1625 5651 't'.

1703 5598 1745 5628 ⁵⁵
1781 5596 1934 5651 Joan.
1971 5612 2006 5657 t,
2037 5594 2125 5650 “19.

2205 5596 2247 5626 θ’
2283 5594 2466 5648 Matth.
2507 5581 2624 5657 sint,
2664 5592 2719 5644 i5
2756 5608 2908 5660 seqq.
3015 5589 3057 5620 ⁸⁷
3084 5586 3225 5640 Ρμιιι.
3258 5595 3411 5645 Lm,
3444 5581 3497 5632 ti.
