3958 6204
403 206 537 270 1⁵23)

1807 200 2186 262 ADDENDA.

3537 203 3671 269 ιεει

396 317 549 372 llanc
605 315 752 371 enim
810 316 981 385 legent
1017 313 1197 369 sanxit
1231 332 1243 367 :
1281 312 1337 369 Si
1367 313 1494 384 quis
1545 321 1826 368 mortuum
1882 319 1976 365 aut
2004 312 2049 367 Δ
2075 320 2181 375 est,
2216 310 2367 380 quod
2396 311 2657 381 martyrio
2691 319 2747 365 et
2767 310 3053 382 sanguinis
3076 311 3350 368 eﬂusione
3375 327 3669 383 compars—

396 410 675 479 ieprosum
706 406 1026 475 cuntigerit,
1078 414 1169 461 aut
1217 421 1342 461 cum
1382 406 1610 463 ethnico
1652 404 1976 469 comederit,

397 508 489 555 aut
544 499 711 555 ullam
770 497 933 553 aliam
1001 498 1219 554 sordem
1269 498 1655 562 contraxerit,
1709 510 1851 566 aqua
1908 496 1977 548 ad

399 603 676 659 vesperam
726 597 1057 660 repurgetur
1080 587 1162 643 ⁸⁸.
1216 590 1396 660 Atque
1433 598 1560 644 ante
1598 589 1770 657 legem
1811 588 1974 643 etiam

398 682 672 738 lsraelitas
709 684 761 737 in
785 684 931 738 nube
956 693 1012 739 et
1040 683 1176 738 mari
1229 683 1614 754 baptizavit",
1668 696 1977 752 eorumque

396 775 543 830 sitim
587 791 727 846 aqua
760 792 825 830 ex
856 786 1003 845 petra
1029 776 1363 832 scaturiente
1396 776 1669 842 restinxit,
1700 784 1755 830 et
1779 788 1975 830 manna

398 870 599 923 famem
640 868 942 924 sedavit".
970 871 1100 925 Erat
1132 879 1315 926 autem
1346 878 1496 940 petra
1531 869 1762 938 mystico
1787 884 1972 933 sensu,

394 961 545 1014 velut
597 958 770 1017 Paulo
823 975 1043 1032 quoque
1086 963 1311 1033 placet,
1350 962 1601 1017 Christus
1629 1004 1644 1027 ,
1706 972 1760 1016 et
1808 971 1975 1032 petra:

393 1067 555 1121 aqua,
584 1053 766 1109 vitalis
822 1052 984 1107 Verbi
1030 1054 1106 1108 vis
1160 1063 1214 1109 et
1262 1052 1493 1108 facultas
1525 1053 1613 1123 (Si
1656 1055 1772 1123 quis
1823 1054 1969 1107 enim

391 1144 547 1207 sitit,
583 1143 781 1213 inquit,
816 1146 989 1198 ueniat
1050 1145 1119 1197 ad
1167 1161 1248 1200 me
1298 1154 1345 1199 et
1373 1146 1513 1198 bibat
1542 1145 1634 1214 τ’),
1688 1153 1743 1199 ct
1774 1158 1972 1199 manna

393 1237 573 1290 vivum
608 1251 804 1305 panem
837 1236 1223 1291 adumbrabat.
1250 1234 1319 1290 At
1349 1250 1480 1290 vero
1511 1250 1661 1289 mare
1689 1243 1743 1289 et
1776 1234 1972 1299 nubes,

393 1331 448 1382 in
482 1344 719 1398 prresens
752 1330 970 1399 quidem
1014 1330 1231 1384 animos
1281 1328 1569 1383 hominum
1618 1327 1694 1383 rei
1729 1328 1969 1382 admira-

393 1422 541 1477 tione
583 1423 867 1492 perculsos
895 1424 960 1478 ad
999 1423 1161 1479 tidem
1213 1424 1545 1477 inducebant
1580 1442 1595 1477 :
1631 1423 1687 1477 in
1729 1420 1971 1477 futurum

395 1523 577 1569 autem
602 1515 922 1570 aﬂ‘nlsuram
965 1515 1195 1586 gratiam
1230 1531 1324 1585 per
1367 1514 1596 1585 ﬁguram
1627 1515 1969 1571 indicabant.

395 1606 530 1673 Quis
552 1610 789 1678 sapiens,
819 1620 868 1664 et
905 1609 1163 1680 intelliget
1210 1608 1426 1665 litae"?
1469 1624 1580 1680 quo
1610 1618 1769 1679 pacto
1821 1624 1972 1665 mare

392 1695 727 1766 baptismum
780 1697 1122 1769 designabat,
1172 1695 1430 1753 ilehraros
1479 1695 1733 1755 videlicet
1762 1714 1793 1754 a
1824 1698 1972 1754 Pha-

396 1804 565 1844 raone
615 1789 959 1861 disjungens,
993 1791 1455 1861 quemadmodum
1480 1800 1534 1847 et
1567 1792 1669 1847 hoc
1689 1792 1965 1848 lavacrum

397 1898 497 1938 nos
526 1899 559 1938 a
604 1882 810 1938 diaboli
842 1883 1131 1955 tyrannide
1161 1883 1392 1941 dirimit.
1448 1884 1585 1940 Illud
1620 1885 1847 1942 hostiles
1877 1901 1971 1943 co-

398 1974 518 2046 pias
561 1978 720 2045 aquis
750 1975 978 2032 obrutas
1035 1976 1319 2033 interfecit
1350 1996 1363 2032 :
1398 1978 1452 2031 in
1481 1978 1756 2049 baptismo
1788 1990 1995 2035 nostra

393 2067 662 2122 adversus
713 2065 880 2122 Deum
934 2066 1223 2123 inimicitia
1258 2069 1515 2124 moritur.
1568 2068 1777 2124 lllmsus
1807 2077 1971 2139 atque

398 2158 695 2215 incolumis
722 2173 752 2214 a
784 2160 1067 2215 Pharaone
1095 2174 1350 2231 egressus
1375 2168 1459 2215 est
1490 2159 1826 2215 lsraeliticus
1875 2175 1972 2231 po-

398 2250 559 2319 pulus
584 2268 598 2317 ;
627 2251 816 2306 eodem
844 2250 1011 2306 modo
1043 2266 1145 2307 nos
1182 2266 1406 2322 quoque
1445 2250 1516 2306 ab
1546 2266 1687 2322 aqua
1720 2252 1973 2307 ascendi-

390 2358 541 2405 mus,
581 2342 739 2413 quasi
796 2357 831 2397 a
878 2352 1055 2398 morte
1090 2343 1157 2398 ad
1191 2343 1357 2398 vitam
1390 2344 1627 2398 revocati
1656 2384 1671 2409 ,
1722 2328 1843 2414 eius
1876 2344 1971 2415 qui

392 2448 495 2489 nos
512 2435 752 2498 vocavit,
784 2433 958 2507 gratia
1007 2436 1243 2490 salutem
1273 2437 1578 2491 consecuti.
1610 2432 1731 2491 lam
1762 2438 1961 2502 nubes,

394 2526 642 2581 beneficii
677 2527 847 2592 illius,
881 2528 1025 2597 quod
1055 2543 1084 2581 a
1119 2524 1332 2597 Spiritu
1364 2527 1700 2598 accepimus,
1740 2529 1967 2599 figuram

392 2619 613 2688 gerebat
643 2637 659 2674 :
696 2619 789 2690 qui
824 2619 1041 2691 quidem
1072 2619 1315 2691 Spiritus
1344 2621 1509 2676 animi
1542 2621 1718 2676 nostri
1749 2628 1969 2689 pertur-

393 2711 647 2767 hationes
683 2713 964 2782 opprimit,
1006 2712 1397 2785 flammamque
1449 2715 1519 2769 ab
1554 2715 1623 2770 iis
1670 2716 1965 2770 excitatam

394 2801 615 2873 mitigat
656 2813 710 2857 et
761 2803 1069 2874 refrigerat.
1126 2804 1439 2861 Secundum
1491 2808 1764 2878 baptisma
1818 2807 1963 2872 fuit,

394 2893 660 2963 baptisma
693 2891 938 2960 Joannis,
966 2896 1019 2949 in
1050 2911 1192 2965 aqua
1238 2897 1481 2966 quidem,
1507 2906 1561 2952 et
1585 2899 1651 2953 ad
1687 2899 1960 2969 paeniten-

2082 412 2192 468 tur,
2225 418 2337 473 quo
2369 405 2483 473 ipse
2516 419 2735 473 quoque
2774 405 3030 462 Christus
3086 409 3295 462 tinctus
3334 416 3450 475 est,
3506 418 3567 462 et
3606 414 3661 466 de

2079 511 2191 565 quo
2214 495 2431 551 dicebat
2458 514 2471 549 :
2495 494 2770 567 Baptismo
2790 497 2957 552 habeo
2984 499 3276 567 baptizari,
3296 512 3363 555 et-
3381 516 3496 569 quo
3522 504 3666 556 modo

2078 596 2342 652 coarctor,
2373 589 2536 642 donec
2566 590 2979 658 perﬁciatur"?
3002 590 3069 645 Et
3089 591 3156 646 ad
3190 591 3332 647 ﬁiios
3370 592 3667 647 Zebedazi:

2079 675 2308 732 Potestis
2338 678 2511 734 bibere
2534 681 2776 747 calicem,
2801 697 2953 752 quem
2974 698 3070 751 ego
3104 682 3221 736 bibo
3247 698 3269 737 :
3295 694 3343 737 et
3376 685 3675 751 baptismo,

2077 789 2179 843 quo
2212 788 2304 843 ego
2342 772 2581 843 baptizor
2606 814 2623 840 ,
2662 775 2931 844 baptizari
2945 776 3033 828 ⁷θῖ
3074 774 3138 829 Et
3185 775 3420 844 quidem
3491 778 3676 845 bapti-

2078 881 2254 930 smus,
2283 867 2374 935 qui
2404 867 2459 919 in
2494 881 2632 937 aqua
2672 867 2748 931 fit,
2778 869 2968 923 mortis
3006 868 3430 924 similitudinem
3468 869 3680 923 habet:

2078 969 2336 1013 cretei-um
2378 960 2621 1015 nonnulli
2654 976 2718 1016 ex
2754 956 2821 1018 iis
2846 962 2941 1032 qui
2993 962 3046 1016 in
3089 962 3499 1018 certaminibus
3558 964 3681 1032 pie-

2077 1050 2208 1105 tatis
2239 1066 2405 1105 causa
2444 1052 2716 1123 susceptis
2742 1068 2845 1123 pro
2877 1053 3112 1108 veritate
3150 1063 3319 1122 atque
3346 1054 3691 1108 imitatime

2074 1143 2279 1199 Christi
2314 1145 2505 1198 mortis
2538 1144 2867 1215 supplicium
2905 1146 3278 1215 pertulerunt,
3300 1161 3687 1216 nequaquam

2076 1236 2141 1288 ad
2177 1236 2406 1290 salutem
2458 1236 2866 1305 adipiscendam
2896 1250 3052 1306 aqua:
3076 1236 3252 1306 signis
3280 1251 3429 1306 opus
3462 1238 3701 1291 habue-

2076 1336 2226 1391 runt,
2263 1334 2455 1397 utpote
2504 1327 2559 1381 in
2605 1327 2832 1397 proprio
2876 1329 3146 1397 sanguine
3182 1329 3476 1397 baptizati.
3513 1327 3703 1384 Unde

2075 1429 2126 1471 et
2184 1416 2436 1487 martyrii
2490 1415 2803 1487 baptismus
2839 1432 2906 1473 eo
2952 1419 3176 1473 nomine
3223 1418 3362 1472 alios
3391 1418 3707 1490 dignitate

2074 1511 2368 1576 antecellit,
2420 1510 2567 1582 qttod
2625 1511 2719 1580 qui
2771 1510 3041 1581 martyrio
3094 1510 3403 1581 baptizatus
3432 1522 3552 1579 est,
3598 1529 3709 1569 se-

2074 1601 2296 1672 quentis
2328 1603 2455 1657 vitae
2507 1602 2702 1658 sordes
2731 1616 2837 1656 non
2877 1603 3212 1659 extimescit.
3241 1601 3523 1670 Quintum
3588 1604 3712 1660 ba-

2077 1694 2273 1764 ptisma
2297 1694 2516 1765 longum
2566 1702 2650 1748 est
2701 1704 2759 1749 et
2795 1710 3199 1761 aerumnosum,
3234 1711 3437 1768 nempe
3487 1697 3710 1769 ἰξατ-

2077 1802 2312 1853 marum,
2344 1803 2453 1857 quo
2476 1786 2644 1841 David
2669 1802 2889 1857 quoque
2932 1788 3328 1855 baptizabatur,
3356 1804 3422 1842 ac
3436 1789 3711 1859 proinde

2080 1880 2340 1936 diccbat:
2380 1879 2590 1934 Lavabo
2618 1896 2713 1950 per
2758 1879 3000 1951 singulas
3027 1891 3201 1934 noctes
3235 1880 3429 1934 lectitat
3467 1897 3705 1947 meum,

2076 1974 2331 2046 lacrymis
2378 1975 2510 2028 meis
2575 1982 2805 2028 stratum
2867 1989 3041 2028 meum
3100 1973 3375 2044 rigabo".
3427 1973 3505 2028 Et
3566 1976 3708 2028 alio

2077 2064 2198 2121 loco
2235 2084 2249 2119 :
2285 2064 2418 2119 Tota
2448 2066 2533 2119 die
2562 2065 2912 2120 contristatus
2950 2063 3286 2137 ingrediebar
3303 2065 3376 2119 "'.
3420 2064 3497 2119 Et
3548 2082 3706 2120 rur-

2075 2175 2172 2216 sus
2208 2177 2222 2215 :
2262 2159 2435 2224 Quasi
2458 2159 2639 2230 lugens
2666 2171 2713 2213 et
2746 2160 3121 2223 contristatus,
3154 2160 3229 2214 sic
3252 2157 3697 2213 humiliabar”.

2076 2248 2209 2304 Item
2240 2267 2254 2304 :
2312 2249 2381 2304 Ut
2431 2250 2561 2321 quid
2594 2249 2839 2321 repufisti
2872 2266 2973 2314 me,
3000 2260 3050 2306 et
3102 2268 3265 2323 quare
3307 2254 3702 2307 contristatae:

2075 2340 2356 2396 incedo”?
2385 2339 2448 2394 Et
2490 2356 2727 2397 rursus:
2777 2341 3101 2397 Putruerunt
3139 2352 3190 2398 et
3232 2357 3510 2414 corrupte
3546 2357 3699 2398 sunt

2076 2435 2349 2488 cicatrices
2373 2434 2580 2489 mets”.
2629 2433 2743 2489 iioc
2774 2441 2956 2490 autem
2995 2435 3330 2504 ptenitentite
3371 2452 3510 2507 pars
3566 2447 3694 2502 est,

2075 2541 2140 2580 ac
2169 2526 2560 2596 resipiscentize
2600 2527 2819 2596 signum
2842 2567 2857 2588 ,
2894 2542 3018 2582 cum
3050 2529 3176 2596 quis
3210 2526 3431 2583 fretoris
3462 2544 3697 2598 pecca-

2077 2624 2254 2672 torum
2287 2632 2511 2673 suorum
2554 2634 2724 2675 sensu
2752 2618 3008 2675 adicitur.
3047 2618 3181 2675 Nam
3230 2618 3303 2675 ita
3339 2619 3579 2676 demum
3615 2638 3695 2679 ea

2073 2709 2233 2778 digna
2280 2710 2656 2765 exsecratione
2710 2711 3086 2781 prosequitur.
3139 2710 3286 2767 Idem
3339 2713 3514 2767 etiam
3557 2713 3692 2767 Ita-

2078 2800 2260 2855 nassis
2334 2803 2750 2857 conversionem
2812 2803 3101 2871 imitator,
3159 2818 3324 2873 quam
3378 2806 3688 2858 secundus

2074 2893 2526 2963 Paralipomenon
2591 2894 2729 2949 liber
2777 2896 3057 2950 memoriae
3090 2895 3405 2966 prodidit".
3449 2894 3683 2952 Ninivi-

393 2986 559 3051 tiamg
594 2994 849 3040 caeterum
900 3000 1008 3040 non
1061 2986 1116 3041 in
1173 2987 1399 3057 Spiritu.
1437 2987 1704 3057 Tertium,
1763 3009 1955 3065 nempe
1985 3001 2029 3058 (ς
2066 3000 2242 3045 tarum
2288 2985 2416 3038 item
2449 2984 2772 3041 humilitatis
2802 2986 3059 3041 aemulum
3107 3001 3168 3042 se
3199 2986 3442 3058 praebet,
3488 3004 3675 3058 quam

393 3076 599 3132 Christi
659 3076 982 3147 baptisma,
1047 3077 1351 3149 perfectum
1408 3091 1530 3147 est,
1592 3086 1852 3153 quoniam
1914 3089 1969 3144 in

394 3168 621 3238 Spiritu.
658 3168 760 3224 Hic
785 3181 859 3224 est
878 3171 1045 3235 enim,
1078 3172 1274 3241 inquit,
1297 3174 1387 3243 qui
1415 3173 1650 3244 baptizat
1677 3176 1731 3230 in
1763 3175 1971 3249 Spiritu

396 3264 654 3315 sancto".
689 3261 752 3318 Et
781 3279 795 3317 :
829 3260 949 3334 Ipse
972 3263 1265 3335 baptizabit
1284 3283 1371 3322 ros
1391 3267 1445 3321 in
1465 3266 1675 3336 Spiritu
1694 3274 1880 3327 sancto
1901 3272 1968 3328 ⁷⁸.

396 3348 444 3407 is
475 3352 642 3419 enim,
679 3354 772 3424 qui
801 3354 1112 3423 baptizandi
1138 3372 1365 3413 munere
1400 3356 1552 3431 fungi
1580 3359 1752 3425 iubet,
1783 3361 1963 3433 bapti-

396 3436 520 3500 zare
550 3445 773 3500 dicitur.
820 3446 1088 3512 Quocirca
1130 3445 1355 3505 Joannis
1404 3449 1713 3522 baptismns
1744 3453 1973 3521 puerilis

394 3535 683 3603 cujusdam
754 3537 1116 3592 institutionis
1184 3540 1301 3594 vice
1340 3540 1731 3597 erat:Christi
1790 3554 1971 3598 autem

398 3625 703 3697 baptismus
734 3624 1125 3696 perfectionem
1152 3629 1433 3686 aﬂ‘erebat.
1476 3630 1567 3686 Ille
1603 3633 1969 3704 paenitentiae:

399 3720 489 3773 hic
515 3717 851 3786 adoptionis.
906 3719 1000 3773 Ille
1051 3722 1295 3775 secessio
1340 3732 1461 3778 erat
1512 3739 1541 3778 a
1576 3734 1843 3794 peccato:
1888 3727 1976 3782 hic

398 3800 679 3880 adiunctio
738 3810 806 3866 ad
871 3812 1062 3868 Deum.
1122 3814 1278 3878 Quod
1332 3814 1379 3871 si
1451 3816 1689 3886 Spiritus
1728 3819 1976 3875 homines

398 3904 631 3973 perﬁcit,
681 3920 746 3961 ac
784 3904 1067 3961 divinitate
1128 3905 1324 3974 allicit,
1357 3908 1491 3980 quid
1539 3908 1722 3964 aﬂ’erri
1770 3920 1973 3981 potest,

399 3996 531 4066 quin
566 3997 688 4068 ipse
712 3997 854 4054 Deus
880 3999 989 4053 sit?
1016 3998 1185 4072 (libet
1206 4002 1347 4056 enim
1378 4001 1555 4056 obiter
1582 4004 1686 4058 hoc
1715 4013 1977 4061 excutere

394 4076 455 4144 ct
484 4090 808 4161 disputare.)
847 4090 1097 4161 Cumque
1147 4102 1205 4148 tu
1258 4104 1481 4165 propter
1527 4094 1794 4165 Spiritum
1832 4094 1979 4153 Deus

402 4184 505 4247 sis,
532 4183 885 4252 quotandem
914 4184 1077 4240 modo
1108 4184 1350 4255 Spiritus
1382 4202 1411 4241 a
1440 4187 1727 4243 divinitate
1758 4190 1977 4245 alienus

400 4276 506 4328 erit
528 4275 551 4327 ?
576 4276 647 4330 At
689 4274 937 4346 proiecto
975 4276 1224 4332 divinum
1276 4279 1543 4349 Spiritum
1578 4290 1631 4336 et
1664 4297 1728 4337 ex
1757 4281 1887 4345 Deo,
1922 4291 1976 4335 et

2072 3075 2240 3133 Jonas
2311 3076 2571 3146 propheta
2635 3077 2895 3132 describit
2925 3076 2993 3132 ⁸³.
3047 3079 3227 3148 Atque
3289 3078 3456 3133 etiam
3531 3094 3671 3133 cum

2074 3171 2363 3241 publicano
2380 3170 2511 3226 dicit
2540 3190 2552 3224 :
2571 3168 2733 3237 Deus,
2763 3171 3025 3241 propitius
3040 3181 3150 3224 esto
3168 3170 3295 3223 mihi
3310 3172 3675 3241 peccaturi“.

2074 3265 2152 3321 Ac
2187 3273 2449 3336 prazterea
2507 3265 2854 3321 contrahitur
2910 3274 2964 3320 et
2998 3263 3352 3335 deprimitur,
3407 3263 3518 3319 hoc
3555 3274 3675 3330 est,

2076 3358 2226 3413 humi
2260 3358 2593 3429 procumbit,
2652 3368 2818 3427 atque
2856 3356 2923 3413 ad
2980 3357 3145 3429 pedes
3196 3355 3537 3421 advolvitur,
3610 3365 3675 3413 ut

2076 3451 2406 3516 Chananzea,
2460 3451 2744 3522 micasque
2769 3491 2785 3516 ,
2836 3450 2890 3505 id
2920 3460 3024 3518 est,
3055 3451 3304 3518 exiguam
3336 3450 3674 3505 misericor-

2076 3543 2243 3608 diam,
2274 3544 2467 3614 poscit.
2503 3543 2597 3599 Sic
2622 3527 2766 3598 enim
2808 3543 3024 3598 dicebat
3050 3541 3361 3598 Chanantea
3394 3556 3410 3595 :
3444 3540 3674 3605 Etiam,

2079 3636 2322 3699 Domine;
2362 3652 2485 3691 nam
2515 3644 2563 3689 et
2594 3634 2770 3689 catelli
2828 3634 2986 3689 edunt
3030 3634 3093 3688 de
3134 3632 3284 3687 micis
3312 3647 3427 3702 quae
3456 3630 3675 3689 cadant

2038 3750 2043 3755 ·
2077 3743 2143 3781 ex
2178 3742 2359 3781 mensa
2390 3728 2727 3782 dominorum
2768 3743 2983 3781 suorum
3004 3726 3071 3780 ⁸⁵.
3102 3723 3216 3781 Nec
3250 3733 3432 3781 tamen
3468 3726 3675 3781 existi-

2080 3819 2339 3874 mandum
2385 3827 2488 3884 est,
2520 3834 2639 3873 eam
2689 3818 3062 3875 Chananasam
3115 3817 3265 3873 illam
3303 3816 3499 3883 fuisse,
3534 3832 3677 3887 quas

2074 3912 2394 3966 infirmitate
2424 3910 2732 3974 laborabat,
2763 3926 2825 3966 ac
2866 3921 3152 3981 propterea
3199 3909 3668 3965 contrahebatur.

2082 4004 2177 4058 Illa
2201 4004 2343 4059 enim
2375 3999 2597 4057 Iudaica
2634 4012 2749 4056 erat
2784 4002 2988 4057 mulier
3019 4021 3033 4057 :
3065 4003 3180 4058 lucc
3208 4010 3391 4057 autem
3414 4002 3668 4072 gentilis.

2081 4097 2257 4163 Quam
2313 4097 2477 4150 etiam
2525 4095 2778 4149 contrahi
2843 4094 3135 4166 theologus
3171 4093 3323 4161 dicit,
3387 4093 3492 4149 hoc
3552 4102 3669 4157 est.

2081 4186 2361 4241 humiliari
2409 4196 2573 4256 atque
2605 4186 2659 4240 in
2714 4195 2915 4240 terram
2952 4185 3228 4252 inclinari,
3256 4184 3670 4241 obsecrationis

2082 4294 2270 4340 causa,
2297 4293 2406 4332 non
2450 4274 2806 4333 infirmitatis:

400 4367 569 4421 Deum
604 4382 727 4424 esse
769 4384 993 4425 necesse
1016 4381 1121 4437 est,
1151 4372 1244 4442 qui
1283 4386 1455 4428 causa
1478 4384 1584 4437 est,
1631 4388 1731 4427 cur
1764 4374 1865 4444 ipsi
1898 4375 1973 4429 dii
2004 4340 2056 4400 θ
2152 4369 2270 4425 Col.
2301 4369 2408 4424 555
2440 4368 2500 4424 Β.
2534 4368 2655 4440 Ipse
2691 4371 2899 4442 quidem
2931 4370 3193 4425 hominem
3219 4387 3298 4424 me
3325 4386 3434 4424 esse
3462 4369 3667 4438 fateor,

399 4475 617 4525 sumus,
677 4462 1138 4532 quemadmodum
1197 4463 1275 4526 id,
1332 4464 1476 4533 quod
1534 4465 1800 4520 adurendi
1867 4466 1975 4520 vim

398 4549 575 4614 υίῐειοι,
612 4551 925 4607 adustivunt
963 4567 1091 4608 esse
1124 4561 1383 4622 oportet:
1419 4564 1473 4610 et
1523 4555 1670 4625 quod
1712 4556 1979 4610 sanctita-

398 4642 469 4696 tis
497 4656 718 4697 causam
770 4642 949 4708 alfcrt,
1001 4654 1249 4699 sanctum
1284 4660 1403 4700 esse
1450 4661 1674 4701 necesse
1699 4655 1811 4701 est.
1842 4645 1977 4700 Illud

397 4734 684 4788 enimvero
715 4734 855 4789 scire
878 4750 1060 4805 operae
1108 4736 1344 4805 pretium
1380 4745 1485 4801 est,
1534 4735 1824 4791 Dominum
1858 4736 1981 4791 vitat

388 4837 597 4881 nostra:
653 4829 1049 4885 moderatorem
1118 4831 1371 4899 baptismi
1433 4830 1609 4885 foedus
1683 4830 1971 4884 nobiscum

392 4918 709 4989 pepigisse,
767 4920 959 4975 mortis
1015 4931 1069 4975 et
1105 4921 1228 4974 vitae
1289 4922 1520 4989 figurant
1577 4920 1970 4990 complectens.

396 5009 531 5063 Nam
562 5020 618 5066 et
650 5011 844 5066 mortis
875 5012 1168 5082 imaginem
1203 5012 1462 5083 exprimit
1490 5026 1632 5083 aqua
1662 5026 1678 5065 :
1713 5012 1974 5081 quoniam

396 5100 433 5154 ii
466 5100 559 5169 qui
612 5100 979 5171 baptizantnr,
1014 5103 1067 5157 in
1125 5118 1321 5173 aquam
1379 5103 1798 5175 immerguntur,
1833 5118 1975 5172 quo-

397 5192 634 5258 damque
662 5192 822 5245 modo
856 5194 1202 5262 sepeliuntur
1238 5204 1333 5248 :ct
1364 5210 1555 5249 rursus
1595 5193 1831 5265 Spiritus
1858 5194 1979 5249 vita:

386 5268 763 5339 'at'rhabottcnt
793 5286 948 5339 nobis
973 5286 1223 5358 porrigit.
1247 5287 1511 5353 Quartum
1541 5286 1813 5357 baptisma
1844 5285 1976 5339 illud

467 5439 823 5516 '_"_Lev_i_t.__xt
850 5481 866 5507 ,
902 5442 988 5497 l2.
1064 5444 1110 5476 ⁶⁹
1139 5444 1161 5498 ι
1188 5443 1315 5501 Cor.
1342 5461 1406 5516 7x,
1440 5444 1495 5500 2.
1571 5447 1617 5478 ⁷⁰
1652 5446 1978 5506 Exod.xvn,
2010 5446 2031 5499 l
2076 5460 2230 5516 seqq.

1856 5517 1902 5549 ⁷⁸
1933 5517 2125 5572 Matth.
2158 5514 2248 5573 xk.
2282 5514 2373 5570 ἓξ.

388 5582 442 5656 ἶῗ
474 5581 617 5656 l‘s-l.
644 5584 951 5656 χχκινηιοι.
1026 5583 1244 5656 “Psal.
1282 5600 1391 5647 xm,
1430 5586 1515 5656 t0.
1545 5588 1587 5617 ’"
1625 5589 1763 5643 Psal.
1803 5604 1972 5642 xxxvi:

2079 5625 2093 5640 .
2136 5588 2139 5591 λ
2171 5587 2216 5618 ⁸²
2242 5584 2284 5639 ll
2316 5584 2489 5641 i‘aral.
2529 5600 2721 5651 χχχιιι,
2749 5585 2771 5639 l
2808 5600 2961 5656 seqq.

389 5521 441 5569 't.
476 5512 569 5565 '55.
644 5512 690 5542 '”
714 5509 906 5566 Matth.
940 5529 1021 5577 ιιι,
1063 5516 1149 5569 ll.

1259 5517 1306 5546 ⁷⁵
1340 5515 1471 5568 Luc.
1503 5533 1599 5577 \II.
1633 5518 1721 5573 50.

402 5651 447 5683 ⁸⁸
479 5654 610 5713 Luc.
648 5666 801 5723 nm,
842 5654 922 5709 l5.
1000 5656 1044 5685 θ’
1079 5655 1269 5711 Matth.
1308 5671 1395 5723 κγ,
1420 5655 1509 5710 Ξῖ.

2076 4472 2183 4517 etc.
2219 4462 2355 4517 Cum
2380 4462 2635 4517 saeviente
2667 4462 3047 4532 persecutione
3072 4461 3294 4533 quidam
3328 4461 3665 4526 Christiani,

2078 4563 2478 4609 tormentorum
2512 4544 2887 4625 magnitudine
2918 4553 3070 4615 victi,
3097 4552 3162 4606 ad
3195 4551 3321 4606 ﬁdei
3350 4551 3666 4621 abjnratio-

2077 4662 2199 4700 ncm
2230 4646 2467 4717 prolapsi
2501 4655 2710 4707 essent,
2742 4661 2807 4699 ac
2836 4645 3053 4709 deinde,
3105 4646 3291 4700 sedata
3322 4645 3665 4715 persecutio-

2079 4739 2164 4793 nis
2213 4747 2551 4808 tempestate,
2584 4737 2858 4807 suppliccs
2913 4752 3035 4791 cum
3082 4738 3343 4807 lacrymis
3394 4734 3663 4790 Ecclesia:

2079 4829 2353 4884 antistites
2381 4837 2661 4898 rogarent,
2695 4838 2755 4883 ut
2790 4827 2895 4883 sibi
2923 4828 3257 4896 paenitentiae
3308 4836 3523 4897 tempus
3558 4825 3662 4880 da-

2078 4927 2219 4983 rent,
2250 4916 2513 4982 Novatus,
2545 4914 2806 4971 Ecclesiae
2851 4913 3111 4970 Romana:
3141 4914 3421 4986 presbyter
3441 4956 3458 4979 ,
3501 4911 3654 4968 fastu

2077 5010 2354 5079 animique
2387 5009 2676 5063 insolentia
2722 5007 2918 5072 elatus,
2972 5008 3202 5062 miseros
3241 5005 3656 5062 submovebat:

2077 5103 2327 5171 quamvis
2372 5102 2533 5155 etiam
2571 5100 2683 5169 ipse
2718 5099 3030 5170 periculoso
3064 5109 3309 5168 tempore
3356 5096 3657 5153 sacerdotii

2078 5192 2399 5261 dignitatem
2432 5191 2762 5261 alrjurassct.
2814 5192 2883 5244 At
2932 5191 3222 5261 cpiscopus
3271 5206 3368 5246 eos
3401 5189 3652 5259 quidem,

2078 5282 2170 5355 qui
2204 5283 2268 5337 ad
2309 5282 2526 5352 pietatis
2571 5281 2899 5337 Christiana:
2931 5280 3329 5351 abjurationem
3377 5278 3659 5348 provoluti

2308 5445 2351 5475 '”
2381 5441 2541 5500 Joan.
2581 5459 2678 5504 vn,
2708 5440 2801 5498 37.
2874 5442 2924 5473 '"
2952 5441 3094 5499 Psai.
3129 5446 3237 5504 cvi,
3284 5439 3378 5494 ιδ.
3420 5439 3468 5471 ⁷³
3493 5435 3656 5493 Joan.

2478 5515 2524 5548 ⁷⁷
2584 5513 2726 5567 Psal.
2759 5530 2833 5579 vr,
2865 5513 2916 5569 ’7.
3041 5514 3087 5545 ⁷⁸
3137 5510 3278 5565 Psal.
3356 5525 3566 5567 xxxv".
3596 5509 3656 5563 7.

2478 5626 2489 5640 .
2529 5585 2771 5651 xxxnt,l
2808 5600 2961 5651 seqq.
3037 5584 3085 5617 ⁸³
3114 5581 3286 5649 Jona‘,
3310 5597 3394 5646 tu,
3430 5581 3452 5634 l
3493 5594 3655 5651 seqq.
