3958 6204
208 253 361 320 1'24!

1140 262 1459 324 NICETAS
1502 263 1581 325 ΙΝ
1621 263 1842 324 ORAT.
1886 267 2134 327 XXXIX
2173 268 2234 329 S.
2279 268 2513 333 GREG.

3302 252 3469 349 ’1242

204 380 405 435 erant,
465 371 720 443 congruis
755 372 1041 429 laboribus
1074 382 1127 428 ct
1182 376 1408 430 salutari
1469 375 1787 445 pmnitentia
1825 382 1865 434 Α
1897 391 2004 429 non
2044 377 2334 442 dubitavit,
2368 379 2563 435 dicens
2596 397 2609 434 :
2649 380 2776 436 Volo
2797 381 3238 442 adolescentiores
3277 388 3466 445 viduas

206 474 379 519 certo
430 475 669 536 tempore
709 467 970 536 imperata
1000 505 1017 530 ,
1079 469 1471 539 recuperavit:
1523 468 1791 523 Novatum

211 565 410 609 autem
439 556 507 610 ab
556 556 813 612 Ecclesiae
839 568 982 613 ςωω
1015 559 1355 629 proscripsit.
1402 559 1495 614 Ille
1546 574 1673 614 vero
1705 562 1791 613 in-

208 646 527 700 scientibus
573 648 827 704 omnibus
886 648 942 702 in
994 648 1173 703 locum
1207 651 1496 720 quemdam
1545 651 1788 706 abditum

207 743 391 801 atque
428 734 742 790 abstrusum
792 745 903 792 tres
952 739 1244 808 episcopos
1297 750 1457 796 artate
1503 752 1791 811 provectos

207 824 419 891 allicit,
475 841 678 896 eosque
714 829 1002 884 verborum
1067 831 1345 888 blanditiis
1394 834 1674 889 inescatos
1725 850 1791 891 cu

207 915 412 984 adigit,
447 927 504 971 ut
540 934 733 975 manus
766 921 863 975 sibi
901 924 1201 993 imponant.
1250 926 1325 981 ita
1367 928 1434 980 ah
1483 928 1551 982 iis
1579 928 1793 997 episco-

214 1022 327 1072 pus
358 1009 671 1079 designatus
720 1023 824 1068 est.
863 1016 979 1081 Qua
1033 1016 1294 1084 dignitate
1353 1034 1516 1087 Supra
1572 1019 1792 1073 modum

209 1098 420 1162 elatus,
440 1110 702 1170 quotquot
726 1117 755 1157 e
778 1104 958 1160 stultis
980 1120 1045 1161 ac
1062 1108 1279 1163 vesanis
1310 1108 1619 1163 hominibus
1643 1109 1708 1163 ad
1736 1124 1795 1163 se

216 1189 483 1255 pellicere
511 1196 705 1261 potuit,
728 1196 1015 1264 Catharos,
1054 1199 1106 1252 id
1141 1208 1249 1265 est;
1277 1216 1445 1269 puros
1466 1202 1791 1257 nominavit.

210 1278 328 1342 Qui
363 1289 542 1335 autem
576 1285 822 1339 eamdem
859 1286 1173 1355 Opinionem
1226 1291 1494 1361 complexi
1526 1302 1676 1353 sunt.
1710 1306 1795 1347 se-

210 1372 435 1428 cundas
471 1388 687 1446 quoque
718 1379 940 1448 nuptias
965 1380 1385 1450 prohibuerunt.
1420 1384 1502 1438 Ad
1532 1382 1792 1439 Novatia-

140 1468 153 1489 "
209 1480 323 1519 nos
362 1466 526 1535 igitur
549 1483 853 1526 sermonem
889 1486 1215 1533 convertens
1261 1476 1573 1549 Theologns
1597 1520 1612 1545 ,
1670 1481 1789 1537 ait:

213 1554 338 1625 Ego
364 1558 581 1623 quidem
626 1563 954 1629 poenitentiae
978 1574 1032 1620 et
1059 1566 1422 1638 lacrymarum
1455 1571 1790 1639 baptismum

209 1648 540 1717 amplector,
584 1662 746 1723 atque
775 1655 895 1723 ejus
926 1656 1242 1713 donatorem
1275 1660 1444 1716 Deum
1489 1664 1681 1727 adoro,
1724 1680 1791 1720 ac

210 1738 399 1793 sciens
442 1757 529 1797 me
555 1759 772 1816 quoque
803 1746 1121 1804 infirmitate
1169 1752 1414 1823 undique
1467 1755 1704 1810 cinctum
1735 1767 1789 1812 ct

211 1830 537 1887 obvolutum
570 1850 709 1899 esse,
748 1838 1122 1897 misericordia
1154 1844 1319 1898 etiam
1344 1861 1471 1916 erga
1510 1848 1648 1904 alios
1672 1850 1787 1904 alii-

214 1924 357 1989 cior,
390 1936 445 1981 ut
481 1928 908 1987 misericordiam
951 1933 1064 2002 ipse
1089 1949 1415 2007 consequar.
1450 1937 1569 2004 Qua
1620 1942 1787 2007 enim,

214 2015 417 2084 inquit,
454 2035 696 2075 mensura
735 2026 902 2079 mensi
957 2027 1187 2096 fueritis,
1225 2033 1528 2085 remetietur
1572 2032 1787 2089 vobis”.

214 2103 299 2159 Tu
333 2116 510 2163 autem
568 2112 697 2179 quid
741 2114 862 2179 ais,
898 2117 992 2186 qui
1041 2118 1206 2173 etiam
1261 2121 1316 2174 in
1356 2123 1568 2179 somnis
1593 2124 1792 2180 obver-

216 2209 430 2254 santem
465 2201 649 2258 animo
680 2204 920 2263 libidinis
942 2211 1190 2281 speciem,
1208 2211 1609 2271 Pharisaeorum
1637 2233 1790 2274 more

215 2292 462 2358 graviter
507 2294 818 2366 insectaris,
850 2302 945 2372 qui
976 2304 1139 2359 etiam
1167 2304 1453 2379 Pharisaei,
1484 2324 1548 2364 ac
1591 2325 1788 2367 nomen

213 2383 396 2438 solum
428 2384 647 2444 Catbari
700 2391 887 2460 habes,
925 2411 1033 2451 non
1070 2408 1251 2454 autem
1309 2416 1423 2456 rem
1488 2402 1686 2472 ipsam,
1712 2413 1789 2470 et,

214 2489 343 2528 cum
384 2477 572 2534 eadem
611 2497 826 2539 mecum
885 2488 1205 2545 infirmitate
1263 2493 1638 2551 circumdatus
1686 2501 1817 2562 sis,.

215 2566 538 2627 intumescis
565 2584 784 2642 tamen,
811 2580 958 2635 velut
1000 2598 1230 2653 magnus
1283 2586 1557 2656 quispiam
1600 2589 1685 2643 vir
1736 2601 1792 2646 et

215 2661 512 2751 excelsus?
540 2664 875 2727 Pmnitentes
919 2688 1026 2728 non
1060 2677 1258 2747 recipis
1292 2694 1413 2741 ,nec
1451 2690 1676 2751 propter
1691 2684 1788 2739 eus

215 2750 486 2824 lacrymas
510 2759 819 2828 profundis,
862 2774 921 2819 ut
946 2766 1116 2821 vicem
1152 2784 1339 2824 eorum
1360 2771 1551 2827 dolens
1578 2774 1603 2827 ?
1635 2774 1790 2830 Absit

219 2855 277 2898 ut
305 2849 551 2905 eamdem
603 2852 657 2907 in
704 2854 1003 2923 indicando
1061 2860 1329 2916 rationem
1395 2874 1575 2919 teneat
1609 2866 1784 2922 Deus!

216 2936 422 2994 Christi
471 2942 845 3004 misericordia
883 2958 938 3003 et
1000 2949 1319 3020 ignoscendi
1374 2953 1634 3011 facilitate
1677 2974 1789 3015 non

1894 466 2083 521 nubere
2103 467 2171 533 ”,
2234 466 2456 536 Paulus,
2516 464 2760 540 inquam,
2819 473 2929 540 ille,
2979 475 3072 544 qui
3123 478 3189 530 ad
3245 479 3465 536 tertium

1894 557 2090 612 coelum
2141 569 2303 629 atque
2358 562 2411 615 in
2451 563 2762 632 paradisum
2812 575 2998 635 raptus
3046 575 3130 622 est
3161 567 3229 633 ",
3285 571 3379 639 qui
3434 585 3464 626 a

1894 645 2192 704 Jerusalem
2225 661 2276 706 et
2300 665 2397 721 per
2418 668 2608 723 gyrum
2642 669 2815 725 usque
2840 655 2909 712 ad
2958 656 3229 728 Illyricum
3262 658 3464 715 Christi

1899 737 2243 811 Evangelium
2300 743 2624 813 implevit".
2676 746 2756 801 lta
2796 756 2874 811 tu,
2930 757 2990 804 ut
3047 749 3281 815 videtur,
3312 750 3464 806 Pauli

1895 842 2114 908 quoque
2137 832 2395 900 magister
2410 848 2492 899 es,
2511 834 2666 903 quasi
2685 835 2751 891 ad
2776 847 3029 907 quartum
3049 838 3245 893 cretum
3271 854 3437 908 pervo
3454 870 3468 882 ι

1895 902 2059 983 laris,‘
2085 928 2250 990 atque
2305 921 2358 975 in
2383 902 2699 991 paradisum
2733 902 2899 981 alium
2943 939 3138 996 raptus
3171 902 3363 994 fueris,
3397 933 3465 985 ad

1895 1027 2056 1079 quem
2078 1011 2169 1068 ille
2202 1022 2388 1082 raptus
2418 1031 2523 1071 non
2559 1016 2740 1082 fuerit,
2778 1019 3159 1089 maioremque
3192 1020 3463 1075 circulum

1894 1103 2218 1158 Chrisﬁanae
2243 1104 2503 1160 doctrina:
2517 1109 2901 1177 praedicatione
2929 1111 3246 1178 complexus
3272 1110 3462 1165 fueris.

1898 1194 2099 1249 Verum
2141 1196 2311 1262 dices,
2367 1195 2717 1254 Novatiane:
2781 1199 2935 1255 lianc
2991 1201 3362 1269 pmnitcntiam
3412 1211 3462 1255 et

1895 1289 2107 1342 veniam
2154 1297 2278 1357 post
2326 1290 2654 1359 baptismum
2700 1292 2814 1360 jam
2868 1293 3051 1348 locum
3103 1277 3210 1348 non
3245 1294 3464 1357 habere,

1894 1387 1989 1434 aut
2010 1380 2355 1438 Corinthium
2412 1385 2593 1452 illum,
2621 1388 2712 1457 qui
2749 1389 2920 1456 stupri
2978 1389 3191 1460 piaculo
3222 1391 3466 1458 seipsum

1895 1476 2321 1542 constrinxerat,
2370 1491 2400 1533 a
2430 1476 2600 1535 Paulo
2648 1491 2774 1535 ante
2815 1480 3143 1551 baptismum
3187 1490 3464 1549 receptum

1894 1581 2035 1634 esse,
2070 1584 2177 1623 non
2212 1570 2339 1625 item
2367 1580 2489 1640 post
2516 1572 2871 1641 baptismum.
2897 1573 3040 1640 Quin
3065 1582 3121 1628 tu
3181 1588 3310 1642 ergo
3362 1575 3468 1628 hoc

1895 1659 2117 1729 probas,
2148 1670 2263 1727 aut,
2296 1663 2344 1719 si
2386 1662 2436 1717 id
2466 1678 2573 1718 non
2602 1672 2777 1733 potes,
2828 1666 3193 1720 condemnare
3222 1679 3286 1719 ac
3337 1665 3467 1732 reji-

1893 1766 2015 1805 cere
2065 1751 2274 1808 desinis
2296 1767 2392 1809 eos
2419 1756 2511 1824 qui
2543 1765 2662 1825 post
2704 1755 3037 1824 baptismum
3089 1757 3142 1811 in
3178 1765 3467 1824 peccaturo

1896 1842 2197 1897 labuntur?
2231 1842 2387 1910 Quod
2422 1846 2468 1901 si
2502 1847 2727 1901 dubium
2760 1856 2842 1901 est
2897 1861 3007 1916 quo
3039 1856 3282 1913 tempore
3311 1863 3467 1902 rere-

1893 1935 2051 2002 perit,
2094 1935 2197 2004 legi
2237 1934 2497 1993 Romana:
2527 1937 2865 2005 obtempera,
2896 1936 3099 1992 dicenti
3136 1956 3149 1993 :
3186 1936 3244 1991 ln
3283 1936 3467 1992 dubiis

1894 2025 2077 2082 vincat
2105 2028 2413 2084 clementia.
2447 2030 2600 2096 Quod
2635 2030 2680 2085 si
2713 2027 2954 2084 Novatus
3005 2043 3101 2085 eos
3166 2030 3259 2099 qui
3308 2044 3463 2098 gras-

1892 2128 2047 2176 sante
2097 2121 2479 2190 persecutione
2512 2120 2648 2190 lapsi
2685 2121 2926 2187 fuerant,
2984 2136 3094 2176 non
3150 2120 3379 2191 recepit,
3410 2127 3467 2178 et

1891 2214 2113 2284 quidem
2145 2215 2363 2286 dignam
2411 2217 2790 2286 paenitentiam
2834 2215 3125 2272 afferentes
3178 2232 3193 2271 :
3252 2223 3311 2270 at
3359 2229 3468 2285 ego

1892 2307 2039 2362 illius
2095 2307 2402 2377 exemplum
2432 2307 2656 2363 minime
2690 2323 2911 2378 sequar.
2949 2306 3143 2362 Parem
3168 2304 3312 2361 enim
3348 2319 3473 2360 mea

1892 2400 2109 2471 quidem
2138 2396 2404 2456 sententia
2440 2401 2918 2472 reprehensionem
2975 2413 3306 2470 pmnamque
3348 2412 3466 2452 me-

1893 2502 2102 2557 rentur,
2146 2492 2240 2563 qui
2291 2494 2372 2547 vel
2435 2503 2726 2562 peccantes
2779 2492 2924 2547 nulla
2979 2506 3141 2563 poena
3198 2488 3465 2552 alliciunt,

1894 2587 2132 2657 ipsisque
2191 2601 2382 2643 omnes
2434 2587 2677 2642 habenas
2730 2586 3031 2650 remittunt,
3091 2583 3176 2637 vel
3233 2596 3331 2637 eos
3387 2581 3466 2635 ita

1892 2680 2284 2744 condemnant,
2346 2686 2406 2732 nt
2462 2693 2613 2749 spem
2647 2677 2755 2731 illis
2829 2673 3230 2745 consequentiae
3292 2670 3469 2726 venite

1891 2772 2094 2827 nullam
2141 2772 2471 2840 relinquant.
2514 2769 2626 2828 Nec
2672 2784 2802 2824 vero
2835 2769 2977 2838 apud
3040 2782 3127 2822 me
3180 2767 3288 2818 vim
3332 2763 3468 2834 legis

1891 2865 2144 2921 habitura
2173 2874 2259 2919 est
2303 2862 2495 2919 Novati
2553 2861 2869 2925 crudelitas,
2925 2861 3040 2938 qui.
3080 2868 3329 2929 stuprum
3392 2856 3467 2911 ita

1891 2958 2091 3012 acerbe
2151 2954 2557 3017 condemnavit,
2606 2963 2771 3023 atque
2823 2951 3153 3021 inexpiabile
3183 2961 3467 3019 peccatum

217 3031 490 3097 moveris.
552 3036 646 3103 qui
729 3041 1032 3096 secundum
1118 3043 1317 3099 lsaiam
1337 3046 1384 3079 ⁸⁷
1437 3046 1787 3105 infirmitates
1815 3047 1858 3104 C
1888 3064 2012 3104 esse
2037 3048 2433 3117 pronuntiavit,
2467 3049 2623 3118 quasi
2658 3049 2775 3116 ipse
2816 3057 2968 3101 extra
2991 3059 3210 3100 carnem
3237 3057 3468 3112 corpus-

218 3130 437 3179 nostras
468 3134 519 3178 et
553 3130 793 3195 morbos,
834 3133 941 3188 hoc
969 3141 1078 3199 est,
1105 3146 1323 3204 peccata
1356 3137 1606 3194 humeris
1652 3140 1786 3195 sub-

172 3256 179 3263 .
219 3214 324 3268 lata
398 3220 631 3285 portavit
685 3221 1164 3293 (quemadmodum
1217 3228 1430 3296 typicus
1463 3243 1658 3295 agnus,
1693 3230 1789 3298 qui

221 3319 320 3373 pro
353 3312 533 3376 populi
562 3314 802 3380 peccatis
827 3315 1214 3385 mactabatur),
1240 3327 1295 3371 et
1317 3333 1414 3386 pro
1434 3320 1591 3373 nobis
1611 3335 1791 3375 cazsus

217 3409 320 3461 est,
355 3414 421 3455 ac
460 3415 558 3469 pro
600 3405 780 3469 nobis,
809 3405 1079 3473 supplicio
1098 3407 1378 3472 obnoxiis,
1410 3423 1602 3477 pmnas
1645 3410 1786 3476 luit;

221 3493 310 3563 qui
334 3500 450 3552 ait:
486 3494 604 3548 Non
637 3496 752 3549 ueni
787 3511 973 3550 vocare
989 3496 1186 3565 justas.
1230 3498 1321 3551 sed
1370 3512 1673 3568 peccatores
1721 3503 1792 3556 ad

220 3585 680 3656 pwuiteutiam”;
717 3601 781 3641 ac
809 3601 904 3657 per
922 3586 1117 3644 Oscam
1159 3608 1171 3644 :
1203 3588 1625 3647 Misericordiam
1650 3594 1790 3658 volo,

221 3695 267 3737 et
293 3700 395 3737 non
414 3684 823 3752 sacriﬁcium";
856 3693 911 3739 et
938 3686 1238 3741 sciscitanti
1268 3687 1449 3753 Petro,
1485 3703 1551 3743 an
1590 3690 1791 3760 septies

176 3808 181 3811 μ
225 3773 470 3841 peccanti
500 3773 655 3827 fratri
704 3789 903 3828 noxam
938 3776 1262 3842 remitteret,
1304 3778 1588 3846 respondit
1618 3795 1633 3833 :
1666 3777 1791 3832 Non

225 3867 338 3918 dico
362 3867 457 3919 tibi
486 3867 693 3934 septies,
725 3866 816 3921 sed
851 3870 1150 3938 septuagies
1174 3869 1242 3933 ",
1294 3869 1395 3925 hoc
1435 3881 1538 3936 est,
1572 3873 1791 3940 quoties

174 3984 185 3995 ο
224 3956 289 4011 ad
324 3958 596 4012 meliorem
628 3970 863 4013 mentem
896 3962 1160 4015 redierit?
1188 3960 1262 4015 Ne
1286 3962 1539 4017 Dat-idem
1570 3964 1789 4033 quidem

216 4050 446 4120 recipis,
474 4052 545 4105 ob
571 4051 797 4106 admissi
820 4051 1075 4108 adulterii
1106 4054 1309 4118 scelus,
1337 4064 1391 4111 et
1424 4070 1611 4111 necem
1646 4055 1792 4113 Urite

228 4144 448 4208 illatam,
470 4143 636 4197 animi
652 4144 838 4199 dolore
856 4144 1200 4205 aﬂ'ectum.ac
1220 4163 1339 4202 sese
1359 4150 1790 4214 excruciantem,

226 4239 315 4307 qui
338 4253 436 4292 nec
459 4238 756 4306 prophetia'
772 4237 977 4293 donum
1012 4248 1232 4309 propter
1253 4240 1629 4309 pmnitentiam
1654 4241 1793 4294 ami—

229 4329 318 4384 sit?
336 4328 443 4383 Ncc
465 4328 682 4384 Petrum
708 4329 974 4395 admittis,
995 4330 1122 4398 quia
1143 4332 1412 4399 passionis
1424 4331 1626 4387 Christi
1652 4341 1791 4388 tem-

226 4438 348 4492 pore
367 4432 449 4476 ter
461 4437 583 4476 eum
609 4423 916 4491 abnegavit,
933 4438 994 4475 ac
1011 4438 1202 4478 rursus
1227 4425 1383 4477 tertio
1397 4439 1455 4479 se
1471 4426 1590 4495 ejus
1608 4440 1795 4481 amore

227 4515 531 4569 devinctum
572 4529 694 4569 esse
737 4515 1028 4570 confessus
1072 4523 1177 4579 est,
1219 4515 1409 4586 sicque
1447 4517 1793 4586 abnegationi

230 4605 543 4659 medicinam
566 4606 771 4671 attulit,
797 4620 860 4659 ac
882 4615 1071 4676 postea
1108 4608 1290 4677 capite
1310 4606 1375 4661 ad
1404 4615 1604 4661 terram
1635 4623 1796 4663 verso

231 4712 319 4761 pro
331 4698 529 4751 Christi
554 4701 938 4764 nominecruci
961 4698 1152 4755 afﬁxus
1169 4700 1287 4756 est?
1317 4700 1426 4755 Nec
1450 4700 1795 4756 Corinthium

233 4786 374 4840 illum
423 4791 513 4855 qui
538 4805 658 4844 cum
683 4806 914 4846 noverca
932 4794 1102 4861 stupri
1120 4794 1507 4847 connuercium
1525 4792 1796 4846 habuit"?

236 4879 298 4930 At
321 4877 539 4941 Paulus,
557 4890 837 4949 perspecta
858 4881 1029 4950 ipsius
1056 4882 1457 4950 resipisccntia,
1476 4882 1791 4937 Corinthios

240 4971 501 5036 hortatur,
538 4981 597 5024 ut
636 4974 960 5027 charitatem
1011 4973 1064 5028 in
1116 4975 1293 5044 ipsum
1347 4975 1596 5039 firment;
1655 4991 1791 5030 cau-

239 5079 453 5131 samque
482 5064 764 5131 adiungit:
803 5064 888 5119 Ne
905 5066 1043 5134 forte
1066 5066 1370 5136 hujusmodi
1404 5067 1561 5120 homo
1596 5067 1793 5119 immo-

236 5159 344 5210 dica
378 5158 599 5212 tristitia
626 5159 1053 5221 absorbeatur",
1078 5160 1180 5213 hoc
1228 5169 1331 5222 est,
1365 5160 1419 5212 in
1449 5159 1790 5228 desperatio-

237 5266 348 5304 netn
374 5257 467 5303 aut
488 5250 539 5303 in
566 5259 797 5305 mortem
834 5265 1077 5321 przeceps
1110 5258 1252 5306 ruat.
1281 5249 1460 5316 Quid?
1490 5264 1556 5304 ne
1587 5264 1787 5305 secun-

236 5343 324 5397 das
362 5343 577 5411 nuptias
619 5343 908 5413 permittis,
963 5357 1063 5398 nec
1116 5343 1412 5412 juvenibus
1472 5342 1652 5397 viduis
1687 5358 1789 5396 nu-

239 5434 384 5489 bendi
421 5442 742 5504 potestatcm
788 5434 966 5491 facis?
1007 5435 1171 5506 Atqui
1229 5438 1332 5490 hoc
1380 5435 1581 5489 Paulus
1612 5434 1789 5488 facere

192 5623 201 5631 ‘
296 5613 338 5645 "
374 5612 562 5670 Matth.
600 5631 694 5680 vlt,
724 5616 777 5671 2.
856 5617 900 5647 δ’
948 5617 1050 5670 lsa.
1079 5633 1195 5677 ιιη.
1220 5618 1270 5672 4.
1346 5618 1391 5649 '"‘
1411 5618 1605 5672 Matth.
1648 5633 1723 5674 tx.
1760 5616 1846 5669 15.

1892 3155 1998 3207 que
2034 3139 2247 3208 positus
2282 3147 2427 3193 esset
2484 3155 2499 3191 :
2544 3138 2832 3192 avaritiam
2890 3145 3072 3190 autem
3121 3148 3468 3204 nequaquam

1892 3230 2171 3298 repressit,
2192 3244 2354 3298 quam
2380 3237 2561 3283 tamen
2596 3227 2961 3281 idololatrian]
2983 3225 3184 3280 Paulus
3212 3233 3370 3279 vocat
3396 3225 3469 3290 “,

1894 3319 2129 3373 fortasse
2178 3321 2322 3390 quod
2381 3334 2476 3373 eos
2521 3318 2667 3372 solos
2703 3318 3013 3372 divitiarum
3043 3331 3200 3372 amor
3248 3316 3464 3378 doceat,

1893 3413 1985 3482 qui
2017 3411 2182 3466 Deum
2234 3411 2490 3466 nesciunt
2519 3427 2532 3464 :
2580 3410 2663 3463 vel
2697 3411 2844 3480 quia,
2886 3409 3032 3463 sicut
3054 3408 3309 3463 ethnicus
3338 3422 3472 3464 con-

1893 3505 2055 3562 Sertis
2087 3504 2340 3558 manibus
2362 3502 2714 3557 simulacrum
2741 3502 3105 3571 amplectitur,
3154 3502 3227 3555 ita
3261 3511 3315 3556 et
3336 3515 3470 3556 ava-

1893 3610 1991 3650 rus
2024 3609 2219 3649 aurum
2268 3593 2464 3648 annuis
2520 3600 2575 3647 et
2632 3594 2910 3663 repagulis
2958 3592 3272 3658 connnittit,
3305 3601 3472 3663 atque

1894 3685 2021 3739 illud
2052 3684 2210 3755 quasi
2244 3698 2461 3739 sacrum
2518 3683 2794 3753 quoddam
2835 3684 3126 3738 donarium
3176 3691 3471 3739 attrectare

1894 3776 2117 3828 minime
2150 3774 2333 3829 audet.
2379 3774 2532 3839 Quod
2577 3773 2621 3830 si
2651 3774 2874 3845 quando
2904 3774 2971 3829 ad
3027 3773 3081 3827 id
3143 3773 3471 3829 necessitate

1894 3867 2159 3935 impulsus
2200 3864 2387 3929 fuerit,
2425 3865 2567 3919 haud
2612 3866 2772 3920 aliter
2798 3866 2984 3920 animo
3016 3862 3269 3929 afﬁcitur,
3303 3877 3469 3934 quam

1892 3959 1939 4012 si
1972 3957 2168 4011 nefarii
2207 3955 2412 4027 aliquid
2450 3966 2834 4026 perpetrasset.

2318 4049 2461 4116 Quid
2494 4048 2716 4102 dicitis?
2750 4048 2829 4101 An
2875 4063 2965 4101 vos
3021 4045 3103 4100 Itis
3135 4046 3323 4111 verbis,
3358 4057 3465 4101 etc.

1892 4141 2055 4207 Quid,
2093 4140 2288 4208 inquit,
2322 4140 2525 4203 dicitis,
2556 4154 2590 4193 ο
2636 4137 2962 4193 Novatiani?
3005 4136 3063 4194 Si
3099 4138 3349 4194 oratione
3371 4151 3473 4191 no-

1891 4247 2006 4289 stra
2059 4233 2289 4304 permoti
2350 4232 2504 4296 estis,
2567 4239 2708 4285 state
2757 4245 2788 4285 a
2842 4230 3021 4293 nobis,
3072 4231 3164 4301 qui
3218 4230 3473 4285 homines

1896 4335 2058 4395 atque
2113 4322 2179 4377 ad
2232 4332 2512 4393 peccatum
2566 4324 2831 4393 proclives
2886 4337 3100 4389 sumus,
3151 4336 3216 4377 ac
3238 4321 3467 4392 proinde

1896 4420 2129 4475 aliorum
2184 4419 2358 4472 vicem
2419 4416 2576 4471 facile
2638 4416 2937 4471 dolemus:
3003 4416 3163 4480 state,
3213 4414 3461 4483 inquam,

1892 4526 2012 4577 vos,
2061 4508 2156 4579 qui
2227 4523 2391 4578 supra
2443 4506 2744 4571 hominem,
2806 4506 2916 4560 imo
2965 4503 3251 4558 inhumani
3303 4501 3462 4565 estis,

1893 4603 1965 4658 ob
2022 4602 2182 4672 idque
2233 4615 2298 4655 ex
2360 4598 2595 4654 aliorum
2651 4599 2803 4668 lapsu
2864 4610 3122 4666 angorem
3179 4607 3288 4647 non
3329 4607 3464 4647 cun-

1895 4695 2114 4764 cupitis.
2172 4693 2458 4747 Dominum
2520 4708 2627 4746 una
2681 4690 3039 4753 celebremus,
3090 4686 3184 4757 qui
3244 4698 3344 4755 pro
3368 4698 3468 4738 sua

1900 4784 2272 4839 misericordia
2327 4782 2706 4853 paenitentiam
2765 4780 2923 4836 nobis
2952 4776 3268 4843 concessit;
3301 4787 3467 4844 atque

1898 4877 2095 4933 Isaiam
2171 4876 2494 4941 audientes,
2571 4874 2840 4928 dicentem
2904 4888 2921 4925 :
2984 4870 3074 4925 Vre
3112 4871 3204 4941 qui
3253 4869 3469 4934 dicitis,

1901 4968 2100 5022 Procul
2152 4985 2184 5022 o
2249 4983 2330 5021 me
2384 4966 2602 5032 recede,
2663 4982 2725 5019 ne
2787 4965 3007 5018 accedas
3055 4963 3124 5015 ad
3177 4978 3293 5026 me,
3339 4976 3469 5028 quev

1902 5060 2047 5113 niam
2090 5076 2257 5130 purus
2307 5075 2463 5125 sum;
2545 5058 2712 5111 nolite
2773 5070 2905 5119 vos,
2971 5055 3065 5125 qui
3141 5055 3262 5125 puri
3313 5054 3470 5117 estis,

1902 5168 2255 5223 congressum
2325 5161 2594 5215 nostrum,
2642 5158 2703 5203 ut
2768 5149 3110 5217 impurornm
3166 5147 3471 5209 hominum,

1858 5279 1863 5285 -
1902 5245 2128 5315 fugere:
2159 5245 2291 5314 quin
2327 5246 2510 5315 potius
2542 5242 2825 5297 nobiscum
2864 5249 3093 5303 stantes,
3118 5248 3309 5294 vestra:
3331 5252 3467 5308 que-

1900 5354 2008 5408 que
2036 5337 2286 5408 puritatis
2334 5350 2434 5390 nos
2472 5334 2761 5405 participes
2796 5333 3044 5387 facite".
3080 5330 3237 5397 Quod
3277 5332 3323 5385 si
3372 5342 3469 5384 vos

1850 5452 1857 5459 ·
1901 5445 2011 5485 non
2042 5429 2333 5491 tlcctimus,
2380 5442 2478 5497 pro
2531 5425 2707 5493 Voltis,
2734 5434 2921 5495 utpote
2969 5422 3253 5479 incurabili
3279 5422 3472 5476 morbo

1921 5613 1967 5647 "
1999 5612 2137 5669 Osee
2168 5604 2239 5672 vi,
2265 5609 2318 5664 6.
2396 5610 2440 5642 ⁹⁰
2478 5610 2670 5665 Matth.
2706 5626 2859 5675 xvnt,
2889 5607 2982 5662 22.
3059 5613 3101 5645 ﬂ
3141 5610 3156 5662 Ι
3190 5610 3317 5663 Cor.
3347 5606 3461 5675 νηί

239 5699 379 5750 chq.
433 5687 477 5718 "
510 5685 552 5741 ll
576 5673 703 5744 ευτ’.
732 5703 789 5750 ll,
821 5687 872 5744 7.
926 5689 993 5769 __”
1022 5687 1044 5743 1
1075 5673 1218 5744 Tim.
1247 5703 1299 5751 γ.
1343 5689 1425 5743 li.
1467 5690 1510 5721 ’³
1537 5687 1576 5743 11
1603 5673 1729 5743 Cur.
1767 5703 1791 5741 x

1893 5686 1941 5740 Ξ.
2019 5685 2363 5750 "noun",
2404 5680 2487 5738 19.
2551 5682 2597 5715 ⁹⁶
2623 5673 2917 5751 Εῃιιθεξν.
2949 5678 3006 5738 5.
3047 5684 3090 5717 ’7
3128 5680 3231 5736 l:a.
3257 5691 3387 5741 ων,
3412 5673 3468 5728 5.

2002 5768 2047 5775 ,ρο
