3958 6204
556 286 700 350 l2’t3

557 489 773 559 piterno
832 485 1333 556 baptizabitnini",
1365 486 1456 555 qui
1495 496 1766 539 terrenam
1807 491 1864 537 et
1890 493 2139 535 crassam

560 581 843 636 materiam
873 590 1132 649 tanquam
1166 578 1350 634 fenum
1393 577 1653 641 comedit,
1692 587 1749 630 ut
1781 574 1936 631 Isaia:
1960 572 2144 627 verbis

562 684 709 735 utar,
731 673 834 725 hoc
870 680 974 735 est,
1000 671 1208 727 crassis
1237 679 1291 725 et
1331 669 1591 726 obscenis
1616 667 1865 738 corporis
1893 665 2146 735 volupta-

565 765 709 819 tibus
771 765 1071 819 servientes
1115 763 1317 827 exurit,
1388 771 1552 832 atque
1622 762 1874 816 homines
1925 766 2146 829 peccato

563 856 710 911 leves
752 864 807 911 et
843 855 1028 910 aridos
1057 856 1127 909 ita
1150 854 1455 916 excruciat,
1487 864 1546 907 ut
1589 861 1775 907 tamen
1813 866 1922 905 non
1972 850 2145 904 absu-

565 956 694 1001 mat.
739 946 1210 1014 Quemadmodum
1267 946 1414 999 enim
1479 944 1533 998 in
1594 944 1696 998 hac
1726 944 1835 996 vita
1887 941 2146 995 Christus

568 1038 815 1094 homines
845 1038 1131 1093 sinetitate
1162 1037 1357 1107 dignos
1398 1035 1451 1089 in
1484 1033 1689 1105 Spiritu
1734 1034 2014 1102 baptizat,
2071 1031 2146 1084 ita

565 1130 816 1198 indignos
856 1133 923 1183 ad
971 1130 1147 1200 ignem
1184 1129 1526 1193 transmittit,
1586 1127 1798 1181 alienos
1838 1123 2087 1179 videlicet
2114 1140 2145 1179 a

564 1221 712 1277 bono
766 1222 981 1290 spiritui
1031 1222 1175 1276 malo
1210 1223 1454 1276 tradens.
1486 1218 1659 1274 Porro
1701 1232 1796 1288 per
1844 1216 1985 1286 ignis
2047 1217 2144 1271 ba-

567 1311 829 1380 ptismum
886 1325 1117 1367 exatnen
1178 1324 1583 1379 censuramque
1664 1306 1892 1362 extremi
1950 1305 2147 1375 judicii

567 1404 841 1474 intelligit,
869 1404 1022 1471 juxta
1060 1404 1111 1459 id
1138 1403 1380 1474 quodait
1425 1399 1754 1469 Apostolus:
1791 1397 2151 1469 Uniuscujus-

564 1513 664 1567 que
714 1514 866 1567 Opus,
909 1498 1065 1566 quate
1120 1506 1220 1561 est,
1259 1495 1396 1565 ignis
1448 1493 1774 1565 probabit”.
1804 1491 1869 1546 Et
1912 1506 2146 1546 rursus:

574 1588 690 1642 Dies
721 1590 860 1642 enim
881 1588 1198 1651 declarabit,
1228 1589 1356 1658 quia
1384 1589 1437 1640 in
1467 1587 1584 1656 igne
1616 1584 1929 1639 revelabitur
1963 1586 2003 1637 '.
2040 1581 2148 1639 Nos

569 1687 749 1731 autem
783 1677 932 1732 Isaia:
987 1678 1218 1733 consilio
1250 1693 1565 1749 pareamus,
1626 1676 1693 1730 ad
1737 1676 1883 1728 hunc
1926 1673 2147 1729 modum

1946 271 2330 343 ADDENDA.

554 395 839 465 correptis,
892 394 1164 464 laerymas
1214 392 1583 448 cﬂ’undcntus.
1639 388 1755 460 lgni
1812 387 1956 442 enim
1993 401 2140 440 sem-
2174 390 2217 443 Α
2249 384 2466 438 reddam
2490 388 2530 442 '.
2559 384 2748 441 Virum
2808 395 2988 440 autem
3021 383 3356 454 sanguiunm
3392 380 3586 433 David
3628 393 3770 433 eum
3794 399 3863 433 τῖ-

3752 266 3861 331 2241

2245 487 2334 533 cat
2359 479 2399 542 ³,
2426 478 2521 547 qui
2558 478 2689 531 vitio
2729 477 2879 531 omni
2915 486 2969 531 et
2999 477 3205 531 scelere
3236 482 3552 538 coopertus
3599 481 3727 523 est.
3759 473 3866 523 Pcr-

2246 569 2443 622 feetum
2477 568 2620 621 enim
2655 567 2753 620 viri
2796 565 3019 621 nomine
3065 564 3364 635 appellavit
3411 580 3430 616 :
3483 563 3868 630 quemadas-

2243 657 2373 713 dum
2417 666 2471 712 et
2510 657 2708 712 Paulus
2757 675 2771 712 :
2807 656 3090 726 Quousque
3128 653 3516 722 perveniamus
3570 653 3645 705 ira
3718 652 3868 703 tim

2243 751 2535 820 perfectum
2553 750 2594 803 δ.
2624 748 2742 804 Jam
2771 764 2901 803 vero
2923 747 3161 802 hominis
3187 760 3360 801 causa
3381 744 3594 799 omnis
3624 743 3869 796 doctrin:

2245 844 2371 897 data
2403 852 2506 907 est,
2537 853 2644 896 tam
2678 841 2870 911 legalis
2922 854 3087 909 quam
3114 837 3464 908 evangelica,
3486 845 3695 904 atque
3736 852 3873 888 omne

2248 936 2591 1007 mysterium,
2623 945 2676 989 et
2706 933 2886 988 omnis
2913 931 3120 987 Christi
3150 931 3313 994 actio,
3339 941 3395 984 et
3424 928 3672 984 festum
3734 942 3875 979 omet

2253 1029 2513 1100 tnysticas
2566 1027 2810 1082 rationes
2868 1024 3100 1081 habens.
3138 1022 3467 1093 Purgemini
3527 1019 3761 1090 igitur,
3817 1030 3863 1071 ιιι

2246 1121 2390 1188 quod
2422 1121 2492 1173 ait
2534 1118 2751 1180 Paulus,
2784 1117 2904 1169 sitis
2936 1123 3191 1184 tanquam
3214 1112 3538 1166 luminaria
3566 1110 3635 1163 in
3670 1110 3875 1169 munde,

2247 1210 2456 1265 verbum
2508 1212 2627 1264 vita:
2666 1209 2983 1262 sustinentes
3015 1208 3056 1259 ⁸.
3114 1205 3249 1259 Nam
3288 1204 3491 1261 lumen
3542 1201 3869 1269 huiuseius

2248 1303 2543 1374 quamdam
2580 1301 2688 1354 vim
2740 1299 2924 1363 habet,
2962 1306 3020 1352 ut
3045 1311 3142 1352 eos
3178 1295 3272 1367 qui
3326 1295 3384 1347 in
3418 1293 3721 1347 tenebris
3757 1295 3875 1344 Veis:

2247 1394 2482 1451 emortui
2522 1402 2653 1448 sunt
2687 1390 2756 1445 ad
2791 1392 2959 1444 vitam
2988 1389 3208 1444 excitet.
3240 1386 3315 1441 lta
3344 1388 3469 1449 (iet,
3515 1392 3593 1439 ut
3624 1386 3698 1438 in
3730 1388 3875 1437 ιιιω

2249 1485 2450 1543 ειυοιιιο
2517 1482 2805 1537 Trinitatis
2854 1481 3067 1551 fulgore
3127 1478 3343 1549 plenius
3409 1474 3931 1555 collustreminiq

2250 1577 2410 1647 cujus
2441 1590 2609 1630 unum
2672 1583 2839 1643 atque
2883 1570 3137 1627 eumdem
3183 1568 3561 1639 splendorem
3611 1581 3649 1620 ει
3720 1566 3879 1619 tribas

2252 1666 2653 1723 uniusdeitatis
2692 1663 2944 1734 personis
2999 1661 3327 1715 emicantem
3396 1672 3573 1711 nunc
3628 1656 3881 1721 suscepi.

570 1770 840 1838 loquentis
874 1789 886 1824 :
920 1769 1221 1832 Lavamini,
1250 1740 1444 1823 imbuti
1494 1740 1700 1824 estote:
1737 1777 1786 1821 et
1844 1768 1892 1820 si
1952 1766 2149 1835 fuerint
2185 1740 2224 1793 Β
2258 1761 2360 1817 stis
2393 1776 2408 1814 :
2437 1759 2490 1813 in
2534 1761 2653 1828 ipso
2683 1757 2908 1812 Christo
2941 1753 3171 1810 Domino
3213 1758 3437 1813 nostro,
3464 1749 3581 1804 cui
3620 1748 3817 1819 gloria
3844 1753 3882 1797 et
3920 1748 3929 1811 ξ

567 1872 781 1931 peccata
809 1876 978 1917 vestra
1024 1871 1081 1915 ut
1131 1861 1466 1923 vermiculus,
1500 1862 1670 1914 instar
1715 1859 1848 1913 nivis
1887 1874 1948 1912 ea
1998 1857 2150 1910 deal—

569 1951 701 2006 babo
727 1969 745 2006 :
777 1952 822 2007 si
854 1964 1030 2007 autem
1075 1962 1132 2006 ut
1166 1953 1458 2016 coccinum,
1515 1951 1689 2004 instar
1723 1948 1864 2003 lana:
1918 1945 2155 2001 candida

2261 1853 2551 1923 imperium
2584 1851 2644 1906 in
2672 1848 2868 1907 secula
2905 1846 3256 1904 saeculorum.
3288 1841 3501 1896 Amen.

583 2156 3855 2187 Μ

1606 2362 1734 2453 ΙΝ
1816 2352 2539 2453 OBATIONEM
2616 2351 2825 2441 XL.

1108 2721 1618 2779 ARGUMEN'I’UM.

650 2836 776 2888 "rec
814 2835 986 2888 oratio
1021 2834 1136 2887 acri
1172 2845 1221 2887 et
1255 2835 1539 2888 vehementi
1563 2828 1925 2900 disputatione
1977 2824 2153 2892 bapti-

574 2943 751 2980 smum
783 2941 1113 2994 nequaquam
1143 2924 1495 2992 differendum
1525 2938 1587 2975 ac
1615 2917 2008 2990 prorogandum
2038 2929 2151 2969 esse

572 3013 923 3066 demonstrat.
976 3012 1054 3064 Ac
1090 3027 1209 3063 cum
1265 3009 1578 3078 pra-cedenti

574 3106 820 3169 rolnrret,
878 3120 1059 3159 verum
1104 3105 1353 3174 temporis
1395 3102 1645 3155 brevitate
1694 3108 1853 3169 atque
1904 3096 2157 3166 angustia

574 3199 772 3268 factum
801 3206 975 3260 est,ut
1015 3198 1081 3250 ab
1114 3212 1177 3250 ea
1206 3196 1586 3266 distinguatur.

925 3331 1201 3388 NlCETAS
1239 3326 1819 3387 COMMENTARIUS.

645 3452 762 3507 Col.
781 3449 885 3506 559
897 3448 957 3503 Β.
974 3446 1239 3514 Quoniam
1254 3446 1366 3500 lteri
1385 3444 1737 3513 splendidum,
1761 3452 1869 3497 etc.
1894 3424 2160 3497 "esterno

577 3547 684 3605 die.
717 3543 913 3614 inquit,
968 3540 1262 3595 Luminum
1304 3539 1502 3593 festum
1536 3535 1964 3592 celebravimus.
2007 3533 2159 3588 Cun-

579 3636 836 3691 vcniebat
863 3630 1006 3687 enim
1037 3631 1109 3684 ob
1166 3629 1395 3683 salutem
1450 3633 1694 3681 nostram
1728 3625 1927 3695 gaudio
1955 3623 2158 3687 etl'erri,

575 3740 808 3793 eamque
841 3721 1138 3777 celebrare.
1166 3719 1335 3789 quue
1373 3719 1547 3772 multo
1576 3717 1790 3789 aequius
1815 3723 1961 3781 erat,
1993 3728 2160 3785 quam

578 3814 726 3884 quod
769 3808 1028 3867 m'ortales
1063 3810 1215 3865 carni
1265 3808 1433 3865 dediti
1479 3808 1661 3863 lacere
1718 3807 1920 3871 solent,
1982 3806 2164 3876 quiet

576 3907 832 3977 ysvébha
856 3906 1155 3970 celebrant,
1189 3903 1242 3959 id
1270 3913 1375 3967 est,
1413 3902 1555 3957 diem
1585 3915 1698 3972 quo
1729 3901 1784 3955 in
1814 3901 1992 3955 lucem
2029 3898 2164 3954 editi

576 4007 729 4061 sunt.
758 4007 812 4053 et
842 3997 1115 4068 γαμήλια,
1175 3996 1280 4052 hoc
1306 4003 1410 4057 est,
1441 4008 1566 4049 eum
1618 3992 1761 4049 diem
1821 4005 1933 4062 quo
1970 3991 2164 4046 matri-

556 4092 826 4148 .tnonium
858 4097 1275 4149 contraxerunt.
1300 4096 1356 4142 et
1383 4086 1783 4158 ὁνομαστήρια,
1818 4086 2038 4156 quando
2062 4099 2168 4139 n0-

581 4196 706 4235 u:en
757 4181 893 4250 ipsis
946 4178 1264 4248 impositum
1303 4188 1407 4242 est,
1473 4186 1529 4231 ct
1577 4174 1908 4246 κουρόσυνα,
1946 4179 2166 4247 quando

578 4277 812 4329 decursa
852 4279 907 4327 et
960 4278 1153 4326 exacta
1181 4268 1573 4336 adolescentia,
1629 4268 1687 4324 in
1722 4268 1986 4340 iuvenum
2015 4271 2169 4326 ordi-

2260 2712 2410 2768 tione
2433 2704 2862 2779 consumimus).
2889 2714 3006 2761 tum
3053 2719 3122 2761 ne
3159 2703 3447 2760 fastidium
3483 2713 3539 2757 et
3614 2704 3860 2758 salariu-

2258 2810 2367 2859 tem
2431 2799 2707 2857 sermonis
2762 2798 3053 2868 prolisitas
3117 2803 3353 2867 pareret.
3407 2793 3671 2864 Semper
3732 2796 3855 2848 cuius

2259 2902 2567 2962 suspectam
2622 2890 2798 2946 habeo
2852 2890 3186 2955 satietatem,
3239 2887 3386 2942 velut
3434 2888 3758 2941 molestam
3809 2904 3857 2937 ac

1648 2979 1854 3077 ηαεάξη,
1914 3004 2155 3057 "quam
2184 3013 2229 3072 ο
2261 2986 2403 3042 ttedii
2453 2986 2693 3055 plenam,
2729 2983 3004 3052 rebuSque
3046 2981 3303 3036 omnbus
3340 2979 3641 3049 princlztris
3678 2982 3858 3034 adrer-

2259 3088 2497 3145 santem,
2533 3087 2699 3148 atque
2748 3091 2813 3131 ca
2845 3090 2968 3146 qure
3003 3075 3148 3130 dicta
3182 3084 3333 3137 sunt,
3358 3070 3717 3140 infrugil’cra
3746 3074 3855 3126 red-

2258 3172 2499 3228 dentem.
2552 3168 2692 3226 Nam
2724 3186 2850 3226 cum
2902 3184 2966 3224 ea
3000 3169 3075 3225 sit
3131 3165 3753 3236 animi,imbecillitas,
3808 3175 3857 3217 ut

2259 3264 2447 3319 omnia
2499 3263 2667 3319 simul
2711 3262 3002 3331 complecti
3063 3268 3227 3329 atque
3278 3259 3532 3328 arripere
3591 3269 3853 3328 nequeat,

2260 3357 2402 3412 idem
2434 3355 2660 3410 omnino
2702 3353 2779 3408 illi
2831 3352 3054 3413 accidit,
3083 3351 3229 3420 quod
3262 3350 3462 3410 ventri.
3490 3350 3588 3417 qui
3638 3361 3854 3420 prapkf

2262 3449 2608 3504 immodicam
2668 3446 2976 3501 satietatem
3041 3442 3398 3498 transmissos
3456 3442 3629 3497 cibos
3663 3458 3853 3498 coace-

2239 3542 2431 3611 ‘quere
2457 3554 2567 3595 non
2596 3545 2793 3608 potest.
2817 3534 3100 3606 Oportebit
3129 3542 3313 3588 autem
3344 3549 3407 3589 ea
3435 3549 3564 3602 qua:
3621 3549 3657 3588 ει
3710 3536 3855 3590 nobis

2264 3630 2544 3694 dicentur,
2588 3637 2800 3682 attento
2858 3626 3045 3681 animo
3078 3625 3270 3680 audire
3317 3641 3334 3680 :
3399 3625 3847 3697 quandoquidem

2264 3722 2371 3778 hoc
2388 3735 2613 3792 quoque
2651 3719 2961 3790 splendoris
3006 3732 3133 3787 pars
3161 3726 3267 3782 est,
3302 3718 3569 3772 nimirum
3598 3718 3851 3789 baptismi

2265 3813 2374 3867 vim
2429 3822 2484 3868 et
2516 3809 2835 3868 facultatem
2872 3808 3044 3879 probe
3099 3807 3374 3878 cegnitam
3411 3815 3468 3862 et
3527 3809 3848 3877 explicatam

2267 3905 2493 3961 habere.

2332 3994 2453 4051 Col.
2485 3994 2590 4051 559
2634 3992 2700 4052 C.
2732 3995 2942 4065 Triplex
2990 3993 3290 4050 nativitatis
3357 4006 3520 4061 genus
3576 3993 3847 4059 agnoscit,

2265 4096 2371 4142 etc.
2406 4085 2567 4148 Tres,
2596 4084 2798 4154 inquit,
2856 4085 3177 4141 nativitates
3206 4093 3355 4138 recta
3387 4090 3445 4136 et
3470 4080 3849 4136 ecclesiastica

2268 4178 2517 4237 doctrina
2552 4179 2879 4249 prolitetur:
2939 4178 3169 4247 primam
3220 4187 3568 4244 corpoream,
3617 4188 3732 4242 qua
3766 4172 3847 4226 alii

2267 4285 2334 4325 ex
2405 4270 2529 4325 aliis
2577 4268 2892 4336 nascimur;
2951 4272 3247 4325 secundam
3299 4264 3845 4336 baptismiuertiara

582 4382 706 4423 nem
738 4365 964 4435 ascripti
991 4371 1141 4429 sunt,
1185 4370 1282 4418 aut
1314 4361 1536 4432 quando
1570 4362 1805 4430 primum
1837 4361 1974 4434 ipsis
2006 4378 2162 4419 coma
2200 4357 2242 4411 Ι)
2273 4363 2716 4419 resurrectionis.
2757 4363 2833 4417 Ac
2878 4376 3147 4432 corporea
3203 4360 3423 4429 quidem
3467 4365 3744 4411 nocturna
3771 4367 3847 4409 est

584 4463 640 4515 in
696 4458 1036 4530 superﬂuum
1091 4470 1419 4513 esereseens
1475 4463 1693 4512 attonsa
1742 4467 1860 4523 est,
1893 4467 1950 4515 et
1985 4475 2172 4513 κατοι-

581 4554 748 4609 uicta
793 4553 880 4611 vel
915 4549 1268 4607 habitationis
1318 4547 1604 4615 encania,
1653 4552 1876 4619 quando
1931 4551 2167 4620 primum

582 4656 787 4704 terram
818 4644 1111 4716 quamdam
1169 4650 1265 4696 aut
1325 4641 1553 4697 domum
1609 4641 1976 4699 incoluerunt.
2041 4642 2170 4699 Haec

586 4752 753 4809 porro
783 4735 967 4790 omnia
999 4734 1195 4804 ἐτήσια
1228 4732 1667 4797 celebrabantur,
1706 4733 1759 4789 id
1791 4744 1898 4798 est,
1937 4741 2174 4800 quotan-

585 4829 694 4884 nis.
729 4825 985 4883 Nonnulli
1015 4836 1198 4881 autem
1232 4826 1450 4895 ἐτήσια,
1497 4826 1840 4891 consulatus,
1873 4834 1969 4880 aut
2015 4826 2161 4881 mili-

555 4920 723 4976 .taris
779 4918 1140 4989 prazl'ecturae,
1180 4927 1279 4973 aut
1331 4919 1474 4975 alius
1503 4918 1788 4987 cujusdam
1848 4918 2163 4989 huiusmodi

583 5012 941 5083 magistratus
991 5009 1254 5080 prteludia
1303 5021 1357 5065 et
1403 5009 1654 5065 tirocinia
1706 5009 2162 5079 interpretantur,

583 5104 859 5159 autetiam
890 5101 998 5158 diei
1032 5102 1199 5169 illius,
1233 5117 1344 5173 quo
1384 5102 1680 5174 quisquam
1734 5104 2031 5158 maximum
2069 5119 2163 5174 pe-

586 5196 823 5251 rieulum
855 5195 1065 5266 ell'ugit.
1103 5193 1278 5250 Hodie
1324 5195 1392 5249 de
1449 5194 1722 5264 baptismo
1776 5195 2160 5252 disseremus:

586 5289 800 5344 etiamsi
837 5289 955 5342 heri
993 5303 1093 5345 nos
1119 5288 1299 5344 oratio
1320 5287 1386 5343 de
1417 5301 1484 5343 eo
1512 5286 1757 5342 instituta
1789 5286 2163 5357 prieteriluxit,

588 5389 704 5433 tum
731 5381 861 5450 quia
892 5391 1108 5450 tempus
1157 5388 1377 5450 urgeret
1436 5378 1618 5451 (feSIis
1656 5378 1801 5434 enim
1827 5377 2027 5434 diebus
2055 5393 2173 5434 ma-

589 5472 793 5527 ximam
840 5471 1102 5541 temporis
1151 5481 1360 5543 partem
1420 5471 1478 5527 in
1532 5470 1877 5527 Psalmorum
1917 5470 2172 5527 cantilla—

2267 4454 2508 4526 (proprie
2531 4455 2676 4509 enim
2702 4469 3037 4524 congressus
3063 4452 3279 4508 venerei
3330 4460 3571 4520 tempus,
3608 4462 3716 4503 nos
3747 4458 3840 4512 est,

2269 4556 2490 4617 propter
2526 4547 2869 4602 honestatem
2928 4554 2984 4600 et
3017 4542 3436 4607 verecundiam)
3474 4550 3640 4609 atque
3682 4540 3839 4594 etiam

2270 4653 2449 4703 serva,
2488 4639 2689 4708 quippe
2731 4653 2896 4708 quam
2941 4636 3185 4691 libidinis
3235 4633 3461 4690 aﬂ‘ectus
3512 4632 3836 4699 auspicetur.

2270 4748 2334 4788 ex
2367 4730 2668 4801 voluptatis
2701 4731 2848 4785 enim
2886 4745 3077 4785 amore
3139 4725 3548 4781 matrimonium
3599 4722 3837 4777 contrahi

2269 4823 2433 4879 solet.
2481 4820 2747 4892 Baptismi
2778 4830 2966 4875 autem
3027 4818 3310 4879 nativitas,
3339 4818 3531 4871 diurna
3570 4829 3602 4867 a
3649 4812 3837 4866 Davidc

2267 4916 2512 4973 dicitur:
2564 4914 2685 4969 Dies
2746 4914 2918 4978 enim,
2981 4908 3182 4981 inquit,
3244 4906 3691 4980 formabuntur‘;
3735 4909 3836 4959 sive

2271 5008 2401 5080 quia
2431 5008 2631 5063 diurno
2664 5015 2916 5076 tempore
2951 5017 3010 5060 ut
3042 5005 3339 5074 plurimum
3374 5001 3676 5070 baptismus
3698 4999 3835 5052 cele-

2274 5100 2486 5165 bretur,
2513 5099 2629 5154 sive
2655 5107 2880 5169 pr0pter
2925 5098 3281 5153 excellentem
3317 5093 3572 5165 baptismi
3599 5093 3835 5160 splendo-

2274 5208 2388 5248 rem
2442 5205 2495 5250 et
2545 5191 2858 5263 puritatem.
2888 5190 2963 5247 Ea
2996 5205 3160 5260 porro
3201 5203 3311 5243 non
3369 5188 3530 5240 modo
3560 5201 3591 5238 a
3628 5185 3833 5238 libidine

2274 5299 2410 5354 pura
2443 5294 2497 5339 et
2555 5284 2725 5339 libera
2765 5292 2850 5339 est
2906 5301 2921 5338 :
2975 5284 3070 5339 sed
3125 5282 3356 5337 vitiosos
3401 5279 3568 5335 etiam
3624 5277 3831 5333 allectus

2272 5380 2505 5432 omnino
2546 5377 2688 5433 delet
2714 5389 2880 5446 atque
2923 5376 3259 5448 exstinguit;
3292 5381 3349 5428 et
3393 5371 3829 5440 quemadmodum

2269 5469 2621 5528 circumcisio
2664 5472 2990 5543 superﬂuam
3042 5469 3272 5526 membri
3319 5464 3575 5540 genitalis
3638 5476 3827 5535 partem

657 5651 700 5683 ”'
728 5650 830 5706 lsa.
865 5665 1007 5703 mm.
1045 5649 1136 5704 2i.
1215 5651 1258 5683 ”
1291 5649 1310 5703 1
1376 5648 1502 5702 Cor.
1550 5663 1632 5707 ιιι.
1667 5650 1758 5720 15.
1835 5651 1849 5682 ¹
1883 5649 2016 5706 ibid.
2094 5656 2113 5685 ³
2145 5651 2157 5708 l

2285 5666 2324 5719 ι,
2382 5649 2468 5720 16,
2511 5651 2595 5708 l8.
2671 5652 2690 5685 ³
2724 5652 2869 5708 I’sal.
2905 5667 2955 5719 ιι,
2979 5651 3033 5704 7.
3110 5649 3129 5682 ⁵
3158 5646 3357 5718 Ephes.
3392 5660 3469 5714 tv,
3506 5642 3591 5699 £5.
3662 5641 3684 5675 '
3710 5641 3827 5698 i‘bi—

586 5722 718 5791 lipp.
752 5738 815 5781 tt.
854 5722 946 5817 '15.
1004 5722 1087 5778 [6.
1166 5720 1185 5752 ⁸
1212 5720 1355 5776 Psal.
1385 5735 1647 5783 cxxsvttt,
1680 5719 1764 5776 16.
