4032 6198
566 282 702 344 1⁵2ίῖ

1938 277 2294 337 ‘ADDENDA
2307 321 2323 336 .

3677 268 3816 331 1248

560 410 669 461 est,
700 396 793 466 qui
829 395 1069 465 quidem,
1107 406 1160 449 ut
1192 394 1336 449 Petri
1370 393 1552 448 verbis
1578 401 1720 457 utar,
1752 407 1859 446 non
1884 393 2131 448 sordium
2158 394 2208 453 Α
2236 400 2290 443 ιιι
2347 385 2840 456 coagmentationis
2895 394 3097 440 nostra:
3148 383 3203 437 in
3256 382 3544 436 meliorem
3607 392 3817 436 statum

562 487 745 542 carnis
777 486 1047 555 depositio
1090 494 1195 546 est,
1234 485 1328 539 sed
1372 485 1725 538 conscientiae
1764 485 1921 538 bona:
1961 484 2129 539 inter-

564 578 773 647 rogatio
802 578 869 630 ad
906 576 1071 630 Deum
1100 576 1162 629 ".
1207 575 1527 646 Interrogati
1558 578 1705 630 enim
1756 577 1807 630 in
1844 578 2129 646 baptismo,

563 665 843 734 quomodo
906 680 1029 720 sese
1098 666 1298 720 habeat
1353 666 1689 720 conscientia
1752 677 1938 721 nostra
2002 682 2130 736 erga

564 760 757 818 Deum,
789 766 843 811 et
868 773 1030 825 quam
1071 760 1122 811 in
1170 773 1293 811 cum
1334 759 1492 812 tidem
1545 759 1863 822 habeamus,
1898 774 2129 827 re3p0n-

564 849 759 904 demus
792 864 892 903 nos
930 850 1104 918 ipsius
1138 850 1384 917 partibus
1415 848 1660 918 adiungi,
1699 860 1880 918 atque,
1917 859 1975 907 ut
2024 865 2131 904 uno

565 941 729 994 verbo
782 942 1001 1004 dicam,
1065 941 1184 995 lidei
1244 942 1499 1011 Symbola
1563 942 1903 1011 proﬁtemur.
1966 941 2131 996 Juxta

565 1031 899 1101 Theologum
952 1041 1131 1086 autem
1181 1034 1365 1100 carnis
1403 1032 1636 1101 ahjectio
1677 1043 1761 1087 est
1807 1034 2128 1101 baptismus,

569 1127 669 1177 hoc
713 1133 795 1178 est
831 1124 1069 1179 carnalis
1113 1124 1342 1178 amet-tus
1388 1135 1441 1177 et
1468 1126 1788 1187 voluntatis,
1832 1136 1926 1177 aut
1966 1125 2128 1179 etiam

542 1217 739 1285 .ipsius
777 1217 959 1271 carnis
991 1218 1324 1284 contemptio
1359 1217 1570 1283 (Carnis
1597 1218 1766 1277 enim,
1810 1217 1980 1285 inquit
2019 1217 2127 1281 ille,

562 1320 748 1356 curam
776 1321 837 1358 nc
868 1305 1096 1373 feceritis
1129 1306 1183 1357 in
1216 1307 1648 1371 concupiscentiis
1698 1309 1879 1360 vestris
1914 1307 2001 1378 "),
2037 1315 2133 1361 aut

570 1396 741 1450 animi
778 1406 1044 1465 quantum
1089 1397 1154 1451 ad
1203 1398 1543 1454 turbulentos
1596 1410 1775 1453 morus
1816 1401 1869 1452 in
1912 1415 2127 1454 crucem

565 1487 801 1541 sutlixio.
859 1487 995 1542 Nam
1043 1489 1136 1559 qui
1181 1505 1401 1543 carnem
1461 1492 1783 1553 contemnit,
1848 1493 1892 1547 is
1943 1493 2132 1561 utique

568 1581 809 1633 animam
848 1580 1171 1648 comitatur,
1231 1583 1487 1636 nimirum
1536 1585 1917 1639 auctoritatem
1965 1596 2131 1653 atque

568 1671 858 1739 imperium
891 1673 944 1726 in
983 1673 1130 1728 illam
1164 1675 1291 1729 huic
1322 1676 1590 1731 tribuens.
1627 1676 1940 1746 Baptismus
1972 1676 2127 1731 Verbi

2233 481 2546 544 conversio,
2603 490 2659 534 et
2705 481 2873 534 totius
2932 492 3125 531 massai
3175 485 3229 530 et
3276 476 3699 544 temperamenti
3763 476 3815 528 in

2235 577 2431 631 melius
2500 592 2564 629 ac
2617 574 2912 644 periretius
2969 573 3254 625 immutata
3311 570 3489 630 ratio,
3550 569 3815 622 nimirum

2235 666 2416 721 anima
2455 663 2520 717 ad
2556 663 2783 716 meliora
2811 668 3157 730 properante,
3206 671 3434 724 corpore
3458 665 3648 710 autem
3685 657 3820 709 sub-

2234 767 2521 826 sequente,
2566 769 2665 809 nec
2696 754 2751 806 in
2792 753 3067 808 diversum
3110 750 3343 827 nitente.
3374 750 3592 818 Quippe
3626 750 3815 809 homo,

2233 849 2416 904 anima
2445 855 2499 905 et.
2526 860 2753 914 corpore
2780 853 3064 917 constans,
3094 857 3189 911 per
3231 841 3564 909 baptismum
3602 839 3815 892 sancti-

2234 939 2449 994 ﬁcatur.
2491 938 2567 992 Ac
2605 951 2674 990 ne
2706 935 2887 988 omnia
2918 946 3367 989 commemorem,
3397 944 3519 999 qua:
3549 928 3815 997 baptismi

2233 1032 2406 1101 gratia
2462 1029 2746 1097 pollicetur
2806 1034 2862 1080 et
2925 1024 3191 1094 porrigit,
3252 1023 3356 1076 hoc
3410 1021 3659 1073 omnium
3720 1019 3813 1071 l).i

2235 1124 2623 1179 beneliciornm
2656 1118 3172 1189 praestantissimum
3201 1123 3307 1170 est.
3337 1114 3404 1168 Ut
3428 1114 3572 1172 enim
3615 1113 3813 1164 intima

2233 1217 2402 1271 divini
2447 1213 2629 1282 templi
2676 1227 2828 1281 pars,
2881 1210 3082 1263 Sancta
3132 1217 3449 1261 sanctorum
3499 1203 3814 1261 dici-batur,

2234 1309 2381 1361 velut
2428 1304 2699 1359 ulterioris
2744 1300 3053 1356 sanctitatis
3080 1299 3394 1367 particeps;
3436 1306 3489 1349 et
3541 1294 3815 1365 mysticus

2236 1399 2550 1452 Salomonis
2577 1397 2812 1458 libellus,
2845 1395 3071 1449 Cantica
3104 1394 3442 1447 canticorum
3479 1390 3812 1458 appellatur,

2233 1490 2381 1543 velut
2419 1470 2635 1543 cmteris
2678 1487 3022 1556 praestantior
3068 1496 3231 1553 atque
3278 1481 3544 1549 iusiguior
3573 1498 3587 1532 :
3614 1481 3814 1533 eodem

2236 1599 2451 1654 quoque
2502 1582 2666 1636 modo
2707 1581 3013 1649 baptismus
3061 1585 3282 1646 propter
3326 1574 3579 1629 exinniam
3639 1572 3817 1640 ipsius

2236 1676 2554 1743 dignitatem
2608 1672 2947 1727 ltluminatio
2998 1676 3269 1734 vocatur,
3322 1681 3434 1721 non
3486 1666 3634 1735 quod
3689 1664 3817 1717 alia:

569 1764 933 1834 participatio,
960 1766 1045 1820 vel
1073 1768 1202 1836 quia
1238 1769 1459 1823 verbum
1497 1780 1549 1824 et
1578 1745 1853 1826 Christum
1889 1786 1983 1838 per
2006 1785 2129 1825 cum
2168 1745 2207 1797 Β
2237 1783 2458 1838 quoque
2505 1765 2776 1835 spiritales
2807 1763 2994 1831 gratim
3027 1758 3371 1814 illuminandi
3410 1758 3517 1810 vim
3564 1772 3674 1809 non
3715 1757 3819 1807 ha-

567 1856 868 1923 sequimur,
901 1858 986 1911 vel
1017 1859 1144 1928 quia
1179 1859 1440 1916 doctrina:
1479 1873 1533 1916 et
1560 1862 1802 1917 scientia;
1834 1862 2132 1932 participes

568 1945 847 2002 cllieimnr.
887 1948 1233 2004 Cortlatiorrs
1280 1952 1421 2004 enim
1458 1960 1511 2005 et
1546 1952 1929 2021 prudentiores
1970 1968 2033 2006 ex
2065 1966 2134 2007 eo

567 2036 870 2101 reddimur,
937 2039 1133 2093 divina:
1177 2042 1442 2097 doctrina:
1495 2052 1550 2097 et
1606 2044 1792 2112 gratiae
1842 2043 2134 2112 participes

569 2126 718 2182 iacti.
789 2128 1053 2199 Figmcnti
1120 2133 1464 2190 instauratio.
1534 2134 1818 2190 Recreatio
1876 2134 2021 2190 enim
2081 2144 2136 2189 et

569 2220 850 2274 renovatio
894 2231 977 2277 est
1022 2222 1258 2277 hominis
1288 2240 1317 2278 a
1365 2233 1586 2293 peccato
1648 2225 1933 2290 confracti,
1970 2237 2133 2296 atque

568 2310 636 2365 ad
699 2312 896 2367 veteris
972 2315 1227 2383 imaginis
1293 2316 1610 2384 dignitatem
1671 2316 2011 2371 reiormatio.
2070 2316 2135 2372 Et

570 2402 1028 2471 quemadmodum
1062 2407 1298 2460 tenebra:
1328 2407 1465 2462 lucis
1510 2423 1736 2463 accessu
1770 2408 2133 2477 depelluntur,

571 2503 626 2548 et
658 2495 833 2565 caligo
867 2496 1105 2551 candore
1139 2498 1428 2567 superfuso
1468 2500 1535 2555 de
1563 2501 1742 2555 medio
1773 2502 1980 2555 tollitur
2014 2518 2031 2555 :
2063 2503 2135 2557 ita

571 2596 621 2640 et
656 2601 750 2655 per
794 2588 1098 2655 spiritualis
1133 2590 1269 2645 lucis
1314 2591 1517 2645 animre
1543 2593 1761 2647 oculum
1811 2594 2138 2653 illustrantis

568 2692 604 2746 p
625 2679 973 2747 rceptiouem
1007 2684 1242 2737 tenebrte
1280 2698 1402 2738 eum
1434 2683 1794 2740 obscurantcs
1828 2685 2138 2741 discutiun-

573 2777 683 2831 tur,
718 2785 782 2824 ac
812 2781 968 2825 vetus
1005 2773 1165 2826 homo
1196 2775 1421 2841 iustitia:
1459 2776 1714 2845 operibus
1740 2786 2038 2832 exornatus
2070 2777 2137 2832 ad

572 2860 747 2913 atatis
769 2859 955 2915 liorem
985 2864 1144 2917 redit.
1172 2865 1480 2933 Baptismus
1506 2868 1814 2921 vehiculum
1847 2868 1914 2921 ad
1943 2868 2134 2923 Dentn.

573 2947 675 3003 l’rr
718 2966 842 3005 eum
880 2953 1022 3027 enim
1068 2955 1211 3008 γιιιιιι
1245 2972 1339 3025 per
1390 2960 1592 3012 scalam
1639 2959 1711 3013 ad
1744 2960 1909 3013 Deum
1955 2960 2139 3015 evehi-

2239 1861 2420 1923 bcant,
2473 1857 2567 1912 sed
2613 1856 2740 1925 quia
2782 1854 2888 1908 illis
2936 1852 3228 1908 sanctitate
3276 1857 3509 1918 praestat,
3543 1860 3609 1900 ac
3658 1842 3818 1899 solus

2235 1966 2427 2005 clunes
2463 1947 2652 2005 sordes
2685 1944 2881 2006 abluit,
2914 1941 3281 2011 ntortalesque
3311 1938 3559 2000 illustrat,
3594 1952 3663 1990 ac
3694 1934 3817 1988 Deo

2235 2043 2476 2110 adoptat,
2502 2038 2830 2107 Christoque
2858 2033 3160 2104 coniungit.

2304 2132 2424 2189 Col.
2453 2131 2558 2186 362
2584 2129 2647 2185 C.
2692 2126 3152 2195 Quemadmodum
3183 2134 3362 2178 autem
3393 2122 3663 2183 Christus,
3699 2131 3815 2177 etc.

2240 2225 2708 2293 Quemadmodum
2761 2220 3013 2274 Christus
3050 2217 3304 2286 baptismi
3345 2216 3575 2271 donator
3619 2216 3816 2269 multis

2241 2317 2557 2371 nominibus
2608 2313 2912 2382 appellatur
2961 2311 3213 2379 (vocatur
3254 2308 3398 2362 enim
3444 2304 3633 2363 Filius.
3675 2321 3812 2368 quo-

2240 2409 2384 2462 niam
2439 2406 2673 2462 essentia
2721 2403 2862 2457 idem
2913 2418 3036 2457 cum
3078 2403 3239 2456 Patre
3289 2409 3415 2464 est;
3462 2396 3815 2468 Unigcnitus,

2236 2500 2366 2570 quia
2405 2497 2667 2567 singulari
2719 2495 2879 2550 modo
2918 2494 3128 2563 genitus
3160 2499 3266 2557 est,
3314 2500 3370 2545 et
3412 2505 3518 2543 non
3584 2498 3648 2543 ut
3692 2504 3818 2543 cor-

2240 2606 2408 2662 pora;
2463 2587 2721 2652 Verbum,
2758 2597 2980 2655 propter
3021 2583 3428 2653 generationem
3459 2580 3819 2650 perpessione

2241 2682 2389 2736 omni
2427 2687 2744 2742 vacantem;
2790 2677 3086 2746 Sapientia,
3129 2684 3188 2729 ut
3216 2674 3398 2729 omnia
3441 2673 3663 2741 cognita
3715 2673 3817 2724 ba-

2242 2774 2415 2839 hcns;
2463 2771 2697 2834 Veritas,
2733 2779 2792 2824 ut
2838 2780 3030 2823 natura
3079 2784 3273 2830 unum,
3326 2780 3390 2819 ac
3432 2779 3539 2817 non
3598 2764 3815 2825 muta;

2245 2864 2382 2927 Lux,
2417 2873 2475 2918 ut
2523 2863 2828 2918 anitrarum
2885 2859 3181 2928 splendor;
3214 2856 3454 2916 Iustitia.
3505 2864 3566 2908 ut
3595 2853 3813 2923 pmtnii

2246 2970 2310 3010 ac
2344 2971 2516 3023 poena:
2550 2970 2648 3020 pro
2694 2955 2962 3022 cujusque
3009 2952 3202 3006 merito
3250 2949 3606 3010 distributor;
3664 2945 3815 2999 San-

572 3058 716 3097 mur.
743 3042 843 3097 Per
870 3060 993 3098 eum
1029 3044 1250 3115 insuper
1284 3062 1407 3102 cum
1448 3050 1669 3105 Christo
1705 3052 2135 3121 peregrinamur.
2160 3073 2207 3134 ρ
2245 3049 2523 3108 ctiticatio.
2559 3058 2617 3102 ut
2644 3048 2887 3116 put-itas;
2922 3043 3264 3112 Redemptio,
3300 3051 3360 3095 ut
3392 3055 3489 3094 nos
3521 3055 3554 3091 a
3582 3048 3819 3106 peccato

572 3131 688 3189 Una
723 3135 865 3189 enim
917 3153 1039 3192 cum
1085 3153 1149 3192 eo
1183 3154 1276 3206 per
1315 3140 1639 3209 baptismum
1671 3143 1939 3196 morimur
1972 3152 2136 3212 atque

572 3219 943 3276 inbumamur.
988 3222 1087 3279 llic
1115 3225 1235 3279 tidei
1279 3228 1667 3283 adminiculum
1716 3246 1781 3285 ac
1830 3233 2133 3286 subsidium

569 3318 672 3365 est.
729 3310 848 3369 Duo
890 3315 1089 3384 quippe
1135 3315 1330 3371 salutis
1392 3318 1536 3373 modi
1590 3328 1721 3373 sunt
1765 3321 1908 3375 inter
1957 3336 2016 3376 se
2064 3322 2135 3375 ita

570 3404 821 3464 connexi.
875 3414 933 3459 ut
984 3407 1132 3461 nulla
1174 3409 1386 3463 ratione
1430 3412 1671 3479 separari
1700 3421 1924 3480 queant.
1978 3414 2137 3469 Fides

569 3495 713 3548 cnim
758 3510 853 3564 per
896 3497 1222 3565 baptismum
1274 3502 1567 3569 perticitttr,
1615 3506 1968 3572 numerisque
2021 3505 2137 3561 suis

570 3587 836 3643 omnibus
867 3590 1192 3645 absolvitur.
1237 3592 1540 3661 Baptismus
1572 3606 1754 3650 autem
1789 3598 1908 3652 ﬁdei
1941 3598 2136 3653 tunda-

572 3687 757 3731 mento
808 3679 1015 3744 nititttr,
1064 3697 1128 3736 ac
1169 3684 1422 3751 prmcedit
1473 3686 1694 3755 quidem
1744 3688 2018 3744 confessio
2067 3689 2135 3744 ad

570 3768 803 3821 salutem
841 3783 941 3823 nos
988 3771 1384 3829 iutroducvns:
1417 3778 1771 3846 subsequitur
1815 3788 1997 3834 autem
2045 3782 2137 3835 ba-

576 3858 832 3925 ptismus,
865 3859 989 3915 tidei
1012 3876 1297 3916 assensum
1324 3865 1481 3921 nobis
1501 3867 1821 3938 obsignans.
1847 3868 1981 3924 Nam
2009 3886 2134 3927 cum

576 3949 933 4016 haptizamur,
975 3963 1126 4007 certo
1168 3968 1217 4009 ct
1249 3955 1526 4012 luculento
1553 3970 1872 4029 argumento
1902 3977 2001 4017 nos
2034 3964 2139 4019 tide

572 4041 829 4108 praeditos
871 4056 997 4097 esse
1037 4046 1448 4101 coutirmamus.
1488 4045 1587 4102 llic
1623 4050 1819 4106 mentis
1851 4052 2133 4121 perfectio.

573 4133 726 4188 incus
763 4133 905 4188 enim
938 4146 1158 4203 peccato
1194 4153 1544 4209 progressum
1599 4141 1772 4211 ipsius
1810 4144 2138 4214 impediente

570 4222 723 4277 rudis
779 4232 940 4291 atque
1007 4225 1325 4296 imperfecta
1380 4234 1633 4288 manebat
1694 4252 1708 4291 :
1755 4252 1900 4292 nunc
1952 4249 2136 4293 autem

570 4314 805 4367 naturali
836 4331 1124 4385 progressu
1155 4328 1209 4372 et
1237 4320 1575 4385 incremento
1599 4337 1815 4395 recepto
1842 4328 2136 4397 perfectio-

570 4420 697 4457 nem
740 4420 893 4460 suam
942 4409 1254 4478 assequitur
1306 4426 1371 4466 ac
1411 4412 1697 4471 deiformis
1740 4419 1994 4473 ctiicitnr.
2035 4419 2132 4475 llic
2165 4404 2209 4459 θ

568 4493 744 4549 clavis
776 4496 928 4563 regni
965 4498 1224 4565 cmlestis,
1285 4500 1417 4555 illud
1453 4503 1701 4558 videlicet
1741 4506 1807 4559 iis
1834 4509 1925 4576 qui
1961 4508 2136 4574 bapti-

568 4587 672 4640 smi
707 4589 865 4657 aquis
896 4590 1178 4660 tinguntur
1229 4594 1500 4661 aperiens.
1544 4594 1641 4652 llic
1681 4598 1803 4651 vitae
1833 4610 2134 4654 connnnta-

570 4678 666 4745 tio,
692 4695 967 4749 corporea:
989 4683 1200 4738 scilicet
1227 4694 1277 4738 ct
1300 4683 1581 4755 ﬂagitiosa:
1610 4689 1676 4743 ad
1705 4690 2043 4758 spiritualem
2077 4702 2131 4748 et

566 4768 832 4824 divinam.
885 4771 983 4827 llic
1027 4775 1308 4830 servitutis
1347 4778 1648 4845 abrogatio,
1706 4795 1769 4833 ac
1806 4797 1902 4849 pro
1949 4784 2129 4837 servili

566 4860 894 4929 dejectione,
935 4861 1090 4931 plena
1120 4875 1172 4917 et
1210 4866 1386 4919 soluta
1414 4866 1657 4923 libertas.
1691 4868 1793 4924 Per
1819 4886 1944 4925 eum
1987 4874 2132 4928 enim

570 4949 805 5007 ﬁliorum
837 4953 1186 5023 adoptionem
1217 4957 1511 5027 recipimus
1545 4977 1557 5012 :
1586 4976 1648 5016 ac
1674 4962 1903 5030 proinde
1935 4964 2135 5019 clamat

566 5041 769 5100 Paulus
800 5062 814 5100 :
845 5044 985 5117 Ergo
1009 5065 1109 5103 non
1132 5050 1248 5118 jam
1275 5066 1328 5104 es
1359 5067 1558 5113 servus,
1586 5056 1672 5107 sed
1699 5055 1845 5123 ﬁlius
1871 5069 1888 5106 :
1918 5056 2057 5126 quod
2083 5056 2132 5111 si

483 5169 487 5174 ι
565 5140 734 5204 ﬁlius,
764 5152 813 5194 et
841 5142 1004 5197 haeres
1039 5142 1131 5198 Dei
1161 5144 1226 5198 ⁸⁸.
1264 5143 1361 5199 Hic
1393 5146 1730 5202 vinculorum
1768 5150 1989 5216 solutio,
2027 5153 2132 5208 hoc

474 5276 484 5315 ι
562 5242 668 5295 est,
705 5232 996 5287 alTectuunt
1034 5236 1201 5290 animi
1234 5245 1282 5291 et
1317 5239 1544 5306 peccati.
1585 5238 1681 5294 llic
1709 5244 2130 5312 compositionis

2241 3142 2490 3196 detentus
2530 3142 2581 3194 in
2632 3140 2934 3195 libertatem
2981 3150 3275 3199 asserens;
3332 3129 3707 3193 llrsurrectio,
3752 3138 3816 3180 ut

2241 3247 2344 3287 nos
2393 3241 2670 3286 emortuos
2717 3229 2785 3284 ad
2838 3228 3001 3282 vitam
3053 3240 3352 3287 revocans;
3400 3222 3552 3286 Ovis,
3608 3232 3668 3273 ut
3728 3221 3815 3273 vi-

2240 3327 2434 3389 ctima;
2466 3327 2671 3395 Agnus,
2705 3331 2765 3377 ιιι
2796 3322 3075 3392 perlectus
3101 3336 3116 3383 ;
3159 3316 3431 3379 Pontifex,
3454 3324 3516 3368 ut
3540 3314 3814 3369 concilia-

2241 3429 2325 3471 tor
2354 3426 2409 3471 et
2435 3419 2762 3485 perductor;
2796 3414 2963 3483 Ignis,
2994 3423 3051 3465 ut
3089 3411 3258 3464 levem
3299 3407 3577 3461 materiam
3619 3420 3814 3473 repur-

2239 3523 2408 3576 gans;
2440 3506 2752 3570 Gladius,ut
2784 3505 2984 3558 bonum
3020 3518 3048 3555 a
3084 3502 3232 3554 malo.
3251 3499 3532 3561 dividens;
3558 3495 3811 3549 Ventilao

2244 3605 2421 3666 brum,
2444 3612 2508 3656 ut
2545 3616 2730 3655 aream
2760 3613 3032 3668 purgans;
3069 3594 3313 3657 Securis,
3342 3602 3404 3647 ut
3442 3591 3816 3659 improbitatis

2241 3695 2451 3749 radices
2483 3691 2792 3761 excideris),
2840 3690 3031 3745 eodem
3069 3688 3231 3742 modo
3258 3696 3312 3739 et
3343 3684 3544 3740 Christi
3580 3683 3816 3747 donum,

2240 3787 2291 3841 id
2329 3795 2413 3841 est
2451 3785 2778 3853 baptismus,
2824 3782 2973 3835 varie
3020 3795 3084 3834 ac
3137 3777 3514 3846 multipliciter
3560 3787 3815 3837 vocatur,

2240 3874 2702 3947 quemadmodum
2735 3883 2790 3927 et
2815 3872 2987 3927 Scalae
3018 3871 3312 3941 paedagogo
3343 3869 3421 3938 (8)
3453 3868 3669 3937 placet:
3698 3867 3816 3920 sive

2238 3987 2303 4025 ex
2330 3969 2470 4024 miro
2496 3967 2731 4037 quodam
2768 3964 2990 4029 allecto,
3025 3965 3126 4016 hoc
3150 3971 3256 4022 est,
3287 3976 3351 4014 ex
3382 3957 3608 4029 profuso
3639 3957 3811 4011 animi

2239 4062 2440 4133 gaudio
2485 4061 2542 4115 id
2582 4059 2749 4113 nobis
2792 4053 3073 4116 acciderit,
3125 4064 3183 4106 ut
3212 4053 3431 4108 diversa
3463 4051 3540 4104 illi
3586 4050 3811 4103 nomina

2239 4156 2632 4223 imponamus:
2666 4149 2782 4205 sive
2827 4162 2928 4216 pro
2984 4144 3370 4214 multiplicium
3409 4141 3667 4209 baptismi
3713 4140 3811 4193 be-

2240 4248 2555 4301 neﬁciorum
2604 4244 2815 4297 ratione
2852 4240 3001 4294 varia
3027 4253 3246 4308 quoque
3273 4236 3323 4290 ei
3353 4236 3577 4288 nomina
3608 4234 3810 4288 tributa

2242 4337 2464 4400 iuerint,
2509 4353 2619 4390 uno
2653 4350 2874 4406 quoque
2920 4332 3170 4387 videlicet
3209 4329 3471 4384 beneficio
3499 4326 3809 4396 appositum

2236 4438 2290 4482 et
2347 4444 2649 4495 congruunt
2708 4441 2907 4481 nomen
2956 4430 3298 4494 procreante.
3356 4420 3599 4474 Primum
3660 4417 3810 4470 enim

2237 4534 2360 4572 eum
2425 4520 2628 4573 denunt
2689 4531 2985 4578 vocamus,
3034 4514 3163 4583 quia
3221 4512 3379 4567 nobis
3436 4509 3588 4565 nullo
3656 4508 3810 4577 prius

2236 4609 2425 4664 labore
2461 4617 2719 4677 suscepto
2761 4623 2826 4661 ac
2856 4621 3082 4661 munere
3115 4604 3297 4679 oblato
3346 4602 3521 4671 gratis
3559 4597 3809 4668 imperti-

2239 4710 2346 4754 tur.
2403 4698 2603 4752 Deinde
2654 4698 3010 4765 baptismum,
3063 4695 3192 4763 quia
3238 4701 3525 4762 peccatum
3566 4689 3620 4742 in
3665 4702 3811 4756 aqua

2238 4789 2521 4859 sepelitur.
2557 4787 2711 4842 Tunc
2742 4788 3052 4842 unctionem
3084 4801 3208 4840 cum
3233 4783 3466 4846 Joanne,
3501 4791 3561 4834 ut
3590 4795 3813 4835 sacrum

2235 4891 2290 4937 et
2324 4882 2558 4951 regium.
2607 4879 2936 4934 Sacerdotes
2984 4879 3130 4932 enim
3171 4885 3225 4930 et
3254 4890 3407 4946 reges
3438 4874 3596 4943 juxta
3642 4870 3813 4926 Hosis

2232 4973 2403 5042 legem
2440 4973 2802 5042 angebantur.
2836 4969 3297 5023 llluminationcm
3336 4981 3490 5030 vero,
3524 4974 3587 5019 ut
3624 4964 3801 5033 splen-

2231 5064 2458 5127 dorem,
2520 5073 2573 5118 et
2627 5063 2753 5131 quia
2801 5078 2897 5132 per
2946 5077 3071 5117 eum
3121 5071 3364 5116 sanetam
3425 5059 3572 5112 illam
3632 5058 3810 5109 lucem

2230 5155 2529 5218 intuemur,
2565 5163 2725 5224 atque
2758 5155 2823 5208 ad
2868 5153 3112 5208 divinum
3154 5168 3354 5206 numen
3407 5148 3809 5218 inspiciendum

2231 5249 2512 5303 oculorum
2550 5248 2666 5302 acie
2711 5247 3004 5318 pollemus.
3053 5245 3258 5301 Adbacc
3292 5240 3728 5299 immortalitatis
3757 5245 3811 5292 et

638 5429 726 5483 ¹⁸1
762 5430 905 5484 Pctr.
940 5447 1020 5493 nt,
1060 5434 1149 5490 2i.
1228 5436 1270 5473 "
1297 5437 1451 5493 Rom.
1489 5453 1606 5507 χιιι,
1644 5442 1728 5496 ll.
1805 5441 2050 5497 "Galat.
2082 5460 2156 5512 tv,
2191 5445 2243 5501 7.

637 5608 1028 5699 (sl‘_,j"jﬂ'=tl‘f|"_
1072 5614 1369 5699 αἰξιιῇαιιιη
1441 5619 1719 5690 inullis“.
1784 5623 2121 5680 Ct-lrberrimi
2185 5626 2323 5696 apud
2381 5626 2599 5687 Graecos
2633 5630 2874 5688 nominis
2945 5630 3161 5694 virum,
3215 5626 3309 5699 qui
3348 5625 3612 5683 eximium
3648 5619 3778 5677 libcl

564 5677 674 5732 litin
709 5680 880 5736 Stulte
912 5684 1065 5741 littth
1099 5685 1282 5741 edidit.
1470 5726 1497 5741 ι
