4032 6198
302 234 441 301 me
1294 246 1612 312 NlCETAS
1653 255 1731 314 IN
1770 256 1989 317 enitr.
2034 260 2131 319 x1.
2171 262 2235 326 s.
2273 265 2500 327 etme.
3409 282 3547 348 nso

298 342 733 419 lnt'ot'rttplimiis
792 352 1195 426 indumentum,
1237 361 1393 430 juxta
1438 365 1942 424 ConstitutionesA
1976 369 2139 424 etiam
2192 374 2257 427 ad
2321 390 2621 444 perpaucos
2678 379 2950 449 homines,
3015 400 3109 440 eos
3172 402 3388 456 nempe.
3445 393 3536 459 qui

296 442 644 507 apostolicos,
672 455 727 495 ut
761 443 1000 500 infamize
1027 459 1081 502 et
1120 450 1336 505 decoris
1370 455 1807 525 integumentum
1848 477 1861 512 :
1970 474 2203 517 mentem
2224 482 2287 519 ac
2310 470 2571 523 rationem
2597 476 2993 545 perpurgariut.
3018 477 3095 531 Ac
3112 477 3394 534 Trinitatis
3414 498 3537 550 pro-

295 533 511 585 ohteeta
552 535 692 587 enim
734 537 1076 605 turpitudine
1122 552 1175 596 et
1211 543 1433 600 infamia
1480 566 1578 604 uos
1612 551 1864 605 iuCorru-
1968 554 2145 619 prium
2196 567 2300 621 est,
2351 570 2558 617 natura:
2608 565 2866 620 identitas
2917 578 2971 622 et
3024 568 3314 625 inell'abilis
3381 574 3532 640 unio,

300 623 486 690 ptione
510 635 561 677 et
589 626 996 686 immortalitate
1025 638 1315 703 eouvestit,
1343 640 1580 695 animant
1610 644 1868 700 videlicet
1966 653 2131 713 atque
2169 662 2273 701 una
2302 659 2350 702 et
2375 653 2563 706 eadem
2594 657 2904 713 exsilientis
2943 661 3249 728 splendoris
3282 665 3530 735 emissio,

2975 713 2987 728 .
3039 713 3245 717 θην-νη

304 726 333 762 a
380 713 582 776 peccati
629 718 960 784 corruptela,
994 730 1051 774 ut
1081 723 1232 789 olim,
1279 742 1467 794 puram
1502 739 1553 783 et
1596 732 1860 801 integrant
1965 737 2188 803 perinde
2213 755 2275 793 ac
2302 742 2347 795 si
2387 743 2479 811 qui
2515 752 2626 799 tres
2655 744 2801 801 faces
2825 751 2973 803 omni
3009 767 3074 805 ex
3111 764 3261 821 parte
3303 756 3442 809 inter
3474 772 3534 811 se

304 801 522 821 --.μμ
582 802 751 821 .-νη
1211 815 1223 821 -
1307 817 1317 821 -
1486 819 1492 821 Α

1968 801 1978 803 -
2405 801 2418 811 .
2904 801 2908 802 κ
2962 801 2972 803 ἡ
3015 801 3074 805 ---
3111 801 3260 821 ε---ην
3474 801 3534 811 νυ

294 801 545 855 reddens.
581 802 886 861 Lavacrum
922 815 1372 880 regenerationis,
1405 819 1530 885 quia
1571 837 1668 891 per
1710 839 1858 888 cum,
1964 827 2200 893 arquales
2245 831 2429 883 animo
2481 833 2643 901 ﬁngat
2675 836 2837 905 (quod
2888 841 3105 907 quidem
3172 842 3222 895 iu
3263 844 3327 897 iis
3363 846 3549 911 rebus

290 901 373 946 est
406 895 542 961 apud
582 894 832 960 Paulum,
864 915 1084 970 peccata
1121 904 1440 976 projicimtts
1487 922 1540 964 et
1599 912 1857 969 eluimus.
1964 931 2084 984 quze
2134 918 2185 972 in
2226 936 2444 976 sensum
2498 926 2700 980 cadunt
2750 930 2972 998 reperiri
3027 948 3131 986 non
3181 937 3402 1001 potest),
3447 947 3535 988 at-

293 978 346 1001 ου
391 986 442 1001 ιι,
597 988 609 1000 ο
1047 995 1057 1001 .

1982 978 1995 984 _
2512 978 2521 979 ,
2614 978 2619 979 γ
2686 978 2698 980 -
2780 978 2972 998 ,τ-----
3027 978 3131 986 ην..
3181 978 3402 1001 reum.”
3447 978 3500 988 ...

292 978 541 1053 Sigillum
597 988 838 1060 insuper,
894 995 1150 1062 quoniam
1202 1014 1297 1067 per
1354 1016 1479 1054 eum
1531 1004 1854 1075 consignati,
1963 1021 2068 1075 que
2134 1025 2299 1063 unum
2354 1022 2406 1066 et
2454 1018 2704 1072 eutndem
2756 1019 3022 1090 fulgorem
3085 1039 3238 1094 atque
3296 1035 3348 1080 et
3393 1027 3528 1081 citra

291 1077 581 1145 cujusnant
616 1078 823 1135 domini
874 1099 1089 1149 sumus,
1138 1089 1545 1159 cognoscimnr,
1591 1105 1754 1165 atque
1793 1098 1860 1152 ab
1963 1099 2124 1151 ullam
2159 1099 2483 1159 divisionem
2540 1125 2568 1162 a
2606 1109 2778 1164 tribus
2814 1114 3155 1169 exsilienteut
3187 1126 3236 1169 et
3273 1132 3530 1171 emanau-

292 1170 511 1224 insidiis
540 1172 638 1225 tuti
676 1188 1081 1231 conservantur.
1103 1178 1253 1244 Quod
1291 1182 1435 1236 enim
1473 1186 1651 1254 sigillo
1674 1187 1859 1257 aliquo
1962 1203 2091 1247 tem.
2156 1195 2394 1252 Primum
2451 1201 2618 1270 igitur
2672 1204 2850 1258 lumen
2913 1207 3052 1262 Deus
3110 1217 3234 1273 est,
3290 1217 3349 1262 ut
3407 1211 3527 1263 exi-

293 1270 538 1314 notatum
563 1274 664 1328 est,
687 1265 862 1319 furum
893 1272 1229 1337 aggressioni
1255 1274 1475 1330 minime
1496 1288 1663 1346 patet.
1687 1281 1857 1335 Porro
1962 1280 2130 1353 mium
2176 1293 2338 1354 atque
2392 1290 2640 1344 omnium
2704 1293 2972 1347 luminum
3015 1297 3382 1364 principium;
3439 1316 3527 1353 sc-

295 1353 572 1406 uominum
635 1359 1033 1413 enumeratioui
1110 1360 1463 1431 Siguaculum
1521 1381 1856 1438 postremum

1959 1369 2194 1423 eundum
2247 1353 2450 1441 autem,
2484 1378 2683 1446 angeli,
2743 1390 2800 1434 ιιι
2845 1381 2940 1449 qui
2991 1353 3113 1450 puost
3172 1386 3337 1438 Deum
3391 1385 3523 1449 sint,

293 1440 691 1512 imposuimus,
737 1448 887 1502 velut
949 1466 1010 1504 ea
1067 1454 1419 1524 obsignantes
1476 1469 1639 1531 atque
1693 1465 1857 1518 obtir-
1961 1461 2176 1514 tametsi
2227 1461 2350 1518 aliis
2401 1440 2645 1533 priores,
2705 1470 2876 1536 prima
2927 1472 3102 1526 lucida
3156 1485 3348 1528 natura
3407 1487 3529 1544 post

292 1540 523 1585 litantes.
577 1532 713 1587 Huic
765 1537 1106 1603 gratulantur
1157 1543 1303 1597 εαξη.
1356 1542 1545 1600 Liceat
1594 1550 1737 1604 enim
1787 1552 1854 1605 ad
1958 1547 2239 1615 primatn,‘
2266 1555 2503 1608 secunda
2539 1556 2767 1621 lumina,
2804 1561 3048 1626 primarii
3099 1563 3325 1619 luminis
3368 1567 3524 1629 radii,

288 1622 471 1688 gaudii
542 1627 1025 1694 amplificationem
1056 1671 1071 1694 ,
1121 1633 1364 1690 laetitiam
1420 1654 1636 1709 quoque
1691 1645 1854 1701 rebus
1892 1715 1908 1717 Δ
1957 1641 2200 1711 aliosque
2242 1632 2403 1712 primi
2437 1650 2657 1702 luminis
2690 1650 3101 1717 inllaxiouihus,
3135 1672 3197 1709 ac
3225 1659 3372 1712 velut
3403 1675 3526 1714 sea.

287 1710 543 1769 inanimis
604 1718 863 1774 tribuere.
940 1721 1048 1776 Aut
1070 1764 1086 1786 ,
1156 1725 1229 1795 si,
1264 1730 1435 1783 mavis
1457 1769 1469 1789 ,
1530 1748 1624 1800 per
1689 1736 1856 1792 emtos
1891 1715 1930 1769 Β
1963 1735 2194 1802 turigiuc
2223 1737 2623 1795 collustrantes.
2652 1741 2887 1811 Angelos
2921 1761 3084 1814 porro
3111 1748 3269 1816 primi
3304 1751 3527 1805 luminis

289 1807 685 1873 synecdochice
731 1811 980 1865 cmlestes
1031 1815 1256 1884 angelos
1302 1816 1559 1889 intelligo,
1594 1823 1686 1893 qui
1731 1841 1854 1895 pro-
1957 1826 2132 1879 rivum
2186 1838 2237 1881 et
2270 1829 2745 1899 participationem
2795 1838 3028 1904 appello,
3068 1854 3173 1891 nou
3214 1843 3521 1896 secundum

288 1904 406 1960 pter
453 1896 736 1952 hominum
791 1901 1022 1955 salutem
1066 1919 1162 1973 per
1189 1905 1519 1976 baptismum
1573 1925 1850 1984 acceptam
1956 1925 2233 1981 naturam,
2263 1896 2452 1972 verum
2472 1896 2784 1975 iseeurulum
2827 1922 3172 1992 splendorem
3202 1934 3363 1995 atque
3395 1925 3523 1980 illu-

288 1985 484 2053 gaqdio
541 1989 840 2044 ell'eruntur
890 1992 1198 2063 (Caudium
1268 2001 1412 2053 enim
1466 2011 1545 2055 est
1618 2004 1675 2057 in
1726 2008 1852 2061 creto
1954 2008 2310 2064 minationem
2367 2026 2397 2065 a
2448 2010 2561 2065 Deo
2614 2015 2967 2082 proﬂuentem
3002 2033 3014 2069 :
3048 2016 3221 2070 rivum
3276 2018 3518 2087 quidem,

286 2091 443 2143 super
473 2095 574 2131 uno
607 2091 876 2147 peccatore
898 2086 1258 2153 paenitentiam
1295 2101 1478 2160 agente
1505 2092 1624 2164 ¹⁰⁶).
1663 2110 1724 2149 ac
1758 2098 1856 2152 ba-
1952 2101 2078 2170 quia
2119 2118 2185 2155 ex
2218 2101 2327 2156 Deo
2372 2103 2458 2156 lux
2500 2104 2630 2175 ipsis
2669 2104 2999 2169 infunditur,
3047 2109 3519 2179 participationem

284 2169 466 2234 ptismi
505 2170 958 2228 illutninatiuuem
996 2186 1214 2246 propter
1266 2181 1576 2249 splendoris
1622 2185 1850 2243 afﬁnita-
1953 2169 2160 2258 autem,
2193 2193 2321 2263 quia
2358 2169 2672 2263 hujus-modi
2713 2199 2972 2266 splendor
3014 2199 3145 2268 ipsis
3187 2201 3518 2269 itnpertitur.

286 2260 392 2308 tetu
441 2258 740 2315 celebrant.
784 2261 996 2318 Etenim
1043 2266 1131 2321 hic
1164 2283 1385 2339 quoque
1424 2277 1716 2342 praeclarus
1765 2291 1848 2334 est
1950 2287 2026 2339 Ac
2054 2287 2174 2341 vide
2195 2258 2659 2356 quemadmodum
2694 2290 2745 2343 in
2777 2293 2985 2362 angelis
3024 2309 3241 2362 quoque
3276 2303 3521 2348 eontem-

280 2360 347 2402 ac
387 2348 626 2417 divinus,
665 2363 715 2407 et
756 2355 994 2412 ccelestis
1043 2357 1395 2418 beatitudinis
1424 2367 1626 2436 imago,
1665 2371 1850 2440 spleu-
1949 2375 2118 2445 platio
2173 2348 2229 2430 et
2288 2379 2432 2432 actio
2473 2380 2703 2433 eluceat.
2763 2348 2959 2436 Mentis
3015 2348 3167 2437 enim.
3223 2385 3288 2438 ad
3350 2385 3518 2439 Deum

277 2438 538 2509 dor-isque
574 2441 850 2510 justorum
903 2456 957 2502 et
987 2449 1107 2504 vitm
1161 2452 1415 2509 rediviva:
1464 2456 1657 2527 figura.
1696 2438 1844 2518 ⁷Νςιιη
1949 2438 2230 2513 subvectio
2278 2475 2343 2513 ac
2390 2460 2590 2516 defixio
2640 2464 3032 2532 contemplatio
3084 2470 3189 2532 est,
3228 2481 3324 2536 per
3354 2483 3517 2537 quam

277 2544 398 2598 quae.
423 2549 594 2586 aevum
632 2534 761 2588 illud
812 2540 1114 2595 secundum
1147 2553 1396 2599 naturam
1450 2548 1631 2614 habet,
1671 2568 1731 2607 ea
1770 2555 1843 2622 hi,
1949 2555 2014 2605 ad
2052 2550 2219 2606 Deum
2252 2552 2592 2611 efferuntur:
2621 2555 2984 2610 ministerium
3016 2572 3142 2611 vero
3171 2569 3333 2628 atque
3360 2559 3520 2615 obse-

277 2622 371 2690 qui
422 2624 705 2682 salutifera
754 2644 896 2701 aqua
950 2631 1375 2705 perfunduntur,
1440 2642 1801 2714 anticipantes
1827 2684 1844 2711 ,
1947 2645 2136 2714 quium
2170 2645 2314 2701 actio
2353 2656 2457 2712 est,
2488 2662 2584 2717 per
2623 2663 2785 2717 quem
2822 2649 3019 2703 divina?
3050 2649 3234 2719 gloriae
3268 2650 3516 2705 celebra-

279 2714 462 2770 anitno
489 2727 542 2771 et
576 2720 855 2777 voluntate
885 2722 1276 2796 assequuntur.
1947 2737 2101 2804 tioni,
2145 2738 2379 2808 aliisque
2422 2741 2746 2796 muneribus
2798 2755 2851 2795 et
2899 2741 3089 2797 ciliciis
3140 2743 3516 2801 subservinnt.

345 2806 462 2861 Col.
501 2810 606 2864 5ϋὸ
664 2810 725 2866 B.
766 2813 840 2867 Ac
862 2817 1071 2885 quidem
1120 2820 1260 2875 Deus
1301 2840 1565 2880 summum
1607 2838 1657 2881 et
1697 2830 1845 2884 inae-
1940 2828 2214 2894 Quoniam
2242 2841 2426 2885 autern
2456 2832 2509 2885 in
2541 2834 3212 2889 cmicstilushierarehiis
3245 2836 3518 2889 illumina-

276 2896 513 2953 cem'bile
543 2900 717 2955 lumen
749 2916 986 2975 est,ietc.
1033 2909 1172 2964 Deus
1206 2912 1386 2969 lumen
1431 2928 1535 2983 est,
1566 2936 1839 2982 summum
1946 2915 2153 2969 tiouum
2185 2917 2527 2974 diversitates
2569 2921 2864 2983 exsistunt,
2907 2938 3011 2975 non
3043 2939 3106 2977 ex
3140 2926 3421 2993 proposito
3462 2934 3516 2978 et

273 2988 519 3058 quidem.
579 3001 637 3047 ut
690 2996 939 3067 principii
983 3016 1174 3069 eXpers
1222 3014 1277 3059 et
1331 3009 1591 3077 primum,
1646 3014 1728 3067 vel
1784 3024 1840 3069 ιιι
1868 3041 1911 3102 C
1946 3005 2247 3073 voluntate,
2287 3009 2380 3063 sed
2415 3024 2481 3063 ex
2508 3019 2724 3076 natura,
2754 3023 2917 3081 atque
2948 3013 3038 3065 alii
3070 3011 3309 3066 divinam
3339 3014 3513 3067 lucem

273 3084 610 3148 praecellens,
658 3089 1023 3159 omnibusque
1065 3095 1228 3151 rebus
1260 3100 1551 3168 superius;
1602 3103 1840 3160 inacces-

1949 3098 2117 3165 magis
2155 3097 2443 3163 complecti
2489 3114 2553 3153 ac
2612 3100 2849 3154 retinere
2903 3111 3157 3169 possunt,
3190 3102 3278 3154 alii
3330 3102 3514 3156 minus

276 3172 436 3227 sibile
460 3186 659 3241 autem,
695 3182 817 3248 quia
845 3196 1061 3252 pr0pter
1091 3187 1395 3255 splendoris
1428 3195 1837 3252 exuberantiam

1950 3188 2101 3257 [adeo
2156 3200 2215 3243 ut
2257 3190 2331 3242 illi
2383 3190 2721 3255 immediate,
2766 3192 2946 3260 quoad
3000 3192 3118 3257 ejus
3152 3193 3267 3246 fleri
3309 3204 3542 3263 potest..

275 3279 305 3318 a
350 3267 566 3321 nemine
609 3271 836 3339 perferri
893 3285 1088 3343 potest.
1145 3278 1326 3349 Neque
1370 3283 1515 3338 cnim
1549 3287 1837 3356 quisquam
1941 3293 2066 3332 ειιιη
2125 3292 2191 3332 θο
2242 3290 2567 3343 versemur:
2620 3281 2673 3334 ιιί
2738 3284 2919 3336 amem
2970 3283 3270 3351 primorum
3345 3299 3507 3352 οιιετηι

276 3368 382 3419 05!.
416 3358 506 3427 qui
554 3360 728 3430 ipsum
775 3364 996 3420 intentis
1045 3370 1220 3424 oculis
1248 3386 1473 3429 cernere
1511 3387 1693 3445 quem,
1724 3380 1841 3434 Hoc
1943 3370 2352 3434 rollustrcntur,
2394 3371 2466 3423 ita
2508 3371 2768 3424 nimirum
2808 3371 2875 3425 ab
2903 3371 3024 3424 aliis
3059 3372 3124 3425 ad
3158 3374 3295 3426 alios
3339 3382 3513 3428 trans-

274 3447 456 3503 lumen
491 3454 635 3505 nulla
668 3456 915 3511 oratione
943 3461 1172 3529 exprimi
1203 3473 1403 3532 potest,
1451 3468 1623 3521 multo
1655 3478 1836 3523 autem
1942 3461 2109 3515 missa
2143 3471 2198 3516 el-
2225 3463 2448 3532 ll‘aieCla
2477 3463 2897 3527 ῘΙΙιιῖιιῖηθῑῖοηθν
2933 3477 2962 3516 ³
3001 3464 3194 3532 Primis
3230 3480 3406 3534 υειιυθ
3445 3469 3510 3518 ad
3564 3478 3569 3483 θ

274 3540 455 3594 minus
483 3543 670 3598 animo
716 3545 965 3618 intelligi.
998 3549 1184 3620 Neque
1214 3552 1359 3608 enim
1391 3556 1626 3612 humana
1660 3571 1839 3614 mente
1940 3556 2264 3621 CXU‘CINOS),
2309 3552 2573 3607 addUbiW
2606 3562 2767 3623 aui"?
2799 3554 3042 3609 ίηοθηιιδ
3094 3571 3215 3610 sum
3262 3557 3393 3624 quid
3426 3557 3513 3610 di‘

264 3629 417 3686 Deus
447 3636 647 3705 percipi
699 3647 897 3706 potest,
942 3657 1045 3696 nec
1098 3644 1219 3713 ejus
1278 3647 1591 3715 magnitudo
1630 3653 1838 3720 cogita-
1941 3658 2084 3706 cam,
2141 3659 2209 3698 an
2258 3645 2469 3701 scilicet
2514 3661 2615 3716 pro
2669 3646 2863 3701 classis
2917 3656 2968 3701 et
3016 3646 3264 3702 Statiouis
3316 3648 3509 3704 ordine

271 3724 420 3778 tione
465 3732 868 3798 comprehendi.
912 3734 1053 3799 Quin
1115 3736 1278 3791 etiam
1341 3737 1473 3803 ille,
1531 3742 1577 3797 si
1628 3741 1838 3799 Platoni

1942 3733 2393 3789 illuminatiouem
2438 3735 2732 3805 accipiant,
2766 3750 2835 3790 an
2878 3745 3064 3790 contra
3098 3750 3196 3805 pro
3231 3736 3509 3790 illumina-

270 3816 569 3881 credimus,
613 3822 714 3878 huc
754 3824 919 3879 estin
973 3827 1430 3899 intelligihilibus,
1466 3833 1612 3902 quod
1659 3837 1741 3889 sol
1782 3839 1836 3890 in

1943 3823 2107 3880 tionis
2157 3825 2320 3881 modo
2367 3828 2614 3881 ordinem
2670 3842 2832 3882 suum
2888 3828 3143 3882 habeant.
3190 3825 3302 3883 Hoc
3360 3838 3509 3884 certe

277 3906 346 3959 iis
380 3924 498 3978 qua:
524 3927 742 3969 sensum
773 3928 1009 3973 movent.
1043 3917 1110 3974 Ut
1135 3921 1278 3975 enim
1304 3921 1392 3977 hic
1418 3923 1612 3989 oculis,
1653 3925 1723 3980 ita
1750 3927 1840 3983 ille

1938 3918 2086 3981 dico,
2128 3919 2381 3974 ctnlestes
2429 3928 2483 3974 et
2524 3920 2710 3974 beatas
2758 3928 2994 3982 mentes,
3048 3927 3330 3988 propterea
3360 3919 3509 3989 quod

271 4000 437 4053 menti
466 4002 639 4057 lucem
693 4005 883 4074 aliert;
924 4023 1221 4080 rursusque
1256 4021 1316 4065 ιιι
1364 4012 1451 4067 hic
1481 4018 1666 4071 omnia
1716 4033 1840 4087 qua:

1939 4006 2050 4062 Deo
2100 4011 2421 4080 propinquae
2488 4009 2599 4065 sint.
2670 4009 2970 4079 primaeque
3032 4007 3264 4077 primum
3323 4009 3508 4064 lumen

268 4103 492 4159 aspectu
540 4097 873 4163 sentiuntur,
928 4100 1003 4155 ita
1040 4102 1131 4157 ille
1180 4105 1363 4158 omnia
1415 4121 1535 4175 quae
1563 4109 1745 4167 animo
1780 4123 1835 4168 et

1940 4100 2219 4160 hauriant.
2254 4115 2319 4154 ac
2358 4101 2711 4169 purissimum
2760 4099 2910 4154 illinc
2958 4098 3305 4169 splendorem
3367 4099 3528 4171 acci-'

265 4181 482 4236 ratione
509 4184 880 4256 intelliguntur
915 4190 1321 4258 pulchritudine
1348 4195 1644 4249 antecellit.
1674 4195 1835 4252 Scala

1939 4181 2110 4260 piant,
2149 4192 2368 4244 uberius
2412 4206 2629 4260 quoque
2672 4189 2903 4246 fortasse
2951 4199 3006 4244 ct
3048 4189 3326 4260 cepiosius
3354 4186 3509 4245 'ilht-

267 4290 437 4343 porro
478 4287 639 4345 atque
670 4293 936 4334 ascensus
966 4281 1031 4334 ad
1066 4281 1207 4336 hanc
1232 4282 1600 4351 cognitionem
1650 4286 1839 4357 Itujus-
1938 4282 2100 4336 sttari
2135 4300 2148 4336 :
2176 4282 2422 4350 aliosque
2456 4282 2562 4335 alio
2591 4283 2749 4335 modo
2790 4297 2886 4352 pro
2930 4283 3198 4352 cujusque
3231 4294 3423 4338 natura
3454 4292 3508 4339 et

264 4367 415 4421 molli
451 4383 573 4424 eSSe
602 4381 783 4440 queat.
813 4374 1071 4441 Purgatio
1109 4376 1254 4430 enim
1286 4377 1353 4431 ad
1386 4377 1829 4449 imaginationem
1868 4370 1913 4426 Ι)
1940 4372 2132 4427 ordine
2180 4372 2780 4436 illuminari._Tertium
2839 4375 3018 4429 lumen
3068 4375 3230 4428 homo
3273 4385 3377 4440 est,
3412 4376 3531 4469 qui"

264 4457 544 4528 animique
594 4461 857 4517 visionem
910 4464 1194 4531 subvehit,
1236 4467 1340 4522 hoc
1389 4477 1506 4533 est,
1560 4472 1702 4524 actio
1764 4472 1828 4525 ad

1938 4463 2106 4517 etiam
2140 4463 2281 4532 apud
2313 4464 2571 4533 profanos
2596 4475 2851 4519 auctores
2881 4464 2999 4532 φῶς
3028 4464 3250 4526 dicitur,
3284 4468 3355 4519 ob
3385 4483 3500 4519 eam

264 4553 811 4623 contemplationem,
856 4559 1174 4628 imaginario
1226 4572 1409 4615 autem
1468 4562 1533 4616 ad
1589 4579 1831 4619 amorem
1936 4555 2172 4610 fortasse
2202 4571 2446 4620 causam,
2479 4557 2605 4627 quia
2638 4558 2850 4611 ratione
2875 4556 3083 4626 praediti
3120 4573 3345 4659 sumus:
3369 4556 3502 4610 Nam

264 4640 429 4711 erigit
481 4656 698 4713 propter
755 4651 1084 4719 voluptalem
1140 4652 1405 4709 divinilus
1466 4671 1831 4713 emajjantcm.
1938 4652 2082 4718 quod
2117 4648 2308 4701 OCIIIUS
2341 4660 2424 4703 CSI
2450 4648 2504 4703 ill
2541 4664 2791 4718 corpore,
2827 4648 2929 4702 IlOC
2960 4663 3115 4702 meus
3154 4657 3207 4702 Cl
3248 4649 3384 4702 ratio
3423 4659 3507 4701 ρει

263 4733 436 4788 Antor
464 4736 700 4807 denique
740 4740 806 4793 ad
846 4740 1434 4815 intelligentiam,qu
1482 4747 1834 4816 imaginatio-

1939 4741 1992 4793 in
2042 4740 2244 4803 anima,
2296 4750 2481 4809 utpote
2523 4755 2641 4795 eam
2679 4739 2883 4793 lumine
2934 4738 3283 4808 perfundens.
3333 4739 3506 4806 Λόγον

265 4838 392 4878 nem
430 4828 666 4896 puritate
694 4840 745 4884 et
778 4833 1163 4900 perspicuitate
1203 4837 1497 4891 antecedit.
1534 4837 1729 4905 Atque,
1770 4848 1829 4892 ut

1935 4831 2078 4884 enim
2111 4841 2331 4884 mentem
2366 4843 2553 4896 vocat;
2585 4830 2667 4884 vel
2714 4831 2875 4884 etiam
2911 4845 3006 4899 per
3035 4829 3192 4895 λόγον
3215 4845 3503 4882 sermonem

260 4930 381 4970 rem
434 4917 579 4972 brevi
632 4921 1003 4990 complectar,
1045 4935 1308 4993 quantum
1367 4927 1600 4997 quisque
1645 4938 1826 4994 autat,

1940 4920 2216 4991 intelligit.
2245 4919 2381 4975 Nam
2415 4922 2504 4975 hic
2537 4937 2753 4992 quoque
2780 4921 2995 4976 abditas
3029 4930 3191 4988 atque
3220 4919 3530 5011 abstrusas.

262 5016 478 5062 tantum
531 5025 748 5080 quoque
789 5014 963 5067 cernit
1013 5026 1178 5080 atque
1226 5017 1475 5082 intelligit
1519 5028 1829 5088 :quantutn

1941 5010 2234 5080 animoque
2279 5012 2521 5068 inclusas
2568 5012 2927 5083 cogitationes
2971 5012 3024 5065 in
3066 5011 3241 5065 lucem
3273 5008 3501 5080 profert.

264 5114 464 5155 rursus
506 5099 777 5173 intelligit,
842 5114 1052 5159 tantum
1110 5107 1272 5159 etiam
1331 5117 1476 5161 autat
1512 5126 1525 5161 :
1560 5121 1718 5180 atque
1760 5113 1829 5163 ita
1939 5102 2058 5157 Jaul
2097 5107 2237 5167 inter
2275 5106 2526 5163 homines
2564 5123 2783 5178 quoque
2823 5109 2859 5161 ii
2896 5108 2988 5178 qui
3020 5122 3114 5176 per
3147 5107 3401 5161 virtutem
3436 5104 3501 5159 ad

264 5190 495 5258 pulchre
540 5193 627 5248 hic
676 5197 827 5251 orbis
875 5196 1131 5249 volvitur.
1174 5196 1414 5250 Movetur
1458 5206 1638 5250 autem
1690 5198 1832 5255 Deus
1935 5196 2106 5252 Deum
2174 5200 2401 5269 prepius
2453 5201 2760 5266 accedunt,
2826 5199 3007 5252 lumen
3083 5197 3389 5300 dicuntur,
3442 5206 3503 5300 ut

266 5283 354 5337 sui
397 5285 573 5354 ipsius
611 5289 1092 5357 contemplatione,
1122 5295 1282 5357 atque
1314 5287 1429 5358 ipse
1469 5304 1499 5342 a
1542 5304 1602 5344 se
1642 5295 1833 5360 cogni-
1935 5288 2231 5345 deiformes
2256 5308 2321 5346 ac
2351 5291 2442 5346 Dei
2470 5292 2885 5347 similitudinem
2912 5291 3144 5346 assecuti
3171 5290 3315 5344 velut
3340 5289 3521 5393 disci:

266 5377 419 5431 tione
450 5380 934 5448 comprehenditur
966 5395 983 5435 :
1015 5380 1080 5434 ad
1103 5388 1323 5434 externa
1356 5395 1484 5434 vero
1507 5396 1602 5450 per
1633 5381 1834 5435 illumi-
1935 5384 2073 5452 puli,
2106 5384 2170 5437 ad
2202 5400 2339 5454 quos
2376 5385 2579 5438 dictum
2632 5394 2714 5439 cst
2743 5404 2755 5439 :
2800 5382 2903 5437 Vos
2948 5383 3071 5436 estis
3105 5383 3196 5436 tua:
3232 5381 3502 5435 mundi".

265 5468 549 5521 nationem
574 5485 738 5539 parce
760 5471 1123 5526 dilfunditur:
1160 5486 1256 5525 nec
1283 5478 1491 5527 tantum
1527 5488 1710 5542 parce,
1736 5473 1828 5528 sed
1935 5474 2200 5529 Cancrum
2239 5475 2381 5532 Deus
2415 5479 2628 5546 proprie
2677 5476 2767 5531 lux
2828 5484 2944 5538 est;
3001 5475 3174 5545 angeli
3224 5484 3403 5527 autem
3449 5478 3503 5525 et

336 5638 404 5671 ’⁸⁸
428 5635 563 5692 Luc.
598 5653 688 5705 xv,
719 5640 771 5697 7.
844 5641 889 5675 ¹¹
914 5640 1104 5699 Matth.
1132 5659 1183 5709 v,
1228 5644 1313 5699 Μ.
