4032 6198
528 221 665 287 .1251

1904 215 2286 279 ADDENDA.

3647 217 3791 277 15252

522 334 771 388 homines
794 327 1108 402 improprie,
1133 326 1439 399 quippequt
1466 318 1767 383 secundum
1796 340 2091 394 supernam
2129 337 2166 388 Α
2203 325 2380 386 behal,
2416 322 2626 378 interna
2681 324 2929 380 videlicet
2974 322 3220 380 claritate
3272 324 3338 378 ad
3395 339 3513 378 eam
3569 341 3791 396 queque

524 423 947 479 illustrationem
1000 422 1303 491 gratiaeque
1362 419 1769 488 perceptionem
1830 417 1934 470 hoc
1984 416 2100 469 elli-

521 496 772 569 ciuutur.
824 514 1001 582 Atque
1049 513 1166 567 haec
1211 510 1434 581 quidem
1488 510 1695 564 lumina
1749 519 1991 563 mentem
2047 525 2100 562 (ἰ

528 608 795 667 rationem
835 605 1053 659 habent.
1106 605 1200 658 Est
1237 615 1420 657 autem
1463 610 1518 657 et
1564 601 1709 655 aliud
1742 601 1925 655 lumen
1961 600 2099 653 alte-

527 698 641 752 rius
674 706 907 757 naturae.
947 696 1207 749 nimirum
1237 695 1448 748 ratione
1477 703 1641 762 atque
1674 693 1852 746 anima
1884 705 2099 754 carens,

522 802 623 858 per
669 788 813 857 quod
851 796 902 841 et
936 787 1252 856 primigena:
1277 785 1514 838 tenebrae
1541 782 1780 851 depulsae.
1816 791 1963 842 sunt.
1996 781 2101 836 hoc

523 891 632 944 est,
681 878 749 933 ad
797 888 1014 947 tempus
1059 877 1278 947 fugatae,
1318 888 1397 939 et,
1438 884 1497 929 ιιι
1533 874 1828 929 dilucidius
1880 875 2096 944 loquar,

529 969 824 1023 intercisae.
857 967 1004 1021 Luce
1037 968 1182 1021 enim
1233 963 1674 1019 subslantialitcr
1717 972 1923 1025 creata,
1960 974 2011 1018 et
2042 963 2096 1017 in

527 1075 710 1115 rerum
761 1070 1013 1112 naturam
1065 1057 1349 1127 producta,
1400 1057 1465 1110 ad
1526 1065 1742 1124 tempus
1800 1054 2099 1108 interseCta

521 1152 705 1222 caligo
738 1160 842 1204 est.
880 1148 1143 1205 Tenebrae
1186 1149 1331 1202 enim
1367 1148 1508 1203 coelo
1562 1157 1616 1201 et
1667 1157 1824 1201 terrae
1855 1160 1952 1215 per
2000 1146 2103 1199 ob-

522 1241 817 1313 jectionem
855 1242 997 1296 velut
1040 1239 1427 1303 subsistentes,
1460 1239 1749 1293 recedente
1781 1251 1972 1291 rursus
2019 1236 2104 1290 lu-

523 1336 677 1391 mine
715 1335 974 1400 subeunt,
1007 1349 1071 1388 ac
1102 1334 1364 1402 deinceps
1406 1333 1644 1386 medium
1683 1341 1894 1400 tempus
1928 1331 2100 1383 inter-

530 1427 768 1496 cipiente
803 1425 891 1479 die
924 1425 1172 1485 redeunt,
1221 1439 1286 1478 ac
1333 1438 1428 1492 per
1455 1423 1632 1477 lucem
1678 1437 1894 1491 semper
1933 1421 2097 1474 inter-

524 1525 808 1577 secantur,
838 1514 1189 1584 vicissimque
1217 1515 1437 1569 cedunt.
1471 1513 1798 1584 Quanquam
1829 1524 2008 1568 autem
2042 1520 2099 1567 et

524 1609 623 1663 ius
687 1614 741 1661 et
799 1605 1040 1660 leuebrae
1087 1606 1402 1676 primigeme
1448 1604 1745 1669 dicantur,
1803 1615 1983 1659 tamett
2040 1602 2091 1658 id

2206 414 2499 478 transfusa,
2541 414 3003 484 quemadmodum
3032 424 3087 469 ει
3120 415 3172 468 in
3202 412 3369 469 Exodi
3401 414 3545 477 libro
3576 432 3791 471 memo-

2204 508 2298 560 riae
2334 507 2611 576 proditum
2652 505 2814 561 est".
2868 506 2966 561 Ubi
3021 507 3125 561 hoc
3165 508 3326 560 etiam
3360 506 3599 561 habetur
3645 507 3791 577 quod

2206 598 2380 653 Moses
2410 598 2584 667 ignem
2618 598 2871 652 cernebat
2895 596 3090 651 rubum
3118 599 3457 669 adurentctn,
3476 614 3579 653 nec
3602 609 3788 655 tamen

2203 689 2483 743 adurendo
2512 700 2922 745 consumentcm
2953 690 3021 755 ’⁸,
3059 700 3119 745 ιιι
3148 690 3359 746 scilicet
3416 706 3484 745 ex
3514 707 3603 755 eo,
3637 693 3787 762 quod

2201 780 2484 846 adurebat,
2521 780 2661 850 ignis
2698 788 2893 834 natura
2938 780 3312 835 declararetur
3342 798 3357 834 :
3383 795 3450 834 ex
3487 796 3554 835 eo
3601 792 3785 834 autem

2201 874 2345 944 quod
2384 890 2489 927 non
2521 873 2871 939 absumebat,
2904 874 2985 928 vis
3015 873 3159 929 illius
3179 883 3232 928 et
3257 873 3493 943 potentia
3526 876 3789 930 ostende-

2202 976 2371 1029 retur,
2395 968 2486 1036 qui
2539 967 2645 1020 vim
2679 967 2818 1036 ignis
2857 966 3102 1022 frenabat
3129 974 3184 1019 et
3217 966 3633 1027 comprimebat.
3675 967 3790 1023 llac

2206 1058 2368 1129 igitur
2427 1060 2638 1112 ratione
2692 1040 2915 1128 angelus
2957 1074 3175 1128 quoque
3222 1060 3401 1113 lumen
3441 1070 3547 1123 est,
3597 1068 3791 1128 utpote

2202 1148 2376 1219 ignis:
2404 1149 2509 1214 Qui
2539 1150 2688 1218 facit,
2725 1150 2919 1219 inquit,
2950 1150 3164 1219 angelos
3185 1167 3304 1204 suos
3335 1152 3577 1220 spiritus,
3611 1161 3661 1205 et
3689 1154 3792 1204 mi-

2199 1240 2391 1295 nistros
2421 1257 2544 1295 suos
2586 1243 2753 1311 ignem
2785 1243 3110 1295 arentem".
3145 1240 3430 1311 Proprium
3466 1244 3611 1297 enim
3645 1245 3792 1314 ign}

2205 1331 2386 1385 lumen
2419 1343 2522 1386 est.
2578 1331 2719 1397 Quin
2770 1332 2951 1386 lumen
2980 1333 3146 1386 etiam
3170 1342 3306 1399 erat,
3340 1332 3389 1386 id
3422 1334 3568 1404 quod
3601 1334 3655 1387 in
3691 1352 3793 1387 t0-

2200 1415 2384 1472 lutnna
2416 1419 2555 1487 ignis
2582 1418 2634 1472 in
2660 1420 2876 1473 deserto
2892 1417 3095 1475 Judaeis
3112 1420 3214 1474 iter
3238 1421 3747 1489 praemonstrabat“
3771 1440 3791 1477 :

2172 1508 2271 1565 ’ϐε
2296 1525 2406 1579 quo
2431 1518 2484 1564 et
2512 1509 2683 1564 David
2716 1509 2878 1565 verba
2912 1510 3140 1576 faciens,
3200 1511 3279 1565 ait
3312 1526 3327 1563 :
3362 1509 3645 1565 Dednzisti
3696 1528 3791 1566 eos

2199 1601 2254 1654 in
2279 1602 2409 1655 nube
2440 1601 2568 1662 diei,
2612 1610 2660 1654 ct
2692 1611 2801 1654 tota
2833 1612 2984 1655 nocte
3019 1602 3073 1655 in
3102 1601 3492 1655 illuminatione
3539 1604 3680 1673 ignis
3711 1605 3789 1661 ”.

529 1697 867 1752 discriminis
895 1706 999 1761 est,
1031 1696 1177 1766 quod
1203 1696 1320 1760 lux,
1351 1707 1408 1751 ut
1432 1695 1867 1752 substantialiter
1895 1705 2097 1760 creata,
2131 1685 2171 1740 Β
2199 1689 2318 1745 Jatn
2363 1706 2490 1746 vero
2517 1704 2713 1762 Quarto
2748 1690 2953 1764 Regum
2992 1692 3129 1747 libro
3155 1694 3400 1760 habetur,
3424 1694 3569 1764 quod
3592 1696 3791 1763 igneus

525 1789 603 1844 ita
652 1798 918 1844 voratur:
953 1791 1192 1845 tenebrae
1239 1798 1444 1855 autem,
1486 1798 1545 1844 ut
1597 1788 1909 1844 adventitiae
1946 1798 2000 1844 ει
2041 1791 2096 1844 in

520 1879 833 1935 substantia
882 1881 1232 1937 exsistentes.
1282 1880 1471 1951 Caligo
1518 1880 1664 1936 enim
1702 1880 1958 1936 accidens
1991 1889 2097 1946 est.

520 1985 627 2025 nec
651 1971 951 2041 quidquam
982 1972 1130 2027 aliud
1161 1988 1326 2044 quam
1355 1971 1581 2026 luminis
1606 1971 1861 2042 privatio.
1889 1969 2096 2027 Lumen

520 2071 706 2117 autem
741 2063 845 2118 hoc
878 2063 998 2119 loco
1027 2064 1173 2128 dico,
1208 2064 1259 2118 id
1302 2062 1448 2133 quod
1496 2076 1603 2117 non
1633 2072 1761 2118 ante
1789 2078 1878 2118 res
1906 2078 2097 2119 omnes

527 2154 579 2207 in
630 2171 852 2209 sensum
911 2156 1168 2210 cadentes
1212 2154 1540 2225 productum
1587 2163 1692 2218 est,
1732 2168 1920 2208 verum
1972 2164 2098 2208 ante

522 2246 803 2301 creaturas
854 2261 949 2317 per
1001 2248 1180 2317 ipsum
1235 2247 1560 2317 conspicuas
1616 2256 1670 2300 et
1714 2245 2091 2317 aspectabiles.

523 2337 732 2394 leunt
788 2339 933 2394 enim
978 2347 1035 2394 et.
1079 2349 1245 2404 terra,
1300 2354 1443 2410 aqua
1494 2347 1549 2392 et
1592 2353 1710 2402 aer,
1758 2347 1835 2404 et,
1884 2346 1945 2393 ut
1986 2352 2096 2393 uno

522 2429 693 2482 verbo
723 2428 927 2492 dicam,
959 2429 1143 2483 omnia
1185 2444 1305 2499 qut'e
1335 2443 1443 2484 non
1477 2444 1542 2484 ex
1576 2429 1896 2499 subjacente
1924 2438 2095 2483 mate-

523 2515 606 2568 ria
636 2527 819 2569 creata
873 2523 1001 2570 sunt
1029 2524 1157 2570 ante
1190 2516 1368 2570 lucem
1399 2517 1745 2577 exstiterunt,
1776 2530 1841 2570 ac
1869 2515 2096 2585 proinde

520 2621 624 2660 nec
652 2607 802 2661 cerni
827 2616 1099 2676 poterant,
1137 2617 1322 2676 utpote
1355 2608 1494 2662 lucis
1526 2607 1795 2678 expertia.
1823 2604 2092 2673 Queniam

521 2705 704 2750 autem
755 2698 1051 2752 orbiculari
1096 2698 1267 2768 figura
1321 2700 1520 2753 coelum
1573 2706 1678 2765 est,
1731 2713 1797 2753 ac
1839 2697 2093 2753 circulari

519 2799 669 2841 motu
713 2787 912 2852 fertur,
964 2805 1071 2842 non
1121 2766 1359 2843 absurde
1402 2803 1467 2843 ac
1510 2788 1856 2843 dissentanee
1904 2766 2135 2842 assero‘

519 2877 700 2931 sidera
768 2894 989 2948 quoque
1035 2880 1375 2934 circulariter
1438 2878 1593 2945 ferri,
1652 2879 1914 2936 universo
1971 2879 2089 2935 orbi

520 2970 700 3022 lucem
733 2979 787 3024 et
815 2970 1159 3039 splendorem
1200 2968 1502 3026 all‘ereutia.

588 3061 704 3115 Col.
743 3062 848 3116 563
879 3061 941 3115 Ο.
990 3062 1115 3116 Jam
1144 3062 1320 3117 lumen
1378 3064 1542 3117 etiam
1567 3058 1684 3117 erat
1746 3062 2093 3135 primigenum

516 3150 654 3204 illud
680 3154 1010 3217 mandatum,
1035 3163 1140 3209 etc.
1170 3152 1379 3207 Lumen
1418 3154 1581 3215 etiam
1612 3163 1732 3211 erat
1769 3156 2004 3224 primum
2036 3156 2094 3210 ιιρ

517 3244 608 3295 lml
629 3256 976 3311 praeceptum,
1010 3244 1152 3313 quod
1189 3245 1366 3313 primo
1411 3245 1615 3300 homini
1647 3246 1831 3299 datum
1857 3254 1961 3311 est,
2012 3259 2094 3300 ut-

518 3344 643 3401 pote
666 3335 1006 3405 splendorem
1037 3337 1325 3405 quemdam
1345 3336 1412 3391 ad
1442 3352 1622 3392 rerum
1647 3337 2090 3408 dijudicationem

446 3460 453 3465 .
518 3426 856 3493 impertiens,
881 3428 1039 3496 juxta
1075 3429 1125 3482 id
1154 3429 1298 3498 quod
1336 3444 1367 3483 a
1411 3429 1703 3485 Salomone
1730 3429 1934 3485 dictum
1961 3440 2044 3486 est
2075 3449 2090 3486 :

517 3515 758 3573 Lucerna
806 3530 856 3572 et
883 3522 1055 3572 lumen
1104 3522 1415 3576 mandatum
1449 3524 1577 3594 legis
1609 3536 1686 3579 cst
1711 3526 1757 3556 ’³
1780 3542 1794 3592 ;
1820 3520 1896 3580 ‘et
1937 3525 2091 3596 juxta

518 3607 648 3661 illud
705 3608 918 3663 Davidis
962 3628 975 3663 :
1018 3609 1259 3664 Lucerna
1286 3612 1503 3680 pedibus
1554 3614 1684 3667 meis
1732 3612 1818 3666 lea:
1870 3623 1985 3677 tua,
2040 3624 2090 3667 et

513 3701 691 3751 lumen
724 3700 922 3752 semitis
944 3704 1045 3753 mei
1068 3701 1148 3765 ³³;
1189 3710 1355 3771 atque
1385 3704 1545 3757 etiam
1569 3703 1727 3773 juxta
1753 3705 1804 3758 id
1835 3706 1978 3774 quod
2009 3714 2091 3759 est

512 3787 657 3855 apud
696 3785 912 3852 Isaiam,
956 3799 1220 3859 praecepta
1256 3790 1346 3846 Dei
1379 3794 1558 3847 lumen
1611 3796 1814 3848 suntin
1853 3804 1994 3849 terra
2020 3797 2086 3853 “.

516 3875 724 3932 Lumen
760 3879 927 3948 igitur
972 3889 1091 3933 erat
1120 3881 1435 3935 mandatum
1491 3880 1610 3937 Dei.
1652 3881 1850 3937 Verum
1905 3884 2088 3940 luttitn

512 3967 757 4036 irrepens
787 3969 1272 4040 atqueingrediens
1291 3973 1468 4026 invida
1493 3975 1664 4045 caligo
1689 3974 1815 4046 (hoc
1832 3983 1943 4042 est,
1973 3975 2090 4031 dia-

513 4053 694 4125 bolus)
741 4058 939 4111 vitium
985 4059 1242 4113 fabricata
1293 4071 1396 4117 est.
1447 4061 1633 4139 Neque
1687 4065 1830 4120 enim
1886 4067 2087 4120 malum

513 4147 814 4201 substantia
886 4150 992 4203 ulla
1049 4164 1150 4217 est,
1195 4155 1288 4207 sed
1350 4156 1474 4209 boni
1515 4156 1744 4226 privatio
1776 4174 1792 4211 :
1824 4158 2087 4227 quemad-

512 4235 736 4290 modum
772 4249 825 4292 et
862 4240 1097 4296 tenebrae
1121 4243 1347 4299 luminis
1369 4261 1637 4302 recessus.
1666 4245 1781 4303 Non
1815 4251 1959 4304 enim
1982 4249 2084 4303 alia

511 4336 596 4379 est
617 4328 746 4382 mali
777 4330 1106 4400 substantia,
1133 4349 1295 4403 quam
1320 4337 1533 4392 virtutis
1562 4337 1840 4393 abcessus.
1874 4338 2077 4394 Lumen
2114 4347 2155 4399 ιι

510 4415 699 4470 itidem
728 4426 846 4473 erat
879 4420 960 4473 lex
997 4424 1221 4493 scripta,
1262 4435 1314 4479 et
1337 4424 1515 4479 lutncn
1560 4429 1794 4497 typicum
1827 4442 1921 4482 Seu
1951 4428 2086 4498 figu-

509 4507 769 4572 rativutn,
817 4521 1001 4579 utpote
1071 4513 1351 4584 Evangelii
1400 4515 1679 4569 veritatem
1729 4518 2083 4581 adumbratis,

506 4617 741 4674 eamque
771 4606 918 4660 velut
958 4621 1055 4676 per
1080 4618 1428 4663 transennam
1481 4610 1792 4673 ostendens,
1834 4626 1897 4665 ac
1944 4627 2082 4681 prte-

509 4707 654 4749 terea
681 4712 775 4765 per
802 4713 1001 4765 agnum
1029 4700 1243 4770 aliaque
1271 4702 1562 4759 sacrificia.
1609 4703 1832 4765 Christi,
1874 4706 1966 4773 qui
2003 4705 2086 4758 lu-

508 4804 630 4841 tnett
664 4803 918 4858 magnum
953 4800 1054 4856 est,
1087 4806 1151 4846 ac
1183 4792 1385 4846 lumine
1419 4783 1567 4847 amni
1614 4793 1925 4859 sublimius,
1962 4811 2075 4867 my-

505 4880 732 4934 sterium
767 4882 1079 4950 designans.
1118 4883 1269 4950 Quod
1300 4895 1479 4940 autem
1513 4887 1693 4940 lumen
1732 4882 1954 4956 quoque
1990 4890 2075 4944 lex

505 4970 691 5040 fuerit,
719 4972 846 5026 hinc
875 4975 1159 5043 perspicue
1190 4977 1443 5048 colligere
1471 4978 1613 5031 licet.
1652 4978 1784 5033 Nam
1811 4995 1933 5032 cum
1960 4979 2075 5033 Mo-

507 5078 596 5118 ses
623 5079 742 5119 eam
767 5083 794 5119 a
829 5065 938 5121 Deo
965 5067 1218 5122 dictatam
1267 5070 1487 5125 intentis
1528 5071 1700 5126 oculis
1724 5072 2073 5141 respexisset,

508 5148 818 5222 Christique
865 5157 1121 5226 mysteria
1165 5160 1528 5227 cognovisset,
1592 5160 1853 5227 majorem
1888 5161 2072 5214 animo

508 5254 566 5296 et
609 5254 790 5297 mente
822 5246 1120 5314 splendoris
1174 5251 1444 5319 concepit,
1496 5265 1560 5304 ac
1610 5266 1708 5320 pro
1762 5251 2069 5317 hujusmodi

506 5333 852 5401 splendorem
880 5336 1035 5406 signo
1070 5344 1139 5393 ἐι
1175 5352 1497 5411 argumento
1520 5342 1673 5399 faciei
1703 5344 1930 5414 gloriam
1970 5344 2067 5398 ha-

574 5466 619 5497 "
651 5464 813 5538 Prov.
844 5486 915 5532 vt,
946 5471 1035 5525 23.
1111 5474 1159 5505 “
1186 5474 1328 5531 Psal.
1350 5493 1535 5538 cxvttt.
1585 5479 1706 5534 105.
1782 5481 1827 5512 “
1853 5480 1952 5534 Isa.
1997 5496 2055 5538 ιι.
2093 5481 2146 5534 5.

500 5548 617 5613 gn,
640 5535 717 5613 4._
770 5538 815 5569 “
838 5539 1006 5613 Exod.
1042 5544 1264 5605 xnt,2l.
1340 5550 1383 5579 ²⁹
1414 5535 1552 5603 Psal.
1581 5552 1887 5613 Lxxvu,14.

502 5604 549 5637 ⁸³
569 5606 759 5663 Matth.
794 5623 923 5673 xvrt,
957 5611 976 5661 1
1013 5604 1166 5679 seqq.
1244 5615 1288 5646 ³⁸
1315 5620 1435 5673 Act.
1471 5635 1541 5683 Ix,
1575 5620 1628 5673 5.

2010 5552 2054 5581 ιο
2079 5549 2143 5603 tv
2180 5551 2289 5620 Reg

1706 5622 1752 5653 ³⁸
1782 5621 1967 5677 Matth.
2005 5637 2118 5685 xm,
2165 5621 2253 5675 45.

2206 1799 2403 1839 cturus
2436 1785 2610 1840 Eliam
2647 1785 2701 1839 in
2742 1786 2939 1841 ccelum
2975 1785 3205 1856 arripuit
3226 1785 3294 1852 ³⁸,
3321 1785 3578 1839 nimirum
3608 1786 3789 1856 signi-

2204 1874 2374 1930 ﬁcans
2403 1873 2538 1945 justi
2573 1876 2738 1945 hujus
2781 1875 2881 1930 viri
2908 1874 3261 1929 excellentem
3296 1873 3571 1938 virtutem,
3616 1883 3790 1944 atque

2203 1964 2437 2022 humana
2461 1966 2775 2022 conditione
2806 1966 3206 2022 sublimiorem.
3227 1965 3454 2035 insuper
3486 1967 3633 2036 apud
3676 1964 3789 2019 Ln-

2203 2071 2320 2112 cam
2347 2058 2611 2129 scriptum
2639 2064 2745 2125 est,
2769 2056 2913 2127 quod
2945 2057 3036 2112 lux
3063 2066 3309 2125 pastores
3329 2056 3783 2125 circumfulserit,

2202 2150 2422 2220 quando
2456 2150 2641 2205 lumen
2679 2149 2941 2220 temporis
2985 2163 3204 2217 expers,
3236 2148 3290 2204 id
3314 2157 3421 2213 est,
3452 2148 3549 2203 Dei
3582 2147 3785 2213 Filius,

2202 2239 2484 2310 temporali
2537 2240 2753 2309 lumini,
2808 2241 2910 2296 hoc
2952 2248 3038 2295 est
3081 2239 3405 2295 humanitati
3455 2239 3788 2309 conjunctus

2201 2329 2369 2384 est“.
2430 2328 2498 2383 Et
2556 2347 2679 2385 cum
2720 2331 2946 2401 simplex
2998 2331 3162 2385 homo
3215 2331 3396 2385 lumen
3444 2331 3782 2396 nominetur,

2201 2420 2399 2475 nedum
2431 2421 2630 2476 eximia
2682 2430 2736 2475 et
2784 2421 2966 2476 divina
3019 2420 3217 2476 virtute
3265 2421 3524 2491 pra-ditus
3554 2437 3570 2474 :
3604 2423 3786 2477 multo

2201 2523 2347 2569 certe
2387 2515 2558 2585 magis
2602 2513 2786 2569 lumen
2821 2514 2911 2569 ille
2949 2515 3054 2570 dici
3084 2515 3263 2581 debet,
3303 2517 3394 2585 qui
3435 2516 3545 2570 Deo
3590 2517 3784 2572 unitus

2199 2614 2303 2669 est,
2338 2614 2498 2674 atque
2522 2606 2636 2675 ipsa
2671 2607 2870 2660 unione
2898 2606 3040 2661 Dens
3076 2605 3325 2662 ell'ectus.
3376 2607 3580 2662 Adba-c
3637 2607 3785 2662 Mat-

2203 2697 2375 2748 ιιιεινιις
2406 2695 2459 2748 in
2492 2694 2784 2767 Evangelia
2810 2696 3023 2751 docet"
3053 2697 3291 2750 divinam
3339 2699 3443 2751 vim
3481 2712 3547 2752 ac
3580 2708 3781 2767 poten-

2202 2783 2329 2837 tiam
2369 2785 2420 2837 itt
2445 2785 2611 2839 stella:
2642 2788 2809 2855 ligura
2844 2786 3029 2857 Magos
3056 2787 3109 2841 in
3135 2785 3407 2842 Bethleem
3433 2787 3678 2848 duxisse.
3719 2805 3783 2843 ac

2201 2873 2446 2927 Satelliis
2474 2889 2622 2928 more
2657 2876 2914 2944 stipasse,
2946 2875 3048 2928 hoc
3071 2884 3173 2939 est,
3221 2875 3403 2930 servili
3444 2875 3607 2929 modo
3638 2878 3784 2930 sub-

2200 2962 2474 3026 Serviisse,
2503 2973 2554 3017 et
2586 2963 2863 3018 Christum
2901 2965 3226 3029 honorasse,
3262 2981 3423 3034 quem
3463 2981 3562 3035 ego
3587 2965 3781 3021 lumen

2200 3054 2357 3132 nobis
2415 3056 2707 3111 sublimius
2741 3071 2899 3122 voco,
2960 3056 3176 3111 etiamsi
3231 3056 3517 3111 nobiscum
3579 3057 3779 3114 fuerit.

2196 3144 2338 3212 Quin
2392 3147 2574 3201 lumen
2627 3148 2923 3202 etiamerat
2968 3147 3061 3202 ille
3116 3148 3415 3204 divinitatis
3490 3148 3675 3219 fulgor
3725 3150 3780 3205 in

2196 3247 2380 3294 nionte
2405 3238 2622 3295 Thabor
2652 3239 2828 3295 obiter
2847 3239 3165 3310 patefactus,
3200 3256 3359 3311 quem
3391 3255 3491 3296 nec
3518 3243 3783 3313 discipuli

2198 3330 2368 3386 firmis
2400 3331 2574 3385 oculis
2613 3331 2827 3386 obtueri
2865 3338 3133 3401 poterant,
3190 3341 3378 3402 utpote
3426 3342 3629 3388 tantam
3666 3337 3781 3389 vim

2196 3422 2505 3484 habentem,
2542 3430 2602 3476 ut
2633 3437 2729 3478 nec
2749 3422 2995 3493 perferri,
3026 3439 3122 3479 nec
3150 3426 3351 3491 audiri,
3401 3441 3501 3480 nec
3546 3439 3781 3495 aspectu

2192 3515 2393 3584 percipi
2431 3524 2612 3584 posset
2631 3515 2697 3571 ³³.
2737 3516 2940 3571 Lttmen
2973 3520 3098 3571 item
3135 3519 3184 3572 id
3210 3530 3351 3583 erat,
3377 3520 3520 3591 quod
3539 3519 3783 3577 Paulum

2193 3607 2246 3660 in
2291 3607 2370 3661 via
2405 3608 2608 3662 lumine
2641 3609 3008 3674 circumfudit,
3052 3611 3504 3679 quemadmodum
3561 3613 3616 3667 in
3662 3614 3784 3669 Ae-

2194 3705 2347 3751 tuum
2383 3698 2525 3753 libro
2568 3708 3030 3754 commemoratur
3051 3700 3118 3765 ",
3162 3701 3322 3771 cujus
3375 3702 3780 3758 csuberauzem

2192 3791 2534 3861 splendorem
2571 3794 2820 3849 carnales
2839 3794 2983 3848 oculi
3009 3810 3117 3848 non
3151 3794 3386 3851 ferentes
3414 3796 3487 3850 ita
3511 3804 3777 3853 esca-cati

2191 3894 2338 3944 sunt,
2366 3892 2423 3936 ut
2453 3882 2670 3937 interim
2697 3884 2893 3940 animm
2917 3886 3153 3940 tenebrae
3181 3886 3380 3957 fugatae
3409 3902 3472 3941 ac
3501 3887 3778 3944 discussa:

2193 3972 2414 4027 fuerint.
2466 3974 2568 4028 Per
2601 3976 2703 4030 hoc
2743 3974 2923 4031 lumen
2976 3977 3212 4047 cognitio
3241 3979 3419 4032 onmis
3456 3988 3509 4032 et
3534 3983 3771 4034 scientia

2189 4067 2476 4136 detegitur,
2517 4080 2580 4121 ac
2608 4067 2750 4122 Deus
2781 4082 2906 4122 vere
2948 4067 3147 4122 animis
3196 4070 3401 4123 nostris
3449 4069 3770 4127 innotescit.

2190 4156 2394 4212 Lumen
2424 4168 2682 4227 pra-terea
2706 4158 3212 4228 fttturusjustorum
3243 4160 3523 4229 splendor.
3570 4159 3772 4232 Fulge-

2189 4250 2316 4304 bnnt
2366 4251 2510 4304 enim
2566 4251 2702 4304 sicut
2746 4250 2827 4303 sol
2857 4249 2923 4316 ³³,
2989 4254 3441 4321 quemadmodum
3480 4250 3768 4322 Scriptura

2187 4341 2602 4412 pollicetur,qui
2637 4343 2688 4396 in
2724 4341 2825 4397 hac
2843 4344 2949 4397 vita
2989 4343 3223 4396 animam
3250 4359 3279 4396 a
3316 4343 3570 4397 vitiorum
3603 4346 3767 4399 malis

2184 4433 2474 4502 expia:int,
2508 4449 2573 4488 ac
2606 4432 2896 4489 deifortues
2927 4432 3177 4503 appellati
3208 4432 3430 4502 fuerint,
3458 4433 3525 4488 de
3557 4435 3764 4503 quibus

2188 4525 2352 4579 [ιω-ιιι
2396 4527 2462 4580 ad
2493 4527 2637 4581 hunc
2668 4526 2888 4580 modum
2927 4525 3205 4596 loquitur:
3239 4527 3377 4580 Deus
3406 4529 3547 4580 stetit
3583 4531 3636 4578 in
3665 4543 3763 4597 sy-

2184 4630 2388 4684 nagoga
2426 4615 2667 4680 deorum,
2716 4616 2769 4668 in
2803 4617 2972 4669 medio
3023 4626 3199 4669 autem
3237 4615 3359 4670 deos
3391 4615 3655 4685 dijudicat
3686 4617 3759 4680 ⁵⁸,

2185 4708 2289 4761 hoc
2321 4718 2422 4769 est.
2447 4708 2684 4762 cmlestis
2718 4710 2865 4777 regni
2896 4712 3207 4764 mansiones
3234 4710 3544 4779 gradusque
3570 4710 3759 4773 digiti-

2186 4808 2351 4853 tatum
2389 4815 2486 4869 pro
2518 4800 2733 4855 virtutis
2764 4801 2973 4856 ratione
3007 4815 3070 4855 ac
3110 4802 3455 4872 pr0portione
3486 4802 3619 4871 ipsis
3646 4804 3761 4856 dis-

2187 4889 2394 4942 tribuit.
2458 4889 2739 4944 l‘ostremo
2784 4899 2975 4960 praeter
3007 4891 3121 4945 haec
3152 4891 3335 4945 omnia
3383 4894 3643 4961 peculiari
3688 4907 3757 4945 ac

2183 4980 2398 5033 diverso
2451 4981 2609 5034 nodo
2656 4979 2911 5049 baptismi
2943 4982 3273 5037 illuminatio
3298 4982 3476 5036 lumen
3511 4984 3754 5052 appella-

2183 5078 2291 5123 tur.
2328 5069 2404 5125 De
2435 5088 2542 5140 quo
2580 5073 2737 5129 nobis
2771 5074 3017 5129 instituta
3039 5082 3122 5128 est
3150 5074 3348 5140 oratio,
3382 5085 3436 5129 ct
3465 5090 3497 5129 a
3525 5090 3635 5147 quo
3664 5090 3755 5129 Sa-

2179 5163 2312 5215 lutis
2330 5172 2527 5214 nostra-
2550 5164 2869 5232 mysterium
2897 5165 3228 5219 continetur.

2250 5251 2367 5306 Col.
2396 5251 2501 5305 566
2528 5251 2589 5306 Β.
2622 5253 2881 5318 Quoniam
2928 5257 3066 5310 enim
3096 5256 3238 5309 omni
3280 5256 3481 5322 peccati
3516 5256 3635 5309 labe
3662 5272 3748 5307 ca-

2177 5358 2311 5407 rere,
2343 5339 2439 5395 Dei
2464 5352 2563 5408 est,
2590 5354 2698 5397 εις.
2733 5342 2877 5398 Nihil
2908 5346 3133 5399 omnino
3163 5360 3407 5416 peccare,
3446 5346 3540 5400 Dei
3576 5348 3746 5399 solius

2252 5481 2298 5512 "
2329 5479 2499 5553 Exod.
2533 5482 2868 5553 sx,i_seqq.
2945 5485 2992 5516 “
3029 5484 3198 5539 Exod.
3254 5500 3335 5547 ιιι,
3386 5486 3444 5539 2.
3518 5484 3565 5514 ”
3594 5481 3742 5536 Psal.

2296 5551 2538 5622 ,ιη-11,
2619 5552 2659 5581 ³¹
2692 5550 2844 5608 Luci
2865 5568 2926 5617 tt,
2968 5557 3021 5609 9.
3125 5557 3169 5588 ³³
3195 5556 3383 5611 Matth.
3429 5571 3506 5622 ιι,
3556 5554 3610 5614 9,
3650 5553 3738 5606 ίυ.

2328 5622 2370 5653 ³⁸
2419 5619 2563 5676 Psal.
2599 5636 2778 5689 ωιχιιι,
2820 5624 2866 5676 l.
