3958 6204
172 342 334 405 1Ξῖιῖ

1191 344 1515 407 NICETAS
1554 346 1638 406 IN
1679 345 1909 440 ORAT.
1946 347 2047 406 XL
2088 348 2148 407 S.
2191 348 2426 412 GREG.

3301 352 3440 414 195's

170 470 299 519 est,
344 462 528 523 utpote
585 453 965 515 immutabilis.
1018 456 1347 526 proprieque
1401 456 1669 526 simplicis
1718 467 1771 513 et
1802 464 1843 519 Α
1875 474 1998 511 nem
2034 460 2301 519 continet,
2342 474 2441 515 nee
2469 457 2937 530 superfleietenus
2970 476 3197 532 corpora
3229 476 3442 534 purgat,
3483 518 3489 533 ,

1875 566 2062 604 verum
2095 551 2332 605 animam
2362 564 2414 606 et
2450 553 2744 621 penetralia
2773 554 2886 623 ipsa
2917 556 3119 623 expiat.
3147 553 3251 621 Qui
3279 558 3440 610 etiam

174 548 521 617 incorporei.
560 547 696 602 Vera
733 549 875 601 enim
902 556 957 600 et
1008 546 1227 616 prOpria
1258 548 1576 619 simplicitas
1606 550 1771 605 dissi-

174 640 341 694 dium
376 648 538 709 atque
575 640 981 693 contentionem
1011 654 1117 693 non
1173 639 1428 695 admittit.
1461 639 1649 710 Angeli
1678 657 1774 695 au-

176 740 296 785 tt-tn
325 732 747 800 haudquaquam
772 732 998 785 omnino
1026 730 1390 787 immutabiles
1412 740 1562 799 sunt,
1583 747 1770 786 verum

175 835 234 876 et
290 823 420 877 boni
454 834 508 878 et
543 821 671 877 mali
706 838 956 891 rapaces,
1008 832 1065 876 ttt
1093 824 1185 893 qui
1228 826 1443 895 proprie
1498 825 1773 894 simplices

178 932 299 969 non
329 915 439 970 sint
469 933 483 969 :
516 926 568 970 at
592 917 638 969 si
663 915 947 970 nobiseum
980 915 1351 980 conferantur,
1392 917 1457 971 ad
1483 926 1680 971 statunt
1705 917 1773 972 ab

173 1008 337 1061 omni
377 1018 601 1076 peccato
656 1010 951 1061 immunem
1008 1008 1256 1077 proxime
1291 1011 1577 1074 accedunt,
1627 1010 1775 1063 velut

180 1101 300 1152 Iteo
333 1101 404 1153 ita
442 1099 757 1169 propinqui,
796 1108 855 1153 ut
890 1099 1057 1153 astltcr
1081 1100 1146 1154 ad
1179 1102 1372 1154 solem.
1432 1101 1501 1156 At
1528 1116 1628 1157 nos
1671 1101 1772 1156 levi

177 1200 341 1245 motu
377 1191 443 1244 ad
469 1192 657 1245 vitium
701 1191 1052 1260 itttpellittzur,
1077 1203 1261 1261 utpote
1285 1193 1594 1261 c0n~positi.
1614 1192 1775 1247 Com-

176 1280 389 1352 positio
417 1281 564 1335 enim
593 1281 807 1336 dissidii
844 1296 1010 1336 causa
1032 1291 1116 1336 est
1151 1300 1166 1336 :
1210 1283 1677 1352 quandoquidem,
1714 1290 1774 1336 ut

180 1385 423 1428 testatur
450 1373 741 1442 Apostolus
774 1390 790 1429 :
821 1372 958 1429 Caro
990 1375 1311 1443 concupiscit
1339 1375 1589 1427 adversus
1616 1373 1775 1442 spiri-

180 1478 324 1530 tum,
355 1466 576 1534 spiritus
614 1467 864 1520 adversus
892 1482 1147 1532 carnem;
1204 1476 1362 1537 atque
1400 1466 1509 1521 haec
1546 1469 1684 1520 inter
1721 1483 1775 1521 se

183 1554 633 1611 adseruntur".
672 1555 936 1612 Vincente
959 1557 1141 1627 itaque
1157 1573 1342 1623 carne,
1368 1568 1645 1628 peccatum
1678 1558 1775 1612 ad-

184 1648 448 1703 mittitur.
480 1646 750 1715 Quoniam
786 1648 952 1720 igitur
974 1647 1119 1704 Deus
1151 1665 1250 1706 nos
1276 1650 1416 1705 inter
1446 1651 1777 1719 magnitudi-

187 1755 320 1794 nem
346 1749 401 1794 et
430 1741 792 1796 humilitatem
822 1741 1032 1797 medios
1061 1742 1363 1806 constituit,
1392 1759 1456 1799 ac
1486 1744 1774 1799 mutabiles

184 1834 397 1889 creavit
431 1848 444 1885 :
478 1832 686 1888 idcirco
712 1835 873 1887 etiam
900 1834 966 1889 ad
998 1834 1188 1890 vitium
1224 1836 1388 1890 animi
1410 1836 1771 1892 destinatione

190 1932 414 1978 ruentes
444 1938 785 1993 nequaquam
836 1922 1105 1995 despexit,
1143 1941 1243 1981 nec
1290 1927 1474 1981 auxilii
1522 1936 1771 1996 expertes

191 2015 437 2085 reliquit,
479 2015 718 2086 atquein
745 2030 811 2071 eo
856 2032 1041 2071 rerum
1076 2017 1387 2073 discrimine
1421 2018 1768 2086 constitutos,

189 2117 249 2163 ut
274 2108 572 2177 periculum
599 2118 763 2172 esset,
790 2125 858 2164 ne
884 2124 912 2163 a
931 2109 1039 2164 Deo
1066 2122 1291 2181 prorsus
1316 2111 1770 2183 disjungcremur.

190 2198 397 2254 Verum
421 2200 873 2269 quemadmodum
907 2217 1026 2266 nos,
1049 2217 1173 2258 cum
1194 2205 1342 2274 prius
1364 2220 1471 2260 non
1500 2219 1768 2270 essemus,

191 2290 249 2343 in
289 2305 469 2342 rerum
522 2299 772 2345 naturam
815 2292 1073 2361 produxit
1111 2310 1126 2347 :
1163 2293 1242 2348 sic
1275 2305 1395 2365 post
1439 2299 1768 2350 creationem

193 2382 458 2450 dilapsos,
495 2381 548 2435 itt
581 2383 862 2453 antiquum
901 2393 1100 2438 statum
1125 2400 1222 2455 per
1255 2388 1507 2455 optimam
1542 2402 1605 2439 ac
1632 2403 1771 2457 prte-

193 2472 591 2527 stantissitnant
652 2473 905 2543 baptismi
957 2473 1278 2529 edictionem
1329 2478 1772 2547 creationetnquc

197 2564 459 2628 restituit,
512 2580 635 2634 qua:
677 2567 894 2636 quidem
934 2579 992 2622 ut
1035 2567 1334 2623 infantibus
1383 2585 1447 2624 ac
1499 2585 1773 2640 corporea:

195 2655 374 2709 (etatis
410 2670 631 2709 cursum
668 2656 981 2711 ineuntibus
1006 2658 1346 2727 signaculum
1380 2670 1481 2721 est,
1523 2675 1619 2714 eos
1650 2675 1773 2730 per-

197 2742 387 2799 ficiens
415 2755 576 2814 atque
603 2746 911 2813 absolvens,
965 2748 1373 2819 dominiumque
1413 2751 1725 2821 signiﬁcans
1753 2765 1768 2802 :

198 2834 269 2889 ita
300 2835 368 2891 iis
397 2837 488 2905 qui
518 2845 674 2891 actate
692 2837 903 2905 longius
932 2841 1326 2909 proveltunlur,
1358 2858 1465 2895 non
1508 2842 1665 2895 modo
1698 2841 1775 2897 si-

196 2929 486 2998 gnaculum
536 2937 641 2993 est,
692 2930 785 2985 sed
834 2932 998 2985 etiant
1051 2934 1243 3000 gratia,
1273 2934 1573 3004 prazteritas
1607 2949 1774 2989 noxas

197 3020 332 3087 ipsis
364 3021 665 3087 remittens,
690 3030 851 3091 atque
882 3023 1171 3091 imaginem
1198 3040 1225 3076 a
1252 3035 1473 3093 peccato
1493 3024 1775 3080 labefacta-

1807 1805 1846 1859 Β

1875 644 2066 711 prima!
2131 653 2333 697 nostra:
2402 644 2704 700 nativitatis
2754 645 3017 699 auxilium
3069 655 3194 711 e~t,
3254 643 3494 717 utpote;

1873 750 2035 789 omne
2092 736 2221 789 illud
2286 737 2670 800 velamentum,
2703 738 2850 806 quod
2908 753 2937 791 a
2992 738 3278 792 nativitate
3306 755 3441 793 con-

1875 824 2164 888 traximus,
2196 824 2545 883 abscindens.
2578 836 2633 879 et
2659 841 2723 880 ex
2757 827 3030 881 veteribus
3066 842 3236 882 novos
3265 829 3477 882 homi-i

1874 932 1970 971 nes
2003 915 2230 980 faciens,
2271 927 2595 971 vetustatem
2621 918 2874 973 videlicet
2902 928 3066 986 atque
3096 919 3443 974 imbecillita-

1876 1019 1981 1063 teut
2019 1019 2071 1063 et
2104 1010 2475 1064 inﬁrmitatem
2510 1025 2538 1062 a
2571 1022 2795 1080 peccatu
2829 1011 3122 1074 invectam,
3155 1026 3249 1080 per
3279 1026 3439 1080 quam

1873 1106 2181 1159 danttonum
2246 1105 2474 1174 imperio
2530 1114 2692 1174 caput
2752 1105 3250 1169 submittebamus,
3309 1104 3440 1174 abji-

1874 1197 2080 1251 cientes
2130 1212 2146 1251 :
2197 1211 2423 1266 eosque,
2465 1197 2559 1267 qui
2607 1208 2730 1251 ante
2783 1198 3113 1268 baptismum
3166 1205 3448 1266 acceptum

1875 1286 2150 1341 deformes
2203 1297 2361 1341 erant
2409 1297 2463 1341 et
2496 1287 2735 1355 squalidi
2784 1301 2848 1340 ac
2906 1287 3110 1357 rugosi,
3146 1283 3445 1340 deil’ormes

1875 1379 2130 1438 reddens,
2168 1377 2346 1445 prisca
2378 1375 2629 1431 videlicet
2659 1377 2895 1445 itnagine
2921 1384 3161 1444 recepta.
3194 1376 3272 1428 Ac
3304 1372 3443 1427 fabri

1873 1468 2092 1539 quidem
2124 1470 2329 1533 aerarii,
2370 1476 2425 1521 et
2452 1467 2543 1535 qui
2573 1483 2638 1521 ex
2674 1469 2866 1536 argilla
2904 1481 3031 1521 vasa
3059 1464 3290 1534 lingunt,
3318 1479 3446 1518 cum

1875 1559 2080 1630 aliquid
2115 1567 2389 1614 vetustate
2420 1558 2724 1613 obsoletum
2757 1548 3017 1612 renovare
3055 1557 3301 1626 cupiunt,
3335 1556 3450 1625 pri-

1876 1667 2024 1706 mum
2059 1651 2193 1705 illud
2229 1650 2603 1720 confringunt,
2641 1666 2705 1705 ac
2734 1650 2930 1704 deinde
2966 1649 3161 1703 iterum
3186 1647 3448 1703 conﬂant.

1878 1742 2190 1814 Baptismus
2222 1750 2404 1795 autem
2443 1755 2543 1795 nos
2572 1742 2750 1795 denuo
2783 1738 3004 1804 ccutiat,
3036 1753 3145 1793 non
3183 1737 3292 1807 igni
3325 1751 3452 1790 sen-

1875 1838 2059 1901 sibili,
2116 1837 2211 1891 sed
2270 1836 2499 1905 spiritus
2552 1832 2768 1887 ﬂamma
2836 1832 3152 1899 spurcitietn
3226 1842 3449 1884 omnem

1873 1930 2186 1986 excutieute
2221 1940 2384 1997 atque
2428 1925 2701 1983 abolente.
2756 1925 3002 1979 Itenovat
3028 1925 3191 1978 etiam
3228 1937 3293 1977 ac
3323 1921 3449 1975 reti-

1873 2024 1971 2089 cit,
2000 2037 2107 2077 non
2146 2022 2376 2077 formam
2427 2035 2547 2074 eam
2589 2034 2751 2089 quam
2801 2017 3171 2072 renovandam
3218 2014 3449 2083 suscipit

1875 2114 2283 2179 contminuens,
2332 2128 2525 2167 verum
2569 2127 2688 2165 eam
2734 2126 2854 2180 qua":
2881 2109 3095 2164 occulta
3123 2117 3177 2162 et
3206 2108 3443 2163 abscon-

1872 2207 1983 2261 dita
2020 2214 2125 2260 est.
2180 2204 2323 2271 Quin
2372 2206 2577 2275 potius,
2638 2210 2698 2257 ut
2756 2200 2928 2271 magis
2977 2200 3198 2272 proprie
3245 2199 3449 2265 dicam,

1875 2312 2203 2351 renovamur
2257 2296 2462 2365 absque
2500 2291 2847 2354 conﬂatione,
2901 2306 3212 2346 recreantur
3240 2290 3447 2359 absque

1874 2390 2341 2453 comminutione,
2431 2401 2690 2441 curantur
2778 2386 2983 2454 absque
3057 2384 3168 2437 ullo
3239 2381 3449 2436 doloris

1874 2497 2062 2538 sensu.
2145 2479 2263 2535 Jam
2337 2495 2467 2533 vero
2530 2477 2577 2534 is
2639 2477 2732 2546 qui
2788 2475 3126 2545 baptizatur,
3193 2472 3452 2527 set-undze

1874 2576 2001 2628 vita:
2075 2572 2428 2641 meliOrisque
2495 2568 2707 2624 vivendi
2794 2568 3020 2621 rationis
3095 2574 3149 2620 et
3214 2563 3447 2619 instituti

1877 2676 2092 2739 pactunt
2150 2681 2273 2721 cum
2332 2663 2442 2718 Deo
2496 2662 2617 2724 ittit,
2682 2660 2847 2731 priori
2888 2668 2943 2714 et
3000 2657 3279 2727 ﬂagitiosae
3327 2656 3453 2708 vita:

1878 2760 2129 2813 nuntium
2164 2759 2469 2818 remittens,
2496 2755 2657 2824 eique
2684 2752 2943 2807 moriens.
2975 2751 3268 2817 Quocirca,
3291 2748 3446 2816 juxta

1880 2850 2195 2907 Salomonis
2242 2849 2555 2911 consilium,
2602 2846 2797 2900 timore
2843 2844 3228 2912 corripiantur,
3283 2849 3451 2908 atque

1877 2945 2026 3000 omni
2074 2940 2321 2997 custodia
2364 2955 2461 2994 cor
2504 2951 2748 2992 nostrum
2795 2948 3077 2989 servemus
3102 2932 3169 2993 ”,
3221 2945 3446 2985 neeum

1880 3036 2094 3107 propria
2147 3030 2475 3104 syngrapha,
2514 3044 2677 3099 quant
2728 3028 2781 3081 in
2835 3025 3185 3080 lideinostra:
3237 3020 3455 3076 confes-

197 3119 306 3167 ιλιι)
357 3116 688 3170 instaurans.
737 3116 869 3171 Nam
915 3119 958 3173 si
1011 3128 1357 3188 peccatorum
1404 3124 1632 3190 gratiam
1680 3137 1846 3198 perc
1880 3128 2034 3184 sione.
2079 3126 2430 3197 protulimus,
2480 3130 2786 3192 pugnantes
2832 3118 3191 3187 reperiantur.
3236 3114 3450 3168 Etenim

198 3203 527 3273 baptismum
586 3222 693 3260 non
753 3222 1247 3278 consequeremur,
1285 3212 1426 3263 haud
1474 3212 1636 3265 dubie
1681 3227 1777 3280 per

199 3304 479 3363 pet-catum
527 3295 580 3348 in
631 3297 1062 3365 drsperationem
1102 3300 1528 3366 prolaberemur,
1569 3316 1632 3353 ac
1683 3315 1778 3369 per

201 3380 630 3450 desperatiOuem
651 3400 680 3438 a
711 3386 907 3439 virtute
925 3387 1148 3439 omnino
1177 3390 1573 3453 excideretnns,
1594 3389 1778 3441 nobis—

201 3490 306 3543 que
340 3474 388 3530 id
413 3478 871 3546 acciderrl,quod
905 3498 930 3528 ιι
966 3477 1497 3542 S.t|0tnonedicitur,
1550 3478 1776 3548 Impius,

204 3578 317 3614 cum
347 3565 401 3616 in
442 3564 703 3616 mulorum
744 3566 1068 3634 profundum
1104 3570 1298 3621 venerit
1328 3611 1338 3626 .
1389 3573 1673 3623 contemnit
1709 3572 1774 3627 ³⁸.

204 3652 362 3706 Nunc
412 3665 592 3706 autem
624 3695 639 3718 ,
674 3656 1150 3724 quemadmodum
1198 3661 1434 3714 viatores
1487 3661 1539 3714 in
1598 3663 1776 3716 diver-

205 3744 350 3797 sorio
383 3747 618 3812 quodam
649 3751 716 3800 ab
761 3747 972 3802 itineris
1019 3749 1205 3805 labore
1242 3737 1491 3819 recreati,
1528 3756 1777 3825 preposi-

210 3846 314 3889 tam
352 3837 495 3891 viam
536 3839 789 3893 alacrinri
844 3843 1030 3895 animo
1086 3844 1423 3897 emetiuntur
1480 3864 1492 3899 :
1556 3847 1625 3900 ita
1676 3862 1776 3902 nos

205 3944 423 3999 quoque
472 3930 613 3984 viam
670 3934 793 3987 vitae
834 3933 1269 4002 promptioribus
1321 3937 1519 3992 animis
1550 3938 1776 3992 contici-

208 4035 349 4075 mus.
384 4023 559 4092 Atque
608 4010 746 4079 Itane
786 4026 893 4079 vim
942 4025 1102 4081 atfet't
1156 4028 1482 4097 baptismus.
1519 4032 1595 4085 Ac
1629 4031 1775 4085 dilu-

207 4114 351 4167 vium
405 4115 624 4185 quidem
681 4116 838 4180 illud,
900 4133 1010 4188 quo
1072 4128 1326 4190 tempore
1373 4119 1485 4176 Noe
1523 4124 1774 4192 contigit,

212 4208 393 4260 orbem
422 4209 737 4262 universum
784 4209 1157 4267 internecione
1187 4214 1387 4270 delevit
1422 4234 1435 4270 :
1471 4216 1778 4286 baptismus

212 4310 389 4352 autem
424 4307 667 4366 peccata.
703 4300 904 4369 quibus
944 4303 1130 4358 obruti
1161 4314 1324 4376 atque
1355 4309 1619 4379 inquinati
1648 4325 1777 4364 era-

212 4404 353 4456 mus,
386 4392 619 4458 detergit
649 4407 714 4445 ac
746 4401 961 4462 purgat.

1880 3219 1926 3273 si
1983 3228 2140 3287 pacta
2196 3231 2319 3270 cum
2387 3212 2701 3265 hominibus
2758 3208 2890 3261 inita
2936 3206 3079 3259 Deus
3132 3204 3452 3273 interiectus

1879 3312 2191 3368 conlirntat,
2242 3312 2506 3374 quantum
2549 3300 2766 3354 tandem
2813 3298 3117 3367 periculum
3153 3298 3201 3348 ei
3239 3299 3452 3363 impen-

1879 3399 2009 3452 dere
2061 3395 2359 3465 putandum
2390 3401 2498 3455 est,
2546 3390 2640 3459 qui
2697 3388 3117 3442 conventionem
3173 3401 3295 3437 rum
3333 3390 3450 3452 ipso

1883 3488 2080 3544 factam
2133 3483 2469 3557 perfregerit,
2506 3482 2810 3551 salutisque
2855 3479 3059 3534 ﬁndera
3098 3476 3305 3530 nefarie
3337 3476 3452 3529 vio-

1881 3582 2092 3641 laverit,
2123 3594 2186 3634 ac
2218 3588 2410 3648 praeter
2440 3577 2545 3631 alia
2592 3576 2795 3631 scelera
2843 3572 3017 3640 ipsius
3045 3584 3264 3640 quoque
3295 3584 3452 3622 men-

1880 3673 2020 3727 dacii
2057 3672 2195 3742 apud
2240 3670 2407 3724 Deum
2450 3684 2578 3723 rcus
2625 3675 2937 3737 peragatur,
2972 3662 3101 3733 quia
3138 3662 3295 3716 tidem
3348 3658 3450 3728 ipsi

1881 3767 2066 3819 datam
2102 3764 2392 3828 fefellerit;
2443 3761 2608 3830 idque
2639 3775 2761 3813 cum
2813 3757 2922 3828 jam
2960 3755 3143 3809 nullus
3177 3754 3318 3807 alius
3356 3752 3453 3805 ba-

1882 3858 2114 3926 ptistnus
2145 3855 2404 3926 Supersit.
2432 3850 2765 3922 Impossibile
2794 3859 2872 3905 cst
2900 3848 3060 3910 enim,
3110 3846 3288 3915 inquit
3316 3842 3452 3897 Pau-

1881 3951 1985 4011 lus,
2018 3966 2103 4003 eos
2146 3950 2236 4020 qui
2280 3946 2441 4002 semel
2469 3955 2590 4001 sunt
2626 3943 2938 4006 illuminati,
2987 3955 3172 3994 rursus
3208 3952 3454 3991 renovare

1880 4040 1950 4093 ad
2005 4039 2362 4109 pmuitentiam
2422 4037 2491 4093 ⁸ο.
2546 4035 2699 4091 Unus
2758 4050 2920 4105 porro
2981 4031 3291 4099 baptismus
3348 4038 3452 4093 est,

1882 4132 2322 4202 quandoquidem
2357 4144 2460 4183 una
2498 4137 2580 4182 est
2612 4141 2757 4180 mors
2788 4140 2886 4194 pro
2919 4121 3126 4177 mundo
3155 4128 3404 4182 suscepta
3437 4134 3451 4170 :

1880 4230 2043 4288 atque
2081 4232 2186 4271 una
2213 4234 2239 4270 a
2274 4216 2505 4270 mortuis
2550 4213 2900 4275 resurrectio,
2943 4225 3106 4280 quam
3148 4208 3454 4277 baptismus

1880 4311 2164 4379 designat.
2199 4307 2435 4361 Proinde
2479 4304 2733 4361 Christus
2768 4303 3026 4373 baptismi
3083 4301 3242 4357 nobis
3277 4299 3455 4355 fmdus

1883 4403 2085 4465 sanxit,
2120 4399 2312 4453 mortis
2343 4412 2405 4452 ac
2429 4398 2553 4450 vita:
2588 4396 2818 4466 ﬁguram
2847 4390 3084 4457 habens,
3121 4410 3262 4464 aqua
3292 4392 3448 4446 nimi-

278 4482 395 4535 Col.
426 4482 528 4536 567
553 4483 619 4536 Α.
658 4480 1098 4553 Quandoquidem
1141 4498 1317 4543 autem
1360 4491 1561 4546 duabus
1604 4495 1778 4563 ραι-(ἕο
1813 4475 1856 4528 θ
1887 4510 2007 4548 rum
2063 4491 2256 4546 mortis
2306 4489 2596 4559 imaginem
2659 4488 2997 4557 exprimente
3031 4487 3250 4557 (horum
3308 4485 3453 4539 enim

213 4574 325 4635 bus,
358 4574 455 4626 hoc
494 4584 593 4636 est,
644 4582 752 4629 etc.
810 4576 1264 4647 Quandoquidem
1329 4586 1664 4651 compositus
1719 4602 1783 4641 ac

215 4682 315 4719 non
348 4668 578 4737 simplex
613 4668 778 4724 homo
821 4679 929 4735 est,
984 4670 1191 4726 idcirco
1222 4672 1423 4743 duplici
1454 4686 1619 4746 atque
1648 4694 1785 4732 con-

214 4758 398 4826 iuncto
449 4772 678 4831 cognata
723 4771 777 4817 et
831 4762 1032 4820 similia
1086 4767 1485 4821 medicamenta
1517 4769 1581 4823 ad
1612 4770 1786 4841 ipsius

218 4854 558 4908 curationem
602 4855 861 4910 attributa
911 4867 1059 4921 sunt,
1085 4857 1301 4927 corpori
1337 4857 1596 4913 nimirum
1629 4875 1788 4929 aspe-

217 4944 390 4996 ctabili
448 4960 588 5014 aqua
646 4947 968 5013 sensibilis,
1024 4948 1210 5003 animo
1273 4961 1454 5004 autem
1514 4951 1777 5006 invisibili

218 5036 436 5105 spiritus
464 5036 747 5090 oculorum
777 5039 1029 5093 obtutum
1074 5040 1310 5109 fugiens,
1343 5042 1438 5111 qtti
1479 5056 1576 5111 per
1616 5042 1775 5097 (idem

217 5138 457 5193 vocatus,
494 5128 751 5182 ineli’abili
809 5131 971 5185 modo
1013 5132 1246 5186 accedit.
1299 5132 1366 5186 Et
1393 5134 1608 5201 quidem
1637 5150 1778 5204 aqua

220 5220 553 5289 purgationis
586 5219 813 5290 liguram
856 5222 1014 5291 gerit.
1048 5219 1308 5291 Purgatio
1332 5223 1500 5287 enim,
1536 5240 1655 5293 qum
1684 5238 1779 5294 per

220 5325 406 5379 squam
442 5312 522 5377 tit,
564 5326 681 5366 eam
723 5328 843 5382 qua:
873 5326 969 5381 per
994 5313 1246 5383 spiritum
1280 5323 1652 5384 comparatur,
1682 5313 1784 5369 de-

221 5402 411 5473 signat.
446 5404 515 5460 Ut
544 5406 689 5459 enim
735 5419 936 5475 corpus
985 5405 1054 5459 ab
1081 5421 1245 5476 aqua,
1278 5408 1359 5462 sic
1389 5406 1570 5461 anima
1599 5423 1628 5462 a
1665 5407 1779 5478 spi-

222 5493 319 5548 ritu
373 5495 679 5549 lustratur:
736 5506 898 5566 atque
930 5497 1000 5549 ita
1044 5513 1133 5553 res
1165 5498 1217 5551 in
1245 5499 1436 5552 oculos
1472 5499 1672 5554 cadens
1702 5497 1779 5551 rei

223 5585 505 5642 invisibilis
531 5587 750 5658 signum
783 5598 886 5643 est.
930 5589 999 5641 At
1029 5589 1254 5658 spiritus
1283 5604 1466 5644 veram
1502 5587 1782 5658 purgatio-

288 5771 328 5805 ’τ
374 5767 491 5825 Gal.
532 5785 582 5833 v,
613 5784 746 5831 xvtt,
820 5767 865 5801 ”
898 5768 1061 5824 l’rov.
1113 5784 1268 5834 xvm,
1301 5770 1355 5825 ‘5.

1881 4587 1975 4656 qui
2012 4585 2362 4653 baptizantur
2410 4596 2642 4652 corpora
2691 4581 2744 4635 in
2779 4595 2919 4649 aqua
2985 4578 3147 4632 veluti
3180 4576 3445 4646 sepeliun-

1886 4678 2021 4746 tur),
2076 4675 2269 4745 Spiritu
2341 4682 2519 4727 autetn
2567 4672 2692 4727 vita:
2747 4672 3110 4725 artltabonem
3171 4667 3454 4721 all‘erente.

1883 4770 2251 4838 Quamobrem
2307 4767 2454 4821 nttlla
2518 4767 2685 4820 altera
2765 4772 3017 4833 superest
3072 4761 3452 4830 regeneratio,

1882 4876 2059 4930 neque
2113 4861 2166 4914 in
2216 4869 2449 4913 veterem
2501 4867 2703 4912 statum
2757 4855 3052 4916 restitutio,
3096 4853 3200 4906 hoc
3252 4860 3356 4914 est,
3399 4851 3456 4903 in

1887 4949 2267 5020 purgationem
2303 4949 2471 5012 illam,
2516 4962 2677 5017 quam
2712 4942 3143 5016 regenerationis
3176 4942 3455 4996 lavacrum

1884 5042 2090 5095 attulit.
2124 5041 2447 5109 Quanquam
2483 5041 2627 5093 enim
2684 5038 3046 5108 laerymarnnt
3094 5049 3314 5105 quoque
3356 5034 3453 5086 ba-

1887 5131 2120 5201 ptismus
2172 5140 2277 5196 est,
2366 5129 2783 5198 haudquaquam
2864 5140 3042 5181 tanton
3122 5127 3195 5179 ita
3262 5132 3454 5194 purgat

1890 5229 1947 5274 ut
1983 5223 2193 5290 primus
2224 5219 2545 5289 baptismns.
2589 5216 2656 5272 Ut
2692 5216 2834 5272 cni=n
2878 5217 3028 5270 varia
3076 5222 3205 5268 sunt
3235 5214 3457 5282 superni

1886 5312 2191 5381 Splendoris
2218 5326 2434 5380 genera,
2465 5310 2545 5363 sic
2578 5318 2631 5362 et
2664 5310 3069 5378 purgationum.
3118 5305 3249 5359 Nam
3301 5307 3455 5376 juxta

1887 5417 2064 5457 meam
2120 5404 2289 5479 legem
2357 5417 2419 5455 ac
2474 5403 2820 5462 sententiam,
2868 5399 3295 5453 Novatianornm
3360 5398 3449 5449 do-

1887 5495 2053 5565 gmati
2087 5495 2415 5564 oppositam,
2477 5508 2620 5564 :egre.
2664 5493 2883 5546 tandem
2932 5506 3027 5560 per
3083 5489 3456 5560 pmnitentiam

1888 5586 2118 5641 cicatrix
2149 5585 2461 5651 obducitur,
2498 5583 2963 5653 quemadmodum
2998 5581 3141 5637 Deus
3177 5597 3273 5653 per
3304 5578 3452 5634 Jcre-

1435 5771 1477 5802 ³⁶
1517 5769 1699 5841 Prov._
1730 5765 1919 5833 tv,‘25.
1994 5766 2040 5798 “
2086 5764 2250 5821 Hebr.
2285 5782 2358 5831 vt,
2415 5765 2468 5820 6.

3487 707 3497 744 Ἰ
