4032 6198
594 230 731 294 19.55

591 341 758 396 miam
796 336 1036 407 loquitur
1091 350 1105 387 :

587 434 665 486 cis
691 430 1050 485 obductionem
1076 435 1123 480 et
1154 425 1429 486 medelam,
1465 434 1513 479 et
1544 426 1743 478 curabo
1766 441 1854 479 eos
1886 427 1954 480 υ.
1988 429 2165 495 Atque

590 522 708 591 ipse
732 516 950 589 quidem
983 514 1266 570 cicatrices
1301 529 1521 585 quoque
1555 515 1703 584 ipsas
1734 514 1964 576 aboleri.
1992 531 2057 569 ac
2099 531 2168 570 ne

588 614 880 666 vulnerum
954 606 1173 676 quidem
1228 606 1519 674 vestigium
1566 606 1801 676 relinqui
1866 622 2164 677 cuperem,

589 699 1032 773 quandoquidem
1088 708 1142 753 et
1195 698 1310 766 ipse
1364 697 1739 752 misericordia
1790 714 1929 767 Opus
1965 700 2163 755 habco.

593 795 795 849 Verum
852 806 1109 862 magnum
1160 790 1515 844 Athanasium
1574 801 1911 845 asserentem
1976 793 2162 858 audio,

589 897 715 937 eum
745 881 837 951 qui
880 880 947 933 ad
982 879 1258 933 meliorem
1299 876 1508 946 frugem
1556 894 1614 932 se
1663 882 1952 948 receperit,
1990 897 2167 951 quau-

590 988 756 1042 quam
804 972 964 1025 linem
1032 969 1290 1038 peccandi
1344 969 1543 1034 faciat,
1584 970 1793 1026 inustas
1829 979 2009 1026 tamen
2046 974 2167 1029 vul-

593 1065 740 1119 neris
790 1062 1074 1117 cicatrices
1124 1063 1367 1117 habere:
1408 1078 1531 1117 eum
1574 1074 1755 1117 autem
1809 1065 1897 1134 qui
1928 1066 2167 1135 baptiza-

594 1167 680 1209 tur
711 1165 944 1209 veterem
1003 1153 1278 1208 hominem
1316 1167 1515 1208 exuere
1548 1169 1611 1207 ac
1638 1157 1909 1219 renovari,
1931 1172 2168 1225 superne

592 1246 842 1300 videlicet
892 1259 989 1314 per
1018 1244 1256 1314 Spiritus
1296 1245 1469 1299 sancti
1521 1248 1752 1314 gratiam
1793 1248 2163 1315 progenitum.

590 1335 860 1390 Caeterum
899 1346 957 1390 ut
985 1335 1269 1388 cicatrices
1309 1349 1526 1411 quoque
1552 1336 1698 1403 ipsas
1747 1336 1915 1390 deleri
1970 1352 2168 1392 conec-

592 1433 808 1493 damns,
858 1427 1032 1483 satius
1080 1426 1270 1495 utique
1320 1424 1483 1480 luerit
1524 1426 1725 1480 diflicili
1752 1428 1841 1481 illa
1873 1437 1926 1482 et
1971 1444 2169 1482 aerum-

593 1535 728 1574 nosa
769 1519 1123 1589 purgatione,
1144 1534 1265 1589 qua:
1293 1518 1345 1571 in
1399 1518 1714 1588 pmnitentia
1750 1520 2040 1585 consistit,
2073 1535 2169 1575 ne-

594 1626 875 1680 quaquam
904 1625 1039 1680 opus
1074 1610 1293 1677 habere,
1326 1625 1512 1664 verum
1541 1610 1597 1665 in
1631 1611 1806 1679 prima
1840 1614 2166 1678 consistere,

1967 224 2350 285 ADDENDA.

1177 333 1310 388 Ecce
1353 349 1445 402 ego
1476 332 1724 387 inducant
1771 333 1901 403 ipsis
1950 335 2170 387 cicatri-
2195 336 2242 395 Α
2270 332 2533 400 primum,
2576 326 2719 396 quod
2776 325 3155 397 suscipiemlus
3203 326 3272 382 sit
3324 326 3627 397 baptismus;
3655 333 3752 387 alte-

3648 219 3751 287 1256

2270 438 2422 484 rum,
2474 420 2618 489 quod
2676 416 2896 482 statim;
2960 417 3214 479 tertium,
3265 420 3407 487 quod
3456 421 3595 477 nobis
3635 438 3752 492 opm

2268 514 2445 567 danda
2499 514 2595 577 sit,
2649 521 2708 565 ut
2758 511 2862 564 hoc
2907 511 3110 564 donum
3162 514 3231 568 ab
3277 512 3520 566 omnibus
3562 515 3757 569 sordibus

2270 619 2467 672 purum
2506 613 2774 657 tueamur.
2837 600 3131 669 Postquam
3187 601 3347 670 igitur
3392 602 3456 657 de
3494 603 3632 657 tertio
3675 619 3758 671 qua:

2268 694 2498 748 dicenda
2533 693 2855 747 videbantur
2904 691 3059 756 dixit,
3110 706 3254 744 num:
3282 690 3348 745 de
3376 706 3438 745 eo
3469 708 3658 762 queque
3681 694 3758 747 dis-

2268 790 2421 852 putat
2472 782 2620 851 quod
2667 784 2733 835 ad
2784 780 3114 850 baptismum
3184 782 3439 835 accedere
3481 796 3671 837 necesse
3694 783 3760 845 sit,

2269 892 2333 930 ac
2386 890 2510 930 cum
2566 873 2736 929 Paulo
2775 873 2871 936 ait,
2912 887 3039 925 cum
3093 871 3309 927 Christo
3365 887 3456 941 per
3499 873 3762 943 baptismum

2269 968 2622 1037 sepeliantur,
2657 976 2714 1021 ut
2761 979 2816 1021 et
2845 981 2968 1020 cum
3000 979 3064 1019 eo
3095 980 3460 1033 resnrgamus.
3498 968 3629 1036 Aqua
3657 968 3759 1021 enim

2270 1059 2466 1120 mortis
2523 1058 2814 1129 imaginem
2884 1055 3091 1124 refert,
3143 1072 3342 1126 corpus
3393 1059 3527 1113 velut
3573 1059 3762 1127 sepulcro

2271 1150 2570 1220 accipiens.
2612 1148 2853 1219 Spiritus
2889 1158 3073 1203 autem
3125 1148 3390 1203 viviﬁcam
3428 1151 3530 1204 vim
3559 1150 3766 1213 immittit,

2273 1244 2488 1296 animas
2537 1251 2753 1295 nostras
2804 1256 2834 1294 a
2891 1240 3102 1310 peccati
3158 1250 3331 1295 morte
3379 1243 3441 1294 ad
3480 1242 3682 1310 priorem
3710 1244 3765 1295 vi-

2274 1343 2383 1388 tam
2435 1348 2727 1388 reuovans.
2778 1331 3193 1386 Desccudamus
3246 1342 3304 1386 ut
3347 1332 3582 1387 Christus
3626 1335 3670 1387 in
3708 1349 3768 1386 se-

2271 1426 2565 1495 pulcrum,
2625 1429 2699 1479 ita
2759 1439 2862 1478 nos
2922 1439 3143 1494 quoque
3202 1425 3254 1478 in
3318 1424 3618 1493 baptismum
3670 1441 3683 1478 :
3731 1433 3771 1476 ut

2272 1515 2730 1585 quemadmodum
2784 1515 2873 1571 ille
2925 1531 2991 1570 ex
3048 1527 3384 1570 mortuorum
3442 1516 3680 1584 sepulcro,
3715 1515 3771 1569 sic

2274 1619 2375 1660 nos
2422 1606 2585 1661 etiam
2621 1620 2651 1660 e
2687 1604 2897 1675 peccati
2954 1605 3164 1659 tumulo
3205 1620 3268 1658 ac
3305 1605 3525 1658 mortuis
3572 1604 3773 1674 operibus

594 1717 718 1771 qua:
750 1701 968 1771 quidem
1008 1700 1210 1756 laboris
1238 1715 1302 1754 ac
1345 1701 1608 1755 inolestiie
1642 1718 1833 1770 expers
1869 1714 1973 1766 est,
2002 1716 2165 1773 atque
2205 1673 2242 1728 Β
2275 1697 2327 1749 in
2361 1697 2592 1751 sublime
2629 1695 2895 1751 feramur.
2947 1695 3258 1764 Baptismus
3304 1694 3554 1764 siquidem
3595 1710 3773 1764 operum

595 1794 805 1849 honore
862 1809 1021 1863 pares
1070 1809 1165 1849 eos
1217 1794 1310 1863 qui
1386 1795 1449 1848 ad
1501 1794 1826 1864 baptismum
1895 1798 2164 1853 accedunt

592 1887 798 1948 ellicit,
844 1896 1029 1954 utpote
1086 1901 1205 1955 quae
1251 1901 1315 1939 ex
1375 1901 1531 1955 aequo
1586 1887 1925 1956 accipiatur,
2001 1900 2163 1959 atque

595 1991 787 2032 onlnes
843 1978 963 2031 sine
1019 1977 1128 2030 ullo
1170 1977 1485 2031 discrimine
1526 1978 1738 2032 lustret.
1798 1979 2166 2044 Quemadmo-

595 2068 725 2121 dum
755 2068 898 2121 enim
938 2068 1249 2121 communis
1298 2076 1381 2122 est
1420 2069 1675 2122 onmibus
1715 2070 1870 2122 aeris.
1904 2069 2162 2137 haustus,

594 2173 659 2214 ac
714 2158 853 2213 lueis
900 2157 1148 2227 prolusio
1194 2166 1249 2212 et
1279 2158 1557 2228 splendor,
1587 2167 1641 2212 et
1674 2169 1908 2228 quatuor
1930 2153 2163 2229 partium

594 2247 1174 2312 annivicissitudiues,
1211 2257 1265 2304 et
1313 2264 1496 2302 rerum
1547 2258 1853 2304 creatarum
1889 2262 2162 2321 aspectus,

596 2341 830 2412 ﬁdeique
857 2355 1011 2410 aequa
1044 2339 1219 2409 portio
1248 2358 1263 2394 :
1309 2341 1497 2395 eodem
1538 2342 1698 2396 molo
1728 2340 1983 2413 baptismi
2035 2360 2167 2416 quo-

593 2449 698 2503 que
725 2433 1032 2488 communis
1066 2441 1149 2487 est
1179 2433 1371 2502 gratia.

665 2525 782 2580 Col.
814 2525 919 2580 570
946 2528 1012 2583 A.
1041 2524 1209 2582 Grave
1241 2526 1378 2579 enim
1411 2535 1489 2580 est
1521 2526 1806 2596 facilioris,
1835 2537 1938 2585 etc.
1992 2528 2169 2585 Grave

594 2627 648 2672 et
681 2618 943 2674 miserum
988 2627 1075 2672 est
1115 2633 1210 2687 spe
1260 2617 1517 2673 secundae
1547 2621 1885 2691 purgationis
1909 2628 2033 2691 post
2069 2623 2159 2675 ba-

596 2712 854 2779 ptismum
889 2712 1184 2780 inquinari,
1209 2727 1270 2766 ac
1298 2722 1482 2783 postea
1515 2713 1653 2768 dura
1685 2724 1737 2768 et
1767 2716 1964 2770 acerba
1996 2715 2168 2770 medi-

598 2805 721 2858 cina
767 2805 1031 2873 iudigere,
1082 2820 1145 2858 ac
1204 2806 1446 2874 projecta
1503 2805 1757 2875 baptismi
1787 2806 1993 2875 gratia,
2047 2820 2170 2876 quae

599 2896 997 2962 praeteritarum
1054 2910 1321 2949 noxarum
1381 2895 1760 2950 remissionem
1815 2896 2002 2962 habet,
2041 2912 2170 2953 nos-

2272 1788 2456 1843 carnis
2486 1789 2849 1859 abjemionem
2884 1789 3134 1858 designat
3163 1796 3218 1842 et
3247 1788 3463 1852 indicat,
3492 1789 3774 1857 animamque

2274 1895 2302 1933 a
2346 1879 2598 1935 sordibus
2632 1889 2686 1935 et
2718 1878 2983 1948 spurcitie
3016 1894 3082 1933 ex
3132 1880 3366 1934 carnalis
3400 1880 3603 1936 affectus
3633 1892 3774 1932 conta.

2274 1973 2434 2042 gione
2463 1984 2767 2030 contracta.
2801 1972 3001 2027 IttSll‘al.
3034 1980 3087 2024 et
3115 1974 3323 2041 expiat.
3359 1972 3606 2038 Quoaiam
3634 1981 3771 2024 autem

2276 2065 2575 2135 baptismus
2630 2064 2958 2120 descensum
3012 2076 3179 2135 atque
3232 2079 3507 2120 ascensum
3551 2064 3775 2123 continet,

2277 2158 2379 2212 hoc
2401 2158 2624 2226 insuper
2655 2157 2908 2227 adjiciam
2943 2173 2960 2210 :
2988 2156 3122 2210 Cum
3147 2171 3216 2211 eo
3243 2157 3603 2219 ascendamus,
3631 2170 3774 2224 qut-ut-

2275 2251 2564 2306 a.lmodnm
2636 2249 2883 2304 videlicet
2934 2249 3023 2304 ille
3078 2250 3134 2302 in
3195 2250 3429 2313 ccelum,
3480 2250 3544 2302 ita
3606 2262 3688 2302 nos
3735 2246 3773 2300 in

2276 2356 2394 2396 eam
2447 2340 2860 2403 sublimitatem,
2900 2342 2965 2395 ad
3007 2355 3173 2410 quam
3224 2342 3471 2412 provehit
3513 2340 3771 2410 baptismus.

2278 2442 2333 2487 ut
2371 2431 2535 2487 simul
2567 2446 2783 2502 quoque
2814 2432 2983 2502 gloria
3015 2432 3321 2488 afﬁciantur
3346 2434 3460 2503 (per
3486 2432 3770 2501 ad0ptiouen

2276 2523 2555 2592 scilicet),
2609 2538 2674 2578 ac
2727 2521 2878 2593 regni
2933 2524 3178 2580 caelestis
3237 2524 3472 2581 haredcs
3519 2523 3774 2581 elliciamur,

2277 2618 2739 2703 quemadmodum
2793 2617 2880 2673 ille
2928 2618 3074 2674 sedis
3113 2618 3170 2672 in
3207 2618 3396 2674 dextra
3445 2617 3605 2672 Patris
3647 2616 3773 2669 haeres

2277 2709 2380 2763 fact
2394 2727 2455 2764 llt-
2494 2719 2596 2764 est.

2351 2800 2485 2856 ibid.
2541 2801 2602 2856 Si
2652 2811 2702 2857 te
2746 2801 2961 2857 luminis
3008 2816 3315 2870 persecutor
3359 2813 3407 2860 et
3455 2812 3656 2859 tentatur
3691 2806 3770 2868 pou

2279 2891 2623 2960 baptismum,
2671 2902 2775 2948 etc.
2812 2892 3119 2964 Theologus
3171 2897 3340 2965 probe
3372 2904 3675 2966 perspectum
3702 2893 3765 2943 ιιιο

598 2987 747 3059 ipsos
793 2989 1110 3041 excruciare
1149 2997 1311 3056 atque
1345 2986 1604 3057 aliligere,
1634 2995 1696 3041 ut
1727 2986 2165 3044 misericordiam
2197 3020 2242 3081 Ο
2281 2982 2432 3043 licus,
2470 2982 2762 3037 "00"““05
2798 2983 2921 3038 ideo
2964 2983 3299 3053 δῖβιίδιιιυηι
3348 2987 3639 3049 ἀθιΐεοιπθο
3666 2979 3768 3050 (ιιιοά

597 3095 628 3132 a
672 3077 776 3132 Deo
808 3093 1232 3148 consequamur,
1272 3091 1337 3130 ac
1380 3078 1506 3133 vitae
1538 3078 1938 3133 correctionem
1966 3078 2172 3133 admis-

599 3171 676 3224 sis
704 3170 920 3240 llagitiis
947 3186 1132 3237 parem
1181 3171 1462 3226 exhibere.
1517 3172 1794 3238 Quantum
1825 3172 1973 3227 enim
2001 3173 2171 3244 lacry-

600 3275 813 3315 marum
858 3260 1269 3327 exhauriemus,
1323 3269 1381 3316 ut
1428 3260 1483 3316 id
1531 3277 1635 3318 nos
1683 3262 1910 3332 perinde
1955 3263 2172 3329 lustret,

599 3369 663 3408 ac
710 3354 864 3422 prius
924 3354 1246 3421 baptismus,
1301 3361 1355 3409 et
1417 3346 1826 3425 purgationem,
1867 3369 2031 3426 quam
2079 3369 2175 3424 per

598 3445 840 3500 divinum
898 3444 1176 3500 lavacrum
1250 3455 1527 3515 acceptam
1586 3446 1912 3510 amisimus,
1956 3445 2169 3500 reddat!

599 3536 734 3604 Quis
786 3544 965 3591 autem
1013 3536 1148 3592 satis
1196 3535 1438 3606 locuples
1485 3550 1717 3606 sponsor
1765 3535 1889 3599 erit,
1934 3534 2051 3590 fore
2115 3544 2176 3589 nt

602 3642 752 3681 mors
783 3626 1125 3681 curationem
1171 3635 1411 3680 nostram
1450 3634 1748 3694 exspectet,
1786 3639 1852 3680 ac
1896 3639 2003 3679 non
2048 3640 2171 3696 pec.-

602 3719 708 3773 cati
743 3731 864 3771 reos
904 3725 958 3770 et
1025 3715 1359 3785 purgationis
1403 3714 1590 3768 debito
1652 3715 1978 3770 constrictos
2030 3714 2176 3785 judi-

602 3811 745 3865 cium
773 3808 1016 3863 divinum
1068 3807 1353 3877 suscipiat,
1407 3806 1778 3878 gehennaeque
1836 3808 2170 3865 incendium.

614 3899 700 3954 Tu
781 3899 1001 3967 quidem
1038 3940 1055 3968 ,
1115 3898 1482 3969 spiritualium
1537 3899 1842 3968 plantarum
1903 3903 2172 3968 excultor,

602 3991 889 4047 Doiiiinnm
926 3991 1080 4063 juxta
1122 3991 1436 4061 parabolam
1497 3992 1863 4062 evangelicam
1889 3992 1934 4025 “
1962 3994 2174 4060 orabis,

604 4094 665 4139 ut
696 4084 1028 4157 infrugiferze
1078 4083 1228 4152 (icui,
1258 4083 1362 4138 hoc
1413 4094 1515 4151 est,
1566 4086 1766 4140 anima:
1819 4093 1922 4141 ture
1966 4096 2173 4155 parcat,

602 4191 833 4246 eamque
866 4191 970 4231 non
996 4176 1300 4240 exscindat,
1328 4191 1515 4231 verum
1551 4176 1645 4231 tibi
1675 4178 1960 4241 concedat,
1998 4186 2057 4232 ut
2085 4192 2171 4243 ea,

603 4284 726 4337 qua:
770 4267 836 4321 ad
890 4268 1178 4323 tollendam
1249 4269 1419 4339 ipsius
1477 4270 1813 4325 sterilitatem
1859 4271 2174 4340 adjumcnto

2281 3071 2457 3128 hostis
2508 3073 2767 3143 impetum
2822 3085 2945 3142 post
2990 3075 3325 3144 baptismum
3381 3077 3769 3148 pertimescerent.

2280 3164 2599 3234 hujnsmodi
2648 3165 2896 3221 homines
2943 3166 3008 3220 ad
3050 3166 3201 3223 hunc
3258 3169 3472 3224 modum
3522 3163 3767 3233 alloquitur.

2280 3254 2337 3325 Si
2396 3266 2516 3327 post
2568 3256 2900 3326 baptismum
2957 3268 3010 3314 te
3061 3259 3322 3317 diabolus
3374 3259 3582 3315 adortus
3625 3254 3769 3311 fuerit.

2276 3347 2717 3419 quandoquidem
2773 3356 2828 3403 et
2878 3347 3155 3404 Christum
3218 3348 3567 3419 oppugnavit,
3611 3352 3769 3415 ιιι-ορεστ

2277 3454 2497 3494 carnem
2552 3456 2765 3495 merum
2822 3441 3101 3496 hominem
3154 3457 3286 3496 eum
3344 3455 3462 3497 esse
3508 3439 3772 3495 arbitratus.

2276 3531 2540 3587 adversus
2593 3548 2717 3585 eum
2757 3530 3072 3587 sensibilem
3126 3546 3329 3602 aquam
3356 3531 3614 3593 'obtende,
3654 3523 3773 3594 spiri-

2277 3624 2441 3678 tualis
2495 3624 2657 3693 ignis,
2717 3624 2821 3679 hoc
2870 3634 2976 3688 est,
3031 3627 3245 3694 peccati
3297 3624 3670 3681 exstinctricem
3710 3614 3772 3683 (ίιΙ

2276 3716 2419 3786 quod
2468 3715 2776 3770 mirandmu
2811 3716 2917 3785 est)
2967 3716 3127 3786 cujus
3157 3730 3267 3786 Ope
3298 3732 3361 3773 ac
3395 3713 3617 3772 subsidio
3651 3705 3772 3777 ignita

2276 3809 2459 3866 omnia
2494 3811 2648 3880 pravi
2681 3810 2831 3864 illius
2865 3810 3096 3880 spiritus
3128 3810 3262 3877 tela,
3297 3809 3437 3867 sicut
3466 3807 3644 3863 Paulus
3666 3796 3773 3855 ait“.

2274 3902 2711 3973 cxstiugneutur,
2781 3904 2970 3973 aqueis
3024 3902 3281 3959 videlicet
3335 3901 3533 3959 umbris
3575 3915 3604 3954 a
3655 3892 3773 3947 ιέτῑδο

2278 3995 2463 4073 tinctis
2486 4010 2800 4065 compressa
2829 4004 2992 4065 atque
3017 3997 3303 4052 restincta.
3328 3996 3573 4068 Spiritum
3595 3997 3769 4059 oppone.

2276 4103 2554 4158 magnum,
2584 4087 2829 4157 inquam,
2865 4087 3014 4142 illum
3048 4098 3103 4143 et
3128 4092 3396 4153 validum,
3426 4104 3489 4144 ac
3517 4091 3711 4141 montes.
3735 4074 3771 4128 ίιι

2274 4190 2379 4246 est,
2423 4178 2697 4234 daemones
2735 4179 3147 4245 dissolventem,
3182 4181 3619 4253 quemadmodum
3660 4165 3772 4225 tertio

2277 4270 2482 4339 Regum
2536 4271 2675 4324 libro
2731 4270 2964 4325 habetur
3007 4269 3077 4329 “.
3132 4270 3189 4325 Si
3247 4274 3342 4326 tibi
3401 4271 3534 4325 fame
3580 4266 3770 4328 corrvl"0

604 4375 726 4415 esse
758 4370 1006 4432 possunt,
1038 4360 1271 4432 injicias,
1322 4362 1580 4416 nimirum
1612 4377 1732 4417 eam
1776 4362 2169 4417 correctionem
2204 4367 2248 4422 D
2282 4362 2561 4431 penuriam
2606 4372 2660 4416 et
2703 4363 3083 4419 necessitatem
3141 4365 3404 4421 insidiose
3452 4358 3696 4430 objecerit,
3732 4356 3771 4403 ut

606 4469 728 4520 qua:
758 4455 810 4507 in
845 4454 1048 4524 peccati
1085 4455 1450 4521 confessione,
1478 4465 1640 4526 atque
1665 4456 1719 4509 in
1755 4466 2002 4525 apertum
2041 4471 2174 4526 pro-

609 4548 844 4603 l‘crendis
891 4563 998 4603 non
1032 4550 1154 4604 sine
1195 4548 1403 4617 pudore
1449 4549 1774 4604 criminibus
1806 4550 2081 4613 cousiStit,
2113 4564 2176 4602 ac

605 4649 865 4710 prasterea
902 4642 1097 4694 anima:
1129 4639 1501 4703 aliliclionem,
1535 4639 1636 4693 hoc
1662 4648 1764 4701 est,
1788 4640 2174 4693 contritioncm

604 4742 660 4787 et
694 4731 1076 4802 dejeCtionem,
1126 4730 1481 4800 corporisque
1511 4730 1948 4799 oppressionem,
1988 4728 2038 4783 id
2069 4740 2174 4797 est,

603 4825 836 4897 jejuuia,
884 4822 1117 4893 vigilias,
1164 4833 1505 4890 caeterasqne
1551 4820 1903 4876 .alllictiones.
1972 4819 2170 4875 Verum

607 4926 855 4971 neertum
880 4924 991 4981 est,
1020 4930 1087 4967 an
1123 4912 1264 4967 Deus
1302 4912 1616 4980 huiusmodi
1642 4911 1847 4966 homini
1872 4921 2079 4980 parcet,
2109 4925 2173 4965 ac

606 5025 713 5063 non
750 5024 874 5062 eum
898 5005 1202 5065 exscindet,
1229 5020 1296 5057 ne
1317 5006 1459 5059 alius
1482 5003 1750 5073 quispiam
1770 5017 1835 5057 ex
1862 5002 2031 5071 ipsius
2049 5017 2175 5073 erga

603 5118 727 5156 eum
757 5100 979 5155 lenitate
998 5108 1054 5152 et
1076 5098 1334 5168 patientia
1362 5096 1688 5161 offendatur,
1713 5110 1775 5150 ac
1806 5096 2041 5149 deterior
2062 5096 2176 5161 fiat,

605 5192 724 5260 ejus
748 5191 998 5246 videlicet
1041 5191 1245 5246 scelera
1268 5188 1532 5258 impunita
1560 5201 1782 5241 manere
1813 5186 2173 5254 conspiciens.

599 5278 605 5283 ’
676 5283 795 5336 Col.
851 5282 959 5336 570
1018 5283 1075 5337 Β.
1139 5281 1366 5336 Proinde
1419 5294 1537 5332 cum
1591 5277 1804 5334 Christo
1857 5293 1949 5345 per
2004 5276 2175 5344 bapti-

606 5388 800 5440 smum,
840 5382 950 5429 etc.
996 5373 1132 5428 Tota
1179 5373 1282 5429 hac
1343 5371 1591 5428 oratione
1647 5370 1748 5425 tria
1801 5377 2174 5424 astruuntur:

674 5576 722 5610 ιι
751 5573 953 5633 Jerem.
988 5592 1114 5642 xxx,
1147 5577 1234 5632 17.

610 5662 673 5713 tt,
707 5647 797 5702 11.

2272 4453 2514 4518 Christo,
2554 4469 2618 4508 ac
2668 4454 2905 4523 petierit,
2955 4464 3016 4509 ut
3061 4455 3272 4524 lapides
3316 4456 3369 4508 in
3413 4467 3568 4525 panes
3610 4453 3769 4502 vertat?

2274 4554 2362 4597 tur
2405 4544 2470 4606 “,
2506 4545 2593 4600 (lic
2644 4562 2768 4600 cum
2822 4549 2994 4601 Paulo
3028 4565 3041 4599 :
3072 4546 3190 4601 Non
3249 4549 3440 4617 ignoro
3490 4538 3772 4612 cogitationes

2274 4645 2419 4700 ωδε»
2455 4651 2487 4689 ο
2521 4651 2705 4706 [πεινῶ.
2757 4638 2850 4705 qni
2906 4636 3051 4691 aliud
3108 4637 3209 4699 vis,
3261 4638 3408 4692 aliud
3459 4619 3771 4704 praetendis“.

2272 4723 2531 4780 Prmtexis
2584 4725 2963 4780 necessitatem
3008 4744 3022 4780 :
3062 4727 3143 4781 vis
3193 4739 3375 4784 autem
3423 4741 3506 4781 me
3547 4720 3662 4778 cibis
3699 4726 3770 4765 αι’

2280 4816 2416 4886 pleri
2471 4825 2525 4870 et
2580 4816 2939 4888 ingnrgitari,
2993 4819 3363 4893 voluptatique
3416 4816 3681 4885 indulgere.
3718 4803 3772 4856 AG

2281 4919 2566 4978 prOpterea
2599 4925 2708 4964 non
2735 4925 2951 4979 panem.
2981 4911 3073 4966 sed
3103 4926 3272 4979 panes
3304 4909 3416 4965 lieri
3447 4906 3626 4978 poscis.

2281 5014 2403 5068 quae
2433 5013 2539 5053 non
2575 4997 2787 5066 didicit,
2823 4998 2951 5068 quia
2981 4998 3074 5054 Dei
3105 4999 3286 5053 cultor
3316 5013 3396 5063 es,
3426 5012 3489 5051 ac
3516 4984 3686 5047 Christi
3713 4982 3771 5033 di-

2275 5090 2542 5158 Scipulus.
2585 5089 2716 5143 Nam
2760 5090 2902 5144 idem
2937 5106 3157 5161 quoque
3190 5093 3243 5143 in
3277 5090 3490 5145 Christo
3531 5075 3772 5153 ignorabah

2275 5184 2419 5263 quod
2474 5181 2568 5236 Dei
2621 5182 2794 5237 Filius
2844 5194 3011 5240 esset.
3063 5184 3143 5238 Ac
3177 5183 3428 5238 Christus
3463 5179 3655 5250 quidem
3681 5177 3769 5263 ctuti

2274 5254 2343 5330 ab
2373 5291 2439 5329 co
2470 5285 2793 5342 tentaretur,
2829 5275 2960 5330 illud
2996 5280 3249 5346 opposuit
3279 5292 3296 5329 :
3330 5273 3450 5329 Non
3478 5275 3529 5325 in
3552 5278 3669 5337 parte
3689 5254 3771 5311 ιοιο

2275 5368 2393 5423 viri!
2436 5369 2609 5435 homo,
2643 5370 2732 5421 sed
2771 5371 2826 5423 in
2854 5371 2995 5423 omni
3036 5370 3206 5433 verba,
3237 5367 3374 5437 quod
3402 5359 3616 5435 procedit
3636 5368 3689 5408 es
3712 5358 3771 5399 οη

1314 5579 1360 5610 ⁶²
1392 5577 1525 5633 Luc.
1560 5591 1679 5646 xm,
1710 5575 1764 5631 8..
1832 5574 1878 5607 “
1911 5574 2104 5643 Ephcs.
2130 5589 2206 5641 vr,
2241 5573 2321 5627 Ιϐ-
2398 5572 2442 5604 ’δδ
2474 5571 2535 5625 lll
2570 5571 2701 5642 Reg.
2732 5589 2845 5640 nx,
2888 5574 2972 5629 ll.
3031 5575 3076 5606 ⁸⁵
3110 5571 3295 5629 Matth.
3346 5588 3417 5639 Iv,
3442 5570 3494 5624 5.
3560 5563 3601 5659 δέ
3625 5550 3759 5613 "Ct"
