4032 6198
309 253 444 317 1257

1304 256 1625 321 NICETAS
1668 253 1748 315 IN
1789 251 2011 312 ORAT.
2052 250 2155 310 XI.
2186 248 2254 308 S.
2299 248 2528 311 GREG.

3409 248 3546 314 I253

311 374 406 427 υεὶ
431 372 499 425 ⁵⁷.
534 368 614 425 'I‘u
663 382 791 423 vero
823 381 1038 438 oppone
1072 368 1309 426 Verbum
1362 372 1565 441 ipsum,
1598 377 1649 422 et
1686 363 1884 419 Filium
1918 364 1958 420 Ἀ
1987 362 2212 415 omnino
2241 360 2577 426 sustulisset,
2611 359 2741 429 quid
2770 374 2906 431 opus
2935 359 3146 427 fuisset,
3180 370 3235 416 ut
3262 361 3354 432 qui
3386 362 3557 417 semel

304 464 425 524 Dei.
475 464 633 531 cujus
664 460 778 514 haec
812 460 974 515 verba
1013 470 1143 517 sunt
1174 479 1189 515 :
1221 461 1335 532 Ego
1376 479 1492 516 sum
1524 463 1679 530 panis
1711 462 1831 514 eius
1864 474 1883 514 :

302 558 395 625 qui
429 558 562 609 venit
607 554 675 606 ad
725 568 821 612 me.
862 569 965 607 non
1012 554 1225 619 esuriat,
1259 564 1307 607 et
1351 555 1442 624 qui
1483 553 1651 608 credit
1682 554 1740 607 in
1781 568 1881 618 me,

306 659 576 713 nunquam
622 642 785 697 sitiet.
837 641 1003 699 Panis
1049 644 1189 698 enim
1236 643 1335 698 Dei
1384 645 1474 699 ille
1520 654 1621 710 est,
1668 645 1760 715 qui
1790 644 1884 699 de-

304 738 507 791 scendit
552 737 617 792 de
664 736 817 801 cato,
866 747 915 791 et
968 740 1059 791 dat
1112 739 1274 792 vitam
1307 738 1503 792 mundo
1553 739 1616 793 “.
1674 739 1733 793 Si
1788 754 1885 809 per

304 828 522 882 inanem
590 828 819 900 gloriam
867 829 965 883 tibi
1015 829 1242 884 insidias
1286 830 1552 884 struxerit
1607 830 1766 901 (nam
1830 837 1886 885 et

305 917 530 973 Christo
564 920 795 975 insidias
845 921 1095 989 tetendit)
1148 936 1216 974 ne
1264 935 1362 991 per
1412 921 1722 990 superbiam
1760 935 1884 975 cor-

304 1025 434 1064 ruas
466 1028 482 1062 :
513 1011 648 1079 quin
683 1011 867 1081 potius
897 1012 952 1067 in
995 1014 1171 1082 prima
1202 1012 1500 1069 tentatione
1530 1024 1753 1069 strenue
1783 1013 1881 1069 de-

303 1114 475 1157 certa.
501 1101 635 1157 Nam
662 1104 707 1158 si
741 1103 797 1158 in
824 1118 887 1159 ea
918 1114 967 1159 te
990 1105 1272 1161 cedentem
1304 1120 1368 1161 ac
1391 1105 1540 1161 dicto
1566 1105 1879 1161 audientem

305 1194 598 1258 invenerit,
638 1194 1057 1265 haudquaquam
1110 1196 1202 1251 hic
1253 1199 1519 1254 consistet
1551 1215 1566 1253 :
1602 1214 1791 1254 verum
1825 1205 1882 1253 et

305 1283 603 1335 secundam
635 1291 690 1337 et
719 1283 931 1337 tertiam
969 1286 1326 1342 tentationem
1360 1296 1527 1358 atque
1559 1289 1695 1345 alias
1726 1290 1882 1345 dein-

306 1387 438 1440 ceps
470 1373 800 1435 admovebit.
833 1384 1020 1444 utpote
1078 1377 1395 1450 inexplebili
1453 1381 1750 1450 cupiditate
1781 1381 1882 1436 ﬂa-

306 1461 866 1531 grans.Lenocinatur
881 1467 1124 1536 quidem,
1146 1479 1309 1539 atque
1328 1472 1525 1541 objecti
1548 1471 1676 1527 boni
1702 1472 1883 1543 specie

306 1562 558 1619 tanquam
589 1551 841 1609 illecebra
865 1555 1103 1623 quadam
1129 1556 1404 1612 hominem
1430 1559 1632 1615 mulcet
1655 1576 1669 1613 :
1690 1576 1879 1617 verum

302 1641 405 1696 sub
436 1642 597 1696 tinem
630 1642 684 1696 in
717 1644 921 1699 malum
956 1650 1286 1718 prorumpit.
1320 1648 1446 1705 llaec
1474 1660 1560 1706 est
1590 1651 1735 1705 enim
1767 1651 1883 1708 dia-

1988 456 2203 524 purgati
2232 461 2438 518 essent,
2469 452 2662 507 iterum
2688 468 2751 508 ac
2777 453 2958 521 tertio,
2982 464 3142 523 atque
3168 454 3303 509 adeo
3331 454 3558 510 assidue
3650 504 3657 513 .

1987 546 2390 618 purgarentur?
2416 545 2574 600 Nunc
2601 559 2730 600 vero
2755 548 2898 615 quod
2930 546 3113 601 eadem
3147 560 3234 601 res
3261 546 3553 603 identidem

1987 639 2365 708 repetebatur,
2433 637 2808 707 purgationem
2870 653 2990 694 eam
3050 639 3433 709 particularem
3493 655 3559 694 ac

1991 728 2210 783 brevem
2245 738 2298 783 et
2330 728 2592 784 caducam
2633 728 2802 783 fuisse
2825 731 3110 800 perspicue
3141 733 3339 800 arguit,
3361 746 3556 801 quem-

1986 820 2276 875 admodum
2308 829 2362 875 et
2390 819 2560 875 Paulo
2595 820 2789 890 placet.

2056 911 2176 966 Col.
2218 911 2315 965 57l
2361 910 2421 965 Β.
2465 910 2816 979 Baptizamur
2863 912 3038 979 Itodie,
3080 929 3143 967 ne
3191 929 3308 966 cras
3357 914 3406 967 vi
3454 913 3558 967 ali-

1987 1020 2128 1074 qua,
2183 1012 2289 1057 etc.
2341 1002 2407 1058 “.
2460 1001 2756 1073 Postquam
2812 1002 3124 1074 Theologus
3181 1005 3557 1074 superioribus

1985 1092 2171 1148 verbis
2205 1092 2269 1147 ad
2312 1092 2642 1163 baptismum
2672 1094 3078 1164 suscipiendum
3108 1109 3207 1150 nos
3235 1096 3557 1150 adhortatus

1985 1194 2108 1246 est,
2168 1199 2352 1248 nunc,
2408 1193 2466 1238 ut
2517 1184 2766 1239 celeriter
2820 1199 3040 1254 quoque
3097 1187 3200 1240 hoc
3252 1184 3556 1248 faciamus.

1986 1275 2265 1344 impellere
2312 1284 2560 1336 conatur,
2606 1275 2689 1330 his
2725 1277 2907 1331 verbis
2948 1288 3107 1332 utens
3153 1294 3168 1332 :
3210 1276 3557 1347 Baptizemur

1986 1367 2168 1432 hodie,
2200 1381 2270 1421 ne
2305 1380 2428 1421 cras
2462 1366 2510 1420 vi
2548 1365 2726 1435 aliqua
2769 1366 2976 1435 majore
3014 1381 3296 1436 cogamur,
3334 1374 3558 1436 urgente

1985 1458 2191 1514 scilicet
2240 1457 2454 1520 morbo,
2508 1455 2587 1510 vel
2643 1455 2750 1510 alio
2797 1457 3031 1525 qundam
3068 1456 3330 1527 periculo,
3362 1471 3425 1511 ac
3458 1471 3558 1510 nos

1988 1566 2086 1621 per
2129 1551 2239 1606 vim
2291 1550 2358 1605 ad
2412 1549 2747 1619 baptismum
2805 1550 3149 1617 pertrahente
3181 1567 3196 1605 :
3232 1558 3361 1604 tunc
3412 1550 3557 1604 enim

1987 1659 2097 1699 non
2130 1654 2237 1697 tam
2269 1641 2577 1712 baptizatur
2606 1640 2898 1710 quispiam,
2934 1655 3096 1711 quam
3134 1640 3400 1695 violenter
3431 1654 3556 1709 pre—

303 1730 409 1785 holi
446 1734 722 1801 pugnandi
760 1736 923 1802 ratio,
957 1708 1268 1808 'nempe’m
1310 1755 1410 1795 nos
1457 1742 1691 1798 obscure
1721 1752 1884 1815 atque
1916 1708 1957 1764 Β
1990 1732 2177 1787 mitur.
2205 1708 2520 1801 Baptismus
2554 1708 2873 1785 beneficium
2905 1708 3007 1795 est,
3035 1731 3325 1786 criminum
3362 1708 3558 1785 remis-

306 1824 521 1876 tit-culte
554 1826 923 1895 aggrediatur.
956 1829 1132 1897 Atque
1162 1831 1327 1885 etiam
1381 1831 1699 1901 Scripturas
1727 1836 1887 1891 callet

302 1910 578 1969 diabolus.
616 1912 754 1968 Ilinc
805 1916 972 1970 altera
1008 1918 1230 1987 quidem
1280 1935 1345 1974 ex
1402 1933 1552 1989 parte
1600 1939 1630 1977 a
1663 1923 1885 1981 Christo

305 1999 526 2063 dicitur.
579 2004 838 2073 scriptum
878 2014 981 2072 est,
1042 2007 1182 2073 Quia
1211 2026 1315 2064 non
1345 2011 1398 2064 in
1431 2013 1545 2067 solo
1584 2029 1718 2082 pane
1755 2016 1885 2071 vivet

306 2090 460 2144 homo
482 2094 555 2159 t';
585 2094 752 2149 altera
782 2105 964 2152 autem
989 2113 1053 2153 ex
1082 2110 1233 2169 parte
1259 2100 1378 2171 ipso
1406 2104 1585 2166 hoste,
1617 2106 1881 2176 scriptum

306 2193 410 2243 est.
433 2183 574 2250 Quia
598 2186 800 2254 angelis
823 2189 933 2242 suis
958 2191 1230 2246 mandabit
1252 2193 1316 2247 de
1353 2202 1402 2249 te
1418 2194 1483 2249 δ’.
1506 2197 1595 2262 At,
1614 2213 1647 2250 ο
1669 2199 1885 2268 sapiens

306 2275 374 2328 ad
397 2275 874 2342 malefaciendum,
898 2280 1094 2336 dixerit
1113 2282 1379 2339 Jeremias
1395 2287 1441 2318 “
1461 2288 1473 2340 Ξ
1497 2289 1540 2342 0
1560 2289 1676 2344 vitii
1692 2301 1885 2347 auctor

307 2377 361 2419 et
381 2370 657 2437 magister,
678 2370 807 2439 quid
830 2371 920 2424 tibi
940 2373 1156 2436 accidit,
1176 2386 1233 2429 ut
1252 2376 1562 2432 Davidicum
1579 2379 1781 2435 dictum
1800 2381 1886 2436 itt-

305 2464 513 2527 tegrum
544 2474 647 2511 non
677 2460 1023 2529 produxeris,
1059 2478 1246 2518 verum
1283 2468 1428 2534 quod
1456 2469 1702 2537 sequitur
1754 2487 1885 2541 sup-

309 2547 576 2616 pressetis
607 2568 618 2603 :
648 2549 819 2618 Super
865 2553 1099 2622 aspidem
1139 2564 1188 2609 et
1252 2558 1559 2614 basiliscum
1605 2562 1882 2617 ambulabo

302 2647 353 2692 et
374 2640 693 2696 conculcabo
716 2644 783 2708 ⁸¹,
806 2653 859 2700 et
885 2645 1039 2715 juxta
1067 2646 1266 2703 Christi
1292 2652 1396 2704 mei
1420 2655 1770 2721 promissum,
1789 2671 1886 2725 po-

311 2737 560 2784 testatem
594 2732 856 2802 accipiam
903 2735 1150 2789 catcuudi
1186 2753 1343 2806 super
1374 2752 1634 2809 serpentes
1659 2753 1707 2798 et
1739 2760 1883 2798 scor-

302 2821 506 2891 piones,
534 2833 582 2876 et
610 2840 811 2878 omnem
833 2828 1120 2894 potentiam
1144 2829 1344 2884 inimici
1363 2832 1429 2884 ".
1450 2831 1603 2897 Quod
1621 2835 1666 2890 si
1693 2850 1884 2890 rursus

307 2921 362 2966 te
390 2928 484 2981 per
516 2915 798 2969 avaritiam
834 2916 1090 2986 frangere
1118 2934 1183 2975 ac
1212 2936 1471 2992 superare
1501 2923 1736 2981 adnixus
1766 2923 1885 2982 fue-

1986 1824 2194 1880 sionem
2218 1822 2474 1877 afferens.
2498 1820 2695 1888 Quare,
2717 1837 2823 1875 non
2847 1822 3070 1891 perinde
3090 1832 3251 1892 atque
3272 1822 3552 1893 injuriam,

1986 1918 2032 1973 si
2056 1915 2348 1972 confestim
2379 1915 2741 1984 baptizemur,
2771 1915 3067 1981 accepturi,
3095 1915 3418 1970 beneficium
3453 1916 3557 1969 hoc

1986 2010 2041 2063 in
2077 2007 2296 2078 longius
2329 2015 2542 2075 tempus
2575 2005 2910 2076 rejiciamus,
2964 2021 3137 2076 neque
3178 2015 3556 2075 exspectemus

1986 2101 2113 2155 dum
2154 2099 2305 2170 plura
2336 2107 2555 2169 peccata
2601 2099 3060 2168 congesserimus,
3093 2105 3154 2152 ut
3188 2099 3345 2169 plura
3395 2096 3555 2152 nobis

1984 2193 2383 2249 condonentur.
2435 2191 2547 2248 Nec
2592 2191 2873 2247 Christum
2921 2205 3314 2259 cauponemur,
3366 2189 3551 2244 diven-

1984 2285 2176 2340 dentes
2225 2284 2528 2349 Christum,
2586 2286 2691 2340 hoc
2742 2290 2844 2347 est,
2890 2282 3094 2338 Christi
3148 2281 3479 2351 baptismum
3537 2296 3552 2333 :

1984 2374 2130 2445 quod
2184 2374 2404 2444 quidem
2459 2374 2672 2439 accidit,
2713 2387 2836 2428 cum
2894 2388 2988 2441 per
3044 2372 3379 2443 voluptatum
3436 2369 3553 2427 ille-

1985 2468 2174 2523 cebras
2220 2482 2344 2522 eum
2381 2465 2696 2536 prodimus.
2733 2462 2844 2520 Nec
2879 2462 3157 2518 Christum
3192 2477 3553 2530 emercemur,

1985 2561 2089 2615 hoc
2123 2566 2227 2624 est,
2257 2556 2510 2628 baptismi
2562 2557 2791 2626 gratiam
2820 2556 2966 2610 velut
2997 2555 3169 2624 pretio
3199 2553 3549 2620 redimentes,

1984 2663 2216 2719 eamque
2246 2648 2421 2702 morbi
2444 2656 2538 2702 aut
2567 2646 2709 2702 alius
2739 2644 3023 2715 cujusdam
3055 2645 3282 2713 periculi
3310 2654 3556 2713 tempore

1988 2737 2337 2808 acquirentes
2366 2753 2382 2804 ;
2418 2736 2657 2806 κάπηλοι
2693 2735 2836 2790 enim
2868 2734 3125 2789 dicuntur
3149 2733 3239 2802 qui
3272 2732 3510 2787 vendunt
3537 2769 3552 2793 .

1985 2828 2219 2899 ἔμποροι
2263 2835 2446 2882 autem
2521 2827 2613 2896 qui
2666 2833 2875 2881 emunt.
2933 2821 3262 2889 Timeamus,
3313 2838 3381 2877 ne
3424 2823 3553 2877 dum

1984 2918 2373 2987 redemptionis
2406 2931 2470 2972 ac
2502 2916 2674 2972 venite
2710 2931 2805 2985 spe
2836 2915 3003 2970 multa
3044 2916 3169 2970 vitia
3207 2914 3365 2970 nobis
3400 2915 3555 2970 colli-

306 3004 401 3067 rit,
434 3015 598 3076 atque
629 3008 867 3064 ostensis
915 3025 1025 3065 uno
1064 3014 1325 3084 temporis
1377 3026 1654 3072 momento
1697 3021 1880 3091 regnis

1987 3008 2186 3078 gimus,
2238 3008 2311 3063 ita
2359 3017 2642 3077 peccatum
2697 3020 3038 3078 aggeramus,
3081 3014 3140 3059 ut
3173 3006 3554 3062 remissionem

305 3097 562 3153 omnibus
602 3099 975 3155 adorationem
1009 3119 1038 3156 a
1073 3113 1123 3159 te
1167 3107 1426 3171 exegerit,
1458 3122 1583 3161 eum
1634 3119 1693 3163 ttt
1738 3124 1875 3179 pau-

308 3201 492 3256 perem
524 3203 837 3258 aspernare.
872 3190 1065 3246 Omnia
1100 3197 1244 3247 enim
1277 3195 1369 3249 Dei
1400 3206 1548 3262 sunt,
1585 3213 1687 3253 nec
1716 3199 1879 3268 quid-

306 3292 473 3346 quam
506 3279 700 3334 diaboli
747 3291 944 3350 praeter
976 3283 1190 3339 vitium.
1226 3286 1341 3354 Dic,
1373 3286 1652 3343 Christum
1685 3289 1875 3353 indui;

306 3368 384 3422 ait
417 3370 558 3423 enim
605 3373 899 3441 Apostolus
933 3393 946 3429 :
985 3375 1250 3446 Quotquot
1279 3378 1336 3431 in’
1360 3377 1573 3433 Christo
1620 3382 1882 3449 baptizati

301 3461 452 3525 estis,
483 3460 585 3515 hoc
612 3473 713 3527 est,
744 3475 1010 3534 quthuot
1036 3466 1193 3535 juxta
1222 3467 1421 3523 Christi
1456 3470 1562 3523 vim
1595 3486 1658 3525 ac
1684 3479 1876 3540 poten-

300 3552 458 3615 tiam,
491 3554 807 3608 firmissimo
834 3557 1087 3625 prmsidio
1118 3557 1364 3614 homines
1391 3562 1875 3628 eommunicntem,

300 3642 553 3697 induisti:
586 3645 654 3708 ⁸³,
689 3646 768 3699 vel
800 3647 963 3702 etiam
993 3665 1109 3702 eam
1143 3649 1347 3705 Christi
1381 3650 1609 3707 formam
1640 3665 1692 3709 et
1726 3655 1880 3710 simi-

299 3732 604 3798 Iitudinem,
654 3753 818 3806 quam
872 3738 1178 3811 baptismus
1229 3740 1537 3811 insculpsit.
1568 3743 1627 3797 In
1661 3744 1878 3800 Christo

302 3835 703 3881 transmutatus
755 3844 900 3891 sum,
953 3831 1055 3885 hoc
1103 3842 1208 3897 eSt,
1264 3833 1703 3890 transformatus.
1756 3834 1877 3905 Ipse

301 3930 519 3987 quoque
573 3919 666 3972 Dei
707 3920 888 3990 imago
921 3936 1068 3987 sum,
1120 3940 1297 3993 neque
1335 3940 1364 3977 a
1413 3942 1647 3997 superna
1701 3928 1875 3998 gloria

300 4018 520 4078 propter
568 4011 882 4079 superbiam
939 4013 1117 4069 adhuc
1169 4017 1368 4079 excidi,
1415 4018 1872 4086 quemadmodum

301 4101 421 4166 tibi,
454 4102 699 4171 improbe
730 4102 979 4173 spiritus,
1012 4107 1228 4161 accidit.
1264 4107 1375 4163 Hac
1407 4111 1657 4166 oratione
1684 4112 1876 4166 adver-

298 4192 481 4247 sarius
528 4192 905 4262 profligabitur
937 4212 1000 4250 ac
1031 4198 1381 4267 propelletur,
1416 4201 1873 4269 quemadmodum

298 4297 327 4335 a
359 4282 577 4337 Christo
611 4286 874 4353 primario
928 4288 1132 4342 lumine
1154 4328 1170 4352 ,
1210 4288 1285 4344 ita
1315 4292 1476 4345 etiam
1511 4292 1581 4346 ab
1612 4292 1697 4348 his
1724 4295 1815 4364 qui
1846 4310 1876 4348 a

1984 3101 2201 3157 interim
2253 3115 2360 3156 non
2415 3115 2839 3170 consequamur.
2891 3097 3343 3169 Quandoquidem
3398 3101 3556 3155 navis

1982 3193 2245 3247 mercium
2326 3193 2540 3260 pondus
2604 3192 2788 3261 aliquo
2842 3205 3017 3261 usque
3091 3190 3279 3245 suﬂ‘ert
3338 3208 3354 3245 :
3410 3191 3556 3248 u'tra

1983 3283 2203 3338 modum
2232 3292 2410 3337 autem
2451 3292 2673 3337 onerata
2703 3282 3050 3351 deprimitur.
3079 3283 3343 3351 aquisque
3369 3283 3557 3337 obrui-

1984 3386 2093 3432 tur.
2148 3375 2472 3440 Careamus,
2529 3390 2596 3429 ne
2642 3388 2765 3428 cum
2821 3372 3019 3427 similia
3076 3373 3165 3438 iis,
3204 3382 3366 3444 atque
3414 3374 3553 3430 adeo

1983 3466 2138 3523 venia
2175 3466 2383 3537 majora
2429 3475 2483 3522 et
2514 3466 2760 3537 graviora
2797 3463 3001 3535 ﬂagitia
3038 3466 3554 3535 perpetraverimus,

1982 3568 2274 3628 antequam
2332 3565 2581 3628 speratos
2636 3565 2830 3627 portus
2881 3559 3195 3626 conspicere
3248 3570 3552 3627 queamus,

1984 3648 2332 3716 naufragium
2369 3648 2656 3712 faciamus,
2687 3660 2751 3700 ac
2793 3657 2967 3701 morte
2999 3646 3249 3716 praerepti
3282 3647 3555 3717 baptismo

1983 3741 2295 3797 multemur.
2344 3738 2485 3806 Quid
2534 3749 2747 3809 tempus
2792 3738 2923 3793 illud
2974 3748 3279 3808 exspectas,
3333 3740 3389 3794 in
3443 3754 3553 3811 quo

1980 3847 2222 3904 persaepe
2272 3845 2341 3886 ne
2419 3829 2648 3885 rationis
2701 3831 2921 3901 quidem
2979 3831 3152 3900 ipsius
3207 3846 3429 3902 compos
3496 3847 3557 3887 es

1983 3924 2162 3995 (multi
2190 3923 2334 3977 enim
2352 3937 2416 3978 ex
2445 3920 2612 3976 febris
2641 3930 2777 3976 aestu
2812 3922 3079 3976 insaniam
3116 3924 3556 3990 contraxerunt),

1981 4017 2204 4086 quando
2231 4024 2284 4070 et
2313 4015 2497 4084 lingua
2537 4012 2708 4069 fracta
2739 4022 2794 4067 et
2822 4012 3099 4067 debilitata
3133 4020 3237 4077 est,
3275 4027 3373 4067 nec
3405 4015 3558 4067 salu-

1984 4109 2143 4164 tifera
2180 4108 2339 4161 verba
2395 4106 2642 4177 proloqui
2679 4110 2879 4173 potest,
2913 4116 3037 4156 cum
3072 4102 3198 4166 alia,
3249 4111 3362 4156 tum
3409 4104 3553 4173 quod

1982 4201 2198 4257 Satanae
2258 4199 2509 4252 nuntium
2573 4195 2841 4271 remittis,
2898 4204 2953 4249 et.
3010 4192 3214 4249 Christi
3272 4194 3554 4251 ordinibus

1982 4288 2333 4361 adjungeris?
2362 4288 2432 4345 Ut
2462 4287 2597 4342 nihil
2627 4287 2847 4358 gravius
2872 4286 3072 4350 dicam,
3100 4285 3241 4341 velut
3272 4287 3417 4358 quod
3451 4301 3552 4341 nec

296 4371 518 4427 Christo
541 4374 844 4431 eollustratt
874 4377 1096 4433 fuerint.
1127 4378 1281 4435 Hane
1310 4380 1540 4448 gratiam
1568 4382 1636 4437 iis
1662 4383 1875 4439 confert
1903 4374 1956 4434 D
1984 4384 2041 4438 in
2099 4381 2298 4437 coelum
2337 4393 2532 4434 manus
2585 4378 2833 4433 attollere
2884 4386 3036 4447 potes
3060 4418 3075 4443 ,
3134 4392 3233 4433 nec
3288 4380 3339 4432 in
3392 4378 3553 4446 pedes

293 4463 626 4533 baptismus,
678 4467 772 4536 qui
830 4469 1003 4537 ipsius
1050 4470 1280 4538 gratiam
1317 4480 1646 4539 agnoscunt.
1690 4471 1875 4542 Bapti-

296 4570 489 4609 Zt'lnttl‘
522 4556 705 4624 itaque
739 4567 796 4610 ut
832 4559 1113 4614 victoriam
1148 4560 1450 4616 referamus
1484 4577 1499 4615 :
1528 4564 1879 4635 quandoqui-

301 4647 423 4700 dem
458 4645 708 4703 Christus
743 4658 866 4719 post
905 4651 1239 4721 baptismum
1277 4660 1602 4707 tentatorem
1661 4669 1879 4722 posua-

295 4737 393 4800 vit,
443 4754 566 4792 eum
621 4747 731 4794 tres
782 4742 881 4811 ipsi
938 4744 1266 4798 tentationes
1315 4743 1678 4805 adhibuisset.
1734 4746 1875 4816 gulae

296 4831 529 4898 scilicet,
566 4832 747 4886 inanis
773 4833 979 4903 gloriae,
1010 4844 1062 4889 et
1092 4834 1354 4890 avaritiae.
1386 4832 1746 4903 Lustralium,
1777 4851 1873 4891 seu

300 4924 579 4993 baptismi,
612 4942 878 4995 aquarum
917 4928 1209 4996 participes
1257 4927 1456 4992 simus,
1506 4942 1630 4998 qua:
1659 4928 1877 4998 quidem

299 5016 566 5085 legalibus
602 5016 1016 5087 purgationibus
1060 5017 1466 5088 praestantiores
1501 5030 1654 5083 sunt,
1689 5035 1882 5090 nempe

303 5107 565 5176 hyssopo,
594 5111 881 5178 sanguine,
909 5118 962 5164 et
986 5111 1168 5164 cinere
1199 5110 1404 5174 vitulte,
1436 5125 1556 5179 qua:
1583 5126 1613 5165 a
1643 5122 1880 5174 mortuo.

297 5200 382 5252 vel
418 5199 655 5268 leproso,
689 5200 771 5256 vel
802 5203 909 5257 alia
938 5202 1170 5272 quadam
1210 5202 1523 5271 hujusmodi
1558 5219 1616 5257 re
1646 5204 1882 5272 pollutos

298 5301 350 5347 et
415 5293 729 5364 inquinatos
803 5298 1163 5365 aspergebat.
1250 5309 1559 5365 corpusque
1620 5294 1883 5349 duntaxat

295 5389 588 5458 purgabat,
617 5386 780 5457 idque
806 5385 875 5441 ad
906 5386 1070 5443 breve
1102 5396 1336 5459 tempus.
1362 5385 1497 5443 Nam
1523 5388 1567 5443 si
1596 5398 1877 5458 peccatum

375 5588 417 5619 "
452 5587 641 5643 Matth.
676 5605 751 5653 tv,
781 5590 834 5644 1.
914 5589 957 5621 “
984 5589 1140 5645 Joan.
1179 5606 1231 5644 Vl
1286 5589 1374 5652 '55,
1418 5590 1507 5644 55.

302 5656 390 5712 i9.
468 5659 515 5691 ⁸³
549 5659 728 5715 Gal-ot.
753 5676 837 5724 tu,
865 5659 957 5713 9.7.
1034 5660 1081 5691 “
1120 5662 1280 5714 Ilebr.
1318 5674 1409 5723 vn,
1442 5661 1532 5714 27.

628 5756 881 5815 PATROL
948 5748 1063 5813 GR.
1115 5751 1418 5813 CXXVII.

1585 5588 1632 5621 “
1664 5586 1809 5645 Psal.
1845 5602 1934 5655 xc,
1958 5586 2042 5643 Η.

1983 4487 2301 4541 exsurgere,
2359 4485 2459 4525 nec
2509 4468 2851 4525 adorationis
2901 4483 3066 4524 causa
3123 4483 3260 4537 genu
3314 4468 3552 4523 flectere.

1982 4563 2254 4631 Quocirca
2310 4563 2375 4616 ad
2438 4562 2807 4631 baptismum,
2868 4561 3013 4614 velut
3065 4560 3131 4613 ad
3188 4559 3553 4625 beneficium,

1980 4664 2240 4709 contento
2268 4662 2320 4708 et
2368 4654 2535 4708 citato
2584 4667 2746 4708 cursu
2786 4666 3036 4722 propera,
3072 4652 3312 4721 quandiu
3344 4663 3397 4705 et
3425 4665 3551 4704 cor-

1983 4762 2113 4817 pore
2159 4756 2215 4801 et
2263 4747 2448 4801 animo
2500 4745 2691 4806 vales.
2744 4758 2845 4799 nec
2895 4746 2950 4799 in
3003 4743 3234 4798 aliorum
3288 4750 3552 4813 potestate

1987 4839 2191 4893 bonum
2233 4849 2385 4894 tuum
2432 4838 2599 4892 situm
2647 4844 2752 4901 est,
2795 4836 2896 4891 hoc
2945 4844 3049 4902 est,
3098 4842 3452 4904 cognatorum
3498 4846 3555 4889 et

1990 4946 2191 5000 genere
2220 4929 2675 4999 propinquorum,
2701 4941 2888 4980 verum
2921 4926 2998 4980 tui
3029 4925 3201 4994 ipsius
3226 4935 3309 4979 est
3341 4923 3553 4978 arbitrii

1991 5025 2091 5078 hoc
2124 5020 2471 5085 beneficium,
2508 5020 2774 5074 hactenus
2808 5017 3033 5083 scilicet,
3068 5027 3127 5073 ut
3160 5018 3244 5073 vel
3291 5017 3552 5088 accipias,

1984 5112 2066 5165 vel
2130 5111 2411 5180 repudies.
2473 5110 2724 5176 Quandiu
2791 5109 2916 5164 fidei
2980 5108 3233 5178 pietatem
3293 5109 3552 5178 consequi

1985 5211 2160 5272 potes,
2197 5202 2403 5256 nullam
2433 5201 2686 5256 videlicet
2712 5199 3110 5256 dubitationem
3142 5200 3339 5254 animis
3369 5216 3554 5256 eorum

1984 5296 2076 5364 qui
2138 5297 2338 5350 adsunt
2383 5294 2654 5364 injiciens,
2706 5296 3113 5365 baptismumne
3170 5297 3435 5361 senseris,
3488 5313 3553 5350 an

1982 5402 2106 5442 vero
2145 5387 2297 5443 nullo
2350 5403 2542 5442 eorum
2608 5402 2728 5456 quae
2770 5398 3028 5457 gerantur
3078 5402 3243 5442 sensu
3286 5388 3556 5451 alliciat-is,

2119 5587 2166 5619 ⁸⁸
2193 5583 2395 5643 Jerem.
2430 5602 2503 5654 tv,
2534 5586 2629 5641 22.
2703 5586 2746 5617 "
2779 5586 2923 5641 Psal.
2962 5602 3046 5651 ac,
3100 5588 3187 5642 15.
3261 5587 3307 5619 ⁸¹
3341 5585 3474 5640 Luc.
3500 5598 3557 5647 ι.

3127 5744 3199 5803 40
