4032 6198
557 314 693 387 1959

2005 313 2384 377 ADDENDA.

3637 312 3735 376 1280

552 451 741 493 verum
790 450 833 488 ε·
859 443 939 489 rto
994 443 1156 503 atque
1210 430 1521 486 indubitato
1559 443 1679 484 eam
1723 427 1954 498 gratiam
2008 440 2134 496 per-
2166 430 2210 484 Α
2241 439 2305 481 ac
2331 426 2621 481 sanitatem
2656 426 2814 496 quasi
2849 425 2956 479 lata
2990 423 3259 479 sententia
3291 426 3595 493 pronuntiat.
3623 427 3674 481 At
3698 440 3736 480 ιιι

470 518 475 523 ’
553 526 761 596 tipiens
803 539 815 576 :
857 539 955 576 nec
998 521 1405 575 miserationem
1455 532 1681 571 movens
1733 527 1790 570 ut
1839 529 2003 568 sensu
2047 529 2133 567 or-

553 618 734 681 batus,
763 616 855 671 sed
887 612 1305 685 gratulationem
1339 619 1391 662 et
1424 609 1662 672 laudent,
1699 616 1755 659 ut
1786 606 2005 659 caeleste
2035 605 2136 659 hoc

553 709 758 763 donum
801 706 969 776 probe
1020 703 1286 760 sentiens.
1343 699 1595 767 Quanditt
1651 698 2001 767 perspicuum
2036 695 2134 749 tibi

553 800 758 853 donum
789 808 875 851 est
922 804 979 849 et
1007 805 1393 864 spontaneum,
1428 806 1491 844 ac
1525 804 1629 842 non
1667 804 1719 841 ttt
1770 786 1936 841 dubio
1987 796 2136 849 sunt,

553 890 647 959 qui
688 900 739 943 te
767 888 1146 949 circumstant,
1178 898 1244 939 an
1276 883 1369 937 tibi
1404 870 1743 952 perspectum
1772 893 1833 932 ac
1857 878 2135 948 cognitum

554 981 737 1045 fuerit,
779 994 969 1035 necne.
1008 976 1143 1032 Nam
1177 978 1223 1031 si
1252 980 1355 1030 hoc
1388 974 1711 1045 mysterium
1747 971 1988 1026 sentiens
2018 970 2141 1022 laeto

554 1081 717 1141 atque
775 1070 933 1125 hilari
999 1070 1186 1124 animo
1251 1067 1582 1135 baptismum
1653 1063 1934 1133 suscipis,
1994 1072 2142 1115 certe

555 1163 813 1217 intimum
851 1170 1042 1230 pectus
1074 1170 1238 1230 atque
1284 1159 1524 1213 animam
1565 1156 1737 1227 gratia
1791 1154 1966 1225 tetigit
2005 1169 2019 1207 :
2055 1154 2139 1207 sin

556 1262 735 1307 autem
776 1268 883 1307 nou
941 1267 1267 1323 agnoscens,
1302 1251 1414 1319 jam
1469 1264 1572 1304 nec
1622 1248 1930 1317 baptismus
1956 1247 2144 1316 bapti-

558 1358 713 1400 stnus
735 1354 837 1409 est,
858 1360 1048 1398 verum
1081 1342 1324 1397 funebris
1359 1342 1623 1396 duntaxat
1655 1341 1901 1410 corporis
1938 1338 2142 1393 ablmio

556 1438 808 1492 efﬁcitur.
860 1436 1114 1504 Quandiu
1166 1438 1313 1492 circa
1363 1444 1417 1489 te
1470 1436 1757 1505 propinqui
1808 1445 1862 1488 et
1911 1448 2144 1487 consan-

560 1531 741 1599 guinei
798 1530 1069 1601 laerymas
1109 1544 1215 1583 non
1252 1529 1486 1582 fundunt
1538 1528 1729 1582 mortis
1786 1526 2014 1589 indices,
2063 1526 2144 1578 vel

559 1622 727 1675 etiam
760 1623 941 1691 potius
991 1636 1087 1678 cas
1136 1622 1385 1676 inhibent
1433 1637 1497 1675 ac
1549 1622 1872 1691 reprimunt,
1909 1637 1976 1674 ne
2010 1631 2059 1675 te
2089 1620 2142 1674 in

560 1714 866 1785 graviorem
914 1729 1206 1772 tumrorem
1243 1729 1307 1768 ac
1336 1714 1777 1786 desperationem
1826 1713 2145 1784 conjiciunt,

2244 534 2312 575 ne
2359 520 2661 586 committe,
2696 528 2754 574 ut
2803 519 3112 588 ltujusmodi
3165 517 3414 573 sudorem
3463 533 3741 590 exspectans,

2246 612 2519 683 baptismo
2562 627 2768 667 moram
2805 611 3138 679 interponas,
3170 612 3365 680 quippe
3394 628 3509 666 cum
3549 614 3739 668 accidere

2247 704 2443 774 possit,
2478 715 2537 758 ut
2566 719 2667 773 pro
2695 719 2759 757 co
2794 702 3009 756 lcthalis
3049 702 3216 756 sudor
3248 711 3299 755 te
3327 703 3583 773 corripiat,
3626 721 3741 774 quem

2246 797 2557 868 egrediente
2584 797 2763 852 anima
2797 812 2996 864 corpus
3028 796 3080 849 in
3111 804 3355 850 extremo
3385 812 3568 867 angore
3594 798 3746 862 ιιιιιιιι,

2248 891 2536 960 prmsentis
2589 890 2709 944 vitae
2756 894 2914 944 finem
2964 888 3308 944 clamantem.
3356 888 3492 955 Quin
3540 893 3747 961 petiuste

2250 986 2426 1055 ipsum
2465 984 2882 1048 commiserare,
2917 984 3012 1051 qui
3062 981 3392 1038 inﬁrmitatis
3433 984 3607 1039 anima:
3643 1000 3751 1037 euin-

2253 1073 2610 1133 modi'ssitnus
2653 1092 2713 1132 es
2749 1076 3017 1131 medicus.
3063 1074 3200 1128 Dum
3239 1076 3472 1131 secundo
3516 1085 3651 1130 ventu
3684 1092 3750 1129 na-

2252 1171 2437 1241 vigas,
2495 1172 2617 1224 vitze
2679 1168 3071 1240 tranquiliitate
3128 1183 3193 1222 ac
3248 1167 3542 1223 valetudine
3596 1168 3752 1236 integra

2253 1260 2466 1325 fruens,
2521 1260 2778 1329 baptismi
2836 1258 3184 1330 naufragium
3244 1276 3256 1311 :
3318 1259 3455 1328 quod
3508 1270 3659 1312 morte
3700 1262 3756 1321 tit,

2254 1353 2421 1419 time;
2458 1353 2532 1408 ita
2569 1353 2680 1415 fiet,
2720 1362 2777 1407 ut
2805 1354 2957 1408 nullo
2990 1352 3160 1406 modo
3194 1351 3524 1422 naufragium
3562 1352 3757 1420 patiaris.

2254 1444 2390 1515 Nam
2418 1445 2465 1500 si
2499 1445 2770 1508 timueris,
2802 1443 3054 1515 proferto
3080 1443 3460 1513 baptizaberis.
3489 1441 3614 1497 Lzete
3639 1452 3761 1511 atque

2256 1532 2509 1587 hilariter
2537 1533 2846 1603 bapzismus
2872 1532 3213 1598 celebretur,
3241 1533 3292 1585 in
3321 1533 3551 1586 sanitate.
3569 1531 3764 1585 videlicet

2255 1634 2307 1681 et
2333 1625 2536 1695 gaudio
2566 1640 2597 1681 a
2630 1634 2681 1680 te
2715 1634 3029 1695 susceptus,
3063 1639 3175 1678 non
3211 1632 3387 1678 autem
3416 1620 3665 1684 debeatur,
3690 1620 3765 1675 hoc

2258 1728 2362 1784 est,
2410 1733 2520 1773 non
2567 1718 2619 1771 in
2665 1717 2858 1773 morbo
2904 1717 3189 1788 animique
3238 1731 3463 1771 mret-ore
3504 1716 3765 1784 accipiatur.

563 1805 710 1861 velut
740 1820 804 1861 ea
856 1822 913 1862 re
950 1815 1182 1861 mortem
1239 1806 1335 1861 tibi
1390 1807 1679 1877 perspicue
1728 1806 2138 1862 denuntiantes.
2181 1793 2230 1855 Β
2258 1809 2368 1866 Nec
2421 1810 2678 1880 baptismi
2733 1810 2993 1864 talentum
3046 1811 3147 1865 abs
3193 1819 3243 1864 te
3288 1808 3590 1875 defodiatur,
3633 1809 3767 1877 primo

561 1896 815 1963 Quandiu
852 1912 959 1951 non
1015 1911 1156 1951 uxor
1186 1905 1240 1951 et
1273 1897 1428 1952 liberi
1476 1912 1703 1967 peregre
1746 1896 2036 1951 abeuntem
2082 1896 2147 1949 ad

564 2004 683 2042 sese
729 1994 1077 2053 convertunt,
1117 1988 1306 2043 ultima
1343 1990 1507 2043 verba
1556 2003 1620 2042 ex
1669 1997 1720 2042 te
1768 1988 1959 2043 audire
1988 2003 2152 2058 expe-

569 2088 764 2144 tentes,
815 2081 981 2151 idqnc
1031 2089 1206 2135 morte
1255 2080 1555 2152 adurgente
1589 2092 1755 2150 atque
1789 2081 2150 2136 accolcraute.

565 2173 817 2238 Quandiu
876 2188 982 2227 non
1041 2181 1094 2227 te
1147 2187 1243 2242 per
1297 2172 1623 2241 imperitiam
1679 2172 1816 2226 fallit
1868 2172 2150 2237 medicus,

565 2264 907 2333 ingruentem
942 2272 1106 2333 atque
1133 2264 1273 2319 adeo
1314 2272 1586 2319 astantem
1624 2263 1735 2334 jam
1781 2275 2008 2319 mortem
2044 2280 2150 2318 non

567 2369 818 2420 cernens,
854 2370 1043 2410 verum
1095 2355 1193 2409 tibi
1244 2356 1409 2410 horas
1444 2355 1566 2409 vitae
1614 2356 1876 2425 largiens,
1928 2357 2155 2425 perinde

570 2454 735 2517 atque
782 2461 950 2517 penes
1001 2446 1179 2517 ipsum
1233 2448 1528 2503 arbitrium
1563 2462 1758 2504 earum
1811 2464 1877 2504 ac
1912 2458 2158 2519 p0testas

569 2538 661 2592 sit.
692 2537 794 2604 Qui
826 2539 990 2593 etiam
1043 2538 1210 2594 dubio
1238 2540 1435 2610 capitis
1466 2549 1602 2595 nutu
1633 2540 1855 2597 dubiam
1889 2556 1955 2597 ac
1979 2542 2157 2596 anthi-

571 2644 732 2699 guam
785 2629 879 2685 tibi
929 2629 1161 2685 salutem
1208 2629 1360 2695 facit,
1410 2644 1467 2685 ut
1509 2632 1611 2687 hac
1664 2641 1782 2688 arte
1833 2644 2155 2704 sequentem

574 2729 761 2790 postea
794 2720 1281 2791 reprehensionem
1317 2732 1479 2790 atque
1526 2725 1762 2779 inscitize
1812 2726 2070 2793 probrum
2107 2735 2159 2780 et

576 2813 991 2868 insectationem
1045 2812 1242 2883 fugiat,
1292 2824 1456 2883 atque
1491 2827 1617 2870 ante
1671 2828 1898 2871 mortem
1936 2816 2155 2886 quidem

577 2902 782 2957 recedit
812 2903 915 2973 (vel
953 2903 1315 2972 copiosiorem
1368 2909 1675 2960 mercedem
1712 2922 1807 2975 per
1845 2907 2161 2975 ltujusmodi

578 3010 853 3050 recessum
904 3010 1249 3066 exposcens,
1306 3000 1389 3051 vel
1445 2998 1765 3067 signiﬁcans
1817 3014 1876 3053 se
1930 3000 2159 3054 salutem

579 3096 726 3141 tuam
761 3102 858 3156 pro
879 3087 1166 3158 desperata
1199 3104 1264 3145 ac
1290 3088 1568 3159 deplorata
1601 3092 1823 3156 habere,
1846 3106 1910 3147 ac
1933 3092 2162 3163 proinde

2257 1918 2481 1974 quoque
2518 1910 2767 1971 tempore
2816 1900 3032 1971 scilicet
3085 1902 3355 1955 morituro
3387 1918 3399 1953 :
3429 1914 3597 1953 verum
3641 1914 3766 1966 nego-

2261 1994 2494 2049 tiatione
2523 2003 2759 2061 crescat,
2810 2009 2910 2063 per
2952 1994 3119 2049 vitam
3157 2004 3279 2065 post
3321 1993 3621 2063 baptismum
3663 2002 3771 2045 recte

2260 2104 2324 2144 ac
2350 2088 2609 2157 przeclare
2634 2087 2962 2144 institutam.
2987 2086 3133 2141 luter
3161 2087 3483 2158 baptismum
3505 2094 3552 2138 ct
3572 2092 3765 2144 mortem,

2263 2182 2471 2250 aliquid
2522 2183 2785 2252 temporis
2822 2181 3148 2244 intercedat,
3199 2188 3257 2234 ut
3291 2195 3395 2234 non
3442 2179 3590 2233 modo
3626 2191 3767 2232 sacra-

2267 2284 2507 2329 mentum
2551 2282 2605 2329 ct
2637 2283 2988 2344 peccatorum
3036 2273 3436 2339 remissionem,
3468 2287 3611 2341 quam
3640 2271 3771 2339 bapti-

2264 2382 2419 2423 smus
2465 2366 2644 2434 affert,
2696 2366 2900 2421 habeas
2944 2381 3186 2420 :verum
3235 2367 3394 2420 etiam
3440 2364 3701 2419 mercedem
3727 2376 3772 2414 ac

2266 2460 2768 2515 remunerationem
2824 2460 3083 2531 accipias,
3141 2469 3202 2515 ut
3252 2458 3343 2529 qui
3396 2458 3597 2512 virtutis
3634 2455 3772 2509 studio

2267 2552 2607 2607 incubueris.
2674 2550 2812 2605 Nam
2851 2565 3055 2620 parva:
3114 2549 3339 2620 quidem
3397 2557 3547 2617 atque
3602 2546 3773 2613 abjeetze

2269 2646 2468 2700 anima:
2517 2643 2840 2713 praeclarum
2898 2649 3166 2698 censetur
3218 2657 3431 2712 pmnatn
3484 2639 3633 2695 solam
3676 2635 3775 2691 effu-

2270 2751 2398 2806 gere
2428 2754 2444 2789 ς
2477 2744 2535 2790 at
2564 2736 2655 2805 qui
2690 2734 2859 2789 animi
2894 2734 3278 2805 magnitudine
3313 2732 3557 2804 prteditus
3584 2738 3673 2793 est,
3697 2740 3773 2780 non

2270 2828 2433 2880 modo
2488 2827 2725 2882 salutem
2779 2835 2833 2879 et
2890 2827 3148 2890 veniam,
3214 2826 3305 2881 sed
3361 2824 3525 2893 majus
3573 2820 3771 2891 quidlam

2269 2919 2432 2973 etiam
2468 2919 2684 2989 quaerit,
2728 2918 3005 2972 ewlestem
3054 2931 3252 2986 nempe
3291 2916 3509 2987 gloriam
3550 2922 3597 2967 et
3634 2909 3771 2978 splen-

2271 3008 2481 3064 dorem.

2343 3101 2459 3155 Col.
2489 3100 2594 3155 δτι
2615 3100 2676 3156 C.
2707 3104 2828 3156 Tres
2880 3102 3021 3155 enim
3053 3116 3236 3154 eorum
3270 3102 3370 3171 qui
3417 3098 3618 3153 salutem
3645 3106 3775 3146 Cum!-

579 3193 681 3233 "ec
728 3179 921 3235 ades”
970 3181 1135 3252 νθίιθ)
1186 3193 1309 3252 PO“
1345 3192 1574 3237 ίηυτιυίη
1627 3192 1809 3237 amem
1857 3184 1926 3239 de
1976 3188 2164 3239 ιηονῠο
2189 3151 2235 3213 C
2271 3205 2528 3267 quuntur,
2558 3204 2667 3250 etc.
2707 3192 3026 3250 Postremus
3074 3207 3268 3247 eorum
3292 3151 3393 3262 ἰιιιὶ
3428 3201 3610 3245 aeterna
3643 3185 3771 3240 salute

580 3272 844 3342 disputat,
871 3288 958 3339 ac,
992 3289 1058 3329 ne
1097 3276 1232 3329 artis
1266 3289 1463 3345 expers
1509 3284 1562 3329 et
1613 3276 1838 3345 ignarus
1892 3277 2164 3341 videatur,

578 3378 778 3419 causas
806 3365 1072 3435 quasdam
1108 3365 1334 3435 profert,
1372 3368 1586 3430 dicens,
1622 3370 1669 3421 si
1704 3369 1806 3422 hoc
1840 3376 2006 3439 atque
2038 3370 2168 3423 illttd

581 3455 803 3512 fecisset
849 3458 937 3513 hic
965 3458 1150 3526 homo,
1200 3459 1628 3529 haudquaquam
1655 3474 1686 3513 e
1714 3459 1819 3515 vita
1857 3461 2167 3530 tnigrasset.

587 3546 930 3620 Baptismum
983 3551 1225 3620 suscipe,
1277 3552 1521 3621 quandiu
1576 3551 1804 3606 minime
1856 3552 2065 3606 circum
2119 3562 2171 3608 te

584 3652 852 3713 pugnant,
888 3645 935 3698 is
963 3645 1058 3712 qui
1097 3655 1147 3697 te
1190 3643 1448 3712 baptismi
1488 3659 1631 3713 aqua
1666 3642 1875 3713 tingere
1908 3654 2085 3712 parat,
2119 3653 2173 3698 et

585 3736 679 3803 qui
734 3736 1095 3804 pecuniarum
1154 3744 1370 3789 tuarum
1427 3736 1601 3790 breres
1654 3735 1871 3789 futurus
1920 3746 2025 3798 est,
2082 3736 2175 3790 ille

587 3826 849 3880 nimirum
898 3827 1145 3881 studiose
1191 3841 1382 3897 agens,
1419 3837 1584 3896 atque
1624 3826 1986 3892 contendens,
2022 3837 2079 3881 ut
2110 3842 2172 3881 ea

588 3934 710 3990 qua:
744 3920 810 3973 ad
852 3920 974 3975 vita:
1024 3921 1230 3974 exitum
1282 3921 1596 3974 necessaria
1634 3929 1782 3983 sunt,
1837 3920 2172 3989 suppeditet,

591 4012 694 4065 huc
728 4024 832 4078 est,
866 4022 924 4066 ut
958 4023 1009 4066 te
1036 4011 1266 4067 salutari
1302 4026 1442 4081 aqua
1481 4014 1674 4082 tingat,
1725 4020 1781 4066 et
1828 4009 2173 4066 Dominicntn

591 4116 790 4171 corpus
820 4102 1100 4169 impertiat
1132 4118 1147 4154 :
1183 4100 1271 4155 hic
1302 4113 1519 4166 contra,
1554 4110 1611 4156 ut
1641 4110 1969 4156 testamento
2002 4102 2177 4157 haeres

593 4195 893 4249 scribatur.
924 4191 1065 4258 Quid
1104 4205 1395 4263 exspectas
1423 4203 1480 4248 ut
1510 4194 1822 4265 baptismus
1856 4194 1951 4250 tibi
1985 4194 2173 4261 febris,

593 4296 687 4340 aut
717 4285 1013 4355 periculosi
1049 4287 1335 4356 temporis,
1366 4302 1431 4342 ac
1461 4302 1569 4342 non
1623 4288 1807 4356 potius
1857 4289 2088 4343 rationis
2124 4298 2179 4343 et

592 4380 897 4447 prudentia:
945 4379 1240 4449 liberaique
1291 4380 1591 4434 voluntatis
1642 4380 1909 4434 beneflcio
1953 4394 2176 4449 compa-

2274 3288 2569 3349 donantur,
2604 3288 2828 3356 gradus,
2888 3298 3178 3339 servorum
3236 3292 3341 3346 est,
3373 3296 3490 3337 cum
3546 3278 3651 3347 quis
3680 3288 3772 3340 Sup-

2273 3374 2562 3444 pliciorum
2621 3383 2790 3437 metu,
2864 3372 3084 3427 virtutis
3155 3372 3397 3428 studium
3475 3364 3771 3438 amplectitur.

2274 3461 2488 3518 Medius
2539 3462 3054 3528 mercenariorum,
3131 3477 3262 3517 cum
3319 3460 3458 3532 quis,
3532 3458 3772 3512 futurorum

2279 3558 2548 3617 bonorum
2578 3558 2973 3628 pollicitatione
2998 3554 3240 3622 illectus,
3267 3555 3447 3627 probis
3481 3561 3623 3619 atque
3650 3546 3776 3600 bone-

2276 3653 2377 3707 stis
2421 3650 2734 3707 actionibus
2764 3651 3006 3720 seipsum
3064 3650 3292 3706 addicit.
3350 3648 3571 3709 Primus,
3603 3640 3777 3703 aliiqu

2276 3745 2490 3801 duobus
2548 3746 2923 3813 praestantior,
2986 3743 3229 3799 ﬁliorum
3282 3756 3387 3807 est,
3424 3756 3538 3795 cum
3566 3734 3669 3806 quis
3708 3725 3775 3781 Dii

2276 3849 2466 3891 amore
2494 3835 2759 3907 ﬂagrans,
2792 3837 3050 3907 praeclare
3080 3836 3251 3891 vitam
3289 3833 3515 3891 instituit
3554 3822 3779 3897 :quando-

2276 3928 2494 3998 quidem
2524 3926 2691 3993 titius,
2726 3942 2827 3982 nec
2868 3927 3163 3982 verborum
3207 3937 3375 3991 metu,
3423 3937 3515 3978 nec
3540 3914 3710 3991 praemii
3735 3921 3778 3963 ac

2278 4018 2548 4075 mercedis
2577 4034 2693 4088 spe,
2718 4019 2812 4074 sed
2837 4033 3023 4073 amore
3056 4026 3271 4088 patrem
3301 4018 3431 4072 colit
3471 4023 3616 4082 atque
3644 4006 3779 4062 obser-

2281 4124 2389 4169 vat.
2422 4111 2687 4179 Quamvis
2718 4111 2863 4166 enim
2900 4110 3048 4165 nulla
3073 4110 3140 4163 ad
3181 4125 3310 4165 eum
3362 4099 3682 4161 observantia:
3702 4103 3779 4148 snt

2279 4217 2332 4261 et
2373 4206 2624 4275 obsequii
2655 4219 2867 4260 merces
2901 4204 3143 4258 reditura
3197 4203 3288 4267 sit,
3323 4203 3421 4256 hoc
3452 4200 3608 4269 ipsum
3650 4197 3778 4245 tamen

2285 4299 2553 4354 mercedis
2599 4298 2719 4352 loco
2753 4296 2923 4362 ducit,
2969 4296 3236 4349 nimirum
3270 4310 3331 4350 ea
3364 4307 3480 4363 qua
3516 4284 3637 4359 patri
3672 4284 3779 4351 8"“

2280 4404 2329 4444 et
2369 4397 2589 4461 accepta
2617 4396 2767 4455 sunt,
2802 4389 3048 4458 exsequi.
3086 4384 3217 4442 Haec
3273 4398 3434 4457 porro
3474 4382 3568 4436 tria
3610 4379 3783 4461 necon'

597 4471 782 4526 retur?
811 4472 954 4539 Quid
984 4483 1293 4543 exspectas,
1326 4483 1381 4529 ut
1413 4474 1485 4529 ab
1513 4474 1692 4529 amico
1726 4487 1877 4530 certo
1909 4476 2177 4529 rescisces
2210 4506 2256 4561 ο
2287 4460 2615 4546 ιυωιιειιιίηιε,
2668 4479 2827 4534 nobis
2864 4476 3165 4533 cavendum
3231 4487 3334 4540 est,
3368 4473 3544 4546 plagas
3570 4460 3776 4520 videlicet.

595 4576 647 4619 te
671 4567 899 4637 jamjam
935 4570 1284 4634 moriturum,
1333 4570 1425 4639 qui
1478 4569 1723 4638 quidem,
1758 4578 2032 4639 quatenus
2080 4570 2175 4623 trbi

595 4660 854 4730 baptismi
886 4662 1246 4722 mentionem,
1274 4670 1334 4715 ut
1361 4663 1828 4731 perturbationem
1862 4664 2178 4726 allaturatn,

595 4756 821 4826 injicere
855 4766 1139 4828 gravatur,
1176 4756 1557 4812 insidiatorem
1592 4756 1686 4810 tibi
1720 4771 1777 4810 se
1810 4756 2033 4826 praebet,
2070 4772 2179 4809 nun

596 4849 880 4904 amicum?
938 4850 1103 4905 Estne
1132 4850 1279 4904 enim
1315 4852 1435 4920 ejus
1484 4854 1576 4920 qui
1633 4858 1805 4916 amat,
1860 4864 2178 4918 pereuntem

596 4942 833 4996 amicum
859 4955 926 4996 ac
955 4944 1074 4997 sine
1108 4942 1379 5013 baptismo
1406 4942 1697 4997 abeuntem
1727 4942 2046 5013 negligere?
2072 4942 2184 4996 Cur

596 5036 765 5101 igitur
818 5035 1048 5091 liberam
1105 5044 1433 5106 potestatem
1503 5052 1610 5091 non
1670 5034 1932 5107 praefers,
1992 5051 2181 5090 verum

598 5128 800 5194 morbi,
855 5140 951 5183 aut
1004 5130 1147 5184 alius
1197 5130 1482 5199 cujusdam
1542 5129 1759 5184 adversi
1813 5143 2018 5193 casus,
2074 5127 2181 5180 vim

599 5232 766 5290 atque
786 5222 1198 5290 oppressionem
1224 5230 1543 5291 exspectas;
1572 5221 1703 5292 quid
1740 5220 1993 5275 criticum
2021 5218 2187 5272 sudo-

600 5328 741 5379 rem,
787 5315 892 5369 hoc
933 5324 1016 5369 est
1059 5316 1315 5370 sanitatis
1345 5324 1400 5370 et
1433 5314 1552 5369 vita:
1584 5314 1953 5384 praenuntium
1990 5326 2188 5381 exspe-

601 5408 861 5461 ctandum
897 5418 1056 5478 putas
1091 5428 1104 5463 :
1141 5418 1381 5478 quatuor
1416 5409 1559 5463 enim
1596 5414 1725 5463 sunt
1760 5406 1903 5476 apud
1945 5404 2190 5460 medicos
2226 5396 2241 5401 ’

600 5499 719 5554 dies
760 5500 828 5553 de
876 5502 1197 5570 aegrotantis
1248 5502 1560 5557 valetudine
1607 5501 1879 5571 judicium
1929 5496 2187 5561 ferentes,

603 5597 861 5656 quartus,
913 5589 1207 5657 septimus,
1264 5606 1448 5647 nouus
1511 5602 1565 5646 ct
1620 5591 1965 5653 undecimus,
2028 5597 2193 5657 atque

602 5679 770 5735 etiam
819 5696 963 5751 s:epe
1010 5682 1255 5737 decimus
1305 5684 1500 5738 tertius
1546 5703 1559 5739 :
1612 5685 1666 5736 in
1718 5697 1954 5751 quorum
2005 5681 2191 5749 aliquo

603 5774 773 5831 sudor
824 5774 1050 5831 obortus
1086 5777 1360 5842 morbum,
1413 5776 1644 5844 iudicat,
1700 5776 1800 5829 hoc
1849 5786 1951 5840 est,
2006 5772 2195 5840 solvit,

2284 4586 2336 4630 et
2387 4577 2717 4637 mercedem,
2775 4588 2841 4628 ac
2888 4571 3007 4635 Dei,
3058 4580 3323 4640 tanquam
3396 4565 3585 4624 Patris,
3630 4553 3779 4611 cultum

2284 4676 2449 4736 atque
2509 4665 2944 4721 observantiam.
3008 4663 3276 4733 Perquam
3342 4661 3481 4715 enim
3556 4643 3783 4736 absurd"?

2286 4759 2475 4825 fuerit,
2528 4758 2574 4812 si
2630 4757 2851 4827 quidem
2904 4771 3100 4810 aurum
3157 4754 3374 4825 publice
3401 4755 3648 4817 erogatur,
3690 4725 3783 4787 illi!d

2287 4869 2396 4921 pra:
2456 4850 2578 4906 aliis
2637 4850 2956 4905 hominibus
3018 4862 3232 4919 rapere,
3283 4841 3600 4916 spiritualcm
3650 4831 3782 4882 autem

2286 4944 2603 5007 sanitatem,
2637 4957 2757 5012 qua:
2782 4942 3060 5010 baptismo
3090 4949 3458 5009 comparatur,
3507 4932 3555 4985 in
3600 4923 3783 4978 futurum

2289 5037 2517 5106 rejieere
2552 5052 2568 5090 :
2600 5044 2806 5090 etcum
2859 5033 3017 5087 bilem
3069 5045 3329 5086 evomere
3378 5023 3608 5096 cupiens,
3637 5016 3785 5076 nequ?

2289 5144 2453 5201 quam
2478 5143 2599 5184 eam
2625 5143 2789 5197 prava
2815 5138 2868 5181 et
2904 5125 3175 5197 flagitiosa
3213 5123 3386 5176 victus
3410 5115 3599 5172 ratione
3618 5106 3785 5201 ευξυίεν

2291 5236 2481 5277 verum
2537 5222 2783 5276 molestis
2825 5221 3007 5284 potius
3065 5215 3388 5272 humoribus
3420 5217 3602 5276 corpus
3635 5192 3787 5251 exhau—

2291 5314 2423 5378 rias,
2457 5313 2653 5367 animae
2706 5321 2887 5365 tamen
2942 5311 3320 5381 purgationem
3361 5308 3413 5363 in
3447 5298 3581 5359 aliud
3630 5288 3787 5387 tellit“:

2293 5418 2580 5460 reservare
2617 5418 2682 5458 ac
2748 5379 3163 5457 transmittere:
3217 5409 3449 5467 euntque
3494 5391 3534 5446 si
3570 5379 3785 5440 ltominuili

2297 5497 2563 5554 servitute
2610 5496 2958 5565 premereris,
2995 5511 3060 5550 ac
3091 5494 3307 5566 publico
3348 5481 3596 5561 prazconio
3621 5470 3787 5528 liber!is

2297 5591 2471 5648 servis
2528 5591 2939 5654 decerneretur,
3004 5590 3141 5643 nihil
3190 5601 3294 5642 non
3351 5583 3575 5637 facturus
3620 5566 3684 5621 sis
3712 5566 3789 5622 quo

2295 5695 2415 5737 eam
2444 5679 2782 5748 assequaris,
2813 5695 2877 5734 ea
2934 5690 3116 5733 tamen
3170 5693 3290 5733 esse
3322 5668 3577 5728 vecordia,
3622 5664 3665 5707 ιιι
3698 5654 3787 5748 euut

2297 5785 2351 5832 te
2372 5789 2482 5829 non
2519 5745 2943 5837 hoininunnsed
2970 5772 3174 5839 peccati
3209 5759 3518 5826 servum,ad
3552 5745 3790 5810 liberta!cm
