3958 6204
288 254 291 257 λ
322 224 449 292 19.61

1246 224 1573 286 NICETAS
1618 225 1694 284 IN
1735 223 1962 283 ORAT.
2060 224 2161 283 XL

2300 225 2362 287 S.
2401 222 2640 284 GREG.
3439 226 3506 292 12
3527 229 3573 289 ΣΞ

318 356 499 407 praeco
523 344 695 401 vocet,
750 336 989 391 nondum
1048 334 1142 389 tibi
1200 335 1549 390 commodum
1605 345 1725 387 esse
1768 345 1889 384 eam
1925 334 1967 391 Α
1998 327 2282 396 perfusum
2326 330 2610 392 habueris,
2673 331 3131 401 quemadmodum
3162 334 3290 391 olim
3327 337 3578 398 llvbrreo.

321 430 565 500 accipere
598 430 748 482 dicas
815 447 828 480 :
887 443 1143 496 cumque,
1198 434 1252 481 et
1303 435 1531 490 vestem,
1579 433 1632 477 et
1668 424 1890 478 dommn

325 522 661 592 magnificam
686 531 1010 575 etornatam
1042 519 1266 582 habeas,
1296 517 1619 589 egregieque
1656 515 1894 571 instruc-

319 623 456 676 tam,
481 615 713 685 teipsum
753 621 935 667 tamen
974 613 1135 667 vilem
1170 611 1484 682 nulliusque
1524 609 1678 680 pretii
1715 607 1891 663 homi-

320 722 441 760 nem
468 706 648 760 facerc
692 722 705 758 :
742 721 977 774 eumque
1008 705 1052 759 si
1093 705 1420 775 baptismus,
1471 713 1525 758 et
1563 702 1890 757 beneficium

314 812 383 851 ex
415 813 481 852 eo
537 812 789 861 manans,
826 798 1005 866 pretio
1058 807 1419 864 quaereretur,
1474 794 1639 851 nullis
1670 794 1892 849 omnino

316 890 564 959 pecuniis
593 872 905 959 parciturus
927 890 1028 955 sis,
1060 905 1209 945 nunc
1254 900 1456 953 tamen,
1492 887 1619 958 quia
1647 894 1891 955 prompta

319 991 483 1050 atque
508 979 665 1035 obvia
713 989 767 1034 et
799 989 1120 1049 exporrecta
1174 981 1343 1050 gratia
1393 977 1736 1047 proponitur,
1770 990 1890 1028 eant

317 1084 540 1144 propter
598 1072 910 1128 faCIillttletlt
958 1072 1112 1127 nihili
1168 1072 1423 1142 pendere.
1474 1068 1768 1123 Enimvero
1824 1066 1893 1120 ad

318 1162 551 1235 salutem
616 1176 712 1231 per
776 1162 1110 1231 baptismum
1183 1160 1621 1230 consequendam
1682 1158 1892 1213 nullum

318 1262 532 1322 tempus
584 1253 821 1307 alienum
889 1254 1222 1308 censendum
1288 1262 1393 1317 est,
1451 1252 1893 1322 quandoquidem

319 1358 418 1398 nec
487 1342 659 1398 ullum
721 1353 954 1413 tctupus,
1013 1351 1233 1413 propter
1267 1346 1389 1397 vitre
1427 1342 1892 1407 incertitudinem,

317 1437 558 1491 alienum
585 1429 622 1489 a'
641 1450 815 1491 morte
839 1447 941 1492 est.
974 1434 1109 1490 Ecce
1136 1452 1273 1489 nunc
1320 1445 1522 1505 tempus
1545 1434 1892 1505 acceptabile,

319 1526 496 1596 inquit
545 1529 841 1596 Apostolus
866 1528 933 1581 ³⁸.
996 1526 1120 1585 llaec
1176 1537 1359 1584 autem
1413 1527 1703 1598 particula.
1740 1524 1897 1581 Nunc

318 1637 425 1676 nou
456 1638 626 1675 unutn
701 1620 975 1690 quoddam
1024 1630 1240 1690 tempus
1305 1618 1516 1684 definit,
1570 1620 1665 1674 sed
1712 1619 1895 1673 omnia

316 1721 585 1782 tempora,
661 1724 827 1781 atque
900 1725 1350 1780 unumquemque
1420 1710 1591 1776 diem,
1648 1711 1894 1778 quandiu

317 1806 479 1859 hodie
507 1816 754 1866 vocatur.
778 1805 855 1858 Ac
897 1818 1091 1863 rursus
1122 1803 1264 1857 idem
1291 1802 1584 1872 Apostolus
1608 1803 1891 1869 clamat“,

319 1898 703 1965 Expergesrere
715 1894 1045 1964 quidermis,
1067 1901 1121 1947 et
1136 1901 1400 1962 quantutn
1425 1892 1493 1945 ad
1509 1895 1785 1957 virtutem,
1807 1895 1899 1947 de-

316 1987 454 2044 sidia
472 1996 526 2042 et
549 1986 744 2042 inertia
767 1990 1033 2054 torpescis
1058 2002 1071 2040 :
1107 1996 1182 2047 et,
1209 2000 1432 2056 exsurge
1465 2003 1499 2039 α
1526 1986 1769 2050 mortuis,
1792 1988 1896 2041 huc

315 2089 420 2146 est,
467 2096 497 2135 a
538 2078 743 2135 itetitlis
787 2079 997 2149 peccati
1022 2078 1305 2149 operibus,
1339 2092 1404 2133 ac
1436 2093 1532 2148 per
1562 2080 1892 2149 baptismum

316 2172 604 2236 revivisce,
643 2181 806 2242 atque
831 2172 1168 2227 illuminare.
1190 2170 1648 2241 Quandoquidem
1683 2172 1769 2233 iis.
1801 2172 1896 2245 qui

316 2266 373 2322 in
402 2275 749 2335 peccatorum
782 2265 1021 2321 tenebris
1053 2278 1086 2319 a
1120 2275 1302 2320 morte
1345 2265 1754 2335 opprimuntur,
1785 2276 1927 2325 tre-.

317 2357 512 2415 utenda
539 2371 667 2427 spes
700 2370 766 2412 ac
818 2356 1052 2413 formido
1100 2367 1182 2412 est
1217 2357 1386 2412 futuri
1443 2357 1715 2428 supplicii.
1747 2356 1896 2412 Con-

315 2450 614 2507 ducibilius
661 2460 846 2506 autem
902 2450 1060 2506 nobis
1118 2449 1299 2515 fuerit,
1350 2451 1396 2505 si
1472 2466 1575 2506 nos
1631 2450 1897 2506 matutino

317 2541 573 2598 diabolus
602 2541 898 2598 incursans
933 2542 1189 2612 reperiat,
1242 2543 1345 2597 hoc
1389 2552 1493 2608 est,
1544 2543 1595 2597 in
1644 2542 1895 2611 baptismi

316 2637 439 2695 luce
471 2633 822 2690 exsistentes.

388 2726 510 2784 Col.
537 2726 645 2782 375
688 2727 751 2783 Β.
813 2726 965 2791 Sere,
1011 2745 1130 2782 cunt
1181 2728 1394 2783 serendi
1462 2738 1665 2797 tempus
1709 2730 1892 2800 fuerit,

315 2828 428 2877 etc.
469 2810 607 2875 Aliis
639 2819 857 2890 quidem
909 2821 1074 2875 rebus
1114 2821 1218 2875 alia
1281 2833 1524 2891 tempora
1563 2822 1783 2891 propria
1841 2830 1896 2877 et

315 2912 607 2969 commoda
641 2921 787 2967 sunt.
823 2911 1105 2978 Salomoui
1144 2914 1290 2967 enim
1324 2927 1445 2969 mos
1486 2914 1759 2983 gerendus
1788 2920 1893 2978 est,

318 3005 452 3061 utile
477 3003 767 3060 consilium
794 3002 1040 3058 aﬂereuti
1091 3020 1154 3058 ac
1183 3003 1385 3060 dicenti
1424 3020 1438 3058 :
1473 3002 1667 3060 Omnia
1693 3017 1895 3076 tempus
1922 3036 1966 3094 ο

314 3111 471 3154 suum
502 3097 693 3150 habent
720 3094 787 3159 ",
813 3104 868 3149 at
924 3095 1178 3163 baptismi
1238 3106 1452 3165 tempus
1495 3098 1752 3151 universa
1795 3097 1896 3151 ho-

315 3171 528 3243 minum
552 3189 661 3242 vita
686 3198 789 3242 est.
843 3189 1311 3254 Quemadmodum
1349 3190 1496 3241 euittt
1524 3203 1752 3257 corpus,
1792 3187 1895 3240 ttisi

317 3281 510 3352 spiret,
543 3280 726 3336 vivere
751 3294 858 3333 non
887 3286 1087 3346 potest,
1128 3280 1210 3331 sic
1243 3292 1343 3331 nec
1382 3277 1565 3331 anima
1597 3277 1900 3331 consistere

317 3388 483 3448 atque
511 3375 851 3439 conservari,
880 3372 985 3426 nisi
1024 3371 1344 3427 Creatorem
1384 3384 1544 3424 suum
1578 3376 1897 3437 cognoscat.

316 3465 471 3534 Quod
526 3464 572 3517 si
632 3461 964 3531 baptismum
992 3474 1208 3528 semper
1255 3458 1542 3529 protrahas
1595 3460 1646 3525 (a
1680 3457 1899 3513 diabolo

318 3554 531 3611 scilicet
585 3552 830 3614 delusus,
870 3549 957 3603 his
1012 3549 1193 3602 verbis
1249 3555 1435 3602 utente
1486 3563 1500 3600 :
1562 3544 1898 3602 Hodiernum

316 3646 462 3699 diem
496 3642 628 3697 mihi
660 3641 753 3706 da,
805 3639 1110 3697 crastinum
1168 3637 1434 3705 Domino;
1495 3639 1626 3693 mihi
1678 3650 1896 3694 aetatem

320 3738 385 3793 ad
425 3739 732 3804 voluptates
782 3732 1105 3804 proclivem,
1168 3732 1244 3789 illi
1306 3733 1533 3788 senilem
1578 3742 1632 3788 et
1678 3732 1897 3788 effetam

317 3839 483 3899 atque
525 3815 794 3891 inutilem,
829 3839 953 3879 cum
974 3825 1086 3892 jam
1128 3824 1372 3879 membra
1412 3834 1469 3881 et
1513 3839 1715 3896 organa
1747 3827 1901 3882 elan-

316 3920 556 3991 guerint,
592 3934 694 3973 nec
732 3918 845 3988 jam
880 3917 1049 3972 ullum
1074 3916 1158 3971 sui
1199 3931 1358 3971 usum
1401 3915 1643 3985 praebere
1668 3917 1898 3987 queant)

318 4013 443 4068 vide
477 4025 544 4066 ne
602 4008 875 4080 ejusmodi
920 4008 1348 4078 pollicitationes
1383 4007 1576 4073 facias,
1608 4024 1731 4079 qua:
1774 4009 1900 4073 vitae

319 4107 559 4177 spatium
592 4104 931 4174 longitudine
973 4111 1255 4172 superent.
1289 4102 1434 4168 Quot
1475 4104 1618 4156 enim
1644 4103 1899 4163 homines

322 4194 582 4250 violentis
608 4194 828 4248 casibus
859 4192 1063 4261 abrepti
1087 4204 1237 4259 sunt,
1272 4207 1337 4247 ac
1366 4208 1433 4246 ne
1459 4206 1644 4246 vocem
1677 4192 1900 4261 quidem

322 4288 486 4342 ullam
516 4299 629 4356 pra:
655 4282 863 4340 doloris
885 4284 1256 4353 magnitudine
1285 4284 1529 4355 proferre
1562 4284 1900 4356 potuerunt?

1997 434 2120 473 runt
2162 432 2345 489 postes
2375 425 2643 492 sanguine
2657 424 2939 501 conspersi
2967 423 3170 483 fuerint
3191 427 3257 494 ",
3290 441 3403 486 tutn
3430 450 3574 501 vero,

1994 508 2158 564 etiam
2200 510 2245 566 si
2282 510 2550 575 dormias.
2584 525 2679 567 aut
2735 514 2949 581 sedeas,
2990 527 3084 571 aut
3115 518 3262 574 aliud
3298 524 3576 594 quidpiam

1994 601 2189 669 facias,
2224 617 2355 658 cura
2378 614 2429 660 et
2467 606 2837 665 sollicitudine
2893 609 3137 675 vacabis,
3168 626 3231 667 ea
3296 630 3354 669 re
3403 614 3578 673 fretus

1994 698 2137 765 quod
2169 696 2385 751 etiamsi
2417 699 2539 766 quis
2570 714 2734 754 casus
2758 701 2852 757 tibi
2886 704 3242 776 accepiuanti
3279 708 3398 762 vita:
3418 710 3577 766 fluent

1995 790 2259 857 attulerit,
2316 806 2664 861 nequaquam
2720 804 2901 850 tamen
2966 797 3220 868 baptismi
3299 817 3580 873 sacraeque

1998 879 2322 935 initiatiouis
2345 896 2541 950 expers
2572 883 2824 941 abiturus
2874 903 2955 944 es.
2986 888 3050 942 Et
3085 892 3227 959 quod
3255 892 3333 946 ait
3367 893 3532 948 David
3563 914 3574 947 :

1999 967 2122 1023 Non
2177 971 2387 1025 timebis
2438 989 2469 1025 a
2510 973 2702 1028 timore
2755 988 3012 1033 nocturno
3036 980 3102 1047 '9,
3156 996 3185 1035 ιι
3234 983 3578 1039 daemonibus

1997 1065 2219 1131 injecto.
2252 1076 2347 1122 aut
2381 1069 2543 1123 etiam
2575 1071 2754 1126 medio
2783 1088 2846 1128 ac
2896 1074 3057 1143 pleno
3108 1078 3196 1131 die
3227 1092 3425 1147 praeter
3459 1083 3579 1148 opi-

1997 1159 2217 1213 nionem
2274 1168 2327 1214 ct
2360 1165 2829 1230 exspectationem
2878 1168 3183 1225 accidente.
3244 1171 3356 1226 lloc
3395 1183 3575 1227 autem

1997 1249 2331 1305 daemonium
2363 1254 2724 1310 meridianum
2754 1257 2975 1326 quidam
3004 1261 3205 1316 acedia:
3228 1271 3283 1317 et
3315 1266 3579 1336 langoris.

1997 1342 2087 1397 alii
2129 1343 2495 1400 obscenarum
2556 1349 2974 1419 cogitationum,
3042 1353 3134 1408 alii
3188 1356 3428 1412 libidinis
3470 1360 3581 1414 dae-

1999 1449 2215 1491 monem
2256 1436 2711 1507 interpretantur.
2741 1440 2874 1496 Nam
2913 1443 2967 1497 hi
2994 1461 3215 1517 quoque
3260 1458 3372 1504 tum
3404 1452 3580 1504 maxi-

1998 1541 2106 1592 me,
2162 1528 2580 1596 ingravescente
2618 1530 2869 1587 ciborum
2921 1536 3082 1603 copia
3115 1547 3325 1602 ventre,
3369 1539 3579 1594 homini

2002 1617 2356 1674 insidiantur.
2389 1618 2725 1688 Baptismus,
2778 1632 2831 1677 et
2877 1625 3085 1680 viventi
3122 1626 3220 1683 tibi
3256 1629 3580 1698 praclarum

2002 1708 2184 1764 estad
2243 1710 2594 1767 securitatem
2646 1715 2961 1781 praesidium
3011 1722 3095 1786 (ut
3144 1718 3289 1773 enim
3319 1720 3581 1776 thesauro

2004 1816 2113 1855 non
2149 1801 2459 1872 obsignato,
2516 1804 2775 1872 nulloque
2820 1807 3149 1863 emblemate
3192 1819 3381 1865 notato
3433 1811 3581 1867 fures

2005 1891 2163 1949 facile
2188 1895 2493 1961 imminent,
2526 1910 2591 1948 ac
2640 1898 2831 1963 pecudi
2880 1899 3030 1953 nullo
3053 1901 3210 1968 signo
3240 1901 3436 1957 inustze
3465 1911 3583 1958 tuto

2004 1986 2258 2041 aclibere
2280 1987 2509 2043 insidias
2537 1997 2760 2043 struunt
2798 2007 2812 2043 :
2847 1991 2928 2046 sic
2967 2006 2998 2045 e
3022 1994 3303 2047 contrario
3345 1993 3397 2048 id
3431 1996 3579 2065 quod

2003 2078 2351 2148 obsignatum
2407 2089 2510 2144 est,
2549 2096 2649 2134 nec
2704 2089 2908 2136 temere
2968 2083 3183 2139 insidiis
3212 2084 3439 2153 petitur,
3481 2101 3580 2140 nec

2004 2170 2165 2225 facile
2184 2170 2444 2241 capitur);
2479 2181 2533 2227 et
2557 2171 2601 2227 si
2632 2188 2695 2228 ex
2731 2172 2831 2228 hac
2854 2175 2963 2229 vita
2991 2176 3265 2240 discedas,
3297 2178 3573 2247 egregium

2004 2263 2280 2335 parentale
2312 2263 2406 2317 tibi
2441 2264 2567 2328 erit,
2592 2279 2657 2319 ac
2699 2273 2812 2320 tum
2846 2267 3129 2321 sterilibus
3159 2278 3325 2337 atque
3366 2269 3581 2323 infruc-

2005 2356 2179 2412 tuosis
2204 2356 2555 2412 libaminibus
2575 2357 2652 2428 (9)
2686 2359 3034 2429 praestantius
3067 2360 3205 2427 (hzec
3233 2376 3398 2430 porro
3430 2362 3578 2421 vino.

2004 2448 2196 2516 melle,
2259 2450 2397 2506 lacte
2437 2459 2494 2508 et
2544 2453 2665 2507 oleo
2725 2453 3073 2519 constabant,
3121 2468 3186 2507 ac
3238 2462 3577 2509 mortuorum

2005 2542 2275 2613 sepulcris
2329 2543 2398 2599 ab
2441 2543 2510 2599 iis
2558 2544 2649 2613 qui
2689 2546 3115 2615 propinquitatis
3174 2547 3582 2601 necessitudine

2004 2635 2126 2689 illos
2155 2634 2506 2706 attingebant,
2568 2634 3018 2708 iufundebantur)
3079 2647 3193 2691 tum
3238 2648 3577 2692 maturatum

2004 2723 2215 2795 frugum
2276 2726 2532 2794 primitiis
2587 2727 2807 2793 utilius,
2890 2743 3012 2797 quae
3086 2728 3289 2783 mortui
3344 2730 3581 2783 mortuis

2003 2826 2284 2886 praestant,
2321 2821 2426 2872 hoc
2473 2827 2575 2880 est,
2608 2819 2674 2872 ad
2713 2819 2974 2873 virtutem
3005 2819 3204 2888 torpidi
3243 2830 3408 2889 atque
3433 2820 3581 2873 iner-

2006 2919 2111 2973 tes,
2132 2908 2357 2979 veriquc
2381 2908 2543 2964 olllcii
2599 2910 2798 2979 ignari,
2830 2911 3218 2966 consuetudini
3250 2914 3430 2967 stultae
3460 2927 3578 2967 ser-

2001 3001 2234 3056 vientes.

2069 3094 2187 3149 Col.
2208 3094 2313 3148 578
2343 3093 2404 3148 C.
2427 3094 2618 3147 Omnia
2645 3094 2741 3147 tibi
2766 3104 3005 3163 pereant,
3037 3096 3217 3149 omnia
3231 3096 3579 3167 diripiantur,

1998 3170 2115 3240 etc;
2142 3185 2272 3238 Esto
2305 3199 2465 3253 sane,
2488 3185 2671 3238 omnia
2703 3196 2929 3253 pereant
2952 3200 3016 3241 ac
3044 3186 3404 3254 dissipentur,
3433 3203 3580 3257 quie-

1998 3286 2219 3339 cunque
2268 3271 2538 3326 versatilis
2574 3272 2736 3341 hujus
2768 3272 2891 3326 vita:
2943 3280 3072 3326 sunt
3111 3287 3176 3327 ac
3207 3283 3437 3330 terrenae
3458 3277 3577 3345 jac-

2002 3362 2227 3417 tatiouis
2271 3372 2327 3416 et
2358 3362 2679 3435 vertiginis,
2725 3377 2791 3417 ex
2851 3362 2973 3418 aliis
3025 3364 3262 3420 subinde
3318 3368 3387 3421 ad
3440 3367 3580 3423 alios

2000 3454 2364 3510 commeantis
2423 3470 2438 3507 :
2501 3462 2559 3508 tu
2609 3469 2740 3509 vero
2804 3455 2935 3510 hinc
2984 3456 3258 3512 excedens
3291 3458 3581 3529 diligenter

2002 3563 2154 3614 cave,
2174 3563 2243 3604 ne
2265 3547 2528 3619 praeclaro
2554 3547 2754 3611 viatico
2780 3564 2844 3604 ac
2872 3549 3105 3607 donario
3130 3564 3342 3607 careas.
3374 3551 3577 3608 Verum

2001 3641 2234 3696 fortasse
2256 3638 2485 3703 dixeris,
2514 3638 2772 3709 quoniam
2820 3639 3014 3695 'nullus
3056 3640 3199 3696 alius
3232 3650 3402 3697 restat
3437 3642 3579 3712 bap-

2004 3730 2223 3793 tismus,
2278 3728 2491 3783 idcirco
2521 3728 2791 3799 baptizari
2818 3728 3033 3796 differo,
3063 3732 3207 3801 quod
3262 3748 3473 3800 verear,
3511 3750 3579 3791 ne

2000 3835 2124 3875 eum
2182 3819 2530 3875 labefactem.
2577 3820 2742 3891 Atqui
2803 3821 2995 3877 eadem
3051 3824 3263 3879 ratione
3315 3842 3383 3882 ue
3422 3825 3579 3881 Chri-

2001 3912 2214 3969 stianus
2244 3912 2462 3983 quidem
2493 3911 2589 3966 fias
2620 3929 2634 3966 :
2670 3911 3106 3981 qttandoquidem
3144 3915 3446 3982 periculum
3472 3928 3577 3978 est.

2002 4021 2069 4060 ne
2101 4004 2239 4060 forte
2272 4012 2462 4060 exorta
2498 4004 2881 4073 persecutione
2898 4004 3106 4058 Christi
3141 4005 3298 4060 fidem
3332 4008 3573 4077 ahjurcs.

2000 4094 2197 4150 Procul
2244 4096 2317 4149 sit
2372 4095 2475 4150 ista
2507 4094 2669 4148 ratio.
2717 4092 2906 4164 Neque
2952 4094 3098 4157 enim
3142 4096 3432 4166 quisquam
3469 4113 3573 4161 est.

2002 4189 2095 4257 qui
2120 4188 2262 4241 bona
2294 4185 2628 4256 repudianda
2659 4195 2714 4240 et
2751 4184 3045 4255 rejicienda
3073 4198 3248 4257 putet,
3278 4189 3425 4261 quod
3465 4207 3576 4246 me~

2003 4289 2212 4334 tuatne
2250 4279 2315 4334 iis
2350 4278 2648 4349 aliquando
2695 4280 2981 4348 spolietur.
3029 4281 3108 4336 Ac
3147 4294 3295 4337 certe
3346 4283 3577 4339 Satanas

320 4377 477 4448 Saepe
502 4378 670 4434 etiam
723 4375 891 4448 (quod
949 4375 1264 4431 levissimus
1308 4381 1415 4445 est)
1478 4376 1617 4432 mica
1676 4390 1785 4431 una
1837 4375 1890 4428 in
1920 4366 1973 4427 D
1999 4371 2253 4444 quamvis
2280 4370 2456 4443 caligo
2484 4372 2556 4426 sit
2582 4381 2850 4439 tamen,ut
2876 4388 3001 4428 cum
3026 4374 3288 4444 Apostolo
3314 4376 3575 4448 loquar",

319 4470 510 4528 fauces
564 4470 783 4539 oblique
833 4468 1141 4533 incurrens,
1200 4478 1364 4539 atque
1410 4467 1463 4522 iu
1513 4477 1700 4538 guttur
1756 4466 1895 4523 inci-

319 4565 478 4628 dens,
518 4561 797 4617 hominem
829 4559 1119 4632 oppressit,
1155 4568 1252 4613 aut
1305 4559 1662 4628 pharmacum
1699 4559 1900 4613 intere-

318 4660 440 4722 mit,
489 4654 741 4713 consulto
797 4670 863 4709 ae
918 4653 1176 4710 meditato
1224 4660 1621 4724 temperatum,
1681 4661 1777 4707 aut
1828 4650 1895 4705 ad

323 4750 701 4819 purgationem
746 4746 967 4818 quidem
997 4759 1051 4801 et
1100 4746 1356 4812 salutem,
1405 4746 1742 4802 medicorum
1778 4742 1898 4814 opi-

322 4840 486 4895 nione
515 4851 846 4908 porrectum,
884 4849 1143 4896 caeterum
1187 4848 1384 4899 eventu
1424 4838 1544 4908 ipso
1582 4836 1802 4892 exitiale
1833 4850 1899 4891 ac

322 4930 524 4998 letltate,
554 4934 852 4987 inventum.
883 4932 1038 4999 Quod
1066 4932 1111 4986 si
1160 4941 1216 4986 ιιι
1273 4940 1649 4997 antevertens,
1687 4938 1743 4984 et
1770 4929 1893 4984 ani-

322 5038 467 5078 mam
521 5024 728 5094 Spiritu
788 5025 1205 5094 consignatam,
1257 5035 1311 5079 et
1358 5038 1563 5094 corpus
1615 5030 1895 5093 unguento

389 5179 436 5211 "
487 5177 528 5251 ll
562 5178 688 5234 Cor.
728 5196 797 5246 νι,
828 5178 883 5234 2.
959 5180 1004 5213 ⁸⁸
1035 5178 1236 5251 Ephes.
1273 5194 1324 5246 v,
1377 5179 1462 5235 ιι.
1538 5179 1581 5212 ⁵⁷
1606 5177 1785 5235 Ecclc.
1819 5193 1903 5242 ttt,
1974 5177 2025 5231 1.

351 5265 432 5317 xt,
465 5250 549 5305 tt.

389 5364 466 5436 (9)
510 5352 864 5434 Infructitosis
905 5362 1287 5437 _libaminifms.
1325 5365 1563 5437 ’Δγόνιυν
1600 5365 1763 5437 χοῶν,
1827 5369 1880 5422 in

317 5434 510 5491 codice
542 5436 783 5505 Reginae,
809 5441 865 5506 et
903 5435 973 5487 ita
1014 5435 1143 5504 legit
1171 5435 1439 5506 interpres
1466 5434 1723 5501 Graecus;
1749 5436 1883 5505 ἀγό-

317 5522 424 5559 νων
453 5507 598 5560 enim
634 5504 879 5576 exponit
924 5506 1219 5575 ἀκάρπων.
1256 5504 1389 5561 Mihi
1420 5518 1602 5562 tamen
1630 5504 1883 5575 aliquau-

316 5578 389 5629 do
445 5576 692 5645 frigidius
744 5576 955 5629 videtur
1001 5578 1116 5646 hoc
1162 5578 1489 5645 epitttetum.
1542 5583 1621 5632 Ae
1661 5579 1887 5646 proinde

316 5660 441 5702 tneo
480 5644 686 5716 judicio
746 5644 1088 5702 commodius
1141 5644 1429 5715 legeretur,
1470 5644 1700 5716 ἀγώνών
1745 5651 1886 5717 χοῶν

2005 4466 2058 4520 in
2092 4466 2342 4536 angelum
2370 4465 2510 4521 lucis
2537 4466 2958 4538 transfiguratur
3004 4476 3058 4522 et
3091 4482 3217 4521 cum
3258 4481 3445 4538 aperte
3478 4484 3577 4525 nos

2006 4556 2239 4628 dejicere
2277 4570 2341 4612 ac
2399 4564 2748 4628 prosternere
2800 4558 3009 4629 nequit,
3066 4560 3317 4617 obscuris
3362 4559 3577 4615 insidiis

2002 4650 2353 4720 aggreditur:
2389 4659 2601 4706 etcum
2648 4650 2826 4706 malus
2880 4653 2974 4717 sit,
3024 4650 3179 4721 probi
3231 4660 3414 4707 tamen
3444 4665 3575 4705 con-

1997 4741 2223 4798 sultoris
2240 4741 2475 4811 speciem
2497 4756 2611 4813 prae
2644 4757 2704 4797 se
2728 4741 2834 4798 fert
2873 4760 2887 4795 :
2918 4743 3384 4813 quemadmodum
3419 4751 3475 4798 et
3517 4742 3572 4796 in

1996 4834 2269 4905 baptismo
2298 4834 2494 4890 callide
2519 4849 2583 4888 ac
2616 4836 2940 4892 veteratorie
2965 4836 3116 4889 facit.
3144 4833 3364 4890 Hostem
3395 4834 3575 4889 anim-

1995 4926 2221 4983 adverte
2273 4943 2289 4982 :
2333 4940 2443 4981 non
2517 4926 2680 4982 audet
2763 4927 3071 4993 consulere,
3137 4936 3195 4981 ut
3244 4927 3486 4993 animum
3546 4944 3573 4977 ει

1998 5020 2109 5075 Deo
2161 5018 2379 5090 penitus
2440 5028 2656 5075 avertas
2722 5019 2914 5091 (probe
2975 5020 3177 5076 etenim
3265 5022 3414 5075 novit
3470 5018 3575 5083 μσς

2130 5176 2177 5210 ⁸⁸
2204 5176 2378 5234 Exod.
2435 5192 2535 5246 xtt,
2570 5177 2684 5233 7-8.
2780 5179 2827 5211 “
2849 5177 2994 5236 Psal.
3034 5193 3118 5245 xc,
3155 5180 3208 5234 5.
3284 5176 3397 5231 “ll
3446 5176 3570 5233 Cor.

1990 5367 2408 5442 εὐσεϐέστερον,
2441 5379 2496 5423 ιιι
2524 5369 2579 5424 itt
2602 5368 2949 5442 Hcrvagiano
2983 5367 3303 5436 exemplari.
3347 5362 3481 5442 hiatu
3517 5365 3571 5417 in

1992 5436 2539 5509 funeribus’quoque
2567 5436 3007 5496 clarissimorum
3048 5442 3287 5493 virorum
3311 5436 3442 5509 olim
3478 5452 3539 5487 va

1996 5510 2074 5582 ria
2105 5506 2405 5582 certamina
2439 5506 2903 5581 preponebantur,
2928 5518 2989 5567 ut
3022 5518 3170 5582 patet
3222 5524 3285 5564 ex
3328 5506 3568 5582 llomero

1999 5578 2235 5634 Patrocli
2282 5578 2453 5635 funus
2495 5578 2860 5648 describentis,
2902 5593 2956 5639 et
3006 5578 3073 5637 éx
3132 5579 3373 5637 Isocrate
3402 5580 3564 5628 vitam

1998 5650 2258 5720 Evagon:
2295 5652 2495 5707 litteris
2538 5652 2853 5710 mandante.

3611 156 3625 188 ι
