3958 6204
558 283 695 357 Ιὲϐζί

2003 282 2393 349 ΑῡΒΕΝΟᾹ.
3676 265 3758 331 liii

554 410 886 468 Christianis
956 411 1027 465 ita
1094 424 1255 480 grave
1305 407 1418 462 fore
1498 415 1556 459 ut
1604 419 1666 459 ne
1712 417 1872 459 aures
1916 402 2135 473 quidem
2168 408 2213 464 Α
2243 400 2410 464 abes;
2452 413 2517 453 ne
2555 396 2752 451 viatico
2796 407 3028 459 careas,
3066 407 3142 445 ne
3194 388 3295 444 tibi
3346 396 3525 457 pereat
3551 386 3761 441 antulettmt

554 518 746 557 eerttm
785 505 928 557 hunc
962 516 1278 556 sermonem
1311 498 1454 554 ferre
1486 507 1688 568 queant
1727 514 1741 553 ι
1779 510 1968 551 verum
2004 493 2137 549 sub-

558 595 699 649 dolis
731 596 962 658 artibus,
1002 594 1145 663 quod
1181 592 1427 657 molitur,
1461 590 1568 645 alia
1614 588 1825 642 ratione
1878 586 2140 657 perﬁcere

559 687 763 751 studet,
819 684 1027 754 tibique
1075 681 1408 753 persuadere
1471 689 1724 746 conatur,
1781 677 2139 748 baptismum,

560 785 782 847 propter
850 786 1056 830 metutn
1112 776 1347 842 scilicet,
1405 789 1470 829 ac
1515 773 1836 841 religiosum
1883 784 2139 841 pavorem

560 884 821 939 proroges
868 888 879 922 :
920 878 980 924 ut
1036 883 1100 923 eo
1159 869 1276 938 ipso
1327 866 1474 939 quod
1527 882 1557 920 a
1606 866 1878 934 baptismo
1925 872 2143 933 propter

562 972 761 1016 metum
791 962 1018 1031 refugis,
1044 962 1113 1015 ab
1142 963 1246 1016 hoc
1293 960 1440 1016 dono
1482 972 1711 1030 prorsus
1734 957 1978 1019 excidas,
2018 964 2144 1009 ante

561 1054 890 1122 laptismum
938 1054 1191 1108 videlicet
1242 1063 1417 1107 morte
1452 1051 1730 1119 abreptus.
1762 1050 1840 1104 Ac
1887 1046 2141 1102 diabolus

562 1143 779 1207 quidem
812 1158 875 1197 ea
908 1151 1091 1197 mente
1137 1151 1223 1198 est
1266 1160 1279 1196 :
1341 1157 1440 1197 uec
1495 1155 1735 1209 unquam
1776 1138 1997 1192 malitia:
2030 1152 2145 1193 sua:

571 1240 731 1288 liuent
756 1235 1075 1302 constituet,
1108 1234 1350 1305 quandiu
1381 1249 1481 1290 nos
1528 1243 1776 1287 terrenos
1808 1231 1875 1285 ad
1921 1231 2145 1301 angelo-

573 1344 692 1381 rum
728 1328 1071 1398 dignitatem,
1122 1342 1182 1383 es
1221 1343 1327 1397 qua
1357 1329 1473 1397 ipse
1507 1327 1832 1382 deturbatus
1871 1340 1934 1379 ac
1967 1323 2146 1394 dejec-

565 1433 650 1475 tus
680 1431 784 1486 est,
808 1435 903 1490 per
940 1421 1202 1474 honestas
1240 1429 1293 1473 et
1339 1419 1618 1489 pratclaraa
1647 1418 1769 1471 vita:
1809 1416 2148 1487 progressio-

569 1527 665 1565 nes
709 1526 998 1580 assurgi-re
1047 1511 1266 1566 viderit.
1319 1512 1387 1564 At
1439 1520 1493 1564 tu
1546 1511 1634 1564 fac
1696 1508 1868 1577 ipsius
1914 1507 2147 1564 insidias

570 1606 812 1674 cognitas
845 1604 1068 1657 habeas.
1125 1603 1336 1656 Etenim
1371 1603 1436 1656 ad
1478 1603 1791 1669 habentem,
1834 1612 1892 1655 ut
1929 1600 2018 1654 ille
2046 1600 2145 1665 ait,

571 1696 772 1748 invidia
825 1696 993 1764 serpit
1049 1713 1062 1749 :
1115 1710 1177 1749 ac
1232 1695 1298 1762 de
1357 1694 1520 1751 rebus
1584 1694 1837 1748 maximis
1872 1700 2146 1747 certamen

571 1788 796 1854 geritur.
832 1785 956 1841 “me
986 1796 1163 1840 autem
1196 1788 1357 1841 verba
1402 1804 1413 1839 :

572 1882 761 1945 serpit,
811 1877 1098 1946 Sophoclis
1162 1888 1290 1933 sunt
1334 1879 1387 1933 in
1436 1878 1621 1941 Aiacis
1685 1877 1969 1948 tragmdia.
2006 1876 2148 1943 Quid

571 1971 716 2024 enim
751 1972 1003 2038 baptismi
1034 1970 1267 2039 puritate
1299 1970 1475 2040 majus
1499 1981 1546 2025 et
1582 1970 1984 2025 excellentius?
2010 1968 2149 2023 Pro-

574 2066 699 2117 inde
743 2080 850 2132 quo
886 2064 1063 2133 major
1092 2065 1408 2127 thesaurus,
1442 2078 1508 2117 eo
1544 2062 1881 2128 accuratius,
1919 2062 2150 2131 diligen-

576 2158 792 2225 tiusque
843 2157 938 2211 tibi
992 2157 1383 2227 provideutluttt
1438 2168 1544 2221 est,
1599 2171 1665 2211 ne
1693 2171 1817 2209 cum
1870 2166 2148 2224 acceptum

573 2247 814 2301 amittas.
853 2245 1123 2313 Quocirca
1160 2262 1228 2300 ne
1262 2247 1364 2301 vile
1394 2256 1447 2301 et
1478 2246 1938 2301 contemnendum
1976 2254 2147 2314 putes,

577 2337 788 2391 fidelem
844 2352 907 2391 ac
965 2338 1113 2406 pium
1146 2337 1304 2393 eflici.
1358 2338 1489 2390 Nam
1526 2338 1618 2408 qui
1649 2336 1905 2407 baptismi
1957 2352 2152 2408 expers

573 2437 677 2491 est,
735 2429 859 2482 licet
915 2428 1191 2483 Christum
1250 2430 1353 2483 title
1406 2431 1823 2499 complectatur,
1910 2430 2151 2484 nondum

574 2526 756 2571 tanien
793 2518 934 2571 inter
965 2517 1150 2572 fideles
1182 2520 1490 2573 censendus
1520 2529 1622 2574 est.
1647 2519 1843 2591 Atque,
1879 2530 1939 2575 ut
1969 2530 2151 2577 trans-

576 2608 748 2663 latitie
800 2624 829 2663 a
882 2609 1050 2664 veteri
1104 2625 1231 2663 arca
1302 2611 1610 2680 exemplum
1659 2626 1897 2673 sumam,
1954 2612 2153 2667 atriuut

576 2702 793 2767 quidem
820 2701 1012 2755 classis
1057 2715 1143 2756 est
1190 2718 1404 2765 eurum,
1449 2703 1545 2773 qui
1585 2701 1912 2758 Christiana:
1941 2703 2156 2773 pietatis

576 2790 860 2844 elementis
891 2791 1071 2846 adhuc
1103 2793 1447 2856 imbuuntur,
1498 2809 1591 2862 per
1649 2794 1789 2862 quod
1844 2797 2158 2850 necessario

578 2880 970 2932 transeundum
1025 2891 1107 2934 est
1163 2896 1177 2934 :
1223 2892 1409 2936 sancta
1463 2893 1641 2937 autem
1709 2884 1963 2952 baptismi
2013 2900 2158 2955 sym-

577 2970 699 3023 hola
730 2988 743 3023 :
772 2971 970 3025 Sancta
1016 2986 1145 3027 vero
1204 2985 1546 3039 sanctorum,
1596 2990 1659 3028 ea
1702 2975 2001 3029 divinitatis
2026 2977 2157 3031 doc-

581 3059 720 3113 trina
754 3072 806 3115 et
833 3071 1185 3116 sacrosancta
1212 3064 1466 3128 initiatio,
1487 3077 1609 3132 qua:
1630 3062 1880 3130 bapiistni
1914 3073 2157 3133 tempore

579 3152 659 3218 ﬁt,
691 3167 788 3222 per
821 3169 982 3223 quam
1008 3154 1074 3208 ad
1106 3155 1426 3209 Tt'iniiatem
1461 3156 1831 3225 pervenimus,
1860 3170 1923 3209 ac
1953 3171 2075 3209 cum
2094 3170 2157 3209 ea

575 3244 693 3312 jam
748 3243 1006 3315 deinceps
1068 3247 1381 3317 adeptionis
1436 3246 1699 3302 beneficio
1750 3245 2152 3316 conjungimur.

577 3334 696 3390 Jam
732 3352 856 3391 vero
880 3340 1054 3408 elypei
1083 3340 1205 3395 loco
1233 3338 1355 3394 fidei
1392 3350 1633 3403 scutum,
1686 3340 1788 3396 hoc
1817 3348 1918 3403 est,
1952 3339 2158 3408 baptis-

582 3444 729 3482 mum
758 3429 955 3499 objice,
990 3445 1099 3500 quo
1128 3440 1179 3485 te
1210 3429 1383 3485 hostis
1407 3444 1503 3500 per
1534 3429 1855 3499 hujusmodi
1901 3446 2157 3501 procras-

582 3523 905 3577 tinationem
957 3522 1171 3592 spoliat,
1232 3522 1539 3592 impediens
1607 3523 1859 3578 videlicet
1906 3537 1973 3577 ne
2031 3538 2155 3578 cum

581 3613 842 3682 accipias,
872 3622 930 3666 ut
964 3620 1015 3668 te
1065 3614 1269 3669 nudum
1327 3624 1384 3668 et
1436 3614 1702 3670 inermem
1745 3622 1965 3684 superet
1994 3622 2159 3685 atque

579 3706 873 3774 opprimat.

651 3795 893 3849 Col.579
916 3794 972 3846 Β.
998 3794 1188 3849 Omnes
1219 3804 1435 3850 atatum
1466 3796 1661 3865 gradus
1694 3797 1929 3866 attingit,
1955 3799 2154 3862 omnia,

581 3898 688 3941 etc.
723 3886 999 3943 Adversus
1033 3901 1249 3942 omnem
1299 3895 1512 3941 aetatem
1549 3888 1800 3942 diabolus
1854 3900 2153 3958 grassatur,

582 3995 688 4033 non
722 3980 881 4035 modo
902 3980 1191 4050 juvenum,
1234 3980 1329 4035 sed
1358 3979 1523 4034 etiam
1561 3994 1751 4034 senum
1789 3997 1801 4033 :
1842 3994 1906 4035 ac
1931 3981 2158 4049 proinde

583 4081 815 4138 nonest,
847 4073 994 4143 quod
1055 4086 1240 4143 speres
1296 4072 1416 4127 fore
1473 4085 1533 4128 ut
1577 4073 1673 4127 tibi
1710 4080 1869 4127 actate
1900 4084 2157 4143 provecto

584 4176 791 4234 parcat.
824 4167 1001 4235 Atque
1032 4170 1301 4221 adversus
1346 4182 1508 4221 omne
1561 4167 1684 4222 vita?
1713 4182 1885 4238 genus
1912 4175 1965 4221 et
1996 4166 2158 4221 insti-

584 4269 786 4323 tutum,
841 4259 956 4313 sive
1017 4260 1143 4328 quis
1200 4259 1517 4314 coslibatum
1563 4259 1665 4314 sibi
1720 4260 2154 4330 amplectendum

582 4353 820 4415 duxerit,
881 4351 994 4405 sive
1046 4351 1480 4416 matrimonium,
1528 4360 1622 4405 aut
1686 4351 1833 4405 aliud
1880 4352 2153 4421 quoddam

584 4446 707 4498 vitae
734 4458 922 4513 genus.
953 4440 1178 4498 Juvenis
1207 4444 1303 4498 es?
1347 4442 1652 4499 Juveuilem
1706 4453 1920 4499 nitatem
1952 4444 2156 4515 haptis-
2192 4471 2235 4528 υ

584 4536 658 4589 uti
693 4536 845 4589 freno
886 4537 1171 4596 confirma,
1210 4545 1262 4590 et
1302 4534 1560 4604 baptismi
1607 4549 1709 4605 ope
1739 4544 1904 4606 atque
1950 4537 2157 4591 auxilio

583 4630 831 4684 munitus
897 4629 1160 4684 adversus
1215 4628 1385 4681 animi
1450 4628 1888 4697 perturbationes
1946 4640 2168 4683 strenue

583 4722 805 4784 dimica,
842 4721 895 4773 in
925 4720 1160 4774 militum
1194 4718 1285 4774 Dei
1319 4719 1502 4774 album
1562 4733 1760 4775 nomen
1792 4729 1945 4774 tuum
1996 4722 2167 4773 ascri-

586 4814 740 4870 bens.
773 4813 838 4866 Et
874 4812 1335 4882 quemadmodum
1369 4811 1536 4867 David
1582 4811 1846 4866 adversus
1900 4812 2162 4882 alienige-

585 4923 712 4962 nam
762 4906 915 4961 illum
943 4906 1156 4962 Goliath
1181 4905 1478 4960 fortissime
1509 4904 1787 4976 pugnavit,
1820 4912 1983 4974 atque
2021 4904 2164 4959 lsra-

584 5000 781 5056 elitica:
815 4999 1066 5054 mulieres
1094 4999 1324 5053 chorum
1356 4998 1621 5053 ducentes
1671 4997 1724 5050 in
1770 4995 1890 5064 ejus
1941 4997 2156 5054 laudem

586 5094 893 5147 canebant:
925 5090 1193 5145 Percussit
1221 5090 1354 5145 Sauf
1382 5089 1546 5157 mille,
1590 5089 1756 5145 David
1781 5101 1951 5145 autem
1982 5091 2159 5144 decem

587 5183 759 5238 millia
777 5184 960 5250 ";sic
996 5195 1051 5239 tu
1094 5183 1357 5238 adversus
1395 5182 1730 5252 Spiritualem
1760 5180 1972 5237 Goliath
2018 5192 2164 5238 stre-

589 5291 696 5329 nue
745 5286 800 5330 ct
853 5276 1069 5331 fortiter
1118 5287 1326 5345 pugna,
1386 5284 1551 5345 atque
1607 5275 1940 5345 multiplices
1999 5274 2169 5343 ipsius

589 5369 731 5421 vires
750 5378 803 5422 et
848 5367 1153 5433 machinas,
1200 5368 1349 5420 velut
1374 5367 1635 5422 chiliades
1667 5365 1934 5436 quasdam
1964 5374 2017 5419 et
2058 5380 2174 5435 my-

588 5462 772 5516 riadcs
819 5463 873 5515 in
906 5469 1233 5532 potestatem
1282 5460 1484 5530 redige.
1532 5459 1902 5522 Cousenuisti,
1949 5469 2112 5528 atque
2140 5473 2169 5513 a

590 5554 908 5608 necessario
940 5564 993 5606 et
1024 5550 1323 5606 inevitabili
1368 5550 1560 5605 mortis
1599 5550 1835 5605 termino
1863 5566 1972 5604 non
2014 5550 2172 5620 longe

665 5712 707 5744 “
749 5711 788 5766 ll
989 5726 1143 5779 xvut,
1173 5711 1226 5766 7.
1306 5712 1350 5742 ⁵³
1382 5708 1523 5766 Psal.
1550 5722 1645 5772 cu,
1676 5706 1729 5761 5.

1808 5706 1853 5739 “
1882 5705 1899 5759 Ι
1933 5704 2064 5777 Reg.
2101 5722 2136 5773 t,
2158 5705 2247 5760 ξε.

2250 502 2426 553 tuum,
2476 505 2544 544 ne
2590 490 2656 543 de
2692 487 2992 542 undecima
3066 485 3213 538 hora
3264 492 3521 551 tanquam
3569 480 3624 534 de
3656 481 3764 549 prius

2244 583 2490 653 cogites:
2536 596 2722 636 verum
2774 578 2973 647 paucis
3022 578 3118 631 his
3167 575 3397 636 diebus,
3444 587 3573 641 quos
3607 573 3768 639 reliquos

2246 676 2438 740 habes,
2472 689 2566 742 per
2585 673 2917 743 baptismum
2954 683 3247 723 succurre
3271 667 3430 735 cujus
3472 664 3522 740 fi
3565 665 3769 717 renovabi-

2245 777 2335 821 tur
2365 774 2423 822 ut
2450 764 2646 833 aquilae
2671 763 2935 832 juventus
2998 771 3099 814 tua
3125 760 3197 811 ⁶².
3256 757 3337 811 Ac
3366 756 3581 821 juvenes
3621 755 3769 822 quitem

2247 874 2428 913 rerum
2452 857 2811 926 gerendarum
2848 853 3134 907 facultate
3165 849 3455 916 animique
3485 847 3771 915 magnitudine

2247 950 2469 1006 senibus
2498 956 2760 1018 prmstant
2797 962 2810 1000 :
2850 954 3137 1000 ueterum
3190 941 3483 1011 prudentia
3527 939 3774 991 vincuntur:

2248 1059 2441 1098 rursus
2464 1056 2621 1098 senes
2654 1041 2727 1095 ita
2751 1039 2961 1094 viribus
2994 1036 3270 1106 corporis
3297 1034 3515 1096 cedunt,
3538 1041 3591 1085 ut
3612 1034 3776 1101 pl‘lltlt‘ﬂ'

2248 1136 2335 1190 tiae
2364 1135 2524 1189 laude
2581 1139 2856 1202 superent.
2896 1130 2971 1181 At
3018 1138 3109 1194 tu,
3165 1141 3300 1182 cum
3357 1125 3509 1179 senili
3544 1124 3778 1176 infirmitate

2248 1226 2483 1291 labores,
2538 1225 2763 1280 senilem
2835 1231 3027 1275 tamen
3104 1218 3465 1291 prudentiam
3518 1230 3777 1284 nequaquam

2249 1317 2438 1383 habes,
2472 1332 2592 1386 quae
2623 1316 2839 1387 quidem
2868 1330 2896 1368 a
2923 1325 3002 1377 te.
3036 1321 3099 1369 ut
3124 1322 3261 1366 natu
3284 1309 3513 1379 majore,
3537 1306 3779 1376 requiritur.

2249 1410 2398 1465 lianc
2452 1411 2618 1480 igitur
2651 1417 2848 1479 praesta
2878 1404 3266 1476 (baptismum
3321 1398 3640 1470 accipiendo)
3671 1408 3779 1466 atque

2250 1502 2537 1564 senectuti,
2578 1511 2835 1569 tauquam
2861 1499 2970 1552 fido
3001 1506 3059 1552 et
3114 1505 3277 1551 certo
3312 1493 3543 1557 custodi,
3572 1491 3778 1560 purgatio-

2253 1609 2375 1648 uem
2408 1590 2709 1646 committe.
2731 1589 2887 1656 Quod
2919 1589 2963 1644 si
3004 1603 3209 1642 moras
3232 1586 3431 1651 nectis,
3450 1599 3508 1638 ac
3526 1583 3776 1653 baptismum

2252 1684 2652 1748 extrahis,eatn
2684 1682 2750 1737 de
2782 1690 2831 1737 te
2874 1682 3213 1752 opinionem
3260 1678 3547 1741 excitabis,
3579 1684 3628 1730 ut
3651 1674 3775 1727 libidi-

1465 1786 1543 1839 Ad
1601 1786 1887 1841 habentem
1945 1784 2147 1838 invidia
2182 1766 2221 1821 Β
2254 1776 2338 1830 nis
2370 1785 2426 1830 et
2454 1775 2794 1845 voluptatum
2828 1787 3022 1827 amore
3045 1785 3243 1826 moras
3272 1769 3323 1825 ei
3348 1768 3536 1823 afferre
3573 1766 3776 1820 existime-

2252 1870 2533 1940 ris,idque
2566 1884 2689 1922 cum
2724 1867 2879 1922 senio
2927 1864 3156 1920 fractus
3214 1863 3296 1918 sis
3336 1871 3498 1929 atque
3543 1856 3771 1915 confectus,

2254 1964 2501 2033 nihilque
2565 1960 2714 2016 aliud
2760 1959 2857 2023 sis,
2919 1973 3094 2027 quam
3146 1967 3349 2010 tenues
3402 1953 3523 2006 vitat
3580 1948 3771 2014 reliquie.

2253 2053 2449 2108 Filium
2482 2063 2731 2108 tenerum
2765 2063 2816 2106 et
2851 2051 3134 2106 infantem
3175 2048 3392 2103 habes?
3414 2044 3541 2098 Eum
3564 2058 3591 2096 a
3616 2041 3770 2099 teneris,

2236 2156 2315 2199 ,ut
2342 2143 2872 2213 dicituruuguiculis
2899 2140 3144 2212 Spiritui
3197 2152 3486 2193 consecra.
3511 2131 3570 2186 At
3608 2128 3769 2186 vereris.

2257 2254 2325 2292 ne
2359 2238 2499 2292 forte
2522 2237 2634 2290 filio
2665 2245 2824 2291 aetate
2847 2234 3014 2289 altius
3047 2240 3327 2304 provecto
3370 2224 3608 2297 baptismi
3647 2220 3770 2288 signa-

2257 2327 2439 2380 culum
2504 2322 2904 2380 contaminetur
2978 2330 3159 2390 atque
3238 2311 3562 2372 sordesrat?
3609 2308 3765 2362 nimium

2258 2414 2505 2486 profecto
2538 2412 2858 2468 meticulosa
2909 2418 3090 2465 mater
3114 2422 3203 2472 es,
3239 2404 3449 2469 Deique
3474 2396 3690 2469 praesidio

2259 2484 2378 2561 rum
2413 2505 2671 2560 subnixa.
2701 2502 2867 2573 Atqui
2894 2501 3053 2556 Anna
3102 2496 3446 2558 Samuelem,
3491 2490 3643 2547 statim
3671 2496 3712 2538 ut
3731 2484 3763 2535 in

2259 2602 2432 2657 lucem
2464 2598 2642 2653 editus
2692 2604 2798 2660 est,
2834 2589 3283 2653 consecravit",
3330 2598 3530 2641 natura:
3555 2576 3764 2636 infirmita-

2259 2704 2365 2748 tem
2402 2691 2665 2746 adversus
2700 2686 2944 2754 corporis
2994 2685 3417 2749 aﬂ‘ectuumque
3468 2671 3755 2729 rebellantium

2259 2786 2497 2854 impetus
2517 2782 2743 2836 minime
2776 2778 3150 2834 reformidans
3188 2794 3202 2829 :
3231 2788 3423 2829 verum
3456 2767 3537 2822 Dei
3555 2777 3639 2854 ope
3657 2759 3757 2812 ire“.

2261 2853 2519 2942 certoque
2549 2874 2651 2941 sibi
2687 2872 3050 2943 persuadens,
3102 2885 3236 2924 eum
3258 2858 3606 2921 imbecillitati
3626 2853 3755 2945 ltum:

2263 2983 2347 3023 nae
2388 2967 2629 3023 subsidio
2678 2965 2949 3020 futurum.
2984 2962 3133 3017 Nihil
3168 2960 3272 3016 tibi
3301 2972 3441 3027 opus
3473 2958 3550 3007 est
3575 2946 3627 3001 ad
3651 2953 3754 3012 ρυατη

2262 3062 2459 3116 collum
2494 3058 2761 3114 diabolica
2796 3058 3060 3123 amuleta,
3087 3057 3197 3111 hoc
3228 3061 3314 3109 est
3343 3050 3472 3103 falsa
3495 3039 3649 3099 salutis
3668 3046 3749 3132 pis-

2266 3153 2428 3216 sidia,
2460 3150 2811 3223 suspendere,
2833 3164 3010 3219 neque
3049 3145 3458 3203 incantationes
3485 3150 3567 3192 eas
3601 3135 3749 3228 quem

2264 3244 2460 3300 vetulis
2520 3241 2856 3299 mulierculis
2897 3254 3021 3294 cum
3081 3235 3419 3295 oscitatione
3464 3234 3605 3293 εῑίίυε

2266 3338 2467 3393 latione
2496 3347 2547 3392 et
2592 3335 2836 3391 susurris
2867 3332 3208 3404 quibusdam
3254 3331 3592 3398 Ρθτθῧηηίυτν
3617 3309 3751 3408 adn)“.

2265 3441 2400 3496 tere,
2435 3430 2634 3500 quibus
2685 3403 2997 3482 daemonum
3032 3436 3262 3493 qunque
3294 3413 3551 3473 invocatio

2264 3531 2366 3586 est,
2389 3488 2467 3575 ac.
2487 3534 2581 3589 per
2625 3514 2960 3572 exsecranda
2994 3488 3320 3583 hujusmodi
3352 3505 3545 3564 scelera
3580 3488 3747 3589 diabolus

2267 3582 2616 3665 ulterior-ibus
2660 3615 2714 3662 et
2762 3582 3146 3661 stolidioribus
3209 3599 3517 3657 hominibus
3564 3582 3746 3657 quodam-

2265 3700 2430 3756 modo
2461 3698 2682 3755 adorari
2713 3697 2950 3752 videtur.
2994 3696 3135 3762 Quin
3176 3694 3363 3766 potius
3395 3685 3498 3743 filio
3528 3691 3606 3735 tuo
3622 3679 3745 3726 verum

2265 3792 2595 3857 antidotum,
2632 3792 2733 3845 hoc
2766 3797 2870 3851 est,
2897 3787 3228 3843 Trinitatem
3249 3799 3350 3856 per
3371 3769 3598 3849 baptismi
3621 3772 3743 3821 sacra-

2266 3892 2506 3938 mentum
2539 3880 2775 3953 porrige.

2336 3975 2451 4033 Col.
2468 3949 2576 4032 38-2
2589 3981 2650 4032 Α.
2679 3976 2823 4043 Quid
2836 3976 3127 4047 praeterea?
3157 3971 3517 4043 Virginitatem
3532 3955 3635 4012 colis
3648 3949 3736 4047 26ίοῖ

2270 4069 2562 4141 Postquam
2613 4044 2926 4139 Theologus
2974 4068 3041 4122 de
3069 4066 3327 4122 aetatibus
3373 4048 3615 4114 tractavit,
3651 4044 3737 4141 ttulit

2265 4165 2332 4219 ad
2383 4139 2508 4219 vita:
2555 4178 2772 4235 quoque
2819 4163 3067 4216 humanas
3120 4160 3367 4215 instituta
3419 4139 3735 4235 transilif'm'j‘

2266 4224 2585 4311 auditorem.
2609 4224 2698 4309 ita.
2713 4254 3009 4323 alloquitur
3043 4270 3057 4307 :
3091 4249 3463 4323 Virginitatem
3492 4224 3734 4323 colis???

2266 4332 2431 4405 tism'o
2480 4349 2806 4418 consiguare
2862 4366 2874 4402 :
2931 4353 2991 4401 ut
3045 4337 3494 4415 quemadmodum
3537 4310 3731 4418 ait

2270 4398 2427 4405 """'
2486 4398 2802 4418 "-'~'o-~vv
2863 4398 2872 4402 ν
2939 4398 2985 4401 ψη
3063 4398 3101 4415 ,ν
3198 4398 3225 4399 η

2268 4440 2482 4502 mon“.
2517 4439 2725 4495 circulo
2756 4437 3053 4510 gratiarum
3114 4434 3350 4493 orueris,
3406 4435 3456 4479 et
3496 4398 3731 4510 corona

2266 4533 2540 4599 liciarum.
2590 4532 2695 4587 hoc
2740 4540 2843 4595 est.
2899 4529 3269 4600 spiritualium
3315 4518 3594 4579 divitiarum
3634 4493 3724 4600 artis

2268 4623 2362 4692 qui
2395 4623 2656 4677 adversus
2683 4585 2986 4675 invisibiles
3037 4620 3224 4674 hostes
3253 4612 3516 4671 hominum
3557 4585 3725 4692 Ρτοίξξξξξ

2269 4731 2377 4768 non
2415 4730 2575 4769 secus
2615 4723 2779 4782 atque
2811 4727 2940 4782 opes
2975 4712 3029 4764 in
3078 4723 3301 4765 sensum
3347 4699 3574 4757 cadentes

2267 4808 2453 4863 sibiles
2485 4810 2669 4863 hostes
2690 4767 3103 4877 propellenlos,
3139 4817 3295 4872 opem
3330 4793 3557 4851 afferunt.

2272 4900 2441 4954 tuonii
2474 4899 2705 4954 vmculis
2772 4896 3057 4960 astrictus,
3108 4904 3192 4950 εει
3239 4889 3542 4962 baptismum

2272 4991 2545 5059 pudicitiae
2595 4988 2875 5044 custodem
2935 4988 3143 5057 accipe.
3204 4985 3271 5038 At
3308 4948 3539 5033 .fortasse

2269 5081 2487 5150 quidem
2543 5079 2892 5132 matrimonio
2942 5077 3096 5148 jungi
3145 5078 3302 5147 petis.
3355 5081 3444 5124 "ec

2271 5133 2378 5226 ιίυε
2429 5171 2654 5241 iunctus
2708 5169 2812 5225 es?
2872 5133 3232 5235 Baiius‘Inu'm.
3267 5177 3368 5236 quo
3409 5154 3553 5241 vict“
3596 5133 3703 5241 “illi

2272 5221 2376 5226 ---η
2429 5221 2651 5241 ,νη-τη
2717 5221 2800 5225 αν
2920 5221 3050 5235 τη
3130 5221 3136 5223 .
3220 5221 3296 5236 ..
3409 5221 3421 5226 -
3680 5221 3683 5223 .

2269 5264 2413 5317 latur
2445 5274 2608 5332 atque
2639 5262 2940 5332 perficitur,
2993 5277 3061 5315 ue
3094 5256 3421 5314 reformides.
3460 5221 3719 5358 Νεαυθ

2571 5356 2577 5358 _
3242 5352 3254 5358 -
3278 5351 3288 5358 .
3405 5340 3496 5358 η--
3543 5336 3619 5358 nlln

2268 5356 2679 5409 matrimonium
2747 5370 2872 5409 cum
2932 5351 3336 5424 conspureahil.
3381 5340 3500 5409 ,Εεο
3542 5327 3718 5451 θθωῖξιὲ

2270 5459 2390 5520 post
2421 5450 2752 5519 baptismum
2792 5449 2911 5504 initi
2942 5451 3222 5520 auspicem
3260 5460 3341 5503 me
3367 5434 3596 5513 promo“

2269 5559 2392 5599 cum
2448 5543 2733 5613 virginitas
2784 5543 2991 5598 honore
3026 5555 3265 5613 praestet,
3321 5537 3485 5604 utique
3525 5505 3702 5572 matruno

2327 5706 2374 5737 σι
2409 5704 2573 5759 fit-cli.
2611 5720 2780 5770 xxvii,
2810 5705 2864 5759 5.
2907 5706 2951 5737 ⁸⁸
2982 5703 3142 5771 llebr,
3182 5720 3299 5766 xm.
3328 5700 3372 5753 4.
