4032 6198
367 271 504 334 i255

1332 275 1655 335 NICETAS
1700 278 1780 337 ΙΝ
1823 277 2048 340 ΟΙὶΛΤ.
2089 280 2187 338 XI.
2230 280 2290 337 S.
2332 279 2566 338 GREG.

3486 282 3625 347 1:208

363 392 515 444 nium
556 396 711 454 turpe
743 393 798 439 et
832 382 1255 455 ignominiosum
1294 401 1400 440 non
1449 388 1571 441 erit.
1624 385 2015 448 IIonorabileA
2118 386 2234 442 Col.
2284 387 2390 442 585
2440 390 2503 443 Α.
2564 390 2633 442 At
2682 390 2733 443 in
2786 392 2955 445 inedia
3003 392 3274 448 ltominu'n
3326 397 3625 467 frequentia

356 477 503 530 cnim
555 473 895 534 connubium,
955 481 1013 527 ut
1057 472 1234 542 inquit
1280 474 1595 545 Aposmlus,
1644 487 1693 529 et
1783 485 1933 530 torus

358 566 731 623 immaculatus
752 566 821 619 ⁸⁸.
866 566 945 620 Ac
974 567 1201 635 proinde
1236 567 1487 623 Christus
1548 584 1764 638 quoque
1802 568 1932 623 illud

358 674 631 717 exornans
709 658 914 728 nuptiis
970 658 1023 711 in
1071 656 1219 714 Cana
1276 662 1571 715 contraetis
1638 660 1932 714 interfuit:

354 767 559 821 easque
584 751 731 804 edito
772 750 1040 804 miraculo
1095 749 1388 804 illustravit
1422 751 1490 805 θ’.
1553 753 1667 806 Hoc
1699 768 1865 806 unum
1900 768 1932 808 a

356 857 428 910 te,
475 843 567 913 qui
599 841 1008 896 matrimonium
1044 842 1359 913 complexus
1387 858 1446 898 es
1483 844 1723 914 postulo,
1777 844 1936 899 nimi-

352 955 473 992 rum
526 944 584 990 ut
637 950 666 989 a
697 949 995 1005 congressu
1046 934 1142 989 tibi
1193 942 1483 1003 temperes,
1535 938 1750 1007 quando
1787 937 1936 1008 jeju-

350 1030 445 1083 nio
477 1037 640 1095 atque
676 1026 909 1079 orationi
959 1025 1335 1095 prtescriptum
1374 1036 1587 1098 tempus
1621 1029 1761 1082 fluit.
1820 1027 1932 1085 Hoc

348 1128 532 1173 autem
566 1128 777 1184 tempus
806 1115 934 1170 illud
971 1123 1072 1180 est,
1120 1119 1265 1186 quod
1306 1119 1551 1187 mystica:
1577 1134 1778 1175 mensa:
1810 1137 1934 1189 per-

348 1211 654 1279 ceptionem
710 1207 1004 1271 antecedit,
1054 1209 1201 1277 quod
1253 1209 1471 1279 quidem
1525 1226 1644 1265 non
1700 1212 1930 1280 nuptiali

349 1310 561 1356 tantum
595 1313 916 1368 congressu,
967 1313 1159 1353 verum
1196 1308 1251 1355 et
1280 1301 1638 1371 octupatione
1667 1317 1730 1356 ac
1764 1318 1929 1371 nego-

348 1397 551 1449 tiorum
578 1392 1145 1451 administrationemt
1170 1393 1389 1448 Pindari
1415 1395 1594 1449 verbis
1619 1395 1934 1460 utar,altius

347 1494 453 1549 est,
486 1483 540 1537 id
569 1493 652 1537 est
680 1482 872 1551 quavis
914 1484 1019 1538 alia
1056 1500 1188 1538 cura
1222 1486 1546 1555 negotioque
1578 1488 1928 1554 praestantius

341 1586 395 1630 et
427 1574 802 1630 esCellentius.
863 1574 1041 1644 Atque
1090 1576 1231 1630 hanc
1276 1576 1441 1630 etiam
1497 1581 1711 1632 brevem
1745 1581 1919 1632 conti-

341 1668 584 1722 nentiam
634 1682 699 1720 ες
750 1669 1028 1722 conuuuni
1078 1669 1369 1739 utriusque
1424 1672 1593 1739 partis
1647 1687 1919 1727 consensu

2044 480 2308 543 versaris,
2367 493 2475 536 etc.
2548 481 2632 535 Sit
2687 483 2760 537 ita
2815 500 2979 549 sane,
3030 487 3241 555 inquies
3280 505 3293 541 :
3332 506 3515 544 verum
3567 494 3621 546 in

2044 572 2235 625 mediis
2264 575 2604 643 negotiorum
2637 578 2965 632 tumultibus
3002 594 3213 648 versor,
3263 596 3327 636 ac
3373 582 3622 651 publiea-

2040 677 2160 714 runt
2201 679 2381 715 rerum
2437 664 2912 723 administratione
2966 672 3306 727 contaminor
3343 693 3356 729 :
3389 690 3622 745 eamque

2038 755 2109 810 ob
2164 772 2386 812 causam
2448 773 2729 823 vereorue,
2783 779 2905 816 cum
2959 763 3289 832 baptismum
3334 781 3618 836 accepero,

2035 863 2269 919 eumque
2334 860 2521 919 postea
2577 855 2971 922 inquinavere,
3028 857 3122 912 Dei
3180 860 3619 915 misericordiam

2035 955 2358 997 consumam
2411 952 2574 1015 atque
2628 948 2947 1004 exhauriant
2988 959 3216 1022 :utpote
3264 968 3387 1007 cum
3432 955 3618 1010 nullus

2034 1030 2177 1087 alius
2237 1034 2542 1103 baptismus
2605 1042 2865 1109 supersit.
2936 1041 3177 1113 Simplex
3232 1053 3316 1101 est
3391 1047 3614 1112 solutio,

2034 1124 2138 1182 hoc
2172 1135 2296 1191 est,
2354 1127 2532 1186 facilis
2564 1142 2617 1187 et
2664 1134 2921 1201 dilui-ida,
2976 1151 3076 1191 nec
3110 1138 3448 1206 argumentis
3498 1140 3618 1196 aliis

2034 1219 2431 1291 multiplicique
2461 1221 2825 1289 explicatione
2870 1226 3139 1296 indigens.
3174 1226 3418 1283 Primum
3468 1230 3616 1284 enint

2033 1312 2135 1366 hoc
2184 1311 2308 1366 dico
2358 1329 2373 1364 :
2430 1311 2487 1367 Si
2544 1313 2660 1369 fieri
2716 1326 2893 1383 potest
2950 1317 3130 1374 forum
3185 1322 3412 1376 omnino
3468 1322 3614 1393 fuge,

2031 1402 2332 1471 assumptis
2366 1404 2567 1473 aquila:
2595 1406 2810 1473 pennis,
2861 1416 3080 1474 propter
3112 1410 3328 1466 roboris
3354 1421 3618 1481 praestan-

2030 1488 2189 1553 tium,
2236 1492 2697 1560 quemadmodum
2759 1493 2812 1547 in
2866 1492 3059 1551 Exodo
3106 1500 3369 1567 scriptum
3420 1511 3502 1555 cst
3544 1504 3613 1567 ‘9,

2028 1587 2125 1633 aut
2161 1578 2428 1636 columba:
2458 1581 2675 1651 pennis,
2725 1600 2861 1651 quas
2911 1589 3072 1639 etiam
3124 1588 3288 1644 David
3321 1589 3407 1645 bis
3434 1593 3613 1648 verbis

2027 1669 2236 1739 expetit
2269 1686 2284 1724 :
2318 1669 2453 1735 Quis
2483 1671 2612 1727 mihi
2639 1671 2791 1726 dabit
2827 1691 3025 1743 pennas
3068 1677 3203 1731 sicut
3247 1679 3525 1748 columba,
3563 1691 3614 1737 ct

335 1762 452 1817 fieri
498 1760 642 1814 volo.
697 1757 813 1814 Non
846 1761 996 1815 enim
1048 1762 1220 1831 legem
1272 1771 1474 1828 statuo,
1518 1778 1617 1819 nec
1647 1763 1723 1818 rei
1759 1764 1923 1834 lmjus
1959 1746 1997 1801 Β
2028 1761 2325 1815 volabo”?
2383 1760 2493 1817 Has
2557 1775 2737 1819 autem
2771 1769 2987 1835 qumrit,
3043 1770 3127 1824 vel
3175 1770 3301 1841 quia
3353 1772 3606 1839 leviores,

338 1851 665 1906 necessitate
701 1858 751 1904 te
787 1850 1091 1919 ohstringo,
1141 1866 1328 1906 verum
1380 1853 1668 1907 monitoris
1706 1865 1757 1908 et
1787 1870 1920 1909 con-

337 1941 533 1998 siliarii
595 1951 780 2010 partes
838 1955 975 2009 ago;
1033 1957 1134 1997 nec
1184 1942 1507 2012 simpliciter
1565 1954 1619 1997 et
1671 1943 1920 1999 absolute

337 2049 523 2087 eorum
553 2048 674 2103 quae
703 2040 808 2087 tua:
855 2035 1139 2101 potestatis
1173 2044 1334 2101 sunt,
1383 2047 1708 2107 extorquere
1758 2038 1921 2109 quid-

338 2141 500 2196 quam
545 2124 708 2195 cupio
755 2123 934 2196 (potes
983 2125 1127 2179 enim
1178 2134 1270 2182 tuo
1302 2126 1444 2196 jure,
1499 2130 1712 2201 quoties
1765 2131 1917 2196 libet,

336 2234 460 2273 cum
496 2233 663 2272 uxore
715 2226 805 2272 tua
837 2219 1286 2273 consuetudinem
1323 2219 1578 2290 habere),
1629 2237 1813 2276 verum
1864 2232 1919 2277 et

335 2310 659 2365 concordem
712 2309 853 2363 hanc
900 2309 968 2363 ab
1005 2324 1168 2379 opere
1201 2311 1398 2365 uxorio
1431 2314 1796 2368 cessationem
1828 2329 1915 2368 sa-

334 2402 465 2457 lutis
518 2414 621 2455 tute
668 2415 833 2455 causa
879 2401 1130 2470 accipere
1162 2402 1436 2457 desidero.
1498 2404 1554 2460 Si
1592 2406 1812 2475 quidem
1862 2413 1915 2459 et

336 2492 460 2554 tibi,
521 2500 576 2546 et
621 2492 803 2557 uxori,
835 2492 1169 2546 continentia
1208 2493 1521 2561 huiusmodi
1573 2510 1601 2548 a
1631 2498 1830 2566 pietate
1861 2503 1914 2549 et

332 2585 595 2655 religione
658 2598 890 2637 manans
945 2584 1201 2653 prmsidio
1259 2585 1384 2650 erit,
1455 2594 1509 2640 et
1566 2588 1910 2641 sanctitatem

330 2678 541 2732 afferet.
583 2675 666 2730 Ad
694 2676 838 2730 hunc
871 2692 1089 2746 quoque
1122 2678 1343 2731 modum
1378 2677 1580 2732 Paulus
1608 2678 1911 2736 Corinthiis

327 2769 603 2825 scribebat
644 2785 659 2824 :
705 2765 887 2822 Nolite
928 2767 1186 2837 fraudare
1228 2770 1472 2838 invicem,
1522 2771 1626 2826 nisi
1675 2788 1740 2824 ea;
1782 2788 1911 2824 cun-

326 2880 479 2918 scnsu
522 2863 588 2916 ad
634 2871 856 2931 tempus,
910 2871 964 2914 nt
1006 2861 1198 2914 vacetis
1240 2862 1491 2915 orationi.
1537 2865 1612 2917 Ac
1644 2880 1826 2917 rursus
1857 2866 1909 2917 in

327 2971 485 3010 unum
534 2956 888 3017 conveniatis,
932 2969 994 3007 ne
1042 2963 1203 3007 tentet
1260 2970 1347 3007 vos
1410 2954 1643 3009 Satanas
1690 2966 1909 3027 propter

324 3048 761 3100 incontinentiam
797 3055 1041 3099 vestram.
1084 3043 1199 3099 Hoc
1238 3060 1415 3100 autem
1457 3047 1575 3101 diro
1620 3049 1908 3102 secundum

329 3139 551 3204 veniam,
586 3154 687 3191 non
715 3137 1002 3191 secundum
1037 3138 1397 3207 imperium".

397 3229 531 3285 Ibid.
551 3228 611 3284 Ο.
632 3229 798 3299 Atque
824 3242 873 3281 ut
902 3231 952 3282 in
977 3246 1184 3282 summa
1204 3230 1382 3283 dicant
1405 3231 1611 3284 nullum
1635 3233 1775 3296 vitm,
1802 3241 1909 3286 etc.

326 3320 524 3388 Atque,
572 3328 631 3372 ut
676 3318 728 3371 in
780 3334 996 3373 summa
1044 3320 1247 3385 dicam,
1283 3336 1346 3376 ac
1382 3336 1493 3373 rem
1543 3323 1733 3391 paucis
1759 3337 1911 3375 com-

324 3406 549 3477 plectar,
602 3408 750 3461 omni
813 3408 935 3460 vitae
982 3409 1167 3479 generi
1226 3420 1280 3463 et
1332 3409 1589 3463 instituto
1631 3412 1777 3464 utilis
1828 3420 1914 3465 est

326 3498 656 3567 baptismus.
694 3496 983 3563 Quocirca,
1018 3500 1107 3568 qui
1143 3508 1413 3568 pote-tate
1441 3515 1504 3555 ac
1541 3501 1759 3555 licentia
1794 3503 1912 3571 pol-

326 3590 424 3650 les,
454 3585 670 3641 frenum
701 3589 908 3657 accipe,
940 3605 1050 3659 quo
1082 3591 1150 3643 ab
1180 3590 1327 3645 omni
1361 3592 1567 3662 flagitio
1604 3602 1657 3647 et
1705 3593 1911 3647 stetere

321 3680 660 3751 reprimaris.
716 3680 819 3747 Qui
872 3682 924 3734 in
988 3683 1253 3738 servitute
1302 3699 1381 3751 es,
1434 3700 1646 3753 azqttum
1685 3686 1911 3740 honoris

322 3772 575 3841 gradum.
630 3772 928 3842 Apostolus
960 3774 1105 3827 enim
1136 3774 1202 3828 de
1236 3775 1301 3829 iis
1335 3776 1427 3844 qui
1463 3776 1724 3845 baptizati
1757 3787 1905 3840 sunt,

324 3864 455 3917 dicit
497 3882 510 3917 :
552 3861 675 3917 Non
723 3872 800 3916 est
849 3878 1030 3918 servus
1067 3874 1161 3917 aut
1208 3864 1360 3931 liber,
1413 3864 1502 3919 sed
1534 3881 1711 3920 omnes
1742 3881 1906 3919 unum

323 3956 377 4008 in
426 3953 633 4008 Christo
687 3953 901 4008 Iesu“.
952 3955 1053 4021 Qui
1086 3958 1137 4009 in
1200 3972 1436 4012 mturare
1467 3958 1728 4023 versaris,
1764 3960 1907 4013 sola-

326 4046 485 4113 tium,
521 4049 664 4117 quod
712 4046 1021 4117 baptismus
1051 4058 1213 4119 atque
1244 4049 1555 4119 adoptionis
1596 4052 1688 4119 jus
1721 4051 1899 4107 affert.

322 4138 429 4205 Qui
460 4138 582 4194 laeto
614 4149 776 4209 atque
820 4139 977 4193 hilari
1010 4155 1067 4195 es
1098 4143 1305 4207 animo,
1362 4142 1730 4213 disciplinam,
1783 4160 1905 4215 quae

275 4246 508 4286 °mores
562 4243 682 4287 tuos
715 4243 1033 4303 componat,
1087 4250 1191 4290 nec
1245 4236 1552 4304 petulanter
1605 4248 1658 4293 et
1709 4240 1906 4293 immo-

319 4323 476 4379 deste
508 4336 559 4378 te
591 4340 777 4395 gerere
809 4326 975 4381 sinat.
1009 4324 1151 4379 Nihil
1188 4327 1487 4383 (:nllidioris
1540 4331 1754 4384 consilii
1805 4335 1901 4386 ad-

2028 1867 2093 1907 ac
2128 1850 2468 1923 perniciores
2494 1863 2621 1908 sunt
2655 1853 2799 1923 (talis
2834 1858 2982 1911 enim
3015 1868 3120 1923 est,
3158 1861 3413 1932 quisquis
3441 1863 3611 1933 justi-

2029 1947 2159 2000 tiam
2189 1946 2339 2016 colit)
2375 1947 2458 2001 vel
2484 1948 2609 2017 quia
2650 1947 2912 2018 Spiritum
2948 1962 3222 2021 sanctum,
3253 1956 3412 2026 cujus
3441 1958 3608 2014 unius

2025 2050 2129 2105 ope
2178 2045 2343 2106 atque
2394 2038 2600 2092 auxilio
2649 2041 2892 2109 pericula
2946 2041 3223 2112 fugimus,
3267 2045 3606 2117 designant:

2027 2138 2086 2182 ut
2139 2145 2169 2183 a
2235 2131 2603 2199 prteseutibus
2658 2133 2820 2188 malis
2876 2144 2929 2187 et
2980 2150 3165 2190 rerum
3217 2138 3611 2195 acerbitatibus

2023 2233 2188 2288 quam
2236 2219 2558 2289 longissime
2607 2223 2771 2276 absit.
2820 2222 2971 2294 Fuge
3004 2227 3192 2297 itaque
3238 2228 3486 2286 forenses
3517 2242 3608 2285 tn-

2025 2310 2231 2365 multus
2260 2326 2383 2366 cum
2433 2314 2694 2381 praclaro
2747 2318 3034 2383 comitatu,
3087 2321 3345 2390 baptismi
3379 2325 3607 2381 scilicet.

2022 2400 2163 2469 Quid
2209 2405 2356 2459 enim
2410 2409 2504 2463 tibi
2557 2423 2684 2463 cum
2716 2408 2931 2465 Caesare
2973 2411 3321 2486 Caesarisque
3375 2420 3608 2484 negotiis

2020 2507 2317 2549 commune
2369 2508 2475 2558 est,
2524 2497 2626 2552 hoc
2659 2508 2777 2563 est,
2830 2516 2953 2555 cum
2988 2502 3178 2557 mundi
3214 2506 3457 2575 principe
3492 2510 3610 2563 dia-

2024 2583 2170 2650 bolo,
2209 2596 2303 2640 aut
2338 2587 2504 2657 hujus
2533 2590 2653 2643 vitae
2685 2594 2936 2660 negotiis,
2988 2608 3053 2648 ac
3105 2609 3231 2664 rege
3260 2596 3452 2651 horum
3498 2600 3603 2651 im~

2020 2679 2228 2747 perium
2258 2679 2605 2735 obtinente“
2631 2683 2651 2735 ἲ
2694 2682 2773 2738 Ne
2804 2685 2955 2753 ptius
2984 2688 3094 2741 ullo
3152 2690 3275 2744 loco
3305 2693 3602 2757 consistas,

2018 2786 2181 2840 quam
2237 2772 2304 2826 ad
2356 2775 2557 2828 cadum
2609 2779 2940 2845 perveneris,
3000 2782 3090 2835 ubi
3142 2798 3239 2837 nec
3285 2785 3502 2853 plenum
3542 2800 3606 2840 ac

2018 2863 2322 2932 perfectum
2378 2876 2662 2936 peccaturo
2701 2878 2788 2925 est
2827 2887 2840 2922 :
2877 2887 2976 2926 nec
3028 2872 3340 2938 infuseutio,
3396 2878 3446 2930 id
3496 2890 3603 2943 est,

2017 2950 2193 3007 levius
2221 2955 2437 3020 vitium,
2470 2967 2632 3027 atque
2678 2960 2865 3014 animo
2911 2962 3029 3016 solo
3059 2963 3357 3019 conﬂatum
3392 2978 3443 3020 et
3480 2983 3605 3036 pro-

2017 3055 2284 3112 creatum,
2337 3062 2577 3118 cumque
2627 3052 2903 3109 cicatricis
2954 3056 3130 3111 instar
3176 3059 3484 3115 Obs‘t'UI'dllS
3539 3078 3603 3115 ac

2017 3136 2234 3206 nigrore
2268 3137 2532 3201 alliciens,
2568 3156 2669 3194 nec
2708 3142 2864 3207 juxta
2897 3144 2973 3207 id,
3027 3148 3169 3215 quod
3214 3149 3267 3202 iu
3301 3150 3500 3206 Genesi
3533 3154 3601 3207 de

2017 3226 2147 3281 Dant
2214 3230 2481 3298 scriptum
2530 3235 2695 3299 est",
2745 3238 2960 3292 coluber
3006 3241 3058 3294 in
3098 3245 3183 3296 via
3211 3249 3454 3305 mordens
3492 3251 3601 3303 cal-

2013 3333 2253 3383 caueant,
2310 3322 2413 3374 hoc
2457 3333 2559 3386 est,
2606 3325 2857 3382 diabolus
2888 3329 2941 3381 in
2974 3329 3207 3401 hujusce
3246 3336 3367 3389 vitzu
3401 3339 3485 3391 via
3518 3343 3595 3393 iu-

2011 3410 2180 3467 sidias
2228 3414 2476 3480 tendens,
2535 3427 2592 3472 ut
2636 3420 2759 3488 pios
2812 3437 3035 3492 gressus
3104 3427 3245 3482 tuos'
3313 3432 3597 3502 impediat.

2010 3503 2211 3577 Abripe
2237 3508 2477 3563 animant
2512 3521 2658 3565 tuam
2712 3528 2740 3566 a
2774 3516 2962 3570 mundi
3015 3522 3347 3588 corrupti-la,
3402 3540 3597 3592 quent-

2010 3598 2304 3655 admodum
2354 3603 2529 3674 angeli
2566 3617 2815 3660 sanctum
2853 3609 2982 3664 Lota
3020 3611 3268 3667 Sodomtr
3297 3617 3598 3687 COllntlgl‘tl‘

2011 3694 2160 3747 tione
2211 3693 2603 3752 abstraxerunt
2648 3699 2713 3753 ⁷³.
2768 3699 3057 3757 Peccatum
3104 3709 3260 3774 quasi
3299 3709 3592 3766 Sodomant

2009 3786 2157 3855 fuge,
2211 3788 2496 3859 ipsiusque
2535 3806 2750 3860 poenam
2787 3795 2931 3849 velut
2978 3796 3317 3855 incendium.
3367 3802 3447 3856 Ad
3483 3805 3593 3858 vir-

2011 3886 2178 3932 tutem
2214 3882 2283 3933 ita
2319 3882 2607 3949 contende,
2644 3893 2703 3937 ut
2740 3901 3083 3956 nequaquam
3121 3891 3186 3944 ad
3223 3894 3412 3948 vitium
3449 3898 3541 3950 aui
3566 3927 3584 3936 -

2009 3986 2157 4025 mum
2220 3970 2490 4036 reﬂectas,
2546 3991 2613 4030 ne
2667 3977 2720 4029 in
2774 3979 2905 4032 salis
2954 3979 3187 4049 lapidem
3237 3999 3584 4053 concrescas,

2008 4064 2111 4117 hoc
2140 4073 2246 4126 est,
2298 4079 2365 4119 ne
2415 4066 2470 4118 in
2507 4067 2803 4120 caecitatem
2843 4083 2905 4122 ac
2942 4080 3220 4139 stuporem
3258 4076 3585 4143 prolubaris,

2007 4167 2186 4211 tuente
2227 4157 2475 4212 videlicet
2510 4157 2576 4211 ad
2625 4173 2687 4212 ea
2738 4174 2857 4228 qua:
2905 4162 3271 4220 conducibilia
3298 4177 3353 4221 et
3392 4173 3585 4224 saluti-

2007 4246 2115 4300 fera
2147 4255 2275 4301 sunt
2306 4247 2744 4317 obstupescente.
2790 4249 2951 4321 Lapis
2976 4252 3120 4307 enim
3156 4257 3453 4313 caecitatem
3487 4261 3583 4316 dc-

2005 4338 2205 4407 signat,
2237 4337 2316 4392 sal
2350 4347 2607 4392 mentem.
2662 4338 2811 4394 Uxor
2841 4350 3005 4411 pot-ro
3037 4343 3161 4410 Lot,
3230 4362 3355 4403 cum
3393 4352 3579 4407 oculos

320 4430 516 4469 versus
548 4424 695 4469 tuam
737 4417 909 4485 ipsius
939 4417 1170 4472 salutem
1207 4421 1478 4490 excogita,
1517 4420 1726 4492 fingens
1750 4424 1896 4476 vide.
1922 4444 1975 4503 ι)
2007 4439 2152 4483 retro
2201 4428 2461 4505 flexisset,
2513 4430 2646 4486 salis
2695 4431 2949 4488 columna
3002 4437 3191 4493 effecta
3235 4443 3388 4496 est“
3416 4484 3431 4508 ,
3492 4460 3578 4497 co.

319 4508 451 4562 licet
482 4517 532 4563 te
558 4517 778 4578 propter
826 4509 1081 4579 baptismi
1132 4511 1486 4565 reverentiam
1529 4515 1898 4581 tiroirrastitia-

320 4601 467 4655 tione
495 4603 593 4665 uti,
643 4617 767 4656 cum
818 4616 1010 4657 revera
1065 4617 1184 4656 eam
1237 4601 1517 4658 dilferendi
1568 4607 1895 4660 sacramenti

317 4709 542 4749 causam
600 4692 825 4758 habeas,
890 4702 950 4747 ut
1001 4693 1229 4748 liberius
1284 4694 1657 4762 voluptatibus
1713 4697 1895 4750 indul-

318 4798 468 4854 gens.
520 4780 656 4836 Nam
686 4783 939 4851 quamvis
967 4784 1105 4838 alios
1138 4783 1514 4851 fefellerimus,
1546 4787 1896 4842 conscientias

318 4883 499 4928 tamen
536 4882 736 4929 nostrae
768 4884 1048 4944 tiuanam
1102 4878 1457 4945 imposturam
1507 4876 1688 4931 facere
1737 4889 1892 4947 pote-

316 4966 513 5019 rimus.
540 4967 617 5019 Ac
646 4965 887 5034 profecto
916 4967 1177 5021 adversus
1207 4969 1436 5021 salutem
1488 4982 1644 5021 suam
1685 4968 1889 5036 ludere,

317 5057 681 5128 fraudemque
740 5066 947 5124 texere,
1007 5058 1380 5128 perienlosunt
1432 5068 1515 5113 est
1550 5076 1563 5113 :
1600 5060 1711 5114 imo
1765 5076 1892 5117 vero

315 5150 622 5219 perspicua:
674 5158 758 5204 est
809 5151 1041 5205 insaniat
1093 5166 1217 5205 cum
1268 5160 1383 5204 arte
1438 5166 1537 5205 sua
1594 5153 1793 5220 perire,
1846 5165 1897 5209 et

326 5256 452 5295 eum
486 5241 786 5296 calliditate
838 5256 902 5296 ac
949 5241 1072 5296 dolo
1118 5250 1381 5295 aeternum
1432 5243 1761 5312 supplicium
1795 5247 1896 5301 sibi

316 5347 664 5403 comparare.
728 5330 1008 5389 Generalis
1056 5344 1238 5388 autem
1288 5335 1404 5388 haec
1464 5339 1738 5392 sententia
1789 5348 1892 5406 est,

315 5439 383 5477 ac
415 5439 514 5493 per
546 5439 604 5480 se
634 5424 795 5480 fidem
828 5423 1053 5481 faciens.

364 5628 410 5660 “
434 5626 592 5684 Joan.
619 5646 679 5696 ιι,
717 5630 738 5682 l
775 5647 923 5699 seqq.
990 5632 1030 5662 ⁸⁷
1058 5632 1091 5685 Ι.
1117 5633 1241 5689 Cor.
1270 5650 1364 5689 vn.
1389 5632 1440 5691 ὅ,
1460 5632 1510 5686 6.
1575 5636 1618 5663 ⁸³
1647 5633 1824 5688 Gilat.
1857 5648 1939 5699 ιιι,
1975 5635 2063 5689 28.

318 5710 425 5764 ιιι,
473 5715 583 5767 xw,
642 5716 749 5753 xvi.
774 5702 818 5732 ⁷³
846 5701 978 5787 (ἓιριιξ
1009 5717 1152 5769 xciv,
1192 5704 1274 5757 l7.
1352 5705 1396 5734 ⁷³
1426 5704 1562 5757 Gen.
1589 5722 1697 5767 xix,
1744 5706 1763 5756 1
1799 5721 1952 5769 sequ.

1994 4522 2179 4575 luuma
2212 4521 2428 4589 quidem
2468 4521 2535 4576 ad
2581 4522 2973 4578 traducendam
3006 4536 3061 4581 et
3109 4532 3574 4586 condemnandam

1994 4626 2183 4666 eorum
2236 4611 2533 4683 ignaviam,
2570 4615 2662 4685 qui
2711 4631 2741 4670 a
2797 4626 2945 4673 recta
2998 4620 3212 4676 vivendi
3266 4625 3478 4679 ratione
3527 4628 3576 4678 in

1993 4704 2182 4761 vitium
2217 4706 2570 4772 relabuntur;
2619 4708 2750 4764 salis
2807 4718 3016 4777 autem,
3074 4712 3139 4766 ad
3186 4715 3572 4769 ostendendam

1996 4795 2223 4864 hujusce
2260 4797 2386 4851 ntali
2423 4798 2864 4861 amarulentiatn,
2919 4802 3001 4854 vel
3055 4802 3182 4871 quia
3213 4812 3406 4857 cratera
3458 4807 3575 4875 qui-

2000 4890 2119 4945 dem
2152 4890 2289 4943 bona
2322 4899 2375 4943 et
2406 4890 2695 4945 commoda
2737 4901 2877 4957 erat,
2910 4892 3370 4961 quemadmodum
3406 4904 3459 4949 et
3494 4898 3571 4949 sal

2001 4984 2148 5036 utilis
2178 4990 2231 5036 et
2265 4984 2587 5038 commodus
2629 5001 2643 5039 :
2691 4998 2879 5039 verum
2916 4996 3138 5057 propter
3179 4986 3440 5041 violatum
3480 4988 3571 5041 Dei

1997 5074 2310 5127 mandatum
2342 5075 2520 5153 periit.
2561 5073 2717 5141 Quod
2771 5092 2839 5131 ne
2887 5078 2982 5133 tibi
3027 5078 3261 5142 accidat,
3308 5080 3572 5148 quemad-

1996 5169 2214 5221 modum
2250 5166 2349 5221 Lot
2404 5169 2455 5221 itt
2507 5177 2768 5235 montem,
2825 5173 3014 5227 eodem
3064 5182 3120 5229 tu
3155 5189 3377 5243 quoque
3410 5178 3572 5227 modo

1996 5257 2060 5309 ad
2090 5255 2254 5309 altam
2285 5267 2336 5311 et
2368 5258 2571 5311 virtute
2602 5260 2889 5316 sublimem
2936 5264 3097 5318 vitam
3128 5265 3393 5335 omnique
3440 5264 3572 5319 vitio

1995 5347 2329 5414 superiorem
2381 5347 2573 5403 salutis
2622 5365 2783 5406 causa
2831 5352 3053 5427 perfuge
3084 5372 3099 5410 :
3133 5373 3202 5413 ne
3251 5358 3393 5414 forte
3440 5374 3568 5414 cum

1998 5438 2278 5492 sceleratis
2311 5438 2376 5491 ad
2410 5440 2734 5510 supplicium
2770 5444 2933 5500 simul
2984 5450 3289 5520 arripiaris,
3340 5468 3406 5510 ac
3446 5454 3567 5507 vin-

2158 5639 2202 5671 "
2222 5638 2388 5695 Exod.
2420 5658 2533 5709 χιχ,
2570 5648 2624 5700 lt.

2052 5708 2095 5739 ⁷⁵
2123 5710 2254 5762 ibid.
2281 5712 2373 5765 ‘26.

2727 5650 2770 5681 ⁷⁰
2802 5648 2943 5706 Psal.
2999 5669 3104 5718 Liv,
3167 5655 3216 5708 7.
3326 5656 3366 5685 ⁷¹
3405 5654 3563 5710 Joan.
