3958 6204
257 159 421 226 ιεδευ

1218 163 1547 224 NlCETAS
1594 165 1671 224 IN
1715 164 1934 224 ORAT.
1984 165 2082 224 XL
2125 166 2184 227 S.
2229 165 2461 225 GllEG-

3400 167 3539 230 1270

251 280 550 344 imminet,
597 293 745 338 ext-a
794 285 1119 353 baptismum
1180 287 1446 348 manenti,
1499 283 1759 354 vafreque
1796 292 1850 337 et
1880 287 1922 337 Δ
1952 281 2170 353 quidem
2191 283 2417 351 gratiam
2441 292 2660 347 norunt,
2689 297 2921 353 eamque
2944 281 3138 335 honori
3167 281 3401 334 habent:
3429 297 3533 335 cre-

255 375 553 430 malitinse
588 377 767 445 cperis
793 379 1040 433 nonnihil
1082 379 1463 451 supprimenti,
1504 397 1565 435 ac
1590 396 1849 451 compen-

255 466 428 519 tlium
468 469 668 524 laboris
718 469 958 536 facienti,
996 472 1101 527 hoc
1149 480 1254 532 est.
1300 485 1517 544 propter
1560 475 1766 531 sordidi
1800 483 1853 529 et

258 557 561 615 illiberalis
610 564 775 615 animi
818 561 1159 619 affectionem
1223 582 1566 636 nequaquam
1603 569 1852 622 celeriter

260 649 341 701 ad
394 648 605 703 labores
635 662 685 705 te
712 652 1042 721 accingeuti,
1092 665 1149 711 ιιι
1197 659 1563 727 voluptatibus
1607 661 1699 714 tibi
1745 660 1847 715 frui

259 739 459 793 liceat.
516 742 665 796 Mitto
706 746 849 797 enim
891 746 1092 809 dicere.
1137 750 1281 816 quod
1332 752 1540 805 homini
1584 769 1689 805 non
1726 769 1848 807 οιιιο

257 832 411 885 nino
445 835 589 903 turpi
622 849 671 888 et
700 838 941 905 sordido,
991 855 1177 894 verum
1212 842 1391 911 aliqua
1424 845 1695 915 magnifici
1728 846 1849 901 ani-

258 926 343 976 mi
383 925 539 979 laude
580 929 831 995 pranlito.
888 931 937 984 id
985 950 1202 1002 quoque
1237 936 1434 1002 ipsum,
1481 954 1674 1007 nempe
1730 955 1848 992 am-

254 1014 417 1083 plius
455 1018 723 1082 laborare.
768 1022 1037 1080 uberioris
1072 1027 1337 1083 mercedis
1377 1040 1431 1081 et
1464 1041 1706 1099 quaestus
1729 1032 1850 1085 loco

259 1106 585 1161 habendum
637 1121 741 1176 est,
800 1114 871 1168 ob
918 1128 1236 1185 sequentem
1294 1120 1628 1189 voluptatem
1688 1119 1851 1193 atque

256 1196 717 1266 oblectationem,
748 1220 911 1273 quam
940 1221 1006 1261 ex
1039 1223 1101 1263 ea
1133 1225 1191 1263 re
1229 1210 1459 1279 percipit
1492 1215 1848 1267 conscientia.

260 1286 490 1342 Etenim
524 1294 617 1361 qtti
673 1293 904 1364 longiori
961 1297 1143 1357 labore
1199 1301 1520 1373 fatigantur,
1583 1304 1852 1360 hactenus

261 1383 546 1449 superiori
580 1386 891 1441 conditione
923 1400 1074 1456 sunt,
1125 1396 1271 1463 quod
1317 1404 1537 1465 propter
1582 1411 1701 1451 eam
1738 1411 1851 1450 rem

264 1473 472 1540 majori
546 1477 907 1536 delectatione
978 1483 1397 1553 perfunduntur.
1484 1486 1849 1554 Quamobrem

260 1578 398 1618 cum
440 1566 563 1621 vita:
627 1570 875 1641 ingressu
929 1575 1147 1630 multari
1213 1579 1565 1647 pericliteris,
1634 1590 1853 1647 propter

1959 382 2135 427 terum
2175 386 2397 443 propter
2428 375 2809 444 inexplebilem
2852 373 3149 443 voluptatis
3178 373 3534 441 cupiditatem

1953 483 2077 520 eum
2138 476 2477 538 prorogant:
2513 484 2580 521 ne
2640 468 2763 521 vita:
2806 466 3242 536 iucunditatibus
3293 465 3536 519 oblecta-

1957 561 2264 629 mentisque
2329 572 2576 615 careant.
2641 559 2746 613 Alii
2804 573 2997 614 rursus
3071 558 3328 627 baptismi
3398 573 3535 626 aqua

1956 651 2087 721 tingi
2128 664 2427 723 nequeunt,
2461 654 2542 707 vel
2576 662 2797 723 propter
2838 649 3225 723 ignorantiam,
3267 657 3325 703 ut
3359 651 3535 718 pueri,

1955 745 2038 799 vel
2072 757 2296 816 propter
2326 746 2562 817 aliquem
2584 761 2772 801 casum
2800 745 3081 815 inopinato
3108 757 3202 796 eos
3226 742 3537 811 opprimen-

1954 845 2086 891 tetn.
2150 837 2622 905 Quemadmodum
2689 838 2855 909 igitur
2903 837 2959 891 in
3006 836 3075 891 iis
3135 835 3228 905 qui
3265 833 3538 903 baptismo

1956 930 2271 1001 tinguntur,
2308 946 2665 1001 permagnum
2706 931 3001 986 di:crimen
3032 926 3338 997 reperimus
3384 925 3534 992 (nam

1955 1021 2023 1076 iis
2065 1022 2158 1092 qui
2201 1012 2422 1093 flagitiis
2454 1006 2737 1078 omnibus
2781 1037 2839 1076 se
2874 1020 3220 1085 addixerunt,
3270 1033 3535 1088 praesae-

1956 1114 2119 1168 tiores
2150 1115 2406 1185 suntqui
2456 1114 2704 1168 nonnihil
2770 1113 2837 1168 de
2889 1112 3096 1168 scelere
3156 1111 3532 1165 remiserunt:

1955 1207 2151 1276 hisque
2177 1223 2371 1264 rursus
2402 1208 2677 1273 meliores,
2702 1208 2793 1279 qui
2821 1208 3032 1278 seipsos
3050 1215 3176 1263 ante
3206 1205 3534 1277 baptismum

1957 1309 2299 1371 purgarunt:
2335 1309 2501 1371 atque
2537 1300 2621 1354 his
2659 1300 2894 1371 denique
2932 1298 3255 1370 prteferendi
3282 1307 3412 1353 sunt
3442 1296 3537 1367 qui

1955 1402 2074 1459 post
2110 1393 2443 1463 baptismum
2497 1394 2740 1449 divinam
2809 1394 3036 1463 gratiam
3090 1407 3306 1448 summo
3353 1392 3538 1445 studio

1953 1485 2268 1554 excolunt);
2334 1486 2414 1542 sic
2468 1486 2608 1541 inter
2667 1502 2762 1541 eos
2793 1500 3013 1556 quoque
3063 1485 3155 1554 qui
3205 1481 3537 1539 sacrosancti

1955 1573 2155 1627 lavacri
2190 1588 2387 1627 manus
2422 1574 2647 1627 minime
2678 1581 3120 1642 consttquuntur,
3171 1571 3277 1624 lata
3314 1576 3397 1623 cst
3427 1567 3537 1623 dif-

259 1673 367 1712 eas
408 1661 616 1715 sordidi
651 1637 901 1732 quastus
940 1637 1304 1737 captation'es,
1336 1686 1472 1737 quas
1504 1637 1668 1739 supra
1703 1637 1851 1725 com-
1879 1637 1927 1697 Β
1956 1664 2208 1719 ferentia.
2262 1664 2475 1719 Etenim
2524 1666 2617 1736 qui
2675 1637 2905 1720 omnino
2952 1663 3287 1735 baptismum
3345 1676 3540 1733 asper-

264 1752 725 1819 memoraviums,
751 1755 993 1827 dumque
1021 1774 1181 1828 parva
1213 1763 1459 1832 qu:edetn
1496 1761 1645 1816 lucra
1676 1763 1853 1819 obiter

262 1842 507 1912 miligis,
562 1844 665 1901 hoc
720 1857 843 1913 est,
904 1852 1210 1920 voluptates
1252 1854 1304 1907 in
1364 1855 1853 1922 procrastinatione

263 1934 503 2001 positas,
558 1938 812 1993 maximis
853 1941 1302 2011 gravissimisque
1348 1942 1689 2000 detrimentis
1734 1944 1852 2000 alli-

265 2024 464 2088 ciaris.
501 2027 603 2082 hoc
634 2036 737 2092 est,
769 2031 1040 2098 baptismo
1073 2034 1191 2104 ipso
1233 2034 1455 2090 excidas
1483 2054 1495 2091 :
1526 2051 1646 2106 age,
1671 2040 1854 2093 detor-

266 2125 357 2171 tas
402 2118 712 2187 hujusmodi
772 2122 1179 2194 Scripturarum
1233 2129 1605 2194 expositiones
1655 2132 1853 2185 missas

266 2208 379 2271 lac,
409 2219 464 2263 et
493 2212 629 2265 citra
661 2213 825 2267 ullam
880 2214 1125 2272 fraudem
1166 2219 1229 2273 ad
1266 2206 1595 2289 baplismum
1630 2223 1848 2291 accede,

268 2299 411 2353 nihil
452 2301 705 2359 videlicet
754 2321 945 2361 eorum
1003 2324 1125 2377 qua:
1184 2326 1213 2364 a
1273 2311 1431 2366 nobis
1478 2312 1639 2365 allata
1698 2323 1848 2378 sunt,

266 2392 613 2462 voluptatum
647 2400 829 2453 studio
862 2412 1026 2472 atque
1060 2419 1246 2459 amore
1299 2405 1492 2459 callide
1551 2415 1853 2474 praetexens

268 2492 367 2536 aut
394 2487 839 2545 comminiscens.

344 2573 593 2629 Col.l87
649 2578 714 2634 A.
757 2578 897 2644 Quid
962 2594 1158 2648 autem,
1213 2585 1417 2654 inquies
1492 2604 1662 2642 nonne
1710 2589 1852 2643 beni-

270 2680 431 2733 gnus,
462 2675 567 2721 etc.
603 2667 862 2739 Sequitur
897 2672 1000 2727 alia
1036 2675 1294 2743 objectio,
1330 2678 1473 2731 velut
1503 2679 1556 2732 in
1589 2679 1707 2749 ejus
1731 2696 1854 2751 per-

271 2771 431 2821 sona,
493 2758 587 2829 qui
644 2761 975 2831 baptismum
1013 2778 1232 2822 recusat
1262 2784 1324 2822 ac
1357 2770 1567 2838 rejicit.
1627 2770 1849 2841 aitque:

276 2846 445 2914 Deus,
482 2860 540 2905 ttt
570 2854 965 2923 cogitationum
1005 2858 1375 2914 humanarum
1401 2877 1669 2930 t-xpensor
1706 2863 1851 2933 quod

275 2940 528 3011 baptismi
586 2943 859 3001 desiderio
912 2956 1121 3012 tenear,
1173 2962 1511 3020 perspectum
1562 2951 1759 3017 habet;
1794 2960 1851 3006 ut

274 3041 459 3086 autem
516 3034 757 3091 clemens
822 3047 876 3092 et
930 3041 1286 3105 misericors,
1349 3042 1482 3096 illud
1543 3056 1640 3112 pro
1676 3042 1855 3112 bapti-

277 3143 395 3182 smo
472 3132 762 3198 reputabit.
836 3133 916 3186 Ad
983 3150 1184 3203 quem,
1242 3134 1420 3204 inquit
1489 3135 1854 3205 'l‘heologus:

280 3219 577 3293 Aiuigmati
630 3226 810 3280 simile
867 3226 1128 3295 quiddam
1164 3242 1378 3281 narras.
1414 3228 1509 3281 Ais
1550 3228 1697 3281 enim
1727 3242 1853 3282 eum

279 3315 553 3387 baptismo
607 3318 948 3372 illuminatus
984 3332 1091 3371 non
1126 3327 1230 3382 est,
1302 3318 1445 3388 apud
1483 3317 1651 3372 Deum
1678 3358 1694 3384 ,
1727 3332 1860 3388 νιος

281 3414 398 3471 pter
439 3404 611 3473 ipsius
648 3404 1107 3463 misericordiam.
1144 3421 1243 3475 pro
1275 3405 1581 3461 illuminato
1645 3408 1855 3463 haberi.

283 3496 392 3564 Ego
420 3511 575 3557 vero,
607 3495 738 3565 quid
766 3497 832 3551 de
862 3497 970 3551 tuis
997 3496 1403 3566 objectionibus
1434 3496 1769 3564 existimem,
1803 3498 1856 3555 in

282 3588 517 3642 antedium
558 3586 851 3657 proferam.
884 3590 986 3645 Aio
1013 3590 1178 3660 igitur
1207 3589 1453 3645 diversos
1479 3604 1601 3646 esse
1632 3590 1857 3660 gradus,

284 3687 389 3732 tant
435 3693 623 3733 eorum
680 3680 771 3748 qui
854 3679 1184 3749 baptismum
1241 3696 1345 3734 non
1406 3688 1857 3751 consequuntur,

283 3787 440 3839 quam
476 3786 664 3826 eorum
698 3772 790 3841 qui
827 3772 1079 3841 baptismi
1116 3784 1397 3842 compotes
1442 3772 1598 3829 fiunt.
1636 3774 1855 3829 Etenim

282 3878 343 3917 ex
405 3865 469 3918 iis
523 3866 616 3933 qui
672 3864 1043 3935 baptizantur,
1090 3865 1183 3919 alii
1227 3874 1355 3921 ante
1405 3881 1434 3920 a
1478 3866 1586 3922 Deo
1627 3868 1856 3922 omnino

283 3956 436 4011 alieni
457 3966 631 4020 erant,
662 3955 716 4012 itt
738 3959 981 4011 omnium
1002 3959 1264 4013 scelerum
1291 3958 1730 4029 flagitiorumque
1753 3973 1860 4014 ca:-

284 4065 350 4103 uo
381 4064 503 4104 sese
536 4049 663 4103 data
724 4064 889 4118 opera
911 4048 1347 4105 vdlutantes.Alti
1375 4051 1597 4106 dimidia
1620 4052 1854 4121 quadam

284 4156 343 4195 ex
399 4150 550 4211 parte
604 4141 731 4195 mali
766 4150 944 4205 erant.
976 4153 1032 4197 ut
1083 4146 1200 4213 qui,
1252 4160 1357 4198 non
1397 4155 1504 4199 tam
1540 4146 1856 4207 voluntate.

285 4249 441 4301 quam
487 4233 685 4286 virium
720 4233 1090 4297 imbecillitate
1122 4245 1435 4305 peccarent.
1471 4251 1579 4290 non
1617 4253 1776 4294 secus
1794 4253 1857 4293 ac

1955 1767 2177 1823 nantur,
2220 1758 2290 1814 iis
2324 1766 2453 1813 sunt
2486 1758 2807 1822 deteriores,
2842 1757 2935 1827 qui
2980 1766 3200 1826 propter
3224 1756 3532 1810 socordiam

1952 1860 2007 1906 et
2037 1849 2310 1919 pigritiam
2336 1864 2459 1902 eum
2505 1848 2783 1904 differunt.
2828 1848 3045 1903 Rursus
3069 1847 3330 1902 socordes
3358 1854 3411 1900 et
3441 1860 3539 1899 ue-

1953 1944 2241 2013 gligentes,
2271 1943 2339 1998 iis
2370 1943 2590 2014 pejores
2620 1954 2770 2007 sunt,
2799 1943 2892 2013 qtti
2921 1951 3149 2012 prepter
3174 1939 3537 2009 ignorantiam

1953 2046 2048 2092 aut
2082 2036 2426 2107 inOpinatum
2465 2036 2761 2107 quemdam
2800 2045 2851 2090 et
2890 2035 3189 2089 violeutmn
3227 2046 3413 2086 casum
3448 2031 3541 2085 ba~

1954 2130 2152 2198 ptismo
2212 2139 2528 2184 caruerunt.
2588 2129 2669 2184 Ac
2732 2128 2958 2199 proinde
3018 2127 3092 2180 illi
3127 2125 3274 2181 omni
3335 2124 3541 2178 scelste

1954 2219 2219 2290 cooperti,
2257 2234 2366 2273 non
2414 2218 2579 2274 modo
2608 2219 2843 2274 aliorunt
2902 2218 3186 2280 vitiorum,
3226 2214 3319 2269 sed
3373 2214 3538 2267 etiam

1955 2312 2254 2379 contempti
2314 2311 2573 2380 baptismi
2636 2324 2828 2380 pinnas
2896 2309 3153 2379 pendent.
3208 2304 3314 2371 Qui
3357 2313 3539 2358 autem

1954 2413 2175 2473 propter
2209 2404 2481 2473 ignaviam
2516 2420 2575 2457 ac
2604 2402 2872 2458 deddiam
2902 2416 3027 2455 eum
3068 2409 3385 2468 prorogant,
3418 2411 3537 2464 ρω-

1956 2513 2055 2553 nas
2087 2498 2306 2567 quidem
2342 2498 2442 2567 ipsi
2479 2512 2699 2567 quoque
2757 2495 2925 2559 luent,
2965 2502 3220 2548 cancrum
3268 2490 3535 2546 leviores:

1955 2589 2211 2659 quoniam
2261 2603 2368 2644 non
2419 2600 2639 2658 propter
2679 2596 3050 2655 contemptum
3105 2584 3382 2654 animique
3415 2596 3539 2652 per-

1956 2680 2295 2745 versitatem,
2329 2680 2423 2735 sed
2457 2688 2676 2749 prapter
2707 2677 2991 2733 stultitiam
3028 2691 3057 2729 a
3092 2675 3365 2744 baptismo
3394 2672 3545 2727 exci-

1955 2771 2174 2827 derunt.
2208 2772 2450 2826 Stultitia
2489 2774 2634 2825 enim
2669 2779 2775 2835 est,
2824 2779 2884 2823 ut
2918 2777 3138 2839 propter
3187 2764 3437 2820 inertiam
3478 2777 3545 2817 ac

1958 2861 2369 2931 negligentiam,
2405 2860 2480 2914 ita
2515 2868 2735 2929 propter
2785 2859 3125 2927 voluptatum
3162 2851 3541 2923 inexplebilem

1959 2955 2131 3019 sitim,
2170 2954 2443 3023 baptismo
2477 2952 2718 3006 multari.
2753 2952 2818 3005 At
2853 2951 2948 3021 qui
2999 2950 3071 3004 ob
3103 2946 3280 3002 aetatis
3312 2943 3540 3016 puerilis

1962 3046 2324 3116 ignorantiam
2355 3054 2451 3099 aut
2501 3043 2908 3107 necessitatem,
2935 3056 2998 3098 ac
3028 3040 3135 3095 vim
3157 3039 3394 3108 aliquant
3428 3052 3543 3091 ma-

1957 3138 2135 3206 jorem
2189 3137 2446 3205 baptismi
2500 3146 2751 3205 expertes
2799 3141 3140 3197 manserunt,
3200 3141 3256 3185 ut
3318 3130 3538 3199 quidem

1961 3227 2246 3296 signaculo
2269 3234 2539 3289 carentes,
2575 3226 2783 3280 cmlesti
2820 3224 2991 3294 gloria
3027 3240 3135 3277 non
3165 3223 3453 3277 fruentur:
3485 3232 3545 3274 ut

1961 3325 2145 3371 autem
2203 3317 2429 3371 minime
2495 3316 2648 3381 mali,
2707 3316 2995 3385 suppliciis
3052 3330 3160 3368 non
3195 3312 3539 3368 adlicientur:

1962 3407 2221 3477 quoniam
2249 3407 2638 3462 detrimentum
2676 3408 2779 3463 hoc
2812 3408 2990 3477 petius
3027 3407 3169 3475 passi
3200 3413 3349 3468 sunt,
3378 3418 3540 3473 quam

1963 3498 2229 3555 fecerunt.
2267 3498 2404 3555 Tres
2429 3500 2599 3565 enim,
2632 3500 2973 3569 utopinione
3011 3512 3299 3568 assequor,
3342 3498 3542 3565 gradus

1959 3594 2274 3650 exsistunt:
2306 3610 2449 3649 unus
2482 3608 2671 3649 eorum
2701 3594 2792 3661 qui
2841 3592 3099 3662 supernis
3150 3589 3364 3646 deliciis
3415 3604 3541 3658 per-

1961 3666 2255 3751 fruuntur;
2286 3685 2423 3739 alter
2447 3699 2638 3740 eorum
2666 3685 2759 3754 qui
2788 3682 3070 3754 suppliciis
3092 3682 3312 3736 aeternis
3343 3696 3544 3736 excru-

1961 3777 2215 3844 ciantur;
2256 3776 2471 3831 medius
2510 3790 2700 3831 eorum
2725 3776 2818 3846 qui
2852 3791 2951 3830 nec
2980 3775 3221 3831 ccelestis
3250 3774 3401 3845 regni
3444 3790 3542 3828 vo-

1961 3868 2199 3938 luptates
2230 3869 2495 3933 sentiunt,
2545 3883 2645 3922 nec
2694 3870 2872 3937 poenis
2909 3867 3036 3922 ullis
3089 3876 3410 3937 torquentur
3442 3885 3456 3922 :
3484 3869 3539 3924 in

1959 3975 2070 4032 quo
2097 3971 2153 4016 et
2189 3961 2403 4029 pueruli
2437 3961 2530 4030 qui
2591 3959 2862 4029 baptismo
2906 3957 3111 4029 perfusi
3167 3973 3275 4013 non
3307 3968 3457 4023 sunt,
3486 3971 3543 4016 et

1961 4054 2055 4124 qui
2110 4069 2233 4109 cum
2288 4052 2619 4123 baptismum
2675 4058 3014 4121 expeterent,
3066 4050 3303 4105 violento
3357 4062 3542 4107 tamen

1960 4146 2145 4215 aliquo
2174 4159 2307 4199 casu
2338 4143 2583 4213 impediti
2618 4144 2898 4213 suscipere
2930 4157 3035 4198 non
3067 4150 3383 4213 potuerunt,
3410 4160 3542 4199 cou-
3612 4164 3615 4167 ν

1962 4239 2351 4294 stituerentua.
2379 4235 2448 4290 At
2487 4246 2566 4300 tu,
2596 4236 2689 4307 qui
2748 4236 3034 4291 contendis
3092 4245 3142 4290 te
3180 4251 3246 4290 eo
3293 4236 3413 4290 solo
3445 4251 3542 4291 no-

288 4324 676 4389 febricitantes,
714 4324 806 4391 qui
838 4325 1089 4395 quamvis
1127 4326 1261 4381 febri
1296 4343 1404 4383 non
1441 4330 1688 4385 laborare
1717 4330 1855 4384 ntal-
1889 4343 1934 4400 υ
1964 4331 2109 4385 mine
2137 4328 2280 4399 apud
2327 4326 2496 4383 Deum
2534 4342 2632 4398 pro
2662 4326 2936 4397 baptizato
2975 4327 3222 4383 habitum
3274 4327 3361 4393 iri,
3396 4328 3541 4397 quod

288 4417 409 4479 leut,
446 4416 595 4471 inviti
628 4426 807 4472 tamen
840 4419 891 4472 in
927 4418 1115 4472 febrim
1154 4420 1485 4489 inciderunt,
1508 4423 1654 4493 quod
1690 4422 1856 4479 febris

288 4523 473 4564 causas
509 4508 562 4563 in
614 4525 814 4580 corpus
845 4509 1224 4567 admisissent.
1254 4513 1358 4567 Alii
1394 4514 1555 4568 etiam
1590 4526 1719 4572 ante
1756 4515 1858 4570 ba-

291 4604 540 4673 ptismum
569 4603 795 4658 honeste
828 4612 881 4658 et
913 4620 1035 4658 cum
1078 4604 1239 4659 laude
1271 4605 1546 4670 vivebant,
1583 4607 1698 4662 sive
1728 4609 1857 4678 quia

292 4696 354 4751 ita
391 4698 675 4752 commode
709 4712 737 4752 a
776 4706 970 4752 natura
1000 4700 1285 4769 temperati
1327 4708 1534 4764 essent,
1566 4708 1625 4752 ut
1656 4716 1684 4752 a
1712 4701 1857 4756 vitiis

294 4788 661 4852 abhorrerent.
690 4792 803 4845 sive
833 4791 998 4845 etiam
1018 4790 1187 4846 animi
1221 4790 1472 4845 instituto
1502 4804 1566 4844 ac
1596 4793 1663 4845 de
1701 4790 1859 4846 indu-

295 4878 415 4930 stria
448 4879 513 4931 ad
546 4880 790 4934 divinum
836 4881 1110 4935 lavacrum
1140 4895 1235 4951 per
1260 4880 1385 4935 vitae
1413 4881 1703 4951 puritatem
1738 4897 1862 4937 sese

298 4981 672 5039 praepararent,
707 4981 765 5025 ut
822 4981 878 5026 et
935 4973 1068 5027 illud
1105 4973 1441 5043 acciperent,
1482 4984 1537 5030 et
1573 4981 1857 5042 acceptum

298 5070 587 5119 tuerentur.
622 5064 796 5135 Atque
825 5065 877 5119 hi
914 5064 1133 5137 quidem
1165 5081 1377 5133 eorum,
1405 5068 1496 5137 qui
1532 5067 1858 5138 baptismum

298 5167 715 5227 consequuntur,
756 5159 976 5214 ordines
1013 5169 1162 5214 sunt.
1213 5159 1411 5215 Eadem
1447 5173 1625 5217 autem
1676 5173 1728 5217 et
1766 5177 1863 5218 e0-

300 5263 405 5302 ruut
445 5259 528 5304 est
567 5267 623 5304 ra
656 5252 724 5313 io,
748 5252 841 5322 qui
871 5254 1127 5323 baptismi
1156 5265 1409 5325 expertes
1440 5265 1589 5310 sunt.
1616 5257 1859 5323 Quidam

300 5345 428 5394 enim
460 5357 585 5396 eum
615 5360 721 5397 non
762 5345 1060 5415 accipiunt,
1094 5356 1150 5401 ut
1186 5348 1456 5421 pecudum
1488 5359 1581 5403 aut
1618 5348 1861 5405 ferarum

299 5432 449 5488 vitam
494 5436 790 5502 imitantes,
828 5440 930 5495 hoc
962 5452 1064 5500 est.
1102 5444 1263 5496 stulte
1299 5458 1361 5495 ac
1394 5443 1678 5497 brutorutn
1713 5459 1862 5499 more

298 5524 670 5603 cupiditatibus
707 5529 1032 5594 servientes,
1070 5529 1177 5594 vel,
1210 5542 1269 5586 ut
1304 5532 1429 5586 saevi
1458 5545 1509 5587 et
1539 5534 1859 5603 importuni,

304 5601 523 5672 belluino
588 5623 827 5682 quodam
890 5622 1073 5677 furere
1136 5623 1412 5678 concitati.
1466 5625 1567 5679 Alii
1606 5601 1860 5696 baptismi

1965 4421 2224 4492 baptismi
2282 4420 2616 4491 percipiendi
2668 4420 3002 4475 voluntatem
3066 4420 3304 4485 tiaberis,
3346 4420 3540 4475 eadem

1963 4517 2181 4572 ratione
2208 4514 2444 4571 fortasse
2467 4513 2673 4569 dixeris
2702 4528 2826 4568 eum
2857 4515 2950 4581 qui
2977 4511 3142 4568 caedis
3166 4512 3540 4584 perpetranda:

1961 4609 2296 4663 voluntatem
2342 4605 2615 4670 habuerit,
2662 4604 2878 4660 etiamsi
2912 4618 3033 4658 eam
3076 4617 3418 4673 nequaquam
3484 4618 3541 4655 re

1963 4703 2081 4776 ipsa
2112 4700 2429 4771 patraverit,
2458 4709 2639 4754 tamen
2679 4698 2861 4754 sicarii
2882 4696 3147 4767 judicium
3171 4707 3225 4751 et
3255 4695 3543 4750 homicida:

1964 4792 2300 4849 subiturum.
2335 4791 2413 4846 Ac
2444 4802 2792 4859 nequaquam
2826 4786 2900 4842 ita
2928 4802 2990 4842 se
3025 4800 3111 4842 res
3156 4786 3340 4841 habet.
3396 4784 3547 4840 Prte-

1967 4892 2114 4940 terea
2165 4882 2211 4939 si
2273 4883 2369 4938 tibi
2429 4882 2498 4937 ad
2547 4880 2880 4950 baptismum
2932 4877 3189 4948 baptismi
3244 4874 3540 4947 cupiditas,

1966 4978 2421 5049 propositumque
2473 4972 2690 5037 sullicit,
2747 4983 2912 5042 atque
2966 4970 3175 5026 idcirco
3228 4984 3417 5025 eorum
3446 4970 3542 5039 qui

1964 5071 2193 5142 purifica
2226 5084 2366 5139 aqua
2399 5065 2607 5135 perfusi
2639 5076 2793 5131 sunt,
2822 5065 3051 5135 gloriam
3080 5064 3306 5134 quaaris,
3330 5064 3395 5117 ad
3428 5063 3544 5133 glo-

1968 5165 2105 5218 riam
2141 5177 2362 5233 quoque
2395 5161 2492 5215 tibi
2553 5159 2787 5214 sutilciat
2839 5157 2957 5215 sola
3016 5157 3203 5229 gloriae
3248 5156 3544 5228 cupiditas.

1965 5255 2239 5325 Quoniam
2272 5255 2414 5309 enim
2443 5253 2628 5325 gloriae
2653 5252 2986 5308 desiderium
3010 5250 3202 5314 habes,
3232 5264 3298 5305 eo
3318 5252 3544 5304 conten-

1967 5359 2056 5405 tus
2085 5365 2208 5404 esse
2236 5347 2427 5410 debes,
2463 5362 2565 5402 nec
2596 5344 2834 5416 graviter
2859 5359 2924 5399 ac
2953 5346 3179 5400 moleste
3210 5343 3373 5411 ferre,
3397 5341 3543 5412 quod

1967 5444 2198 5515 gloriam
2240 5442 2413 5511 ipsam
2458 5454 2567 5494 non
2604 5440 2942 5510 assequaris,
2980 5453 3103 5494 cum
3138 5451 3237 5508 pro
3279 5435 3394 5504 ipsa
3423 5434 3541 5504 glo-

1966 5538 2062 5591 riae
2098 5538 2389 5605 adeptione
2415 5535 2548 5591 satis
2580 5547 2851 5605 superque
2883 5534 2956 5591 sit
2988 5532 3173 5606 gloria:
3192 5530 3541 5603 cupiditatem

1969 5625 2190 5681 habere.
