4032 6198
294 250 427 317 127'}

1280 253 1603 315 NICETAS
1646 254 1729 314 ΙΝ
1771 253 1994 314 ΟΠΛΤ.
2039 255 2141 316 XL
2184 258 2244 320 Β.
2288 256 2519 323 GREG.

3433 257 3567 321 liii

290 372 444 427 neris
489 372 608 426 loco
639 368 793 425 oll'cr.
827 371 967 438 Quid
1010 370 1352 442 splendidam
1390 385 1595 431 vestem
1631 374 1875 446 quaeris?
1906 384 1947 440 Α
1981 375 2250 431 ministris
2293 377 2581 433 existiman
2604 376 2715 430 ium
2759 385 2862 432 est.
2899 375 3165 445 Quamvis
3196 376 3343 430 enim
3381 380 3486 431 vita
3517 389 3571 432 ut

286 464 567 519 Christum
629 463 833 530 habes;
898 465 1043 519 hunc
1115 481 1210 535 per
1282 467 1617 535 baptismum
1679 467 1865 521 indue.

290 558 598 627 Quicunque
642 558 784 610 enim
842 558 893 611 in
946 557 1161 614 Christo
1209 559 1467 629 baptizali
1498 562 1647 624 estis,
1693 559 1869 629 inquit

285 648 600 719 Apostolus,
638 648 909 705 Christum
950 652 1195 707 induisti:
1230 656 1299 718 ",
1354 653 1459 709 hoc
1508 664 1608 719 est,
1662 652 1865 708 Christi

287 737 543 793 formam.
580 741 719 804 Quid
764 756 825 794 ea
874 758 996 812 qua:
1044 744 1109 796 ad
1165 742 1309 797 laute
1357 751 1411 798 ει
1445 744 1666 814 opipare
1720 745 1868 798 acci-

288 830 546 896 piendum
588 829 849 900 baptismi
912 833 1228 887 ministrum
1281 835 1573 904 pertinent.
1626 836 1871 905 quaeris?

286 918 380 973 Ille
406 921 555 975 enim
597 938 702 976 non
738 923 878 978 cibis
911 924 1234 987 delectatur,
1273 925 1369 980 sed
1416 927 1867 997 prmstaptissima

285 1011 412 1064 vitae.
460 1013 691 1079 ratione,
748 1031 856 1086 qua
906 1031 1005 1085 ego
1057 1018 1335 1084 delector,
1386 1028 1551 1089 atque
1604 1030 1731 1075 ante
1784 1037 1870 1076 me

286 1102 568 1170 Christus,
618 1120 705 1161 res
757 1106 1024 1162 maximas
1078 1108 1325 1180 largitus,
1378 1111 1480 1166 hoc
1525 1121 1629 1174 est,
1688 1113 1865 1182 ipsum

287 1194 659 1263 baptismum,
722 1214 787 1253 ac
850 1215 946 1269 per
1006 1217 1133 1256 eum
1194 1202 1427 1257 filiorum
1488 1204 1866 1275 adoptionem.

285 1288 476 1361 Neque
515 1291 656 1345 enim
704 1294 845 1364 apud
886 1292 1056 1349 Deum
1107 1295 1406 1367 quidquam
1460 1314 1715 1370 magnum
1759 1308 1864 1366 est,

289 1395 399 1434 non
435 1398 650 1447 aurum,
681 1399 786 1438 non
821 1393 1131 1452 argentum,
1162 1402 1273 1441 non
1309 1388 1588 1455 pellucida:
1617 1404 1865 1459 germine,

287 1484 397 1523 non
454 1472 602 1526 aliud
653 1472 957 1542 quiddam,
1021 1475 1169 1547 quod
1228 1492 1336 1531 non
1394 1492 1597 1547 pauper
1647 1493 1868 1547 quoque

284 1557 484 1616 offerre
551 1571 733 1632 queat.
795 1562 1121 1635 Quanquam
1182 1567 1326 1621 enim
1419 1567 1472 1620 in
1546 1568 1632 1622 bis
1703 1583 1869 1638 pecu-

286 1653 504 1707 niarum
549 1653 793 1710 materiis
847 1670 1118 1725 pauperes
1178 1672 1207 1711 a
1244 1657 1505 1712 divitibus
1541 1658 1860 1735 proculcan-

1972 483 2187 523 tnorum
2217 471 2427 524 ratione
2453 469 2594 523 alius
2620 471 2790 525 alium
2837 479 3056 540 superet
3088 468 3566 541 (quemadnmdnm

1973 557 2086 613 illic
2138 574 2331 613 aurum
2393 557 2540 614 ferro
2591 562 2858 627 praestat),
2932 568 3112 613 tamen
3161 558 3242 612 vis
3314 556 3567 624 baptismi

1970 648 2157 703 eadem
2214 659 2295 704 est
2327 689 2340 710 ,
2394 666 2500 703 non
2564 666 2725 705 secus
2780 660 2944 719 atque
3001 650 3305 719 sigillorum
3395 662 3564 701 nuta:

1970 742 2259 809 omnisque
2305 740 2653 797 Christianus
2707 745 2999 806 sacerdos,
3063 742 3372 812 baptizandi
3444 758 3568 793 mu-

1973 848 2103 887 nere
2165 832 2420 905 fungens,
2480 849 2605 886 eum
2660 834 2752 903 qui
2809 835 3138 902 baptizatur,
3197 834 3301 886 rite
3354 832 3563 894 initiat,

1970 925 2100 979 dum
2134 936 2312 979 tamen
2378 927 2666 996 perspicue
2722 927 3009 981 hmreticus
3070 942 3177 979 non
3236 927 3344 986 sit,
3406 935 3567 993 atque.

1971 1016 2039 1069 ab
2104 1012 2345 1069 Ecclesia
2394 1030 2667 1079 aversus,
2715 1030 2905 1069 verum
2965 1016 3154 1070 eadem
3219 1013 3322 1068 fide
3399 1014 3569 1067 infor-

1974 1115 2178 1162 matus.

2044 1197 2180 1252 Ibid.
2209 1199 2271 1252 D.
2298 1198 2377 1254 Ne
2405 1199 2636 1253 alienum
2661 1200 2926 1269 dignitate
2956 1208 3047 1254 tua
3072 1209 3222 1269 putes
3246 1200 3426 1266 simul,
3458 1208 3563 1257 etc.

1972 1288 2150 1344 llerus
2180 1306 2277 1357 es;
2308 1306 2378 1344 ne
2402 1306 2527 1346 cum
2560 1307 2627 1346 eo
2656 1292 2747 1362 qui
2786 1294 3094 1358 hactenus,
3129 1291 3233 1346 hoc
3260 1303 3362 1356 est,
3394 1306 3567 1361 usque

1972 1381 2036 1435 ad
2091 1381 2427 1452 bapti~mum
2454 1425 2469 1447 ,
2505 1383 2604 1437 tibi
2646 1399 2840 1438 servus
2872 1387 3120 1450 exstitit,
3155 1386 3359 1440 initiari
3405 1402 3569 1456 grave

1972 1472 2167 1528 ducas.
2224 1470 2360 1526 Nam
2415 1483 2541 1543 post
2595 1474 2928 1544 baptismum
2986 1492 3092 1529 non
3145 1485 3228 1530 est
3269 1492 3462 1531 servus
3512 1477 3565 1530 in

1970 1562 2190 1619 Christo
2233 1563 2385 1620 Jesu.
2440 1563 2557 1621 Hoc
2611 1566 2759 1620 enim
2816 1576 3039 1637 prteslat
3107 1568 3453 1636 baptismus,
3508 1576 3571 1624 ut

1975 1654 2232 1725 deinceps
2276 1670 2469 1711 omnes
2506 1672 2661 1727 aequo
2706 1658 2913 1711 honore
2948 1658 3076 1713 sint.
3113 1659 3323 1712 Etenim
3356 1676 3420 1713 ex
3459 1675 3567 1727 quo

287 1751 377 1797 tur
434 1758 499 1798 ac
558 1752 931 1813 proteruntur,
973 1746 1061 1801 hic
1123 1757 1325 1811 tamen,
1365 1748 1470 1803 hoc
1504 1757 1607 1813 ρει,
1674 1750 1728 1804 in
1766 1733 1865 1805 δέ..
1895 1733 1941 1793 Β
1970 1743 2056 1795 die
2083 1759 2178 1812 per
2208 1744 2539 1813 baptismum
2568 1745 2871 1814 relingnris.
2901 1746 3002 1799 hoc
3040 1756 3143 1813 est,
3185 1747 3564 1801 abaﬂ‘ectuum

284 1836 489 1905 ptismo
524 1851 590 1891 ac
628 1836 749 1889 vita:
782 1837 1041 1907 degenda:
1092 1840 1339 1907 ratione,
1389 1841 1661 1910 copiosior
1712 1854 1875 1914 atque

286 1928 599 1996 opulentior
652 1928 740 1983 ille
792 1940 896 1995 est,
954 1931 1049 2000 qui
1114 1931 1306 2001 majori
1358 1933 1526 1987 animi
1593 1934 1876 1991 alacritate

289 2015 550 2085 praeditus
571 2026 675 2069 est.

359 2105 475 2160 Col.
511 2105 617 2162 593
643 2109 704 2162 Α.
734 2107 891 2164 Nihil
917 2128 1257 2183 progressum
1294 2124 1439 2168 tuum
1467 2115 1720 2183 inhibeat,
1768 2128 1872 2174 etc.

287 2195 763 2261 Quemadmodum
799 2198 1004 2256 ferrum
1034 2202 1289 2270 ignitum,
1336 2206 1581 2274 quantliu
1621 2209 1783 2271 calet,
1819 2210 1872 2263 in

285 2306 483 2361 aquam
527 2292 792 2363 injicitur,
851 2308 909 2351 ut
962 2305 1330 2366 temperetur;
1383 2315 1489 2353 non
1527 2301 1699 2366 enim,
1752 2318 1874 2357 cum

285 2383 545 2449 refrixit,
604 2387 898 2457 temperari
960 2399 1127 2458 atque
1176 2390 1373 2445 exacui
1427 2402 1651 2461 potest:
1686 2395 1874 2448 eodem

287 2478 454 2533 modo
499 2487 554 2533 tu
611 2496 832 2550 quoque
879 2483 1123 2552 quantliu
1178 2493 1304 2539 tuus
1360 2498 1487 2553 erga
1546 2485 1877 2555 baptismum

283 2570 456 2624 animi
500 2569 679 2626 fervor
716 2589 821 2627 non
856 2573 1090 2645 intepuit
1134 2590 1311 2641 neque
1343 2576 1592 2640 refrixit,
1625 2576 1712 2631 fac
1745 2578 1877 2647 bap-

288 2661 438 2717 tismi
465 2679 607 2732 aqua
644 2667 982 2737 tempereris.
1019 2666 1156 2722 Nam
1194 2668 1282 2724 hic
1325 2686 1546 2739 quoque
1596 2668 1879 2727 mollitiem

285 2755 432 2810 illam
453 2757 647 2820 animi.
668 2774 774 2828 qua
798 2761 1311 2829 perturbationibus
1335 2764 1592 2834 vitiisque
1608 2765 1879 2820 laxamur.

286 2846 542 2904 obdurat.
576 2848 641 2903 Et
663 2850 1128 2919 quemadmodum
1155 2852 1418 2923 A‘IthiOps
1448 2855 1536 2909 ille
1566 2856 1878 2921 eunuchus,

285 2940 447 3009 cujus
500 2939 554 2994 in
610 2942 843 2996 Actuum
878 2942 1019 2998 libro
1068 2946 1402 3002 mentionem
1435 2945 1616 3003 Lucas
1657 2946 1786 3002 facit
1811 2948 1881 3015 ",

285 3040 479 3102 postea
510 3047 674 3103 quam
708 3036 1009 3105 evangelici
1040 3037 1192 3107 regni
1226 3026 1536 3093 doctrinam
1573 3056 1602 3094 a
1629 3039 1880 3110 Philippo

287 3125 498 3186 hausit,
516 3125 762 3195 protinus
789 3127 949 3181 tidem
974 3127 1138 3183 corde
1160 3131 1393 3199 accepit,
1418 3148 1517 3185 nec
1539 3131 1777 3200 Spiritus
1800 3132 1877 3186 si-

287 3215 582 3286 gnaculum
597 3216 1021 3283 distulit,\'erum
1040 3219 1200 3272 simul
1220 3230 1385 3289 atque
1401 3221 1612 3288 objecta
1632 3223 1874 3291 ipsorum

289 3306 468 3361 oculis
496 3322 636 3377 aqua
677 3319 780 3373 est,
813 3310 950 3364 mira
986 3310 1155 3364 animi
1186 3310 1374 3366 laetitia
1404 3313 1678 3380 perfusus,
1703 3312 1873 3367 dixit:

291 3399 429 3454 Ecce
465 3416 603 3471 aqua
626 3441 643 3468 ,
680 3399 735 3455 id
772 3402 1022 3458 videlicet
1056 3403 1199 3473 quod
1248 3404 1599 3473 expetebam,
1632 3406 1758 3475 quid
1798 3423 1877 3461 me

286 3490 524 3562 prohibet
562 3493 869 3563 baptizari?
901 3494 1091 3551 eodem
1116 3498 1277 3549 modo
1310 3505 1364 3549 tu
1408 3512 1627 3567 quoque
1678 3496 1863 3553 facito.

290 3582 366 3638 Ne
389 3584 545 3640 dicas
577 3601 590 3638 :
625 3584 931 3657 Episcopus
966 3603 1053 3643 me
1089 3588 1349 3663 baptizet,
1392 3600 1553 3657 atque
1602 3589 1647 3643 is
1684 3588 1877 3646 lliero-

287 3677 677 3748 solymitanus,
707 3690 759 3734 et
786 3680 1073 3735 nobilitate
1100 3682 1303 3745 clarus,
1332 3693 1387 3737 et
1417 3683 1751 3738 matrimonii
1782 3698 1879 3739 ex-

288 3782 415 3836 pers
483 3779 541 3822 ut
614 3785 714 3825 nec
787 3778 1009 3841 propter
1072 3771 1401 3841 baptizautis
1474 3774 1742 3829 vilitatem
1822 3783 1877 3829 ct

290 3859 480 3913 talium
509 3861 901 3920 obscuritatem
935 3862 1195 3938 nobilitas
1228 3878 1346 3918 mea
1369 3863 1751 3931 dedecorctur,
1779 3881 1877 3921 nec

291 3938 426 4006 si'ab
456 3953 681 4025 indigno
706 3955 931 4011 homine
957 3955 1227 4026 baptizcr,
1254 3955 1510 4011 sordibus
1530 3956 1871 4027 inquinetur.

288 4042 410 4099 Noli
452 4061 644 4101 eorum
677 4047 768 4117 qui
801 4047 1105 4117 baptizant,
1138 4048 1278 4102 vitas
1316 4048 1550 4102 scrutari
1586 4057 1749 4117 atque
1790 4049 1879 4102 in-

289 4137 535 4203 quirere.
594 4137 807 4195 Etenim
839 4178 854 4204 ,
890 4139 1044 4195 homo
1069 4180 1085 4206 ,
1138 4149 1195 4195 ut
1231 4155 1263 4194 a
1304 4136 1561 4194 Samuele
1598 4139 1618 4195 Ι
1666 4140 1872 4210 llegum

289 4228 499 4282 dictum
531 4240 647 4293 est,
679 4231 817 4286 videt
848 4232 901 4285 in
935 4231 1148 4301 faciem,
1194 4231 1334 4284 Dem
1378 4242 1555 4284 autem
1586 4230 1640 4283 in
1678 4246 1769 4284 cor
1805 4229 1872 4287 ”.

293 4318 399 4372 hoc
436 4328 518 4374 est
543 4359 560 4387 ,
603 4322 765 4378 homo
802 4337 865 4378 ea
912 4338 1038 4393 quae
1079 4324 1256 4378 oculis
1302 4322 1645 4383 olferuntur.
1676 4321 1872 4386 cernit,

294 4409 441 4466 Deus
497 4421 678 4467 autem
728 4415 928 4470 mentis
982 4414 1163 4469 abdita
1202 4414 1465 4471 intuetur.
1498 4413 1618 4469 Noli
1646 4415 1873 4469 nimium

293 4502 458 4556 anxie
487 4517 551 4557 ac
581 4505 797 4561 curiose
835 4506 1166 4576 baptizantis
1197 4509 1431 4575 pretium
1477 4515 1530 4561 et
1554 4506 1872 4577 dignitatem

292 4596 628 4661 perscrutari
670 4608 726 4652 et
788 4602 1112 4669 explorare,
1148 4615 1276 4653 num
1320 4597 1530 4654 scilicet
1588 4598 1876 4667 episcopus

290 4695 390 4743 aut
431 4691 887 4760 metrupolitanus
921 4693 1027 4758 sit;
1057 4707 1155 4747 nec
1181 4691 1393 4762 ambige
1423 4701 1587 4762 atque
1614 4693 1873 4747 addubita

293 4781 513 4837 cuinam
581 4785 765 4853 potius
833 4795 885 4841 te
950 4801 1047 4856 per
1107 4785 1439 4855 baptismum
1516 4786 1877 4855 spiritualitcr

294 4876 733 4947 regenerandum
789 4879 1058 4948 pra‘beas.
1086 4877 1559 4944 Quemadmodum
1592 4880 1736 4932 enim
1768 4878 1877 4932 duo

291 4969 506 5032 annuli.
543 4972 679 5025 alter
735 4987 890 5034 auro.
929 4972 1068 5028 alter
1120 4970 1268 5026 ferro
1321 4969 1653 5031 confectus,
1709 4986 1873 5024 uuam

301 5062 673 5134 eamdemque
713 5066 983 5135 principis
1021 5064 1339 5134 imagimem
1390 5062 1723 5129 insculptum
1779 5062 1876 5114 ba-

292 5153 523 5221 bentes,
576 5171 641 5210 ac
695 5157 891 5211 deinde
964 5170 1144 5211 ceram
1210 5154 1609 5224 imprimentes,
1660 5150 1875 5205 tametsi

294 5243 527 5297 materia
575 5242 824 5298 differant
859 5245 1074 5313 (aurum
1123 5241 1269 5297 enim
1321 5239 1610 5310 splendore
1668 5236 1872 5294 ferrum

292 5334 594 5405 antecellit)
632 5347 811 5390 tamen
845 5345 1074 5406 utraque
1115 5335 1401 5404 impressio
1440 5332 1684 5387 eamdem
1722 5331 1877 5401 priu-

292 5426 433 5494 cipis
478 5427 705 5483 l'urmam
743 5427 912 5483 refert
948 5448 961 5484 :
1012 5427 1285 5483 consimili
1331 5424 1492 5481 modo
1523 5427 1590 5480 de
1624 5423 1880 5495 baptismi

1979 1834 2317 1888 turbulentia
2341 1836 2402 1887 ad
2429 1834 2597 1888 animi
2621 1836 3089 1904 tranquillitatem,
3111 1852 3139 1890 a
3170 1836 3293 1891 vitae
3314 1839 3565 1893 sordibus

1978 1924 2042 1977 ad
2084 1925 2397 1994 puritatem.
2442 1935 2651 1981 veteres
2691 1941 2879 1982 omnes
2935 1935 3079 1980 notae
3132 1939 3498 1990 recesserunt,
3534 1946 3565 1983 a

1977 2015 2180 2084 quibus
2205 2056 2219 2079 ,
2251 2024 2301 2069 et
2330 2016 2504 2079 dives,
2542 2026 2602 2070 ct
2632 2017 2831 2071 nobilis
2851 2059 2865 2079 ,
2895 2017 3166 2084 dominus,
3200 2028 3362 2085 atque
3403 2019 3567 2088 hujus

1978 2104 2195 2173 generis
2257 2106 2475 2159 nomina
2537 2107 2918 2177 designantur.
2971 2109 3149 2178 Atque
3210 2109 3465 2163 omnibus
3502 2109 3570 2164 iis

1978 2194 2067 2260 qui
2135 2192 2391 2262 baptizati
2453 2202 2603 2259 sunt,
2639 2212 2744 2249 una
2801 2195 2974 2250 lorma
3032 2199 3328 2268 baptismi,
3374 2215 3568 2269 nempe

1978 2280 2233 2337 Christus
2256 2282 2325 2349 ",
2362 2286 2517 2355 quasi
2550 2287 2838 2340 character
2870 2289 3125 2355 quidam;
3148 2290 3433 2357 impositus
3461 2300 3564 2352 est,

1982 2380 2086 2428 hoc
2135 2385 2241 2440 est,
2284 2376 2488 2432 Christi
2545 2378 2680 2432 fides
2735 2394 2832 2448 per
2881 2395 3069 2449 quam,
3110 2380 3332 2449 quinam
3372 2382 3566 2442 simus.

1981 2466 2191 2534 liquido
2222 2477 2389 2537 patet.
2425 2470 2647 2535 Adhmc,
2681 2484 2802 2522 eum
2828 2471 3172 2539 exploratum
3213 2471 3442 2536 habeas,
3467 2488 3567 2528 eos

1980 2564 2074 2635 qui
2124 2580 2153 2617 a
2196 2561 2406 2619 Joanne
2456 2565 2908 2634 baptizabantur,
2940 2566 2990 2620 id
3041 2566 3094 2621 in
3143 2582 3291 2620 more
3329 2570 3565 2636 positum

1984 2656 2285 2722 habuisse,
2337 2664 2395 2709 ιιι
2426 2667 2649 2726 peccata
2712 2672 2810 2711 sua
2859 2657 3248 2711 confiterentur
3268 2660 3335 2719 ’⁵,
3373 2658 3455 2713 fac
3508 2670 3564 2714 tu

1983 2763 2202 2819 quoque
2243 2757 2465 2817 peccata
2518 2756 2612 2801 tua
2643 2763 2937 2818 expromas
2976 2765 2990 2801 :
3024 2758 3083 2803 ut
3116 2749 3562 2819 quandoquidem

1984 2838 2163 2909 pudor
2199 2847 2363 2908 atque
2418 2836 2719 2907 ignominia
2772 2836 2941 2892 futttri
2988 2839 3249 2910 supplicii
3304 2856 3429 2910 pars
3463 2847 3567 2905 est,

1984 2944 2104 2984 eam
2139 2927 2230 2984 hic
2258 2928 2635 2984 erubescendo
2679 2913 2897 2999 fugias,
2926 2945 2989 2984 ac
3022 2940 3307 3000 peccatum
3351 2930 3569 3002 publice

1988 3018 2347 3080 traducendo.
2390 3028 2443 3072 ct
2493 3019 2637 3073 velut
2680 3019 2749 3073 dc
2793 3034 2859 3073 co
2895 3019 3283 3091 triumphando
3342 3022 3565 3090 planum

1908 3093 1952 3153 C
1987 3107 2153 3163 facias
2199 3117 2251 3164 te
2300 3109 2432 3162 illud
2468 3108 2653 3164 odisse
2703 3118 2866 3180 atque
2913 3110 3196 3165 detestari.
3232 3110 3373 3176 Quin
3432 3113 3563 3165 illud

1979 3213 2203 3269 quoque
2257 3200 2351 3253 tibi
2407 3200 2805 3269 providendum
2836 3213 2944 3262 est,
2993 3217 3060 3254 ne
3107 3203 3400 3257 cxorcismi
3436 3217 3563 3271 pro-

1981 3290 2190 3345 lixitate
2240 3288 2558 3343 oll‘cudaris.
2611 3288 2938 3360 Longiorcm
2988 3290 3133 3343 enim
3192 3291 3563 3345 exortis-mum

1980 3393 2327 3447 nequaquam
2365 3380 2597 3434 moleste
2627 3388 2791 3450 atque
2815 3395 2957 3450 aegre
2984 3379 3146 3445 ferre,
3180 3393 3563 3451 argumentum

1978 3479 2066 3525 est
2103 3470 2274 3524 animi
2315 3484 2443 3524 vero
2495 3484 2559 3523 ac
2589 3471 2807 3524 sincero
2840 3470 3033 3523 allectu
3084 3472 3412 3539 baptismum
3446 3489 3565 3526 am-

1979 3561 2284 3631 plectentis.
2342 3560 2438 3615 Est
2488 3570 2665 3613 autem
2699 3558 3066 3620 exorcismus,
3103 3561 3407 3629 conscripta
3447 3578 3569 3615 ver-

1981 3656 2170 3709 borum
2209 3653 2404 3716 series,
2429 3653 2484 3707 in
2517 3667 2623 3723 qua
2661 3653 2706 3708 is
2731 3651 2821 3720 qui
2850 3651 3112 3721 baptizat.
3144 3653 3442 3719 diabolum,
3473 3653 3564 3709 Dei

1981 3746 2201 3800 nomine
2232 3743 2566 3811 adiuratum,
2602 3744 2670 3797 ab
2702 3757 2789 3804 eo,
2821 3746 2913 3813 qui
2947 3743 3279 3810 baptizatur,
3306 3759 3438 3797 cxcc
3463 3748 3569 3798 'ere

1979 3853 2041 3892 ac
2070 3836 2254 3906 procul
2288 3836 2477 3907 fugere
2508 3836 2687 3906 jubet.
2742 3831 3059 3904 .Ethiopum
3099 3835 3299 3904 regina,
3329 3835 3431 3889 hoc
3462 3844 3568 3903 est,

1979 3927 2199 3995 Austri,
2236 3943 2381 3997 quae,
2420 3939 2479 3981 ut
2515 3926 2672 3981 tertio
2725 3927 2931 3994 Regum
2987 3926 3219 3979 habetur
3245 3967 3259 3990 ,
3297 3926 3366 3978 ab
3417 3927 3568 3980 orbis

1979 4021 2180 4075 finibus
2216 4021 2496 4089 sapientiae
2528 4017 2849 4072 Salomonis
2883 4016 3028 4069 fama
3065 4025 3335 4084 permota.
3374 4015 3568 4069 Ilioru-

1978 4112 2243 4183 Sulymam
2278 4109 2607 4181 perrexit“.
2645 4108 2811 4177 Atqui
2839 4107 3123 4176 sapientiae
3154 4107 3298 4161 illius
3324 4149 3337 4171 ,
3363 4123 3484 4177 qua:
3513 4107 3566 4159 in

1979 4204 2271 4257 Salomone
2320 4200 2547 4263 esstitit,
2600 4198 2873 4253 miraculo
2899 4237 2913 4261 ,
2952 4197 3207 4267 baptismi
3245 4198 3565 4251 miraculum

1980 4294 2160 4363 majus
2210 4302 2264 4348 et
2292 4291 2649 4347 excellentius
2682 4291 3019 4346 censendum
3063 4300 3147 4345 est
3175 4332 3187 4353 ,
3225 4295 3421 4361 quippe
3456 4305 3568 4361 quo

1983 4387 2235 4442 homines
2266 4401 2332 4440 ex
2363 4383 2641 4439 veteribus
2686 4383 2810 4436 novi
2842 4382 3165 4438 eliiciantur.
3202 4382 3565 4448 Quamobrem

1983 4477 2186 4534 nullius
2209 4474 2584 4545 impedimenti
2614 4483 2779 4544 atque
2805 4474 3076 4528 obstacnli
3113 4486 3255 4526 metu
3291 4474 3565 4527 deterrea-

1984 4570 2082 4634 ris,
2114 4567 2405 4638 quominus
2454 4564 2522 4620 ad
2555 4566 2890 4636 baptismum
2937 4565 3239 4635 pervenias.
3270 4564 3446 4633 Atque
3479 4565 3566 4619 hic

1984 4661 2149 4716 etiam
2185 4674 2274 4713 res
2301 4658 2375 4711 ita
2407 4665 2723 4725 comparata
2747 4666 2852 4721 est,
2885 4664 2944 4709 nt
2971 4655 3058 4707 ubi
3086 4660 3373 4724 promptus
3405 4664 3566 4719 atque

1984 4757 2168 4809 alacer
2216 4751 2381 4807 fuerit
2415 4754 2670 4814 animus,
2722 4748 2872 4819 quod
2929 4748 3149 4803 obstare
3200 4746 3397 4816 possit.
3432 4745 3566 4798 nihil

1980 4862 2104 4903 esse
2133 4854 2321 4916 queat.
2376 4841 2486 4897 Nec
2520 4857 2651 4896 vero
2687 4841 2754 4896 ad
2790 4841 2840 4895 id
2886 4848 3138 4910 sumptus
3174 4838 3267 4893 ulli
3306 4836 3564 4899 faciendi,

1978 4953 2082 4993 nec
2112 4937 2282 4991 ullum
2316 4934 2597 5004 negotium
2630 4931 3039 5001 suscipiendum
3068 4941 3177 4986 est.
3204 4928 3374 4983 Isaias
3397 4928 3567 4992 enim,

1975 5031 2041 5084 ad
2102 5028 2436 5097 baptismum
2516 5040 2615 5079 nos
2672 5025 2975 5078 exhortans
3010 5064 3025 5089 ,
3077 5022 3210 5076 ait:
3276 5019 3566 5087 Sitieum,

1983 5123 2097 5177 hoc
2127 5130 2236 5185 est,
2271 5119 2363 5187 qui
2407 5116 2662 5186 baptismi
2690 5116 2966 5171 desiderio
2995 5115 3239 5186 llagratis
3260 5153 3275 5178 ,
3307 5114 3377 5167 ad
3424 5113 3570 5169 refo-

1985 5211 2281 5268 cillationis
2328 5226 2521 5281 aquam
2568 5208 2787 5278 pergite,
2822 5207 2924 5262 hoc
2958 5216 3077 5269 est,
3111 5208 3176 5261 ad
3214 5210 3567 5276 baptismum,

1987 5304 2196 5375 peccati
2224 5302 2498 5357 ﬂammam
2529 5302 2898 5368 ardoremque
2931 5299 3383 5369 restinguentem,
3410 5307 3458 5351 et
3484 5300 3572 5367 qui

1988 5414 2090 5452 nou
2130 5395 2335 5451 habetis
2373 5401 2686 5465 argentum,
2726 5401 2784 5445 ut
2814 5390 3049 5461 pretium
3092 5390 3257 5458 dctis,
3288 5391 3442 5445 emite
3475 5391 3575 5444 hu«

366 5602 640 5675 ‘fﬁalat.
684 5619 777 5675 tu,
826 5605 920 5661 9.7.
998 5607 1045 5640 ”
1105 5605 1229 5663 Act.
1292 5620 1415 5673 vm,
1469 5604 1537 5659 ‘27
1602 5620 1754 5675 seqq.
1833 5601 1955 5655 "‘1
1995 5600 2125 5673 Reg.
2168 5616 2282 5671 ιιι,
2333 5600 2391 5657 7.
2475 5598 2728 5655 “Galat.
2779 5614 2864 5666 tn,
2918 5596 2989 5653 Υ
3078 5556 3125 5634 ’ί
3169 5597 3360 5654 Ma‘th.
3398 5612 3480 5663 ιιι,
3516 5595 3569 5651 ϐ.

294 5671 341 5705 ’⁸
360 5673 424 5727 lli
447 5672 573 5744 Reg.
602 5690 652 5741 ι,
680 5673 698 5727 l
723 5688 878 5744 seqq.
