4032 6198
598 196 731 266 1275

2050 205 2303 268 ADDEN
2313 207 2405 267 DA
2417 251 2435 269 .

3667 221 3762 286 Ῑὶῒίί

590 313 832 384 jusmodi
873 331 1107 388 aquam,
1153 328 1407 392 prompto
1457 329 1622 394 atque
1663 321 1830 378 alacri
1894 323 2079 377 animo
2113 321 2179 378 ad
2211 331 2256 385 Α
2289 325 2604 379 inor-talium
2639 334 2724 380 est
2764 327 2935 396 gratia
2965 368 2979 391 ,
3021 341 3127 388 non
3182 344 3340 386 secus
3371 340 3522 404 atque
3549 349 3627 390 aer
3651 355 3769 410 quem

541 439 549 446 -
595 423 716 463 eam
759 411 1068 468 accedeudo
1091 413 1157 468 "'.
1189 413 1316 467 Solo
1347 417 1491 470 enim
1526 415 1824 472 voluntatis
1855 416 2032 488 pretio
2077 417 2176 472 ba-

595 504 832 572 ptismus
880 507 1100 560 emitur.
1157 507 1326 564 Porro
1371 525 1493 562 eum
1540 510 1876 564 voluntatem
1905 510 2178 580 cupidita-

599 605 820 662 totoque
869 597 1014 663 diro,
1068 613 1174 652 non
1211 600 1413 656 nudam
1462 618 1526 656 ac
1555 602 1858 674 simplicem
1891 604 2174 672 intelligo:

595 688 852 740 neevnint
879 703 937 741 ea
964 676 1155 742 subicit
1188 706 1408 746 :rcrum
1436 706 1555 746 eam
1573 708 1697 758 quze
1720 693 1986 750 actionem
2007 693 2177 745 comi-

595 788 700 832 tem
745 779 908 834 habet
931 824 946 846 ,
983 797 1144 850 atque
1188 799 1252 838 ex
1290 801 1354 839 eo
1383 791 1525 853 qnml
1557 787 1622 838 ad
1659 802 1768 839 rem
1799 787 2090 856 expolitam
2126 794 2178 839 et

593 867 938 934 t-oneupilam
969 885 1066 924 nos
1095 871 1466 935 conferemus,
1489 873 1726 928 maxime
1753 877 2178 944 apparetrtelu-

596 955 786 1009 cescit.
815 957 1098 1012 lneessum
1135 962 1336 1030 quippe
1361 970 1419 1013 ct
1452 961 1848 1030 profectionem
1877 965 2032 1034 pretii
2059 964 2178 1016 loco

593 1040 765 1096 ducit.
801 1041 1040 1114 Profecti
1079 1048 1250 1113 enim,
1286 1049 1487 1118 inquit,
1523 1051 1676 1105 emite
1715 1061 1763 1106 et
1804 1052 1961 1107 bibite
1998 1053 2176 1106 vinum

592 1134 707 1188 sine
729 1140 899 1202 pretio
925 1137 994 1203 ⁸⁸,
1049 1138 1154 1194 hoc
1207 1151 1311 1202 εει,
1343 1142 1635 1212 _volup_tate
1683 1141 1992 1198 alliciamini
2033 1144 2178 1197 nulla

596 1231 826 1293 pecunia
905 1233 1199 1299 persoluta.
1267 1233 1466 1288 Vinum
1545 1236 1690 1289 enim
1760 1236 2180 1298 oblectationem

593 1321 862 1391 designat.
886 1323 963 1378 Ac
992 1327 1216 1393 proinde
1243 1327 1443 1382 dictum
1471 1338 1552 1382 est
1580 1345 1596 1384 :
1625 1327 1691 1382 Et
1723 1331 1898 1384 vinum
1916 1333 2180 1386 exhilarat

595 1425 685 1462 cor
715 1409 944 1466 homiais
973 1415 1039 1466 ⁸³.
1082 1413 1170 1468 Vel
1201 1417 1434 1471 fortasse
1465 1419 1652 1472 vinum
1692 1421 1981 1491 mysticum
2023 1423 2182 1477 intel-

597 1500 732 1568 l'git,
770 1502 871 1556 hoc
901 1513 1004 1564 est.
1039 1507 1246 1560 Gbristi
1275 1510 1623 1578 sanguinem.
1657 1513 1815 1582 cujus
1847 1524 1965 1580 post
2003 1515 2182 1585 bapti-

595 1604 776 1646 smum
801 1597 972 1664 gratis
997 1599 1312 1667 participem
1337 1601 1450 1656 fieri
1475 1603 1618 1658 licet.
1651 1605 1774 1660 Sitit
1793 1617 1958 1676 atque
1978 1610 2181 1679 appetit

599 1684 865 1742 Dominus
925 1703 953 1744 a
1009 1691 1164 1746 nobis
1218 1693 1390 1746 amari
1445 1712 1460 1749 :
1513 1696 1716 1766 (latque
1767 1698 2066 1769 jucundius
2117 1716 2180 1755 ac

597 1777 890 1840 libentius.
925 1796 1086 1850 quam
1141 1783 1230 1837 alii
1280 1787 1574 1856 accipiant,
1621 1791 1921 1846 dummodo
1967 1809 2180 1864 nequa-

597 1888 759 1940 quam
803 1889 970 1942 parva
999 1885 1052 1929 et
1077 1877 1263 1944 exilia,
1299 1895 1486 1935 verum
1523 1897 1589 1936 eo
1616 1883 1778 1951 digna
1814 1887 2176 1956 postulemus.

597 1965 760 2021 Petiit
789 1982 817 2020 a
857 1965 1202 2026 Samaritana
1253 1983 1463 2042 potum,
1497 1976 1614 2032 boc'
1638 1987 1742 2043 cst,
1785 1979 1942 2035 (idem
1967 2021 1983 2045 ,
2015 1990 2182 2052 atque

601 2057 766 2128 hujus
788 2060 914 2114 doni
939 2061 1272 2120 desiderium
1299 2085 1311 2118 :
1333 2067 1446 2136 ipse
1468 2079 1648 2123 autem
1667 2085 1786 2124 eam
1809 2072 2080 2143 baptismo
2098 2083 2182 2130 est

597 2150 910 2220 impartitus
932 2153 970 2208 ί.
998 2154 1098 2220 Qui
1130 2157 1248 2211 fons
1273 2161 1492 2226 quidem
1516 2161 1546 2214 tl
1575 2162 1738 2226 citur,
1769 2164 1899 2234 quia
1929 2168 2181 2235 perenni-

599 2253 680 2298 ter
700 2245 854 2314 ﬂuit;
881 2261 1036 2315 aqua:
1066 2257 1269 2310 autem.
1299 2253 1424 2320 quia
1453 2252 1709 2309 vitiorum
1729 2257 1920 2312 sordes
1943 2258 2108 2314 abluit
2128 2270 2182 2316 et

601 2346 814 2406 purgat.
841 2349 1006 2408 atque
1034 2340 1195 2394 etiam
1231 2341 1522 2399 aliectuum
1547 2343 1818 2412 ﬂammas,
1847 2351 2178 2420 exstinguit;

597 2431 846 2485 salientis
897 2431 1170 2502 denique,
1225 2435 1330 2490 boc
1379 2447 1504 2501 est,
1544 2451 1692 2496 metu
1749 2443 1964 2512 agitata:
2013 2453 2180 2516 atque

598 2520 856 2587 ellicacis,
885 2531 940 2577 et
977 2524 1044 2578 ad
1087 2527 1252 2578 vitam
1281 2537 1540 2584 aeternam
1573 2530 1870 2592 ell‘erentis.
1905 2533 2024 2592 1am
2049 2551 2179 2592 vero

601 2612 770 2668 Isaias
789 2615 1042 2671 doctores
1061 2631 1158 2670 eos
1187 2619 1375 2674 beatos
1401 2621 1663 2691 praedicat
1685 2626 1728 2689 ¹,
1755 2625 1847 2694 qui
1873 2625 2177 2682 doctrinam

598 2721 762 2776 super
824 2723 1043 2764 omnem
1109 2727 1307 2782 aquam
1369 2727 1658 2784 spargunt,
1727 2719 1830 2771 huc
1881 2731 1966 2773 cst
2014 2735 2181 2786 super

597 2813 816 2855 omnem
864 2803 1103 2858 animam
1165 2805 1416 2874 baptismi
1465 2824 1604 2878 aqua
1659 2812 1956 2879 perfusam,
2013 2832 2177 2885 quam

601 2887 863 2943 hesterno
913 2891 1021 2953 die,
1077 2891 1179 2947 hoc
1235 2905 1353 2960 est,
1411 2909 1536 2951 ante
1597 2899 1926 2970 baptismum
1983 2903 2180 2960 divina:

2279 417 2577 487 spiramus,
2623 432 2686 470 ac
2722 419 2919 474 cretum
2953 419 3214 490 orbisque
3249 431 3512 492 aspectus.

2351 509 2464 566 Col.
2497 510 2603 566 899
2633 513 2696 566 Α.
2732 509 2852 566 Sint
2880 525 3006 566 sane
3047 512 3180 576 haec,
3223 515 3409 568 dixerit
3453 514 3624 584 aliquis
3649 534 3766 584 quau-

2281 612 2413 663 tum.
2463 612 2567 658 etc.
2631 602 2751 659 Sint
2797 619 2932 659 sane
2963 621 3107 672 vera,
3140 607 3372 677 inquies,
3419 609 3616 676 qutedc
3645 611 3774 676 nobis,

2279 697 2371 766 qui
2406 712 2436 750 a
2459 697 2589 751 'ulta
2619 707 2777 756 aetate
2827 713 3045 761 smnus,
3103 715 3169 754 ac
3204 699 3519 770 baptismum
3554 701 3776 770 requirere

2282 804 2590 856 possumus.
2641 791 2737 845 abs
2763 799 2813 844 te
2841 792 2981 845 dicta
3010 801 3137 846 sunt
3166 810 3180 846 :
3211 807 3397 848 verum
3425 794 3488 848 de
3513 794 3774 862 infantibus,

2279 881 2372 950 qui
2411 881 2545 934 nihil
2572 883 2850 943 sentiunt,
2907 884 3037 954 quid
3084 883 3212 940 ais?
3242 884 3322 940 An
3358 887 3454 942 bos
3483 901 3675 958 quoque
3711 888 3776 942 ba-

2281 975 2628 1044 ptizabimus.
2671 975 2746 1031 ita
2780 993 2951 1044 sane,
3008 978 3052 1033 si
3103 979 3248 1048 quod
3291 980 3574 1050 pericnlmn
3621 991 3778 1050 urgeat.

2281 1067 2461 1135 Atque
2518 1067 2681 1136 hujus
2735 1067 2814 1124 rei
2877 1067 3128 1128 dot-uinea
3157 1079 3270 1126 tum
3323 1069 3448 1124 hinc
3504 1069 3600 1141 peti
3631 1081 3781 1142 potest,

2281 1158 2426 1230 quod
2464 1175 2531 1214 ne
2560 1159 2783 1216 Judaens
2803 1161 3025 1231 quidem
3059 1162 3528 1219 circnmcisionem
3557 1172 3782 1217 aversatur

2281 1269 2374 1308 aut
2407 1251 2612 1318 diﬂ'ert,
2651 1253 2851 1308 minaci
2881 1255 2982 1311 bac
3021 1256 3272 1310 oratione
3294 1265 3560 1326 permotus
3589 1273 3600 1309 :
3639 1253 3778 1310 Omnis

2282 1347 2484 1402 animo.
2513 1360 2628 1409 quia
2664 1355 2847 1399 octavo
2881 1345 2966 1400 die
2995 1345 3312 1399 circumcisa
3343 1362 3442 1400 non
3472 1345 3630 1414 fuerit,
3659 1353 3785 1396 extero

2282 1433 2619 1488 minabitur‘.
2659 1435 3024 1490 Circumcisio
3057 1444 3243 1490 autem
3282 1435 3370 1488 illa
3403 1432 3785 1489 Circumcisionis

2284 1540 2392 1579 non
2419 1525 2744 1581 manuiarta:
2778 1527 3004 1596 liguram
3036 1529 3281 1598 gerebat,
3334 1543 3450 1598 quae
3481 1527 3529 1580 in
3571 1527 3784 1594 baptismo

2285 1631 2382 1684 per
2433 1619 2621 1672 carnis
2655 1618 3113 1688 exspoliationem
3146 1619 3598 1688 abjectionemque
3623 1615 3786 1688 peragi-

2287 1707 2442 1761 tur'.
2467 1706 2545 1761 Ae
2578 1719 2866 1779 pr0pterea
2903 1709 3018 1764 lucc
3052 1709 3205 1764 nullo
3237 1709 3395 1762 modo
3427 1709 3688 1764 diﬂeretrla
3710 1715 3787 1773 νει,

2285 1813 2408 1852 cum
2448 1796 2708 1854 Dominus
2734 1801 2979 1855 dixerit:
3017 1799 3144 1856 Nisi
3200 1801 3317 1872 quis
3373 1813 3518 1854 natus
3564 1799 3700 1870 luerit
3740 1813 3786 1850 es

2283 1909 2422 1963 aqua
2449 1903 2498 1948 et
2526 1891 2752 1964 Spiritu,
2805 1911 2906 1948 non
2949 1893 3174 1949 intrabit
3209 1894 3261 1948 in
3293 1911 3498 1964 regnum
3534 1891 3664 1946 Dri'.
3705 1889 3788 1943 Iluc

2285 1983 2515 2048 accedit,
2551 1984 2695 2054 quod
2728 1993 2913 2054 postes
2951 1999 3180 2054 qucque
3205 1992 3260 2038 et
3297 1984 3342 2038 si
3374 1997 3526 2038 sensu
3573 1986 3785 2041 carentes,

2284 2074 2552 2146 Sanguine
2586 2075 2950 2148 uagabantur:
2971 2076 2992 2106 ⁸
3012 2084 3067 2130 et
3099 2085 3286 2130 tamen
3309 2073 3666 2130 exterminatur
3687 2084 3786 2124 con-

2286 2169 2532 2238 signatas
2587 2167 2784 2223 domos
2842 2168 3162 2238 praeteribat
3205 2185 3220 2224 :
3267 2171 3320 2222 in
3359 2168 3425 2222 iis
3479 2175 3660 2226 autem,
3700 2173 3787 2228 qua

2285 2259 2500 2331 signum
2542 2260 2750 2316 nullum
2804 2260 3192 2332 prmierebant,
3261 2260 3593 2330 primigcuatn
3632 2255 3786 2326 prolem

2286 2349 2668 2404 interllciebat.
2698 2350 2930 2406 Proinde
2947 2366 3172 2422 quoque
3195 2351 3368 2405 satius
3385 2359 3483 2413 est,
3513 2361 3559 2404 ut
3587 2347 3784 2405 infantes.

2286 2443 2504 2496 tametsi
2535 2457 2701 2497 sensu
2733 2453 2975 2501 careant.
3008 2443 3380 2512 baptizentur,
3419 2457 3570 2512 quam
3600 2449 3651 2494 ut
3685 2437 3782 2505 signi

2283 2543 2534 2601 expertes
2599 2550 2630 2588 e
2676 2534 2782 2588 vita
2835 2533 3120 2590 decedant.
3163 2533 3430 2602 Quoniam
3485 2533 3615 2587 enim
3651 2531 3786 2589 mo'o,

2283 2625 2377 2695 qui
2432 2624 2742 2696 baptizatus
2795 2641 2902 2679 non
2952 2634 3037 2680 cst
3066 2667 3080 2688 .
3114 2627 3304 2682 dicere
3355 2631 3511 2696 queat
3554 2620 3630 2674 Ι)ρί
3664 2632 3784 2674 suun

2285 2733 2408 2771 cum
2444 2719 2522 2772 rei
2555 2718 2720 2788 hujus
2748 2718 2903 2790 signa
2935 2729 2989 2773 et
3021 2727 3186 2774 notas
3215 2732 3397 2774 secum
3439 2731 3537 2770 non
3569 2709 3719 2767 lerat?
3740 2709 3785 2761 At

2284 2819 2415 2859 vero
2441 2804 2510 2859 de
2558 2806 2681 2860 aliis
2713 2805 2982 2872 puerulis,
3008 2821 3156 2876 quos
3186 2807 3369 2861 nullus
3391 2805 3632 2859 adversus
3653 2809 3785 2856 casus,

2287 2910 2387 2949 nec
2404 2895 2711 2964 periculum
2756 2895 2926 2949 ullum
2953 2894 3226 2966 Baptismi
3268 2892 3582 2964 suscipiendi
3605 2887 3783 2944 necessi-

2216 1669 2253 1724 11

602 2977 797 3047 pluvia
857 2981 1084 3049 penuria
1155 2983 1494 3042 laborantem
1523 3027 1541 3052 ,
1621 3002 1831 3046 vastam
1888 3005 1942 3048 et
2005 2995 2179 3051 incul-
2207 3006 2250 3064 ο
2285 2988 2754 3058 Iateconstringit,
2780 2989 2832 3042 in
2857 3003 2918 3044 ea
2943 3004 3066 3043 sum
3087 2991 3382 3054 sententia,
3405 2979 3782 3042 uteircatet'litlnl

600 3080 709 3124 tam
753 3072 928 3128 bruta:
980 3073 1148 3129 animi
1187 3079 1625 3146 perturbationes
1656 3085 1945 3141 calcabant
1971 3103 2036 3144 ac
2061 3106 2182 3158 pre-

601 3165 842 3223 mebant.
868 3167 1000 3222 Nam
1039 3169 1132 3238 qui
1167 3187 1280 3226 rem
1323 3172 1562 3244 aliquam
1601 3178 1829 3246 pedibus
1876 3184 2022 3250 terit,
2057 3199 2178 3240 eam

597 3274 816 3330 quoque
857 3263 1189 3332 comprimit.
1251 3265 1530 3326 Dementia
1582 3281 1764 3328 autem
1817 3289 1883 3332 ac
1926 3279 2180 3334 vecordia

598 3367 697 3424 per
744 3354 936 3409 bovem
987 3367 1156 3427 atque
1203 3359 1420 3416 asinum
1456 3363 1818 3434 signiﬁcatur.
1853 3365 2178 3440 Quanquam

599 3443 766 3500 etiam
801 3448 887 3503 his
917 3447 1134 3516 verbis,
1174 3453 1530 3521 naturalium,
1580 3471 1644 3512 ac
1699 3471 1896 3526 praeter
1929 3472 2178 3522 naturam

598 3538 983 3592 cxsistcntiutn
1029 3539 1324 3598 allectunm
1355 3543 1654 3606 discrimen
1691 3552 1867 3606 notari
1899 3553 2178 3622 existimo,

599 3629 856 3697 quoniam
915 3631 1013 3685 bos
1080 3647 1280 3702 purum
1334 3646 1416 3692 est
1451 3639 1698 3702 animal,
1751 3643 1938 3700 asinus
1997 3655 2179 3704 autem

600 3719 872 3786 impurum
908 3732 963 3774 et
994 3721 1366 3780 immundum.
1397 3725 1518 3784 Jocl
1551 3730 1776 3800 insuper
1802 3734 1920 3789 ait:
1948 3733 2094 3795 Fons
2115 3753 2180 3792 ea:

598 3809 755 3870 domo
817 3807 1029 3864 Domini
1089 3815 1388 3882 egredietur
1437 3833 1500 3881 ac
1552 3828 1840 3878 torrentem
1893 3827 2182 3896 juncorum

597 3903 802 3968 prolnet
826 3903 868 3958 ³.
895 3903 992 3959 Est
1011 3917 1192 3964 autem
1209 3917 1478 3978 quantum
1501 3913 1567 3968 ad
1588 3915 1907 3974 historicum
1930 3935 2176 3988 sensum,

602 3990 755 4047 locus
807 3991 950 4048 baml
983 3996 1174 4064 procul
1220 3997 1291 4054 ab
1323 3997 1714 4076 Hierosolymis
1747 4007 1997 4075 dissitus,
2037 4028 2180 4084 aqua

599 4096 814 4147 carens,
839 4094 894 4138 et
911 4085 1112 4154 juncos
1129 4089 1436 4154 proterens.
1458 4094 1766 4164 Allegorico
1785 4109 1966 4157 autem
1991 4121 2179 4172 sensu,

600 4189 700 4243 per
767 4175 972 4230 [utilem
1049 4181 1380 4248 evangelica
1443 4187 1851 4256 pradicationis
1929 4194 2180 4253 doctrina

601 4268 963 4338 signiﬁcatur;
978 4285 1073 4340 per
1090 4283 1382 4331 torrentem
1403 4289 1582 4335 autem
1598 4282 1918 4353 juneorum,
1940 4287 2178 4348 fidelium

2289 3080 2465 3136 artatis
2489 3096 2718 3147 annum,
2739 3093 2830 3137 aut
2846 3084 3073 3136 oman
3095 3083 3244 3136 intra
3267 3083 3369 3137 hoc
3387 3092 3600 3146 tempus,
3622 3076 3704 3128 hoc
3719 3069 3786 3124 ali-

2287 3184 2496 3244 quanto
2516 3177 2656 3229 ultra
2692 3177 2798 3230 hoc
2819 3175 3084 3245 spatium,
3106 3175 3454 3245 baptizcntur
3481 3190 3494 3228 :
3517 3181 3567 3226 ut
3591 3162 3783 3225 nonnulla

2289 3275 2654 3323 sacrosanctae
2681 3266 3010 3322 initiationis
3029 3265 3202 3322 verba
3235 3267 3423 3322 audire
3446 3279 3506 3320 ac
3535 3256 3784 3329 respondite

2289 3366 2540 3428 (ineant.
2607 3359 2757 3415 verbi
2820 3359 2998 3430 gratia
3045 3377 3060 3414 :
3114 3359 3459 3416 Abrenuntio
3522 3354 3702 3410 Salsum
3747 3357 3786 3396 ac

2287 3449 2508 3508 Christo
2541 3452 2826 3522 adjungor.
2859 3451 2967 3507 Res
3007 3452 3153 3506 enim
3189 3453 3297 3516 ita,
3342 3462 3397 3507 ut
3437 3451 3657 3505 dicturus
3686 3451 3785 3542 sum.

2289 3559 2350 3599 se
2385 3543 2570 3606 habet,
2597 3544 2740 3614 quod
2794 3545 2946 3614 pueri
2980 3553 3093 3598 tum
3139 3544 3366 3600 demunt
3401 3543 3516 3598 vita!
3541 3551 3639 3596 sua!
3665 3539 3788 3589 ratio-

2290 3651 2412 3690 nem
2450 3636 2677 3690 reddere
2701 3635 2990 3705 incipiunt,
3018 3651 3145 3691 cum
3197 3637 3318 3692 lidei
3363 3620 3787 3723 mysterium‘intcl-

2291 3727 2541 3794 lexerint,
2563 3737 2615 3781 et
2647 3742 2774 3782 cum
2795 3729 2850 3783 in
2883 3728 3016 3798 ipsis
3039 3727 3202 3798 plena
3235 3739 3286 3784 et
3313 3727 3492 3784 adulta
3520 3723 3639 3778 ratio
3657 3715 3785 3772 fuerit»

2291 3821 2398 3876 hoc
2447 3830 2555 3883 est.
2583 3821 2828 3877 delectus
2854 3823 2983 3877 boni
3015 3830 3068 3876 et
3100 3824 3252 3879 mali.
3282 3821 3420 3878 Tum
3459 3827 3620 3874 autem
3641 3809 3692 3864 ad
3714 3805 3788 3874 Ρ¹θ⁹

2289 3927 2421 3968 num
2451 3913 2542 3968 illa
2573 3914 2834 3984 perducta
2866 3924 2970 3980 est,
2993 3929 3118 3970 eum
3147 3913 3496 3970 conscientia:
3521 3903 3739 4001 judicium
3753 3897 3788 4001 ξι

2289 4021 2553 4062 sensuum
2603 4019 2808 4076 organa
2858 4006 3165 4061 secundum
3219 4013 3467 4061 naturam
3510 4009 3650 4068 agere
3695 3999 3788 4042 inci-

2281 4097 2465 4167 ,Ρῖιιιιι-
2501 4096 2612 4158 Hoc
2645 4110 2813 4166 porro
2859 4095 3004 4152 circa
3037 4096 3427 4152 duodecimum
3481 4098 3661 4146 annum
3697 4087 3787 4132 con-

2286 4188 2468 4260 tingit.
2495 4186 2764 4244 Caeterum
2806 4188 3056 4260 quamvis
3081 4189 3300 4260 pueruli
3333 4187 3484 4242 venia
3521 4177 3785 4282 nequa‘utl‘fyl

2289 4295 2429 4352 opus
2451 4282 2704 4347 habeant,
2727 4290 2914 4351 utpote
2940 4281 3180 4336 nondum
3212 4283 3269 4336 in
3294 4289 3562 4352 peccatum
3580 4265 3784 4342 prolapsi:

603 4359 875 4426 Ecclesia,
910 4377 1032 4432 quae
1061 4380 1184 4420 cum
1223 4367 1376 4438 prius
1399 4371 1552 4426 arida
1583 4384 1642 4428 et
1681 4375 1930 4434 siccitate
1957 4389 2178 4448 perusta
2216 4368 2258 4422 ο
2289 4383 2344 4428 at
2371 4373 2475 4444 ipsi
2506 4383 2684 4428 tamen
2721 4373 3006 4446 signaculo
3033 4383 3088 4428 et
3122 4373 3383 4443 praesidio
3417 4367 3658 4440 indigent.
3678 4358 3787 4448 aut"?

601 4465 770 4519 esset,
807 4458 1066 4522 quoniam
1120 4461 1265 4516 nulla
1301 4462 1620 4532 huiusmodi
1677 4467 1944 4526 doctrinae
1980 4470 2183 4528 “uetita

562 4569 577 4575 -
606 4547 894 4613 hauserat,
926 4566 1026 4607 nec
1054 4553 1346 4624 frugiferas
1377 4558 1514 4614 ullas
1547 4561 1794 4618 actiones
1827 4563 2178 4632 produxerat.

599 4655 786 4710 postea
813 4643 1036 4714 irrigata
1061 4655 1166 4711 est,
1193 4634 1511 4720 fructusque
1539 4653 1678 4708 tulit.
1704 4653 1974 4720 Quoniam
1999 4667 2180 4715 autem

595 4733 822 4803 juncus,
863 4737 955 4806 qui
985 4738 1100 4792 lviii
1131 4749 1214 4794 est
1241 4743 1474 4808 species.
1503 4743 1682 4800 brutis
1713 4747 2087 4807 animantibus
2124 4750 2178 4806 in

600 4825 860 4892 pabulum
887 4825 1050 4895 obiici
1075 4829 1232 4893 solet,
1259 4832 1464 4888 idcirco
1483 4838 1722 4892 animam
1754 4839 1920 4896 stulte
1951 4849 2180 4900 temere-

599 4931 710 4985 que
766 4917 1040 4976 viventem
1101 4921 1414 4994 Theologus
1465 4925 1794 4996 junc‘il‘eram
1851 4934 2174 4992 nominavit.

601 5009 756 5065 Hauc
810 5026 976 5082 porro
1031 5013 1376 5085 baptismatis
1418 5017 1590 5086 fonte,
1638 5027 1912 5096 extemplo
1961 5028 2179 5084 Domini

603 5117 860 5158 manante
881 5147 894 5166 ,
929 5106 1208 5177 irrigutam
1233 5150 1247 5173 ,
1283 5125 1382 5180 pro
1409 5112 1581 5181 junco
1608 5117 1853 5172 triticum
1907 5118 2052 5174 ferre
2081 5121 2178 5186 ait,

602 5193 707 5250 hoc
761 5205 873 5260 est,
925 5199 1172 5257 actiones
1207 5201 1448 5259 hominis
1501 5216 1711 5264 natura:
1769 5214 2176 5272 convenientes.

587 5284 870 5350 Quocirca
903 5293 1053 5345 mutui
1084 5293 1267 5348 studio
1298 5295 1393 5350 tibi
1423 5295 1490 5350 ad
1520 5298 1852 5368 vigilandum
1871 5313 1984 5370 est,
2013 5320 2082 5361 ne
2103 5306 2181 5362 sis

589 5389 798 5445 expers
833 5379 1092 5446 baptismi
1123 5397 1138 5435 :
1169 5383 1262 5451 qui
1295 5385 1514 5453 quidem
1563 5387 1874 5445 centuriatis
1932 5391 2178 5451 omnium

681 5577 724 5609 "
744 5578 847 5636 lsa.
875 5597 960 5644 ιν,
989 5585 1039 5638 1.
1101 5586 1147 5617 ⁸³
1179 5584 1311 5646 ibid.
1392 5587 1438 5620 ”
1460 5585 1604 5646 Psal.
1633 5603 1750 5650 cm,
1789 5589 1877 5644 15.
1949 5588 1964 5620 ⁵
1994 5587 2151 5649 Joan.
2177 5607 2252 5654 Iv.

681 5663 763 5716 Ut,
799 5652 882 5706 11.
964 5654 1216 5711 'Culoss.
1256 5671 1314 5722 ιι,
1352 5659 1372 5710 1
1406 5673 1559 5722 seqq.
1628 5660 1671 5691 "
1697 5659 1856 5716 Joan.
1898 5675 2001 5722 ,ιιι,
2037 5661 2092 5718 5.
2167 5665 2188 5696 ⁶
2215 5663 2273 5720 Et

989 5585 1039 5638 1.
1101 5586 1147 5617 ⁸³
1179 5584 1311 5646 ibid.
1392 5587 1438 5620 ”
1460 5585 1604 5646 Psal.
1633 5603 1750 5650 cm,
1789 5589 1877 5644 15.
1949 5588 1964 5620 ⁵
1994 5587 2151 5649 Joau.
2177 5607 2252 5654 Iv.
2304 5594 2326 5650 -I
2361 5609 2512 5666 seqq.

1004 5655 1216 5711 Coloss.
1256 5671 1314 5722 ιι,
1352 5659 1372 5710 1
1406 5673 1559 5722 seqq.
1628 5660 1671 5691 "
1697 5659 1856 5716 Joan.
1898 5675 2001 5722 ,ιιι,
2037 5661 2092 5718 5.
2167 5665 2188 5696 ⁶
2215 5663 2385 5722 Exod.
2420 5680 2518 5722 xu.
2552 5665 2581 5720 7

2239 5700 2385 5722 la‘UUo
2423 5700 2518 5734 λιι,
2561 5700 2574 5720 Ι
2589 5707 2604 5725 ο

597 5663 763 5716 ubi,
799 5652 882 5706 11.
964 5654 1216 5711 'Culoss.
1256 5671 1314 5722 ιι,
1352 5659 1372 5710 1
1406 5673 1559 5728 seqq.
1628 5660 1671 5691 "
1697 5659 1856 5716 Joan.
1898 5675 2001 5728 ,ιιι,
2037 5661 2092 5718 5.

2287 4465 2424 4536 ipsis
2478 4444 2790 4536 baptismus
2838 4463 3152 4520 oll‘erendus
3199 4474 3256 4521 et
3293 4458 3615 4518 adhibendus
3639 4457 3718 4507 est.
3747 4444 3784 4492 ιιι

2283 4557 2756 4628 propugnaculum
2803 4558 3078 4626 quoddam
3131 4565 3188 4614 et
3232 4551 3588 4628 praemunitio,
3622 4543 3784 4616 ρτοβίθτ

2283 4647 2620 4718 i“‘PTOVisos
2651 4662 2717 4704 ac
2767 4647 3086 4718 repentinos
3139 4663 3346 4704 casus:
3383 4645 3570 4716 quibus
3613 4634 3788 4736 ρετξξιιρε

2292 4762 2360 4802 ne
2390 4761 2684 4803 occurrere
2723 4747 2942 4816 quidem
2971 4761 3032 4802 ac
3057 4747 3261 4800 mederi
3291 4743 3568 4814 quisquam
3595 4731 3742 4802 0055'“

2357 4839 2492 4895 Ibid.
2542 4838 2604 4896 C.
2655 4839 2722 4894 At
2768 4839 2925 4903 dices,
2963 4837 3206 4894 Christus
3249 4835 3506 4890 tricesimo
3544 4837 3678 4882 anno,
3713 4819 3786 4866 θισ·

2287 4932 2423 4988 mud
2453 4948 2670 5003 quoque
2701 4931 2920 5004 objicis.
2957 4932 3102 5004 quod
3135 4931 3392 4986 Christus
3417 4923 3667 5020 tricesitiio

2291 5027 2596 5096 baptizatus
2636 5034 2716 5080 est
2759 5003 2781 5080 :7
2809 5003 3130 5095 idqueicum
3167 5024 3312 5078 Dens
3343 5029 3500 5078 esset,
3527 5007 3734 5070 Pluribus
3749 5003 3790 5047 π

2289 5118 2522 5175 diversis
2551 5117 2730 5174 modis
2773 5126 3166 5188 argumentum
3222 5121 3329 5174 lioc
3355 5115 3518 5168 diluo.
3551 5097 3789 5218 il'rilllul“;

2289 5226 2545 5281 Persium,
2578 5211 2708 5280 tluia
2745 5211 2836 5266 ille
2881 5211 3025 5265 Deus
3053 5219 3194 5272 erat.
3229 5220 3283 5260 ιιι
3343 5213 3518 5262 autem
3563 5191 3792 5301 "mtiliti

2289 5303 2517 5372 proinde
2555 5303 2640 5356 ille
2669 5303 2992 5374 purgatione
3011 5318 3118 5357 non
3139 5299 3447 5371 indigebat:
3481 5300 3646 5346 verum
3675 5283 3785 5382 [tt-0i”:

2291 5403 2448 5449 terte
2480 5373 2798 5464 baptizatus
2819 5403 2922 5461 est,
2955 5393 3414 5465 quemadmodum
3449 5395 3498 5440 et
3525 5373 3787 5436 incarnatus:

2629 5595 2650 5630 ³
2685 5596 2792 5652 lsa.
2827 5611 2997 5665 xxxii,
3031 5593 3125 5652 20.
3195 5591 3216 5624 ³
3248 5587 3367 5647 loci
3393 5602 3472 5651 ιιι.
3509 5579 3587 5638 18.
3649 5561 3786 5619 ’σθ’
