3958 6204
200 221 225 284 1
251 220 362 283 377

1190 211 1515 272 NICETAS
1560 209 1640 268 IN
1683 204 1906 268 ()RAT.
1946 202 2049 262 XL
2090 200 2152 262 S.
2193 199 2430 260 GREG.

3348 199 3482 264 1278

197 351 268 394 tu
304 355 441 392 vero
475 350 798 406 magnopere
827 351 890 390 ea
916 349 1054 406 opus
1086 333 1279 388 habes.
1319 331 1518 386 Deinde
1554 346 1580 384 a
1612 344 1802 401 pcrso-
1835 333 1878 386 Α
1909 335 2034 380 ante
2080 324 2300 380 unicum
2333 323 2610 397 passionis
2641 321 2782 378 diem
2835 320 3090 376 Christus
3131 320 3336 376 Pascha
3371 331 3484 376 tra-

196 447 425 485 nat-um
461 427 912 484 circumstantiis.
947 425 1155 480 litenim
1184 439 1247 476 ex
1281 422 1536 491 baptismi
1573 436 1722 474 mora
1747 428 1803 473 et

197 525 491 577 dilatione
537 522 671 576 nihil
706 519 929 589 periculi
968 527 1104 583 eral,
1149 518 1295 588 quod
1329 517 1376 569 ei
1432 516 1798 584 suspicionem

198 618 423 672 afferre
449 625 653 686 posset.
690 613 924 670 Utcnim
967 609 1107 679 quod
1150 610 1342 673 voluit,
1369 617 1530 661 natus
1561 614 1643 659 est
1677 624 1691 658 :
1727 606 1800 658 ita

198 709 419 762 mortis
471 721 690 776 quoque
731 722 854 760 cum
908 705 1008 774 ipsi
1069 703 1365 766 videretur,
1411 703 1697 756 arbitrium
1748 708 1801 754 et

197 807 546 867 potestatem
601 798 855 860 habebat,
895 796 1283 864 cruciatusque
1330 804 1383 848 et
1422 794 1706 860 supplicia,
1743 792 1798 846 in

199 893 368 961 quod
401 901 616 959 tempus
649 889 828 954 libuit,
879 889 1196 942 reservait.
1231 893 1299 940 At
1335 889 1430 942 tibi
1466 888 1800 956 periclitatur

201 987 428 1047 anima,
452 986 496 1041 si
531 999 561 1038 e
593 985 730 1038 vivis
764 984 1086 1047 excesseris,
1128 981 1468 1051 corruptioni
1511 981 1610 1035 soli
1645 980 1797 1049 geni-

201 1087 330 1142 tus,
381 1079 485 1132 hoc
526 1087 631 1139 est,
688 1079 956 1148 natiiitati
1011 1077 1294 1131 aﬂ‘ectibns
1339 1075 1609 1137 obnoxia},
1668 1083 1720 1126 et
1764 1088 1794 1125 a

201 1172 573 1236 corruptione
602 1177 782 1224 ortum
819 1170 1065 1233 habenti,
1119 1185 1183 1223 ac
1211 1185 1317 1222 non
1348 1183 1441 1237 per
1465 1167 1795 1235 baptismum

203 1262 686 1330 incorruptionem
741 1261 1006 1322 indueris,
1051 1261 1154 1316 hoc
1200 1271 1303 1324 est,
1351 1259 1795 1329 tranquillitatem

204 1363 389 1421 atque
418 1353 816 1408 immunitatem
859 1370 887 1407 a
950 1353 1480 1423 perturbationibus,
1522 1353 1797 1420 animique

203 1446 532 1513 puritatem.
581 1446 914 1501 ltissolvetur
959 1462 1178 1514 quoque
1205 1445 1442 1515 objectio
1485 1454 1572 1498 tua
1600 1460 1628 1498 a
1659 1454 1796 1497 tem-

205 1553 372 1605 pore.
400 1536 620 1590 Christo
642 1537 787 1591 enim
834 1547 888 1591 tu
921 1538 1182 1606 baptizari
1211 1552 1435 1592 necesse
1487 1546 1624 1600 erat,
1669 1552 1793 1591 cum

207 1629 534 1696 baptizatus
561 1638 666 1694 est,
700 1629 768 1681 ob
801 1644 894 1682 cas
947 1644 1166 1691 causas,
1201 1644 1338 1698 quas
1369 1635 1689 1682 recensebo.
1731 1629 1796 1680 At
1832 1669 1866 1722 Β

205 1732 292 1782 tu,
334 1734 501 1788 quam
541 1719 844 1788 speciosam
874 1719 1154 1774 dilationis
1199 1735 1422 1773 causam
1453 1721 1787 1788 praetendas,

206 1811 426 1864 nullam
490 1811 658 1865 habes
709 1811 964 1866 Christus
1016 1811 1158 1864 enim
1217 1811 1420 1879 duplici
1501 1811 1568 1866 de
1625 1825 1790 1865 causa

207 1918 566 1970 nequaquam
632 1901 784 1970 prius
849 1901 1129 1966 inclaruit,
1186 1910 1349 1970 atque
1412 1901 1465 1954 in
1509 1900 1790 1954 hominum

207 1997 393 2050 lucem
429 1996 649 2062 prodiit,
676 2011 800 2048 cum
850 1996 1188 2050 tricesimum
1219 2011 1423 2049 annum
1463 1995 1732 2064 attigisset
1776 2012 1790 2049 :

207 2089 408 2151 altera,
472 2103 537 2140 ne
591 2087 972 2142 ostentationis
1033 2091 1268 2154 speciem
1320 2088 1582 2156 praeberet
1643 2088 1789 2157 (nam

208 2181 604 2235 ostentationis
638 2181 830 2234 vitium
881 2181 1188 2249 ineptorum
1225 2191 1308 2235 est
1346 2182 1652 2243 hominum,
1689 2179 1793 2232 hoc

208 2283 322 2336 est,
357 2273 800 2337 ambitiosorum,
837 2283 1001 2342 atque
1051 2271 1351 2326 honestatis
1385 2282 1436 2326 et
1467 2272 1791 2327 humilitatis

209 2366 547 2436 expertium,
583 2376 678 2420 aut
725 2381 915 2420 eorum
958 2365 1048 2434 qui
1085 2365 1375 2420 immodice
1408 2365 1511 2420 sibi
1551 2365 1788 2435 placent,

211 2459 405 2526 quales
450 2458 562 2512 fere
595 2467 744 2521 Stmt,
788 2459 878 2526 qui
947 2457 1246 2528 iuvenilem
1305 2467 1517 2513 aetatem
1577 2458 1787 2529 agunt).

212 2573 421 2634 Altera,
476 2569 602 2638 quia
656 2570 771 2625 haec
799 2581 953 2634 aetas,
992 2586 1188 2638 nempe
1234 2571 1454 2644 triginta
1496 2585 1788 2634 annorum,

213 2663 478 2717 absolute
508 2663 724 2717 virtutis
771 2661 1034 2715 indicium
1080 2671 1134 2716 ct
1169 2670 1548 2731 argumentum
1601 2662 1786 2720 habet.

213 2767 450 2826 aptaque
487 2767 566 2810 est
597 2758 662 2810 ad
705 2757 1030 2811 docendum.
1076 2755 1174 2810 His
1203 2757 1268 2809 de
1302 2757 1485 2809 causis
1513 2754 1789 2808 tricesimo

213 2848 434 2901 demum
489 2863 634 2902 atauo
684 2849 737 2901 in
799 2847 1078 2915 publicum
1139 2845 1361 2913 prodiit.
1423 2845 1786 2913 Posteaquam

215 2947 394 2992 autem
428 2940 715 2992 imminere
749 2939 912 3004 t-(epit
949 2937 1082 2991 iilud
1116 2949 1346 3004 tempus,
1389 2949 1498 3003 quo
1521 2933 1789 3004 supplicio

215 3038 330 3080 erat
358 3027 702 3089 alllciendus,
739 3027 922 3080 omnia
954 3042 1074 3094 qum
1107 3027 1173 3079 ad
1226 3027 1543 3095 passionem
1577 3035 1790 3094 spccta-
1819 3023 1863 3085 C

219 3123 366 3180 bant,
397 3122 450 3172 in
475 3135 642 3173 unum
681 3121 930 3174 coierunt
973 3133 1026 3175 et
1071 3119 1451 3174 confluxerunt
1489 3135 1598 3174 :ac
1638 3118 1785 3172 velut

217 3225 414 3279 corpus
451 3212 720 3278 quoddam
779 3213 1095 3264 continuum
1145 3211 1348 3264 factum
1391 3219 1489 3263 est.
1527 3209 1595 3263 Ut
1639 3212 1784 3262 enim

218 3299 282 3349 ad
327 3298 611 3352 hominum
644 3299 829 3352 oculos
859 3298 1219 3363 notitiamque
1251 3297 1515 3365 pervenit,
1553 3297 1790 3366 baptiza-

219 3397 305 3441 tus
328 3397 444 3452 est;
469 3405 532 3442 cx
576 3388 847 3454 baptismo
877 3387 1072 3440 deinde
1103 3389 1168 3440 ad
1204 3402 1328 3440 eum
1373 3388 1789 3456 ingensmorta-

221 3491 349 3545 lium
396 3491 691 3544 multitudo
739 3489 1022 3555 confluxit,
1093 3500 1277 3560 atque,
1322 3501 1378 3545 ut
1435 3491 1610 3560 inquit
1650 3492 1786 3546 Mat-

223 3585 389 3638 thzeus
407 3585 450 3647 ⁸.
487 3593 758 3639 commota
814 3593 868 3639 et
922 3585 1068 3638 velut
1117 3593 1349 3638 tremore
1393 3598 1660 3640 concussa
1707 3596 1790 3640 est

223 3679 476 3733 universa
512 3677 726 3740 civitas,
769 3687 1138 3732 concurrente
1196 3676 1452 3730 videlicet
1498 3677 1697 3746 popqu
1725 3692 1790 3733 ac

223 3786 337 3825 sese
366 3779 740 3826 commovente
773 3788 786 3824 :
823 3779 934 3825 tum
963 3782 1185 3838 pr0pter
1237 3769 1604 3824 multitudinis
1655 3786 1788 3824 con-

225 3877 436 3917 cursum
469 3862 728 3917 miracula
772 3871 900 3918 sunt
938 3863 1104 3925 edita,
1148 3870 1208 3914 ut
1274 3860 1342 3916 iis
1385 3872 1625 3930 permota
1662 3877 1787 3931 pro-

225 3957 424 4009 miscua
453 3954 606 4022 plebs
633 3955 698 4006 ad
719 3953 994 4024 Evangelii
1017 3953 1175 4006 tidem
1210 3967 1269 4006 se
1289 3951 1787 4008 conferret.Postea

225 4047 275 4098 in
341 4045 596 4098 invidiam
655 4054 818 4113 atque
875 4044 1057 4098 odium
1125 4043 1415 4106 adductus,
1469 4043 1791 4112 insidiisque

225 4138 488 4206 appetitus
523 4148 574 4191 et
600 4139 868 4206 proditus.
903 4154 966 4192 ac
996 4137 1216 4192 tandem
1253 4138 1403 4192 cruci
1457 4136 1654 4190 afﬁxus
1683 4145 1788 4200 est,

226 4242 378 4298 atque
427 4245 489 4283 ca
555 4230 820 4298 supplicia
879 4231 1119 4296 pertulit,
1160 4230 1364 4299 quibus
1423 4229 1583 4283 nobis
1639 4228 1791 4281 salus

227 4334 367 4390 parta
399 4331 502 4376 est.
541 4321 717 4390 Atque
751 4321 832 4374 ha:
860 4337 1039 4375 causa:
1093 4320 1333 4386 fuerunt,
1385 4336 1484 4376 cur
1538 4319 1792 4375 Christus

225 4431 287 4469 eo
313 4417 524 4469 demum
562 4423 805 4481 tempore
847 4414 1240 4482 baptizaretur,
1270 4425 1534 4483 quantum
1569 4413 1790 4483 quidem

229 4510 333 4578 ipse
376 4509 688 4578 cognitione
737 4521 1022 4575 assequor.
1064 4503 1182 4558 Tibi
1225 4521 1350 4558 vero
1385 4505 1515 4573 quid
1566 4519 1794 4560 necesse

227 4613 320 4663 est,
345 4613 399 4654 ut
432 4603 546 4654 lucc
581 4600 632 4652 in
679 4599 984 4668 exemplum
1021 4597 1266 4662 trahens,
1299 4597 1440 4650 male
1468 4597 1566 4650 tibi
1593 4612 1792 4651 consu-

230 4692 334 4747 las?
392 4691 841 4762 quandoquidem
889 4700 942 4745 ct
986 4691 1242 4758 pleraque
1297 4688 1401 4741 alia
1453 4688 1505 4742 in
1571 4687 1791 4743 Christo

230 4785 477 4852 reperies,
541 4799 662 4852 quze
715 4799 838 4837 cum
905 4783 1111 4836 nostris
1173 4781 1354 4844 rebus,
1409 4790 1674 4848 quantum
1721 4781 1787 4833 ad

153 4870 159 4878 ’
231 4883 480 4942 tempora,
527 4890 632 4926 non
691 4875 1060 4928 consentiant.
1119 4873 1210 4926 llle
1291 4875 1436 4924 enim
1490 4873 1671 4925 statim
1732 4878 1792 4925 ut

231 4966 522 5034 baptizatus
564 4972 668 5026 est,
726 4966 1045 5034 priusquam
1091 4979 1120 5017 a
1174 4963 1395 5017 diabolo
1461 4970 1789 5024 tentaretur,

230 5057 706 5127 quadragenarium
787 5056 1055 5126 jejunium
1134 5057 1398 5109 adversus
1463 5055 1792 5108 teutatioues

231 5150 457 5201 obtendit
497 5165 510 5201 :
545 5158 716 5202 atnos
749 5159 877 5201 ante
905 5147 1108 5201 Pascha
1135 5147 1468 5215 jejunamus,
1492 5145 1790 5213 jejunium-

231 5241 510 5310 queipsum
552 5241 616 5294 ad
651 5241 848 5294 virium
877 5252 1193 5294 nostrarum
1241 5240 1461 5292 modum
1522 5247 1788 5306 attempe-

232 5349 417 5387 t'ul‘ttlls.
455 5331 566 5384 Hoc
609 5346 769 5401 porro
795 5331 1066 5398 jejunium
1119 5331 1277 5386 nobis
1339 5330 1643 5384 faciendum
1670 5345 1792 5385 esse

233 5423 588 5488 significabat
650 5437 743 5492 per
780 5423 958 5491 ipsum
1001 5437 1124 5476 cum
1185 5423 1408 5477 Christo
1467 5424 1786 5478 moriamur.

231 5518 494 5570 Consi-mli
544 5517 709 5569 etiam
775 5516 986 5570 ratione
1046 5516 1334 5585 discipulis
1397 5528 1514 5584 post
1573 5533 1786 5573 cmnatn

266 5677 301 5704 θ·
344 5675 529 5728 ilaub.
570 5691 685 5734 ut,
727 5674 811 5729 l0.
933 5673 1109 5730 'Joan
1151 5692 1188 5733 I.
1233 5677 1317 5731 ιι.

1904 417 2042 472 didit
2070 434 2084 471 :
2110 427 2164 470 at
2193 433 2290 472 uos
2327 418 2378 470 in
2417 417 2589 471 sacris
2639 414 2894 468 domibus
2933 423 2984 465 et
3031 415 3226 481 jejuni,
3263 424 3316 466 et
3361 423 3484 480 post

1906 510 2137 562 reditum
2172 509 2374 563 Christi
2406 507 2471 562 ad
2507 509 2671 560 vitam
2715 505 2843 559 illud
2882 506 3249 559 celebramus.
3286 503 3361 558 Ita
3391 519 3480 558 res

1902 599 2127 663 Cb'isti,
2148 610 2204 653 ut
2230 601 2446 666 quidem
2479 599 2650 652 forma
2680 608 2842 666 atque
2866 597 3195 664 exemplum,
3227 611 3254 648 a
3281 597 3483 650 nostris

1905 695 2067 747 rebus
2103 710 2210 747 non
2239 693 2462 746 omnino
2499 693 2742 758 abrupit!)
2777 705 2840 743 ac
2878 689 3152 741 distractae
3174 699 3300 741 sunt
3339 703 3352 740 :
3385 702 3484 739 nec

1903 800 2098 839 rursus
2139 785 2213 838 ita
2270 783 2598 852 conjunctae,
2637 782 2768 849 quin
2827 778 3334 833 dissimilitudinem
3383 779 3483 830 ali-

1904 893 2064 944 quam
2091 875 2404 928 admittant.
2437 873 2634 927 Ead-‘m
2665 888 2881 940 quoque
2910 880 2993 924 est
3025 871 3278 938 baptismi
3323 872 3480 933 ratio,

1903 982 2062 1033 quem
2116 965 2378 1018 Dominus
2404 973 2623 1031 propter
2655 978 2753 1015 nos
2785 963 2853 1014 ita
2906 961 3166 1030 suscepit,
3211 971 3267 1013 ut
3299 970 3477 1014 tamen
3519 970 3522 972 '

1900 1057 2160 1125 temporis
2195 1059 2372 1125 spatio
2433 1065 2596 1120 atque
2628 1053 2916 1107 intervallo
2942 1054 3172 1107 diﬂ'erat.
3205 1052 3481 1119 Quamob-

1902 1164 2014 1201 rem
2071 1162 2178 1200 non
2262 1157 2388 1210 est,
2443 1146 2593 1215 quod
2654 1155 2707 1198 tu
2763 1145 2867 1197 hoc
2915 1155 3292 1210 argumentum
3329 1141 3479 1210 quasi

1903 1239 2066 1293 telum
2117 1238 2388 1308 quoddam
2464 1237 2728 1290 adversus
2802 1235 3032 1288 salutem
3101 1245 3247 1287 tuam
3305 1234 3483 1286 intor-

1900 1344 2095 1398 queas:

1970 1418 2086 1473 Col.
2120 1420 2224 1474 402
2265 1419 2326 1472 D.
2370 1417 2552 1483 Quare
2592 1418 2637 1470 si
2684 1414 2812 1486 quid
2846 1433 2924 1469 me
2961 1415 3280 1468 audiendum
3321 1422 3477 1482 puta-

1901 1511 1989 1571 tis,
2021 1521 2125 1565 etc.
2154 1509 2347 1563 Valere
2371 1507 2580 1577 jubete.
2612 1507 2706 1561 Gr.
2741 1508 2955 1574 γαίρειν
2997 1507 3215 1560 ἐάσατε.
3252 1505 3478 1558 Prover-

1902 1604 2060 1658 bialis
2111 1606 2223 1656 lucc
2275 1602 2501 1656 locutio.
2571 1603 2790 1656 Veteres
2833 1603 2978 1654 enim
3031 1615 3126 1654 eos
3171 1615 3310 1667 quos
3351 1600 3478 1653 odio

1904 1691 2407 1761 prosequebantur,
2467 1689 2662 1742 obvios
2718 1689 2981 1742 habentes
3033 1692 3214 1742 valere
3270 1697 3476 1742 tantum

1905 1780 2094 1849 jussos
2126 1779 2494 1848 praéteribant.
2528 1776 2700 1830 Porro
2733 1779 2830 1829 hoc
2864 1779 3088 1831 verlmm
3125 1779 3259 1843 ipsis
3291 1777 3474 1831 fletum

1903 1885 1965 1924 ac
2005 1870 2299 1938 perniciem
2339 1868 2701 1936 signiﬁcabat.
2741 1868 2974 1920 Proin-le
3007 1879 3060 1921 ιιι
3095 1883 3342 1936 quoque,
3400 1869 3482 1920 in-

1901 1960 2020 2027 quit
2049 1957 2383 2027 Thcologus,
2409 1957 2724 2020 huiusmodi
2754 1959 3015 2016 rationes.
3042 1972 3179 2024 quas
3205 1959 3477 2024 pluctcxis,

1903 2053 2081 2106 valere
2116 2051 2341 2119 jubeus,
2394 2050 2460 2103 ad
2514 2050 2851 2119 baptismum
2898 2065 3148 2114 accurre,
3190 2066 3253 2104 ac
3281 2050 3477 2120 duplex

1901 2154 2178 2198 ecrtamcn
2259 2143 2480 2211 suscipe
2537 2160 2550 2196 :
2601 2143 2874 2205 alterum,
2930 2152 2990 2196 ut
3058 2143 3293 2212 teipsum
3356 2153 3481 2196 ante

1905 2235 2233 2301 baptismum
2261 2248 2498 2302 purges:
2535 2233 2787 2295 alterum,
2827 2243 2884 2288 ut
2916 2233 3245 2303 baptismum
3270 2233 3478 2288 tuearis

1900 2335 2067 2393 atque
2094 2339 2408 2380 conserves.
2435 2322 2889 2394 Quandoquidem
2915 2326 3070 2394 juxta
3101 2323 3480 2379 Demosthenis

1899 2418 2248 2476 sententiam.
2298 2417 2618 2485 plerumque
2653 2416 2877 2486 majoris
2913 2417 3118 2485 negotii
3153 2433 3216 2472 ac
3247 2416 3480 2471 difficul-

1903 2510 2032 2563 tatis
2059 2525 2181 2564 esse
2213 2509 2429 2561 videtur
2454 2508 2608 2561 'bona
2647 2523 3002 2574 conservare,
3032 2524 3192 2576 quam
3225 2509 3476 2576 adipisci.

1903 2602 1971 2653 At
2029 2600 2180 2654 dices
2217 2616 2231 2653 ι
2267 2599 2555 2668 Permagni
2609 2599 2811 2669 negotii
2868 2609 2952 2653 est
3019 2600 3166 2655 hunc
3228 2599 3477 2670 baptismi

1899 2691 2218 2743 thesaurum
2257 2689 2416 2742 tueri.
2459 2689 2660 2742 Sedulo
2690 2704 2818 2741 vero
2853 2689 3111 2758 invigila‘,
3147 2688 3312 2744 frater
3332 2699 3478 2756 ,..ut,

1898 2780 2041 2845 quod
2099 2793 2292 2842 amas,
2359 2779 2642 2844 retineas,
2701 2779 2802 2832 hoc
2861 2789 2982 2844 est,
3043 2789 3104 2834 ut
3170 2790 3477 2849 perceptam

1900 2870 2156 2939 baptismi
2195 2871 2426 2938 gratiam
2458 2869 2754 2924 custodias.
2786 2869 2990 2924 Praesto
3022 2877 3150 2924 sunt
3185 2869 3278 2924 tibi
3320 2869 3480 2926 ausi-

1899 2962 2065 3015 liares
2100 2962 2292 3030 cepite,
2342 2960 2386 3014 si
2421 2960 2686 3021 volucris,
2736 2960 2996 3014 nimirum
3039 2961 3217 3014 oratio
3261 2970 3483 3014 noctur-

1899 3071 1998 3107 nas
2028 3053 2291 3107 excubias
2321 3067 2510 3121 agens,
2540 3051 2718 3106 iucd‘a
2752 3050 3039 3106 familiaris
3063 3066 3128 3106 ac
3155 3051 3476 3115 domestica,

1895 3144 2196 3211 psahnodia
2249 3144 2496 3196 animum
2547 3142 2835 3195 oblectans
2889 3151 3056 3210 atque
3101 3143 3476 3211 permulcens.

1897 3233 2006 3286 llas
2037 3233 2216 3286 socias
2248 3231 2345 3284 tibi
2389 3233 2599 3285 ascisce
2631 3248 2644 3283 :
2677 3232 2759 3283 hae
2791 3231 2856 3284 ad
2895 3245 3076 3284 rerum
3114 3231 3475 3285 charissima-
3511 3221 3519 3229 ’

1897 3339 2016 3375 rum
2050 3322 2354 3374 custodiam
2390 3321 2552 3374 simul
2581 3327 2921 3384 pcruoctent.
2963 3320 3228 3374 Praeclara
3261 3336 3480 3390 quoque

1897 3413 2060 3467 fuerit
2093 3413 2327 3481 largitio,
2359 3423 2409 3464 et
2443 3427 2563 3480 quae
2594 3426 2716 3465 eam
2744 3411 3017 3480 praocedit,
3058 3411 3432 3466 misericordia
3461 3428 3476 3465 :

1896 3521 2019 3574 qua:
2052 3504 2220 3558 animi
2275 3502 2490 3558 aﬂr-ctio
2527 3511 2634 3567 est,
2679 3518 2740 3556 ac
2795 3503 2942 3556 nuda
2985 3512 3040 3556 ct
3072 3503 3300 3570 simplex
3345 3518 3474 3557 con-

1896 3596 2255 3652 dolescentia.
2301 3595 2511 3648 Etenim
2566 3595 2812 3650 studium
2851 3595 2918 3649 de
2952 3595 3286 3663 pauperibus
3340 3597 3476 3647 bene

1896 3686 2139 3742 merendi
2193 3694 2489 3755 utrumque
2539 3686 2644 3740 hoc
2693 3685 2788 3738 tibi
2845 3684 3142 3754 praestabit,
3191 3693 3250 3738 ut
3301 3694 3355 3738 et
3411 3683 3478 3738 de

1897 3779 2029 3841 Deo,
2064 3777 2155 3848 qui
2186 3786 2237 3832 te
2275 3793 2366 3846 per
2416 3776 2756 3846 baptismum
2793 3775 3059 3830 beneficio
3099 3775 3300 3840 affecit,
3333 3791 3474 3845 prae-

1898 3871 2049 3925 clare
2085 3871 2347 3932 merearis
2379 3886 2392 3923 :
2425 3877 2479 3923 ct
2519 3876 2674 3924 tutus
2707 3869 2802 3922 tibi
2833 3869 2904 3922 sit
2941 3869 3266 3938 baptismus.
3297 3868 3476 3923 Habes

1896 3962 2064 4015 multa
2113 3960 2410 4030 Scriptura:
2465 3958 2803 4020 testimonia,
2857 3973 2976 4023 quae
3019 3967 3070 4011 te
3119 3959 3477 4028 eleetnosyutn

1897 4052 2287 4116 submoneant,
2341 4060 2509 4119 atque
2563 4049 2630 4103 ad
2677 4063 2797 4103 eam
2847 4060 2899 4102 te
2947 4049 3208 4102 excitent.
3261 4047 3476 4114 Pauper

1896 4142 2149 4202 accessit,
2189 4139 2391 4194 Lazaro
2424 4138 2645 4202 similis,
2679 4145 2957 4207 quatenus
2987 4137 3203 4191 scilicet
3227 4136 3296 4192 ad
3330 4136 3475 4194 fores

1901 4243 2023 4287 tuas
2081 4232 2406 4302 provolutus
2459 4239 2583 4292 est,
2655 4239 2820 4298 atque
2875 4229 2928 4282 in
2985 4229 3176 4283 eadem
3235 4238 3477 4298 egestate

1901 4315 2206 4394 iisdemque
2231 4323 2620 4378 afﬂictionibus
2654 4321 3172 4391 calamitatibusque
3196 4319 3476 4376 versatur?

1897 4417 1951 4471 In
1999 4426 2236 4471 mentem
2290 4415 2386 4468 tibi
2421 4414 2628 4474 veniat,
2677 4417 2822 4483 quod
2861 4413 2977 4482 ipse
3026 4427 3246 4482 quoque
3281 4426 3472 4481 magna

1896 4510 2113 4563 virtutis
2170 4508 2356 4577 inopia
2420 4516 2548 4560 ante
2604 4504 2938 4575 baptismum
2997 4504 3255 4557 laborasti
3301 4510 3477 4569 :post

1897 4601 2230 4671 baptismum
2283 4608 2466 4654 autem
2515 4598 2579 4652 ad
2639 4595 3014 4666 amplissimas
3063 4609 3196 4663 opes
3245 4602 3470 4646 evectus

1890 4708 1972 4757 es,
2021 4693 2282 4746 nimirum
2318 4691 2383 4744 ad
2427 4688 2832 4760 purgationem,
2884 4685 3236 4754 adoptionem
3293 4683 3471 4738 cmlo-

1890 4801 2010 4839 rum
2049 4800 2299 4854 regnum,
2349 4783 2691 4836 divinitatem
2725 4780 2899 4848 ipsam
2933 4796 2948 4832 :
2981 4777 3108 4830 item
3154 4775 3298 4845 quod
3354 4789 3475 4828 cor-

1893 4892 2023 4947 pore
2083 4891 2147 4930 ac
2207 4875 2476 4943 sanguine
2525 4871 2730 4927 Christi
2794 4869 3036 4923 nutritus
3092 4881 3193 4931 es,
3255 4880 3319 4918 ac
3379 4880 3475 4933 per

1891 4968 2263 5024 Christianmn
2319 4965 2634 5036 huiusmodi
2686 4962 3020 5019 sacrificium
3072 4957 3466 5026 perfectionem

1893 5059 2128 5128 adeptus
2161 5073 2243 5112 es.
2289 5055 2602 5124 Peregrinis
2635 5054 2910 5124 quispiam
2965 5067 3024 5107 se
3077 5049 3296 5113 obtulit,
3329 5057 3472 5102 tecto

1893 5167 2123 5215 carens,
2180 5151 2431 5205 advena?
2492 5149 2596 5204 Per
2654 5147 2926 5216 hospitem
2989 5153 3044 5198 et
3091 5143 3473 5214 peregrinum,

1887 5242 2172 5297 Chrismm
2225 5243 2468 5310 suscipe,
2508 5243 2601 5309 qni
2637 5240 2783 5293 velut
2819 5249 3082 5292 externus
3128 5252 3193 5290 ac
3228 5233 3472 5304 peregri-

1888 5348 1994 5386 nus
2031 5333 2084 5386 in
2139 5332 2401 5387 mundum
2432 5332 2602 5386 venit.
2635 5331 2722 5385 Ait
2765 5329 2917 5384 enim
2985 5327 3324 5398 evangelista
3359 5342 3374 5379 :
3409 5322 3476 5378 In

1887 5427 2106 5494 propria
2143 5425 2304 5488 venit,
2336 5434 2385 5478 et
2419 5427 2506 5478 sui
2545 5441 2663 5478 eum
2695 5439 2797 5477 non
2831 5430 3131 5490 receperunt
3159 5420 3197 5474 ⁷.
3235 5417 3464 5488 Propria

1889 5531 2069 5573 auten
2106 5519 2303 5589 ipsius,
2351 5534 2591 5588 pt'msetts
2639 5518 2726 5572 hic
2759 5514 2998 5570 mundus
3041 5523 3146 5582 cst,
3182 5520 3372 5584 utpote
3403 5508 3484 5568 ais

2146 5697 2173 5734 Δ
