3958 6204
611 269 746 336 1ἓῗ9

2034 276 2423 337 ΑΒΟΕΝΒΛ.

3703 290 3781 353 12a

605 401 670 437 en
718 392 958 441 creatus.
1013 386 1114 440 Per
1165 385 1328 439 domo
1386 390 1688 445 carentem,
1749 394 1872 435 eum
1931 380 2019 447 qui
2085 376 2255 446 perA
2285 382 2561 439 lalt'Ot‘ltlll
2598 388 2816 458 quidem
2863 391 3282 447 remissionem
3329 394 3576 464 baptismi
3613 398 3784 456 beatam

611 477 936 545 baptismum
994 479 1046 530 in
1098 487 1148 531 te
1203 476 1586 546 counnigravit
1649 482 1813 545 atque
1871 471 2177 534 habitavit,

608 570 756 623 velut
803 570 1060 637 templum
1105 568 1197 623 Dci
1259 570 1508 624 eﬂ‘ectum
1553 568 1851 639 (Templum
1884 567 2023 621 enim
2061 563 2176 626 Dei,

609 660 807 727 inquit,
840 662 966 713 estis
993 661 1059 731 ⁸).
1111 660 1214 715 Per
1242 662 1507 716 advenam
1552 676 1769 725 rursus,
1824 675 1949 713 eum
1985 659 2076 726 qui
2111 657 2179 710 ab

607 753 771 819 hujus
801 753 922 807 vitae
954 753 1394 822 peregrinatione
1423 764 1476 808 et
1509 755 1747 807 incolatu
1791 753 1856 807 ad
1883 765 2174 819 supernam

608 847 999 901 habitationem
1033 857 1083 901 te
1118 849 1405 915 pertraxit.
1438 846 1572 902 Cum
1598 847 1767 908 enim.
1796 845 1994 912 inquit,
2025 843 2178 897 exal-

605 949 749 991 tatus
787 938 959 1006 fuero,
995 957 1170 993 omnes
1203 942 1411 995 traham
1448 940 1516 994 ad
1546 940 1859 1009 mripsum’.
1897 937 2176 1006 thuem-

604 1028 897 1082 admodum
940 1028 1222 1094 Zarlneus,
1259 1043 1613 1101 posteaquam
1655 1031 1934 1084 Christum
1984 1030 2037 1082 in
2076 1029 2181 1082 do-

605 1136 754 1174 mum
792 1137 947 1176 suam
996 1123 1231 1192 excepit,
1263 1124 1543 1178 dimidiam
1578 1124 1799 1193 quidem
1849 1120 2172 1175 facultatum

605 1228 833 1267 suarum
899 1225 1109 1284 partem
1171 1216 1505 1286 pauperibus
1556 1216 1843 1286 erogavit,
1908 1212 2175 1281 reliquam

604 1315 785 1358 autem
821 1308 1065 1371 retinnit,
1094 1323 1198 1361 non
1232 1320 1288 1360 ut
1318 1310 1432 1377 ipse
1469 1309 1534 1362 iis
1570 1308 1864 1370 frueretur,
1895 1305 1987 1359 sed
2025 1314 2081 1357 ut
2114 1320 2177 1358 ea

603 1399 897 1471 quadrupli
935 1399 1142 1457 fuanore
1176 1403 1507 1464 restitueret,
1540 1418 1661 1470 quae
1693 1401 1913 1470 injustis
1947 1399 2177 1453 rationi-

606 1491 709 1546 bus
746 1500 800 1546 et
840 1493 1029 1546 fraude
1063 1508 1127 1546 ac
1161 1508 1254 1560 per
1291 1494 1618 1547 calumniam
1648 1492 1940 1563 collegerat
1965 1495 2007 1526 '°
2042 1511 2057 1547 :
2100 1495 2179 1547 sic

606 1592 663 1636 tu
698 1598 914 1659 quoque
951 1584 1331 1653 magnanimus
1366 1595 1507 1647 esto,
1541 1584 1647 1640 hoc
1679 1594 1783 1647 est,
1821 1586 2176 1653 pecuniarum

607 1683 983 1745 contemptor,
1032 1690 1094 1729 ac
1140 1692 1305 1746 supra
1367 1692 1452 1731 res
1503 1685 1747 1732 terrenas
1797 1691 2060 1748 assurge,
2121 1683 2178 1727 ut

607 1783 840 1837 magnus
897 1769 1199 1823 secundum
1253 1769 1594 1840 spiritualem
1654 1779 1890 1833 aetatem,
1944 1784 2066 1839 quae
2122 1768 2176 1822 in

604 1861 824 1914 virtutis
856 1860 1194 1915 incremento
1230 1862 1333 1916 sita
1368 1869 1475 1925 est,
1504 1876 1790 1931 appareas,
1823 1870 1985 1926 atque
2015 1860 2176 1915 Chri-

605 1953 784 2008 5tiana
827 1954 1161 2009 theoremata
1189 1955 1347 2024 plene
1369 1964 1420 2008 et
1444 1962 1632 2010 exat-te
1665 1954 1956 2025 intelligas.
1992 1952 2179 2008 Saucii

606 2053 661 2099 et
715 2048 843 2116 aegri
891 2057 942 2102 te
999 2049 1257 2103 misereat
1297 2064 1313 2104 :
1360 2049 1803 2118 quandoquidem
1858 2058 1911 2104 te
1961 2063 2180 2117 quoque

608 2138 860 2195 Christus
914 2139 1295 2208 spiritualibus
1342 2140 1660 2195 vulneribus
1709 2156 1802 2208 per
1844 2139 2177 2207 baptismum

606 2230 879 2286 liberavit.
908 2230 969 2286 Si
993 2232 1183 2287 uideris
1207 2232 1428 2295 nudum,
1451 2244 1683 2304 conlega,
1713 2235 2177 2303 quemadmodum

605 2323 779 2379 lsaias
820 2325 1071 2379 hortatur
1097 2326 1161 2391 ¹¹,
1197 2336 1257 2379 ιιι
1302 2326 1682 2380 indumentum
1721 2336 1900 2393 tuum,
1935 2328 2041 2382 hoc
2068 2335 2176 2390 est,

605 2416 912 2481 Christum,
965 2432 1127 2485 quem
1181 2434 1275 2487 per
1328 2419 1660 2489 baptismum
1715 2421 1921 2484 induis,
1974 2421 2181 2477 honore

607 2505 835 2559 allii-ias.
898 2506 954 2559 Si
998 2507 1043 2561 is
1077 2506 1169 2575 qui
1220 2507 1314 2559 tibi
1372 2508 1557 2561 debito
1606 2508 1903 2562 obstrictus
1953 2519 2055 2571 est.
2112 2511 2178 2564 ad

609 2598 773 2663 pedes
802 2609 923 2651 tuos
948 2613 1008 2652 se
1040 2597 1345 2667 provolvat,
1380 2597 1547 2654 Isaias
1587 2601 1805 2669 quidem
1840 2601 2005 2655 debiti
2039 2618 2181 2656 con-

611 2688 963 2743 donationem
994 2691 1232 2746 suadens
1261 2694 1335 2746 ait
1367 2711 1380 2748 :
1417 2693 1638 2747 Omnem
1671 2694 1923 2762 injustam
1954 2713 2181 2767 syngra-

608 2778 766 2841 pham
800 2797 1047 2849 concerpe
1077 2785 1157 2848 ";
1188 2798 1288 2853 ego
1325 2793 1507 2838 autent
1540 2785 1857 2855 adjungam.
1893 2800 1949 2840 ut
1975 2790 2179 2857 justam

608 2885 829 2939 quoque
864 2875 1197 2930 conscindas
1231 2893 1245 2929 :
1285 2877 1544 2944 quoniam
1598 2887 1653 2931 et
1699 2877 1953 2932 Ctnistns
1997 2880 2183 2935 chiro-

608 2962 876 3030 graphum
941 2973 1090 3017 tuum
1137 2965 1298 3033 fregit
1343 2976 1507 3035 atque
1553 2966 1813 3022 laceravit
1855 2980 2015 3039 teque
2073 2985 2181 3026 mre

2213 1727 2249 1779 Β

2284 489 2613 535 consecutus
2636 491 2719 537 est
2754 500 2768 537 :
2805 498 2998 538 verum
3038 485 3385 540 retentionis
3412 486 3571 549 illius,
3602 506 3685 556 qua
3704 491 3783 543 biiliu

2282 583 2438 642 rapto
2484 573 2704 640 fruitur,
2755 592 2863 630 non
2917 578 3088 632 item.
3154 575 3381 631 Etenim
3430 577 3657 647 injuriam
3693 584 3786 637 ittlrrl

2280 667 2446 720 etiam
2474 680 2592 736 post
2618 670 2976 740 baptismum,
3012 682 3310 740 quatenus
3340 672 3515 726 aliena
3543 673 3660 726 bona
3679 678 3786 730 adhuc

2281 762 2498 828 retinet.
2534 760 2846 831 Baptismus
2882 765 3038 818 enim
3099 764 3484 833 praecedentia
3525 779 3705 834 peccata
3733 770 3787 821 de-

2282 853 2375 915 let,
2428 870 2535 908 non
2588 871 2648 909 ea
2703 872 2824 926 qua:
2878 868 3078 926 postea
3132 838 3462 925 patrantur.
3511 855 3707 910 Proinde
3737 863 3788 925 qui

2281 945 2457 1000 aliena
2505 950 2704 1017 rapuit,
2760 965 2825 1006 ac
2856 950 3066 1004 deinde
3116 949 3469 1020 baptizatur.
3506 950 3700 1017 ideoque
3730 954 3786 1004 sibi

2283 1053 2480 1092 noxam
2513 1040 2796 1096 remissam
2824 1057 2946 1097 esse
2981 1042 3310 1107 existimat,
3346 1059 3408 1097 se
3458 1044 3620 1112 ipsum
3643 1044 3786 1112 ἀρρῑῖρίι.

2280 1139 2334 1183 et
2363 1132 2634 1201 baptismo
2667 1133 2849 1189 fucum
2894 1135 3053 1189 facit.
3096 1136 3277 1203 Atqui
3317 1150 3511 1204 purum
3558 1149 3662 1188 esse
3684 1148 3786 1202 oper-

2284 1231 2377 1285 tct,
2409 1237 2514 1276 non
2548 1232 2757 1278 tantum
2793 1224 2963 1278 videri
2996 1235 3181 1295 atque
3205 1223 3533 1279 existimari.
3555 1224 3787 1293 Quanquam

2279 1316 2424 1369 enim
2463 1316 2586 1372 talis
2636 1316 2906 1379 videatur,
2940 1317 3083 1386 quia
3139 1331 3210 1370 ex
3265 1327 3423 1386 parte
3470 1326 3698 1386 purgatus
3733 1320 3787 1379 sit.

2282 1407 2506 1460 minime
2543 1416 2719 1461 tamen
2754 1418 2856 1473 est,
2904 1418 3150 1477 propter
3184 1408 3263 1473 id,
3302 1409 3447 1478 quod
3483 1409 3533 1462 in
3563 1424 3619 1462 eo
3642 1409 3789 1461 deside-

2282 1506 2455 1550 ratur.
2491 1496 2677 1566 Neque
2700 1497 2842 1550 enim
2881 1496 3055 1552 infixa
3092 1508 3152 1551 et
3180 1499 3457 1568 impressa
3507 1508 3582 1552 est
3611 1499 3789 1567 baptismi

2284 1591 2559 1658 purgatio,
2613 1591 2715 1645 hoc
2759 1599 2866 1654 est,
2922 1605 3298 1659 nequaquam
3345 1590 3626 1644 inustiunis
3673 1592 3788 1644 instar

2280 1685 2387 1738 alte
2422 1693 2668 1753 grassata
2702 1693 2787 1740 est
2820 1703 2835 1740 :
2876 1685 2969 1739 sed
3010 1684 3227 1739 leviter
3276 1693 3488 1738 tantum
3520 1684 3648 1737 illata
3674 1693 3710 1737 et
3735 1699 3787 1736 cc.

2283 1779 2474 1831 lorata.
2518 1776 2651 1844 Qua:
2707 1793 2796 1832 res
2847 1777 3131 1831 duntaxat
3185 1776 3324 1846 tegit
3372 1786 3531 1844 atque
3575 1778 3784 1829 occultat:

2280 1869 2422 1938 quod
2449 1878 2629 1924 autem
2659 1870 2991 1933 occultatur,
3017 1878 3237 1924 manet.
3270 1867 3429 1934 Quod
3459 1882 3574 1920 vero
3594 1867 3785 1919 contectio

2281 1960 2578 2030 penetralia
2615 1960 2728 2029 ipsa
2766 1974 2873 2013 non
2912 1968 3144 2028 purget,
3193 1957 3364 2012 David
3414 1955 3689 2011 testimonio
3721 1967 3782 2005 suo

2281 2049 2609 2116 c0ulirmat,
2666 2060 2777 2104 tres
2836 2050 3066 2105 ordines
3122 2049 3425 2104 inducens.
3482 2046 3645 2098 Primo
3691 2044 3780 2094 enim

2282 2158 2347 2198 ac
2393 2143 2672 2212 praecipuo
2724 2143 2846 2196 loco
2882 2142 3082 2196 beatos
3125 2156 3232 2196 eos
3279 2139 3590 2208 proclamat,
3619 2150 3778 2203 quorum

2284 2237 2602 2307 iniquitates
2656 2234 2904 2289 remissae
2931 2244 3070 2289 sunt
3093 2235 3179 2301 υς
3229 2233 3476 2287 secundo
3517 2245 3619 2290 eos,
3643 2227 3710 2296 qui
3741 2240 3778 2277 et

2280 2337 2436 2400 parte
2465 2328 2679 2399 purgati
2719 2337 2873 2392 sunt,
2928 2342 3177 2397 quorum
3220 2333 3362 2380 tecta
3392 2336 3593 2392 quoque
3630 2326 3773 2388 peccati

2279 2437 2403 2477 esse
2429 2422 2562 2476 dicit
2585 2421 2651 2485 “’,
2715 2429 2901 2489 utpote
2949 2419 3043 2485 qui
3111 2417 3363 2472 nondum
3414 2416 3465 2468 in
3515 2407 3776 2482 penitissima

2282 2512 2450 2567 animi
2500 2511 2725 2566 latebris
2775 2520 2940 2580 atque
2993 2509 3325 2564 recessibus
3377 2503 3567 2573 evpiati
3611 2502 3709 2555 sint.
3739 2496 3770 2547 la

2283 2605 2447 2660 tertio
2473 2604 2692 2659 demum
2720 2603 2918 2656 ordine
2947 2601 3073 2656 illos
3100 2599 3398 2655 constituit
3424 2596 3488 2657 ¹⁶.
3507 2593 3607 2662 ιιιιί,
3630 2588 3772 2643 tamen

2282 2696 2477 2751 vitiose
2535 2694 2738 2764 aliquid
2803 2692 3053 2759 fecerint,
3111 2691 3191 2746 ita
3246 2699 3424 2744 tamen
3479 2684 3698 2742 fecerunt,
3737 2686 3770 2727 tl

2283 2789 2533 2841 voluntas
2552 2802 2740 2841 eorum
2770 2784 3051 2853 animique
3082 2780 3365 2838 sententia
3396 2774 3609 2833 crimine
3634 2776 3766 2825 careat.

2281 2879 2431 2948 quia,
2475 2878 2557 2931 vel
2602 2876 3002 2946 imprudentes,
3052 2874 3144 2929 vel
3181 2871 3361 2937 inviti,
3396 2869 3473 2923 vel
3504 2867 3624 2922 bona
3655 2862 3764 2951 inte-tt.

2283 2947 2434 3020 tione
2486 2974 2541 3022 et
2598 2965 2919 3035 proposito,
2984 2963 3040 3018 in
3099 2962 3360 3018 fraudem
3411 2957 3685 3013 inciderunt.
3727 2947 3766 2999 [ι

607 3055 786 3108 alieno
816 3055 1067 3109 liberavit
1091 3057 1154 3112 ¹⁸.
1185 3055 1377 3123 Quare,
1416 3075 1540 3114 cum
1584 3058 1680 3114 tibi
1730 3076 1924 3130 magna
1962 3079 2175 3118 summa
2204 3050 2247 3108 (ἶ
2281 3069 2463 3115 autem
2515 3059 2799 3114 nonnullis
2841 3059 3038 3128 placet,
3083 3058 3449 3113 remittuntur
3477 3048 3658 3119 quiue"i

607 3147 912 3203 condonata
958 3148 1050 3210 sit,
1103 3151 1406 3206 cavendum
1455 3154 1548 3209 tibi
1598 3166 1702 3215 est.
1747 3173 1814 3211 ne
1874 3157 1926 3212 in
1982 3158 2179 3214 minori

609 3240 793 3295 debito
846 3258 1068 3308 gravem
1126 3254 1180 3299 et
1232 3246 1490 3300 acerbum
1544 3260 1851 3303 exactorem
1898 3253 2179 3308 conservis

611 3332 720 3387 tuis
752 3343 805 3389 te
842 3335 1107 3404 praebeas.
1155 3338 1373 3406 Aliani
1409 3339 1656 3395 fuzurum
1714 3351 1818 3407 est,
1855 3355 1915 3398 ut
1965 3360 2025 3399 ea
2058 3361 2180 3413 quae

609 3423 705 3478 tibi
739 3425 966 3497 remissa
993 3435 1146 3489 sunt,
1175 3432 1370 3482 rurSus
1397 3447 1424 3483 a
1463 3442 1510 3485 te
1539 3440 1879 3501 repetantur,
1906 3449 1970 3489 ac
1992 3450 2180 3503 ptenas

604 3516 766 3572 etiam
805 3533 872 3573 eo
912 3520 1133 3574 nomine
1166 3522 1466 3587 persolvas,
1505 3527 1633 3594 quia
1677 3524 2180 3582 courtiitiseratitiiiis

604 3612 914 3678 exemplum
960 3613 1032 3667 ob
1086 3617 1277 3670 oculos
1324 3619 1558 3684 positum
1618 3617 1861 3681 habens,
1917 3619 2177 3673 nimirun

606 3706 702 3760 Dei
730 3720 859 3771 erga
891 3714 943 3759 te
967 3706 1426 3767 miscricordiam.
1460 3708 1589 3762 illud
1627 3710 1825 3762 imitari
1859 3711 2102 3766 noluisti.

673 3796 792 3851 Col.
845 3798 952 3853 405
989 3796 1053 3852 C.
1093 3797 1184 3853 Sic
1237 3808 1287 3852 te
1327 3815 1600 3865 compara,
1638 3811 1693 3854 nt
1746 3801 2021 3856 lavacrum
2076 3819 2181 3857 non

606 3889 764 3943 modo
793 3904 1008 3958 Corpus,
1040 3898 1149 3944 etc.
1186 3888 1257 3942 Da
1305 3904 1554 3959 operam,
1595 3902 1651 3943 ut
1688 3907 1792 3943 non
1844 3908 2045 3962 corpus
2084 3909 2178 3949 so-

608 3980 720 4034 lum
757 3995 899 4049 aqua
944 3989 1358 4049 conspergatur,
1394 3996 1583 4035 verum
1624 3982 1785 4035 etiam
1813 3984 2034 4051 anima;
2078 4000 2183 4043 nec

610 4084 833 4141 peccata
898 4072 1170 4128 duntaxat
1225 4073 1519 4128 abluantur
1553 4089 1616 4128 ac
1660 4084 2034 4146 detergentur,
2091 4093 2183 4132 ve-

607 4180 728 4219 rum
763 4173 1040 4225 clmores,
1082 4165 1184 4219 hoc
1234 4174 1341 4229 est,
1385 4165 1697 4236 hujusmodi
1729 4167 1898 4221 animi
1943 4167 2179 4234 aﬂ'ectio,

605 4271 712 4324 qua
765 4265 987 4325 peccata
1035 4257 1483 4324 committuntur;
1535 4275 1633 4315 nec
1692 4276 1909 4316 omnum
1970 4272 2179 4317 tantum

605 4350 823 4400 eluatur
858 4354 1021 4415 atque
1059 4347 1443 4412 exhauriatur,
1493 4365 1683 4405 verum
1720 4360 1774 4405 et
1808 4352 1931 4408 fons
1965 4353 2082 4423 ipse
2115 4370 2180 4409 ac

607 4438 918 4508 staturigo,
992 4453 1022 4492 a
1073 4455 1180 4509 qua
1235 4455 1455 4495 omnum
1515 4441 1753 4511 proﬂuit.
1819 4445 1952 4498 illud
2012 4447 2177 4500 etiam

607 4531 848 4596 addisce,
899 4538 959 4585 ut
1002 4514 1110 4585 non
1163 4532 1325 4586 modo
1369 4532 1600 4586 honeste
1634 4543 1687 4587 et
1738 4548 1863 4587 cum
1912 4535 2072 4591 laude
2112 4553 2176 4592 ea

604 4640 727 4694 qua:
754 4624 940 4689 babes,
968 4623 1272 4693 possideas,
1299 4639 1483 4678 verum
1508 4640 1571 4678 ea
1596 4625 1854 4693 prteclare
1875 4626 2178 4696 profundas

606 4732 670 4771 ac
717 4717 1021 4787 dispergas.
1066 4715 1223 4781 Quod
1273 4716 1321 4770 si
1372 4730 1437 4771 eo
1486 4717 1683 4772 adduci
1740 4734 1846 4774 non
1894 4731 2067 4790 potes,
2121 4733 2177 4778 ut

609 4808 899 4862 facultates
958 4807 1122 4876 justis
1186 4807 1493 4862 rationibus
1547 4818 1733 4878 partas
1790 4811 1842 4864 in
1906 4828 2174 4881 pauperes

605 4898 878 4963 eﬂ'undas,
909 4897 962 4952 id
996 4898 1211 4960 saltem,
1245 4900 1391 4968 quod
1425 4900 1601 4956 levius
1631 4910 1733 4963 est.
1768 4917 1798 4956 a
1836 4912 1888 4957 te
1922 4905 2181 4972 impetre-

611 5001 721 5054 tur,
753 4999 815 5044 ιιι
856 5005 945 5045 res
974 4990 1246 5046 scelerate
1274 4993 1532 5062 quzesitas
1562 4993 1832 5050 excutias.
1865 4993 2000 5050 Nam
2034 4997 2177 5052 alie-

608 5096 803 5134 norum
838 5081 1107 5136 bonorum
1150 5092 1335 5152 raptor
1365 5083 1570 5153 duplici
1613 5099 1840 5155 peccato
1887 5088 2176 5144 devinctus

608 5181 824 5226 tentetur
853 5189 868 5225 :
903 5174 1098 5240 altero,
1133 5175 1261 5244 quia
1294 5177 1509 5247 rapuit;
1543 5176 1739 5243 altero,
1780 5181 1905 5247 quia
1950 5181 2001 5235 id
2031 5181 2179 5250 quod

610 5265 814 5329 rapuit,
873 5267 1093 5323 retinet.
1156 5266 1466 5333 Quocirca,
1528 5269 1575 5325 si
1620 5272 1763 5340 apud
1813 5271 1992 5341 ipsum
2053 5284 2180 5343 post

605 5355 940 5425 baptismum
997 5369 1202 5423 manet,
1245 5361 1391 5429 quod
1449 5362 1602 5431 prius
1660 5378 1757 5432 per
1808 5364 2055 5433 rapinam
2116 5381 2180 5421 ac

608 5449 959 5505 latrocinium
983 5450 1216 5519 adeptus
1245 5460 1354 5517 est,
1384 5465 1664 5522 peccatum
1719 5455 2067 5513 interciditur
2117 5475 2181 5515 ac

678 5638 700 5671 .
723 5636 745 5694 Ι
770 5636 1004 5727 (Potavi?
1031 5637 1149 5727 .155"
1179 5633 1365 5727 395131..
1401 5652 1500 5704 xn,
1537 5637 1626 5694 52.
1671 5638 1714 5670 ¹⁰
1740 5637 1872 5695 Luc.
1919 5656 2031 5706 xix,
2061 5639 2113 5694 8.
2157 5640 2197 5672 “
2223 5638 2327 5696 lsa.
2359 5655 2511 5708 Lvnt,
2547 5640 2596 5695 7.
2675 5637 2717 5671 "
2748 5633 2878 5692 ibid.
2929 5633 2981 5702 6,
3060 5634 3104 5666 ¹³
3126 5632 3334 5727 Coloss.
3363 5624 3418 5688 lt,
3448 5616 3468 5670 1

608 5712 830 5777 sum.
906 5710 1101 5765 "ibid.
1178 5708 1221 5740 ³⁸
1250 5706 1381 5761 ibid.

2213 4400 2257 4455 D

2281 3163 2402 3210 cata
2448 3167 2544 3222 per
2594 3153 2970 3222 baptismum:
3004 3159 3273 3222 teguntur
3326 3154 3499 3200 autem
3541 3154 3619 3209 per
3654 3128 3760 3203 imi“

2283 3248 2536 3309 tentiam,
2582 3256 2642 3299 ut
2687 3260 2749 3298 ea
2786 3245 2897 3313 jam
2944 3241 3222 3297 Dominus
3258 3254 3368 3295 non
3417 3232 3760 3303 impun-mliue

2283 3341 2336 3394 in
2371 3340 2637 3392 rationem
2676 3345 2849 3391 vocet.

2351 3429 2472 3486 Col.
2520 3428 2623 3483 406
2662 3428 2721 3480 Β.
2767 3426 2908 3492 Quid
2953 3426 3122 3496 igitur
3152 3424 3316 3479 dico?
3347 3431 3397 3475 et
3425 3432 3519 3488 quo
3554 3426 3646 3465 mea
3682 3415 3755 3470 Spl'

2282 3533 2419 3584 ctat.
2466 3531 2574 3577 etc.
2607 3521 2791 3574 Altera
2827 3527 2911 3574 est
2954 3519 3155 3573 mulier
3190 3522 3466 3573 contracta
3489 3519 3537 3562 et
3565 3500 3755 3596 inclinata.

2283 3617 2451 3671 altera
2510 3615 2839 3668 Cltanatnea.
2886 3613 3039 3667 Illius
3088 3610 3235 3679 apud
3286 3606 3613 3660 blattlneum,
3655 3591 3755 3652 lutius

2285 3708 2427 3778 apud
2461 3706 2666 3760 Lucam
2703 3706 2908 3760 mentio
2943 3703 3021 3758 fit.
3070 3702 3388 3771 Theologus
3434 3701 3593 3749 autem
3634 3680 3755 3778 scibas

2283 3771 2350 3855 ad
2406 3815 2554 3861 eum,
2607 3800 2700 3869 qui
2759 3799 3000 3853 nondum
3061 3796 3378 3866 baptizatus
3433 3794 3528 3847 est,
3561 3781 3644 3834 hoc
3680 3771 3751 3821 Ιοσο

2283 3868 2681 3950 accommodat.
2719 3893 3086 3947 Cbansnaeam
3112 3889 3338 3961 quidem
3371 3889 3570 3955 propter
3607 3868 3751 3961 peculi

2282 4003 2400 4043 eam
2433 3987 2681 4040 nominat
2709 3983 2953 4053 (gentilis
2984 3956 3146 4037 enim
3169 3990 3289 4037 erat
3323 3979 3432 4031 haec
3457 3956 3747 4053 Chananatt‘t’l

2283 4096 2314 4136 a
2345 4080 2462 4151 lege
2492 4077 2728 4147 aliena);
2773 4082 3109 4131 contrartam
3163 4084 3367 4134 autem,
3417 4069 3610 4151 propter
3641 4043 3747 4151 scr-lt?

2284 4187 2404 4227 rum
2446 4173 2771 4242 gravitatem
2810 4168 3139 4236 Saturniaque
3188 4162 3423 4218 vincula.
3459 4148 3591 4244 Quoi!
3820 4164 3821 4181 “

2284 4265 2381 4330 ait,
2411 4232 2559 4322 “veri,
2592 4273 2809 4329 tempus
2843 4260 3170 4329 baptismum
3202 4255 3504 4327 praecedens
3529 4232 3741 4330 Sigillliclii

2284 4311 2448 4414 hodie
2501 4369 2632 4409 vero
2672 4311 2826 4416 illud,
2876 4311 3022 4422 qimd
3072 4352 3401 4420 baptismum
3457 4311 3739 4422 st'qu'wrﬂsf

2290 4450 2480 4520 igitur,
2530 4448 2728 4517 inquit.
2773 4462 2865 4514 per
2924 4445 3257 4513 baptismum
3310 4453 3337 4492 a
3382 4430 3576 4488 Christo

2288 4510 2479 4595 fueris.
2515 4554 2581 4592 nc
2609 4510 2809 4590 rursus
2853 4536 2918 4589 ad
2964 4510 3210 4588 terrenas
3243 4525 3543 4597 cupiditates
3575 4510 3738 4605 ρι’(ξευές

2288 4634 2408 4698 bas,
2445 4632 2593 4687 velut
2623 4629 2951 4699 quibusdam
2977 4625 3188 4679 catenis
3214 4621 3455 4677 inﬂexus.
3480 4606 3592 4708 Net"
3614 4591 3738 4723 Isim;

2288 4725 2623 4794 baptismum
2657 4734 2873 4790 quoque
2911 4719 2962 4770 in
2998 4725 3198 4771 terram
3230 4698 3573 4784 procubueris,
3601 4684 3736 4815 ulla:

2668 4812 2677 4815 ’
2761 4811 2774 4815 “
2842 4811 2852 4815 “
3198 4809 3207 4815 -
3295 4804 3305 4815 -
3394 4813 3402 4815 ξ
3424 4812 3435 4815 -
3461 4790 3541 4815 tu:
3573 4802 3583 4813 .

2289 4783 2383 4872 tibi
2433 4815 2544 4885 iam
2603 4812 2708 4867 erit
2761 4811 2890 4865 huic
2945 4804 3309 4863 contractioni
3362 4783 3734 4890 mederi

2290 4863 2383 4872 nu-
2433 4863 2544 4885 ru"
2609 4863 2705 4867 "ﬁ
2765 4863 2790 4865 υ
2873 4863 2884 4864 7
3570 4876 3579 4885 .
3718 4878 3733 4890 ,

2282 4924 2405 4965 Cum
2440 4906 2588 4960 "ulla
2621 4903 2859 4974 supersit
2887 4901 2998 4969 jam
3040 4899 3279 4956 secunda
3314 4863 3733 4997 regem-rami.“

2282 5000 2378 5055 ⁵³⁵
2423 4995 2763 5056 ίλυεεεθιηιθ,
2806 4993 2932 5063 quia
2973 4992 3123 5048 salus
3170 5002 3222 5045 te
3259 4980 3529 5042 defecerat,

2285 5090 2507 5144 modum
2538 5088 2626 5142 illa
2652 5085 2939 5156 sanguinis
2962 5084 3230 5155 proﬂuvio
3260 5078 3516 5134 laborans,

2466 5182 2475 5187 ’
2616 5180 2627 5187 ³
2832 5177 2844 5187 ⁸
3019 5177 3050 5187 ’-
3230 5183 3240 5187 -
3316 5165 3506 5187 πλειὼν
3545 5164 3592 5187 cc
3683 5167 3690 5181 ι

2282 5182 2574 5251 sanguine.
2603 5180 2780 5247 Atque
2831 5177 3147 5246 impuritate
3194 5183 3247 5228 ct
3274 5165 3509 5227 sordibus

2282 5231 2497 5251 "—"VV"
2531 5231 2571 5234 Γ
2607 5231 2638 5232 7'
2692 5231 2706 5247 ¹
2738 5231 2771 5280 ,ί
2835 5231 2838 5232 7
2912 5231 2962 5246 ’⁷
3097 5268 3107 5278 .
3142 5268 3153 5279 .
3623 5231 3728 5285 [ωιυὲ

2282 5273 2386 5327 hoc
2417 5279 2522 5334 est,
2560 5284 2880 5338 sanguinem
2925 5278 2980 5323 ct
3024 5278 3310 5323 exitiosum
3345 5256 3587 5329 peccatum
3612 5309 3726 5343 ΛΜ.

2282 5368 2338 5421 in
2376 5363 2598 5415 modum
2635 5359 2945 5425 emittebas,
2982 5368 3104 5430 post
3134 5354 3446 5427 baptismum
3476 5319 3726 5451 veroalia:

2280 5452 2409 5509 rem
2431 5466 2588 5523 “quin
2611 5451 2945 5522 Purgatione
2976 5416 3295 5510 reﬂoruisti,
3319 5447 3465 5503 atque
3488 5416 3680 5504 inpurus

3482 5614 3518 5669 ι.
3583 5599 3615 5633 ιι
3629 5580 3720 5647 Pal.
