4032 6198
267 241 397 307 1'28]

1267 260 1319 321 Ν
1330 263 1589 325 lCETAS
1630 266 1710 327 ΙΝ
1751 266 1974 330 ΟΗΑΤ.
2017 271 2116 332 XL
2157 274 2221 337 S.
2261 275 2491 343 GREG.

3388 290 3527 356 1‘82

264 362 521 417 fluentum
571 367 803 432 exaruit,
857 379 1218 443 posteaquam
1279 376 1466 433 animo
1507 380 1842 451 baptismum
1870 384 1921 444 A
1950 386 2210 444 vitiorum
2262 394 2519 463 sepulcro
2548 410 2673 452 cum
2713 397 2971 457 triduano
2999 401 3217 458 Christo
3261 418 3292 458 a
3350 417 3528 463 morte

262 453 525 524 tetigisti,
587 458 676 526 qui
732 461 951 529 quidem
1011 462 1216 521 Christi
1272 469 1655 528 vestimentum
1709 483 1837 541 est,

262 551 450 612 utpote
477 545 901 618 iucorruptionis
926 550 1309 611 indumentum
1347 575 1361 612 :
1399 559 1628 616 fimbriae
1656 573 1839 620 autem

256 634 454 703 ipsius,
505 652 647 707 aqua
703 649 759 694 et
803 642 913 698 alia
967 645 1237 716 sytnbola.
1295 647 1430 706 Vide
1464 652 1631 723 igitur
1674 670 1742 710 ne
1784 656 1839 710 in

259 728 486 782 rubrum
524 741 577 783 et
614 743 908 789 cruentum
938 747 1225 807 peccatum
1266 757 1461 797 rursus
1488 745 1700 802 incidas
1732 764 1841 804 :ne

256 832 453 873 rursus
515 824 935 891 apprehendere
1002 829 1207 886 Christi
1262 834 1534 891 fimbriam
1596 854 1837 907 nequeas

252 911 482 983 (quippe
517 930 665 982 cum,
701 928 761 973 ut
783 920 895 989 jam
926 924 1132 979 dictum
1161 936 1264 991 est,
1301 929 1453 984 nulla
1494 932 1566 985 sit
1595 934 1837 990 secunda

253 1009 624 1087 regeneratio)
678 1021 736 1067 ttt
775 1016 1004 1071 salutem
1061 1019 1157 1074 tibi
1193 1031 1335 1088 tuto,
1386 1024 1531 1080 velut
1573 1026 1628 1080 in
1659 1028 1838 1093 bapti-

251 1109 375 1150 smo
415 1098 698 1165 donatam,
742 1104 927 1162 furtim
981 1110 1161 1166 tollas.
1208 1111 1321 1170 Nec
1371 1118 1517 1171 enim
1578 1120 1835 1180 Christus

252 1188 443 1244 libenti
496 1195 682 1249 animo
735 1196 835 1252 fert
890 1202 993 1256 sibi
1036 1219 1064 1256 a
1124 1214 1176 1261 te
1219 1208 1450 1264 salutem
1499 1216 1696 1270 crebro
1738 1233 1837 1288 per

250 1278 583 1350 baptismum
625 1290 850 1359 surripi,
886 1294 980 1347 sed
1017 1298 1186 1351 semel
1236 1300 1523 1358 duntaxat.
1570 1306 1683 1361 Hoc
1733 1278 1833 1363 au-

251 1380 359 1425 tem
419 1390 485 1428 eo
525 1376 606 1443 fit,
666 1394 732 1432 ne
788 1383 833 1434 si
873 1385 1062 1450 gratiae
1108 1404 1299 1443 rursus
1342 1408 1437 1461 per
1497 1394 1830 1465 baptismum

247 1464 561 1521 obtinenda:
596 1485 722 1539 spes
754 1475 911 1530 nobis
949 1476 1257 1549 aﬂ‘ulgeret,
1289 1483 1341 1537 in
1371 1464 1744 1557 contemptum
1778 1502 1833 1547 et

241 1554 514 1613 incuriam
563 1561 895 1630 laberemur,
935 1581 1329 1644 acceptamque
1377 1581 1611 1647 gratiam
1666 1582 1830 1641 facile

241 1648 625 1715 perderemus.
655 1652 810 1719 Quod
848 1656 1027 1727 ipsum
1064 1677 1283 1733 quoque
1313 1668 1498 1724 eximii
1535 1682 1699 1744 atque
1742 1676 1826 1731 in-

241 1739 414 1808 signis
456 1740 547 1796 Dei
584 1759 711 1815 erga
754 1763 856 1805 nos
891 1754 1100 1807 amoris
1136 1769 1515 1827 argumentum
1550 1739 1653 1820 est.

315 1830 450 1887 Ibid.
485 1833 543 1887 Β.
590 1834 723 1890 Heri
756 1840 810 1893 in
841 1841 984 1896 lecto
1008 1844 1253 1914 jacebas,
1281 1862 1385 1905 etc.
1416 1850 1515 1908 Hic
1542 1858 1824 1930 paralytici

249 1924 533 1982 hiStoriam
566 1932 634 1984 ad
668 1930 977 1990 institutam
1027 1942 1310 1996 materiam
1357 1924 1822 2006 accommodatam

250 2016 665 2089 interpretatur.
719 2024 798 2079 Ae
872 2043 968 2096 per
1030 2030 1229 2088 lectum
1289 2037 1509 2106 quidem
1569 2043 1822 2113 supinam

247 2114 554 2167 socordiam
607 2126 660 2170 et
720 2119 1037 2187 pestiferam
1086 2126 1323 2194 quietem
1386 2130 1671 2204 intelligit;
1727 2151 1824 2206 per

244 2212 458 2260 artuum
488 2219 666 2264 autem
703 2212 1142 2283 dissolutionem,
1173 2220 1418 2290 delicias,
1451 2227 1732 2299 animique
1766 2231 1821 2287 in

243 2298 610 2369 voluptatibus
686 2310 1101 2364 enervationem
1177 2320 1230 2367 et
1301 2298 1665 2389 languorem;
1726 2340 1822 2392 per

241 2405 396 2459 aqua:
426 2409 556 2448 vero
591 2397 981 2470 turbationent,
1017 2419 1136 2460 eam
1166 2423 1289 2477 quae
1324 2409 1377 2464 iu
1410 2411 1689 2484 baptismo
1725 2420 1818 2486 sit,

242 2483 564 2551 motionem,
596 2504 659 2544 ac
687 2488 927 2560 Spiritus
954 2496 1315 2567 advenientis,
1365 2483 1524 2573 eique
1554 2483 1819 2565 sanctitas

241 2583 346 2629 tem
406 2577 710 2649 afferentis,
768 2588 875 2640 vim
947 2598 1000 2643 et
1059 2591 1383 2671 efﬁcaciam.
1446 2596 1576 2655 Heri
1628 2601 1816 2671 igitur,

238 2666 438 2738 inquit,
469 2670 749 2731 hominem
799 2681 1045 2736 nancisci
1083 2699 1190 2738 non
1225 2666 1484 2758 poteras;
1522 2693 1686 2749 hodie
1721 2713 1819 2752 na-

237 2768 359 2815 ctus
392 2776 450 2817 es
481 2762 755 2823 hominem
789 2773 1037 2827 eumdem
1071 2786 1124 2830 et
1158 2776 1328 2835 Deum
1364 2781 1640 2853 (divinitas
1671 2789 1814 2845 cnim

240 2849 575 2911 humanitati
618 2858 824 2917 Christi
878 2866 1188 2936 hypostasis
1223 2849 1538 2947 facta'esl);
1591 2890 1754 2951 atque
1781 2898 1811 2937 a

235 2948 477 3014 peccatis
524 2951 698 3023 lapsu,
743 2966 1000 3029 tanquam
1040 2978 1070 3016 a
1128 2968 1380 3036 grabato,
1438 2974 1686 3031 sublatus
1728 2993 1808 3042 es,

199 2651 227 2663 α

1948 480 2015 535 ad
2045 483 2210 537 vitam
2237 486 2509 560 excitatus
2553 489 2703 559 (nam
2740 506 2835 560 per
2876 493 3076 547 trinam
3115 495 3519 552 dentersionem

1947 582 2000 630 et
2028 576 2392 634 emersionem
2421 558 2682 637 iriduana
2710 599 2859 640 mors
2886 584 3087 641 Christi
3108 596 3163 641 et
3195 592 3522 645 resurrectio

1947 672 2401 742 repraesentatur)
2438 690 2452 726 :
2486 687 2549 727 ac
2579 676 2790 742 peccati
2821 675 3059 731 vinculis
3090 679 3306 733 solutus
3337 695 3417 732 es.
3446 678 3520 731 Da

1943 774 2075 827 ergo
2114 776 2362 831 operam,
2402 780 2471 819 ne
2512 782 2705 822 rursus
2739 768 2806 824 iis
2860 769 3267 835 adnumereris,
3311 774 3429 841 Qui.
3463 781 3521 826 ut

1943 849 2164 908 Davidis
2192 855 2376 909 verbis
2418 865 2542 911 utar
2565 857 2632 923 ",
2660 859 2735 925 fin
2790 862 3059 931 sepulcris
3113 864 3384 927 habitant,
3420 880 3521 917 nec

1944 955 2288 1012 peccatorum
2326 957 2549 1004 tuorum
2590 950 2776 1008 fasciis
2812 956 3231 1026 constringaris.
3266 956 3424 1020 Nam,
3463 967 3519 1009 ut

1939 1045 2024 1089 est
2049 1039 2191 1105 apud
2223 1038 2570 1097 Salotnnnem
2610 1063 2624 1097 :
2656 1043 3005 1100 Peccatornm
3044 1065 3261 1101 suorum
3295 1048 3518 1103 vinculis

1939 1127 2158 1197 quisque
2188 1133 2573 1202 constringitur
2599 1136 2667 1190 ".
2706 1137 2917 1191 Etenim
2950 1139 2996 1193 si
3022 1140 3207 1192 animo
3238 1141 3516 1208 moriaris,

1940 1218 2204 1273 incertum
2238 1233 2343 1285 est,
2377 1234 2563 1278 utrum
2590 1227 2657 1280 ad
2687 1230 2853 1282 vitam
2887 1246 3081 1284 rursus
3118 1231 3195 1285 sis
3222 1231 3513 1296 rediturus,

1940 1327 2116 1379 usque
2167 1313 2233 1367 ad
2289 1330 2639 1373 communem
2691 1322 3151 1375 resurrectionem
3189 1339 3202 1375 :
3235 1339 3356 1392 quze
3397 1326 3521 1391 qui-

1938 1403 2096 1468 dem,
2160 1416 2219 1461 ut
2278 1417 2361 1462 est
2407 1411 2548 1478 apud
2607 1410 3152 1477 Erclcsiasticum“,
3208 1428 3518 1470 creaturam

1936 1512 2155 1553 omnem
2212 1500 2277 1554 ad
2310 1501 2583 1572 judicium
2632 1506 2898 1573 adducet,
2950 1507 3073 1561 vita:
3108 1517 3244 1562 acta:
3282 1510 3518 1563 rationes

1934 1591 2297 1649 reddituram.

2004 1681 2118 1737 Col.
2138 1683 2228 1739 40.
2247 1684 2314 1738 Α.
2336 1683 2398 1743 Si
2428 1685 2593 1752 lepra,
2617 1689 2710 1741 hoc
2734 1690 3074 1760 est,deformi
3100 1691 3377 1761 pravitate,
3410 1701 3516 1749 etc.

1930 1774 2086 1842 Apud
2149 1776 2356 1831 Lucam
2384 1777 2435 1831 in
2473 1776 2767 1849 Evangelio
2799 1783 3063 1851 scriptum
3101 1792 3195 1841 est,
3233 1783 3374 1853 quod
3427 1784 3521 1837 de-

1929 1882 2046 1921 cem
2081 1867 2182 1920 viri
2210 1868 2410 1937 leprosi
2455 1869 2687 1926 Domino
2740 1884 3098 1928 occurrerunt
3133 1892 3147 1929 :
3183 1875 3299 1944 ipse
3334 1886 3515 1929 autent

1931 1959 2169 2015 faustum
2217 1963 2561 2031 purgationis
2610 1966 2861 2020 nuntium
2898 1967 3004 2020 illis
3037 1966 3291 2027 alIerens,
3326 1967 3461 2021 dixit
3496 1985 3512 2024 :

1927 2048 2032 2116 Ite,
2062 2053 2322 2107 ostendite
2354 2070 2441 2108 vos
2472 2058 2736 2111 sacerdoti
2759 2060 2827 2112 ²¹.
2865 2058 3132 2115 Sacerdos
3164 2060 3307 2114 cnim
3340 2058 3519 2114 homi-

1928 2155 2049 2194 nem
2096 2141 2241 2212 lepra
2297 2156 2611 2215 purgatum,
2652 2147 2896 2216 periculo
2947 2151 3286 2219 purgationis
3347 2149 3513 2212 facto,

1926 2231 2149 2303 reliqua:
2178 2242 2365 2303 postea
2396 2237 2536 2306 plebi
2560 2239 2898 2293 accensebat.
2933 2240 3001 2296 L‘t
3030 2250 3208 2295 autem
3241 2241 3510 2305 abierunt,

1925 2326 2137 2395 purgati
2188 2337 2315 2382 sunt
2349 2345 2363 2383 :
2398 2345 2585 2385 verum
2637 2347 2831 2385 novem
2881 2348 2944 2387 ex
2982 2333 3069 2396 iis,
3112 2334 3286 2403 patria
3315 2332 3511 2397 Judaei,

1925 2418 2170 2475 beneﬁcii
2215 2421 2424 2490 accepti
2465 2421 2834 2489 immemores,
2865 2440 2973 2479 non
3012 2426 3337 2480 redierunt:
3371 2442 3513 2480 unus

1923 2526 2077 2574 vero,
2136 2512 2227 2582 qui
2267 2511 2649 2571 Samaritanus
2687 2525 2826 2581 erat,
2881 2518 2946 2570 ad
2985 2518 3179 2572 salutis
3231 2527 3510 2574 auctorem

1924 2620 2180 2659 reversus
2206 2613 2312 2670 est,
2349 2607 2664 2678 gratiasque
2686 2610 2820 2679 egit,
2850 2624 2916 2663 ac
2939 2608 3109 2665 Deum
3152 2613 3402 2668 laudibus
3420 2627 3510 2667 ce-

1924 2696 2171 2753 lcbravit.
2201 2697 2391 2768 Lepraa
2413 2700 2600 2770 igitur,
2620 2712 2678 2755 ut
2700 2711 2896 2771 prazter
2926 2711 3174 2757 naturam
3207 2703 3509 2765 exsistenti,

1924 2786 2237 2859 Tlteologus
2273 2800 2557 2858 peccatum
2594 2803 2896 2862 comparat,
2933 2802 3121 2862 utpote
3146 2793 3291 2862 quod
3308 2802 3505 2862 praeter

1926 2889 2179 2935 naturam
2236 2897 2457 2952 quoque
2509 2883 2600 2949 sit,
2641 2896 2806 2953 atque
2850 2885 3090 2938 animam
3143 2884 3512 2948 deformitate,

1924 2974 2387 3042 quemadmodum
2446 2976 2538 3029 illa
2579 2990 2802 3046 corpus,
2845 2975 3063 3031 alliciat.
3119 2976 3174 3030 Si
3207 2977 3391 3046 igitur,
3425 2977 3513 3031 in-

235 3036 560 3112 lapsumque
592 3047 907 3116 hujusmodi
954 3055 1100 3111 velut
1144 3060 1414 3128 extulisti,
1452 3065 1711 3122 nimirum
1743 3036 1810 3125 de
1842 3085 1885 3141 ο
1923 3068 2059 3134 quit,
2108 3067 2440 3122 virulentum
2492 3077 2547 3122 et
2589 3069 2881 3123 exitiosum
2933 3078 3215 3137 peccatum
3273 3068 3366 3122 tibi
3419 3083 3508 3138 per

235 3144 304 3185 eo
333 3147 429 3200 per
480 3135 885 3196 confessionem
945 3148 1298 3213 triumphans
1332 3170 1345 3206 :
1376 3153 1813 3229 beneficiumque

237 3237 335 3291 per
356 3223 684 3307 baptismum
713 3245 999 3303 acceptum
1027 3241 1284 3299 omnibus
1311 3246 1643 3314 przedicasti.
1671 3223 1813 3306 Cave

236 3313 404 3382 igitur
458 3332 649 3377 rursus
696 3327 1008 3394 prolabare.
1061 3313 1407 3397 Verum,iut
1460 3353 1540 3401 es,
1589 3342 1810 3408 prolici-

234 3419 414 3473 scere,
453 3408 504 3463 id
554 3420 658 3478 est,
695 3430 866 3471 sanus
916 3429 970 3474 et
1010 3420 1325 3491 incolumis,
1359 3430 1613 3498 praecepti
1649 3431 1813 3501 hujus

233 3513 469 3561 memor,
512 3506 810 3577 paralytico
852 3510 907 3566 in
940 3513 1058 3569 haec
1089 3517 1254 3572 verba
1287 3518 1398 3574 dati
1433 3537 1447 3574 :
1478 3519 1615 3576 Ecce
1648 3540 1810 3582 sanas

232 3590 406 3659 factus
436 3609 489 3648 es
518 3595 580 3661 ",
611 3607 718 3655 etc.
753 3599 897 3668 Quin
931 3605 997 3659 ad
1027 3606 1173 3664 hunc
1200 3626 1417 3679 quoque
1445 3613 1668 3670 modum
1698 3618 1813 3674 htrc

230 3685 488 3754 explicari
521 3701 743 3759 queant.
774 3693 879 3760 Qui
910 3702 1163 3768 corporis
1197 3704 1570 3776 voluptatibus
1601 3709 1811 3767 fractus

229 3784 335 3840 est,
373 3777 421 3833 is
454 3795 555 3836 nec
585 3782 651 3836 ad
702 3784 963 3844 virtutem
1003 3791 1194 3848 efﬁcax
1223 3805 1326 3862 est,
1364 3815 1465 3856 nee
1513 3802 1580 3856 ad
1627 3804 1810 3859 scien-

233 3867 364 3921 tiam
418 3877 473 3925 et
536 3877 908 3944 cognitionem
966 3881 1128 3941 facile
1189 3893 1397 3945 moveri
1456 3904 1702 3963 potest:
1747 3913 1812 3955 ac

231 3959 459 4025 proinde
495 3979 596 4021 nec
643 3967 922 4027 hominem
966 3975 1150 4042 habet,
1192 3980 1297 4036 hoc
1348 3959 1474 4051 est;
1512 3986 1809 4045 humanam

226 4057 284 4104 et
321 4053 645 4122 prudentem
684 4063 978 4133 rationem,
1024 4084 1054 4123 a
1087 4086 1195 4139 qua
1229 4073 1295 4127 ad
1332 4075 1592 4134 virtutem
1624 4083 1810 4137 scien-

229 4142 320 4198 tia:
350 4161 608 4215 capacem
642 4157 803 4224 quasi
840 4159 895 4213 in
934 4161 1203 4229 piscinam
1254 4165 1534 4236 injiciatur
1569 4188 1584 4226 :
1627 4176 1809 4243 quoad

224 4250 402 4304 usque
427 4238 668 4300 Verbum
700 4251 925 4307 veniens
950 4258 1400 4326 compendiosam
1429 4262 1479 4317 ei
1504 4238 1812 4334 depeilendi

225 4332 405 4386 morbi
454 4338 722 4395 rationem
758 4343 1068 4416 tradiderit,
1122 4353 1291 4407 menti
1329 4332 1588 4412 nimirum
1641 4358 1815 4430 impe-

1919 3158 2252 3227 haptistnum
2296 3160 2552 3213 abrasum
2588 3169 2693 3223 est,
2730 3175 2795 3214 ac
2831 3159 3086 3225 fortnam,
3122 3159 3214 3212 Dei
3247 3159 3510 3214 similitu-

1915 3249 2044 3303 dine
2103 3262 2443 3317 expressam,
2493 3250 2560 3302 ad
2601 3265 2766 3319 quam
2819 3259 3039 3305 creatus
3093 3265 3175 3315 es,
3231 3253 3505 3321 recepisti,

1917 3338 2255 3407 purgationis
2304 3348 2408 3393 tua:
2437 3338 2570 3392 milti
2606 3340 2882 3409 specimen
2932 3341 3052 3408 ede,
3090 3343 3320 3409 teipsum
3362 3344 3510 3399 vide-

1915 3431 2090 3484 liceta
2124 3430 2330 3499 peccati
2377 3432 2707 3499 contagione
2764 3447 2961 3500 purum
3005 3448 3255 3488 servans.
3296 3433 3505 3505 llujus-

1917 3523 2062 3577 modi
2098 3537 2338 3591 namque
2370 3522 2624 3593 purgatio
2658 3523 2816 3593 legali
2850 3535 2902 3579 et
2922 3522 3175 3580 Mosaicae
3196 3528 3507 3596 purgationi

1915 3613 2210 3669 antecellit.
2242 3612 2337 3669 llla
2365 3616 2512 3670 enim
2537 3630 2829 3686 corporum
2852 3624 2972 3671 erat
3001 3633 3015 3671 :
3043 3616 3157 3672 haec
3174 3618 3506 3673 animarum.

1915 3703 1994 3757 Ac
2025 3703 2149 3758 vide
2197 3719 2268 3760 ne
2292 3706 2599 3775 spiritualis
2640 3706 2793 3777 lepra
2825 3722 3019 3762 rursus
3042 3722 3109 3762 ex
3139 3717 3192 3763 te
3220 3716 3504 3773 nascatur,

1915 3796 2133 3867 Alioqui
2165 3798 2358 3854 vitiosa
2388 3798 2586 3854 anima
2615 3800 2878 3855 habitudo
2907 3815 3049 3871 aegre
3088 3800 3362 3855 medulam
3411 3801 3509 3855 ad-

1915 3890 2152 3946 missura
2186 3901 2289 3948 est.
2317 3892 2581 3962 Asperior
2608 3893 2782 3961 enim,
2817 3892 3152 3964 maiorisque
3209 3892 3505 3949 difficulta-

1916 3979 1986 4035 tis
2020 3990 2073 4035 et
2104 3981 2311 4050 laboris
2347 3997 2409 4037 ea
2429 3984 2700 4040 medicina
2729 3993 2833 4048 est,
2856 3999 2978 4055 qua:
3015 3986 3067 4038 in
3099 3999 3295 4056 magna
3331 3984 3508 4057 lacry-

1915 4089 2128 4129 marum
2164 4075 2583 4146 gemituumque
2614 4076 2936 4147 profusione
2966 4079 3240 4133 consistit.

1985 4166 2120 4221 Ibid.
2146 4166 2205 4221 Β.
2240 4166 2427 4237 Nuper
2465 4170 2699 4224 avaritia
2733 4180 2782 4225 et
2821 4173 3081 4225 tenacitas
3128 4187 3367 4235 manum,
3393 4180 3500 4226 etc.

1913 4260 2184 4317 Praeclara
2215 4262 2431 4324 attimre,
2461 4278 2490 4316 a
2519 4263 2807 4332 largitione
2834 4275 2886 4319 et
2925 4265 3260 4331 benignitate
3307 4265 3507 4323 abhor-

1919 4354 2110 4420 rentis,
2138 4362 2193 4410 et
2226 4370 2419 4410 manus
2445 4356 2687 4411 avaritiae
2718 4369 2782 4411 ac
2805 4357 3116 4412 tenacitatis
3144 4360 3336 4414 morbo
3360 4360 3504 4415 labo-

225 4437 384 4489 rans,
418 4436 474 4481 ut
501 4444 529 4483 a
564 4432 904 4504 voluptatum
941 4441 1234 4510 illecebris,
1274 4448 1478 4517 quibus
1502 4419 1806 4516 detinetur,
1843 4419 1887 4474 θ
1917 4419 2112 4511 rantis,
2139 4446 2350 4501 curatio
2380 4456 2488 4512 est,
2519 4445 2808 4503 facultates
2837 4448 2891 4503 itt
2908 4464 3177 4518 pauperes
3200 4449 3501 4516 effundere,

227 4528 524 4588 exsurgat,
592 4525 972 4601 virtutumque
1033 4533 1279 4592 humeris
1338 4552 1542 4609 corpus
1608 4544 1806 4609 tollat,

226 4616 393 4679 atque
425 4613 476 4667 in
510 4613 735 4675 domum
772 4637 953 4690 suam,
995 4626 1097 4683 hoc
1127 4638 1232 4696 est,
1268 4631 1320 4684 in
1353 4632 1552 4687 caelum
1587 4634 1806 4704 proﬁci-

224 4709 433 4759 scatur.
487 4707 715 4767 Prmstat
768 4716 935 4780 enim,
999 4728 1058 4773 ut
1114 4722 1261 4790 quod
1321 4723 1576 4790 inferius,
1628 4727 1696 4782 ab
1743 4743 1809 4784 eo

224 4795 368 4861 quod
396 4801 761 4862 excellentius
786 4819 884 4873 est,
916 4813 1150 4868 actionis
1179 4814 1425 4870 humeris
1457 4820 1524 4871 ad
1546 4818 1803 4874 virtutem

221 4897 493 4957 gestetur,
546 4911 711 4965 quam
767 4912 825 4955 ut
870 4905 1230 4960 excellentior
1270 4924 1396 4977 pars
1453 4924 1548 4977 per
1601 4909 1800 4965 ftedam

222 4982 512 5043 mollitiem
542 5003 570 5041 a
603 4991 866 5048 deteriori
902 5008 1053 5065 parte
1080 4999 1147 5052 ad
1187 5000 1493 5069 voluptates
1524 5003 1796 5057 trahatur.

297 5074 433 5133 Ibid.
460 5080 521 5135 C.
552 5084 801 5155 Magnam
825 5091 958 5143 hanc
991 5108 1184 5155 uocem,
1212 5092 1437 5158 Lazare,
1462 5098 1574 5149 veni
1600 5096 1663 5162 "‘,
1691 5106 1797 5152 elc-

222 5164 696 5232 Quemadmodum
739 5183 893 5249 prius
929 5184 981 5236 in
1030 5183 1258 5251 Lazaro,
1292 5187 1363 5240 ita
1400 5203 1544 5241 nunc
1586 5204 1803 5258 quoque

225 5256 282 5311 in
340 5269 391 5314 te
448 5262 711 5324 Dominus
764 5273 871 5327 alta
924 5288 1057 5328 voce
1115 5276 1450 5344 inclamavit,
1511 5288 1572 5333 ut
1610 5256 1804 5335 adite

222 5364 442 5421 quoque
479 5369 784 5427 mortuum,
843 5364 944 5418 hoc
978 5376 1082 5423 est.
1114 5368 1270 5426 vitali
1319 5372 1386 5425 ad
1418 5372 1678 5427 virtutem
1720 5374 1802 5429 fa-

218 5439 427 5499 cultate
458 5449 732 5517 orbatum,
785 5455 1135 5526 pertingeret.
1189 5459 1266 5515 Τιι
1322 5472 1531 5528 autem,
1595 5468 1799 5522 multos

214 5531 332 5601 jam
385 5538 501 5595 dies
555 5555 826 5609 mortuus,
877 5563 971 5617 per
1018 5548 1348 5620 baptismum
1403 5558 1684 5628 prodiisti,
1733 5575 1795 5613 ex

259 5713 304 5744 "
328 5711 483 5770 Joan.
526 5734 574 5782 ν,
612 5720 696 5773 M.
780 5720 822 5753 "
848 5719 1009 5776 Joan.
1048 5739 1126 5789 ιι,
1162 5724 1251 5778 43.

1332 5727 1374 5758 ⁸³
1401 5725 1544 5791 Psal,
1575 5741 1747 5793 vau,
1789 5724 1837 5779 7.
1895 5727 1939 5759 ὀ
1967 5726 2128 5784 Prov.
2169 5745 2224 5797 ν,
2250 5729 2341 5785 ‘22.

1914 4551 2158 4607 opesque
2197 4547 2246 4592 et
2276 4553 2458 4591 rerum
2509 4539 2701 4609 copias
2750 4540 2803 4593 in
2840 4556 2905 4594 eo
2947 4542 3156 4610 positas
3190 4556 3311 4597 esse
3360 4541 3492 4595 arbi-

1914 4630 2070 4697 trari,
2102 4641 2160 4685 ut
2183 4630 2365 4700 inopia
2384 4642 2607 4702 propter
2627 4633 2904 4689 Christum
2932 4632 3226 4695 amicteris,
3246 4642 3409 4700 atque
3433 4635 3501 4686 ita

1914 4725 2178 4793 prolixam
2225 4724 2615 4794 benignitatem
2667 4726 2892 4791 habere,
2945 4734 3165 4792 tamque
3206 4725 3501 4779 liberaliter

1914 4833 2045 4886 opes
2076 4817 2392 4882 exhaurire,
2432 4830 2492 4873 ttt
2536 4834 2602 4872 ne
2629 4818 2856 4873 fundum
2890 4819 3106 4888 quidem
3152 4819 3326 4887 ipsum
3367 4819 3477 4871 iuta

1912 4918 2061 4963 ctum
2090 4910 2394 4979 relinquas.
2424 4911 2681 4965 Fortasse
2715 4912 2857 4965 enim
2889 4910 3004 4980 ipse
3053 4925 3273 4978 quoque
3300 4909 3500 4962 exhau-

1905 5012 2025 5056 stus
2056 5017 2247 5057 rursus
2274 5003 2587 5056 alimoniam
2616 5003 2712 5056 tibi
2737 5003 2992 5071 proferet,
3027 5018 3090 5057 ac
3120 5003 3419 5072 praesertim
3457 5000 3500 5051 si

1907 5095 2183 5149 hominem
2217 5095 2509 5164 quemdam
2539 5095 2762 5164 justitia:
2792 5096 2953 5149 laude
2985 5103 3330 5165 pra’stautem
3353 5095 3493 5146 alens

1909 5187 2039 5241 dum
2100 5186 2432 5253 susceperis.
2493 5190 2950 5254 quemadmodum
3012 5185 3352 5254 Sareplttana
3398 5184 3489 5239 lle

1906 5279 2059 5342 liam,
2082 5290 2142 5333 ut
2185 5280 2325 5334 libro
2344 5278 2553 5349 Regum
2593 5280 2755 5334 tertio
2775 5280 3050 5349 proditum
3087 5279 3344 5332 habetur.

1983 5371 2120 5428 Ibid.
2148 5371 2210 5426 Si
2235 5373 2430 5426 surdus
2474 5390 2536 5426 ac
2570 5383 2749 5426 mutus
2804 5388 2945 5437 eras,
2984 5380 3090 5425 etc.
3127 5370 3185 5426 Si
3236 5371 3497 5426 hactenus

1908 5462 2108 5518 surdus
2134 5462 2417 5527 fuisti,Dei
2449 5473 2714 5533 praecepta
2739 5478 2846 5519 non
2877 5464 3188 5527 addiscens,
3212 5472 3265 5517 et
3295 5472 3495 5521 mutus.

1904 5570 1965 5609 ea
2004 5572 2111 5609 non
2147 5557 2374 5621 docens,
2406 5557 2492 5610 fac
2529 5557 2621 5611 tibi
2648 5558 2781 5627 legis
2830 5557 3028 5612 divinm
3059 5554 3310 5611 doctrina
3353 5554 3490 5609 inso-

2420 5731 2462 5763 ¹¹
2494 5729 2678 5790 Eccle.
2707 5749 2802 5801 xu,
2824 5733 2905 5791 14.
2984 5733 3031 5767 ⁸⁸
3067 5731 3205 5788 Luc.
3232 5745 3369 5797 xvtt,
3400 5728 3485 5785 Η.
