4032 6198
286 295 428 365 1285

287 521 409 563 tuus
442 512 572 579 ignis
607 525 917 565 consumens
942 521 1020 565 est
1040 512 1106 566 ³⁷.
1140 510 1237 566 Est
1265 520 1444 566 autem
1479 518 1534 565 et
1564 507 1701 562 alter
1726 503 1867 573 ignis

288 604 485 657 vindex
520 616 582 656 ac
614 601 883 659 scelerum
920 604 1087 659 ultor.
1145 605 1324 673 Atque
1370 602 1481 666 hic,
1544 598 1739 670 partim
1812 596 1864 648 in

287 695 389 748 hac
426 692 530 746 vita
560 695 858 749 sceleratos
887 695 1188 758 excruciat,
1240 701 1298 747 ut
1327 691 1603 762 quondam
1643 688 1733 743 ille
1764 685 1867 741 So-

285 786 602 841 domiticus.
637 786 891 841 Dominus
949 788 1119 851 enim,
1159 786 1358 857 inquit,
1392 784 1525 853 pluit
1564 797 1722 851 super
1764 780 1866 835 So-

283 878 497 931 domnnt
522 887 570 931 et
603 875 919 932 Gomorram
953 879 1175 946 sulphur
1206 888 1253 931 et
1280 878 1449 947 ignem
1478 892 1510 928 a
1547 873 1774 927 Domino
1798 872 1863 937 ‘3;

283 984 393 1036 quo
424 969 589 1022 etiam
629 981 945 1037 peccatores
972 985 1163 1024 oumes
1218 969 1516 1038 perfundit,
1540 967 1697 1037 juxta
1732 964 1864 1018 illud

284 1059 549 1115 Davudis:
583 1058 734 1115 Pluet
783 1077 939 1129 super
974 1070 1270 1129 peccatores
1317 1058 1551 1130 laqueos,
1604 1060 1774 1129 ignem
1816 1068 1865 1111 et

282 1154 508 1223 sulphur
534 1163 581 1206 et
615 1155 859 1223 spiritum
886 1150 1328 1221 procellarum".
1368 1153 1448 1206 Ac
1475 1152 1707 1220 sulphur
1744 1149 1866 1219 qni-

284 1245 406 1299 dem
446 1246 622 1315 ignem
681 1246 811 1310 alit;
866 1246 1128 1311 procellas
1159 1255 1341 1299 autem
1396 1252 1719 1299 exsuscuat.
1765 1241 1866 1297 llic

285 1347 468 1392 autent
507 1337 645 1407 ignis
676 1336 1001 1391 tentationes
1041 1346 1096 1390 et
1147 1337 1488 1392 calamitates
1522 1351 1618 1391 eas
1649 1332 1863 1402 signifi-

284 1445 413 1484 vare
441 1438 624 1498 queat,
646 1428 698 1481 in
728 1440 889 1497 quas,
918 1427 1011 1497 qui
1046 1428 1286 1499 graviter
1317 1437 1565 1498 peccant,
1597 1427 1863 1481 incidunt.

282 1522 608 1588 Quanquam
642 1520 807 1574 etiam
844 1533 940 1589 per
990 1521 1172 1590 ignem
1231 1520 1376 1575 hunc
1410 1522 1548 1587 ignis
1584 1519 1675 1574 ille
1706 1518 1866 1572 intel-

282 1614 373 1683 1ιεὶ
402 1614 592 1682 possit,
622 1612 714 1683 qui
743 1613 797 1666 in
845 1614 1019 1668 altero
1055 1629 1172 1667 (ενι)
1201 1614 1401 1683 impios
1429 1614 1658 1677 cruciat,
1696 1612 1865 1665 nimi-

281 1723 401 1761 rum
457 1711 504 1763 is
528 1708 624 1777 qui
681 1705 901 1760 diabolo
960 1716 1184 1776 paratus
1237 1715 1402 1760 estet
1454 1705 1664 1776 angelis
1716 1705 1857 1775 ejus,
1896 1748 1940 1804 Β

280 1798 745 1868 quemadmodum
817 1797 1081 1852 Dominus
1114 1797 1166 1851 in
1232 1795 1529 1865 Evangelia
1580 1792 1860 1850 ducet“:

283 1893 365 1944 vel
389 1891 553 1946 etiam
576 1889 690 1956 ille,
723 1890 789 1943 de
806 1904 919 1959 quo
943 1888 1107 1943 David
1132 1889 1209 1943 ait
1232 1906 1248 1942 :
1276 1887 1423 1960 Ignis
1451 1897 1573 1943 ante
1595 1903 1710 1941 eum
1731 1896 1880 1956 prte-'

284 1988 450 2049 cedet,
474 1992 521 2036 et
547 1986 601 2037 in
633 1984 863 2035 circuitu
886 1981 927 2011 “
960 1981 1063 2036 hoc
1091 1991 1195 2047 est,
1226 1982 1592 2048 undecunque
1611 1980 1863 2035 inimicos

284 2077 408 2145 ejus
435 2075 835 2129 inﬂammabit:
878 2091 1040 2144 quem
1092 2075 1255 2129 etiam
1286 2074 1426 2143 ignis
1462 2072 1687 2128 fluvium
1738 2084 1863 2127 ante

285 2183 411 2222 cum
426 2168 782 2237 profluentem
803 2167 1085 2235 Scriptura
1110 2165 1437 2230 nominat“,
1457 2165 1615 2235 cujus
1637 2166 1864 2219 mentio-

286 2276 409 2315 nem
440 2274 659 2331 quoque
685 2260 855 2316 Isaias
889 2258 1119 2325 faciens,
1139 2259 1213 2314 ait
1250 2276 1264 2313 :
1310 2257 1508 2312 Vermis
1538 2273 1721 2311 eorum
1757 2273 1862 2311 non

284 2354 622 2416 morietur,et
641 2352 779 2421 ignis
794 2368 975 2406 eorum
998 2353 1363 2422 exstinguetur
1376 2351 1444 2405 “.
1461 2350 1537 2406 Eo
1549 2362 1730 2407 autem
1757 2349 1864 2405 for-

284 2442 604 2496 midabilior
622 2450 786 2512 atque
809 2442 1217 2498 horribilioreu
1248 2441 1339 2497 hic
1374 2443 1539 2513 ignis,
1563 2442 1709 2512 quod
1734 2456 1861 2496 cum

281 2537 801 2606 vermecoujunetus
822 2536 912 2600 sit,
928 2552 991 2590 ac
1007 2536 1279 2606 duplicem
1299 2551 1515 2607 poenam
1536 2535 1863 2590 habeat.Per

282 2648 524 2686 vermetn
551 2648 713 2703 porro
737 2643 899 2703 atque
919 2634 1096 2702 ignem
1121 2633 1420 2688 materialis
1440 2633 1708 2688 crassitiei
1749 2631 1863 2687 col-

280 2719 726 2789 liquefactionem
774 2731 828 2777 et
865 2723 1329 2777 excruciationem
1365 2723 1623 2793 intellige.
1659 2721 1861 2778 Omnes

278 2827 411 2866 vero
440 2812 494 2865 hi
540 2814 693 2881 ignes
734 2815 1195 2893 exterminatricis
1240 2825 1370 2871 sunt
1425 2815 1721 2881 facultatis,
1755 2813 1861 2869 hoc

275 2912 384 2967 est,
423 2904 654 2971 ultricis,
690 2922 797 2960 non
833 2915 1011 2961 tamen
1069 2909 1136 2962 ad
1192 2907 1470 2961 interitum
1497 2907 1861 2976 essentiteque

276 3000 644 3069 privationem
671 2998 1012 3052 adducentis.
1036 2998 1234 3068 Duplex
1251 3007 1337 3054 est
1359 3000 1505 3052 enim
1529 2999 1864 3053 extermina-

1258 297 1585 362 NICETAS
1627 292 1707 353 ΙΝ
1756 293 1980 354 ORAT.
2026 295 2126 354 XL
2168 294 2228 354 S.
2276 292 2509 356 GREG.

284 421 432 479 Quod
496 416 549 472 in
610 414 1028 474 Deuteronomio
1082 417 1314 475 habetur
1363 438 1376 474 :
1417 416 1677 473 Dominus
1727 410 1868 466 Deus
1898 410 1943 469 Α
1977 414 2159 463 tamen
2191 423 2252 464 se
2279 423 2400 465 esse
2430 411 2602 480 lingit.
2636 412 2743 464 Aut
2777 410 3008 467 fortasse
3040 412 3417 481 propheticum
3453 414 3556 465 hoc
3646 400 3665 420 ⁸

3418 289 3556 352 1⁵286

1972 502 2179 556 dictum
2238 504 2540 570 apostolico
2596 504 2671 559 illi
2717 506 2895 560 simile
2944 515 3046 559 est.
3101 506 3254 570 Quod
3297 508 3343 561 si
3389 507 3553 557 etiam

1971 604 2208 663 opertum
2238 606 2314 649 est
2344 594 2692 666 Evangelium
2726 607 2988 663 nostrum,
3017 598 3070 650 in
3101 598 3164 652 iis
3191 601 3280 667 qui
3307 609 3550 665 pereunt,

1971 698 2049 742 est
2084 699 2323 758 opertum
2351 688 2419 743 “.
2465 688 2838 760 Undecunque
2886 691 3031 745 enim
3072 692 3317 746 veritatis
3364 694 3549 745 lltlttt‘n

1972 782 2203 837 meridie
2236 783 2438 839 clarius
2467 783 2713 847 irradiat,
2743 795 2855 838 tum
2892 799 2921 837 a
2951 784 3176 847 mundo,
3205 794 3315 837 tum
3344 800 3373 837 a
3406 786 3555 836 δοντ-

1972 876 2167 947 pluris,
2195 884 2308 929 tutu
2337 892 2365 929 a
2392 878 2549 930 nobis
2575 893 2793 948 quoque
2824 879 2977 947 ipsis,
3008 893 3217 941 verum,
3244 878 3334 945 qui
3362 882 3551 930 oculos

1971 967 2181 1035 aperire
2215 969 2429 1033 uolunt,
2458 983 2486 1022 a
2519 970 2665 1023 nulla
2712 985 2898 1023 earum
2941 986 3148 1035 rerum,
3199 985 3321 1037 qum
3370 972 3420 1021 iu
3455 986 3551 1022 na-

1972 1068 2091 1112 tura
2128 1070 2277 1126 sunt,
2311 1059 2480 1114 Dcunt
2518 1063 2828 1131 perspicere
2866 1070 3028 1131 atque
3061 1062 3256 1114 intueri
3297 1073 3550 1129 possunt.

1970 1152 2045 1205 Ea
2076 1134 2223 1207 enim
2269 1163 2397 1207 sunt
2426 1153 2592 1206 animi
2631 1155 2918 1223 pravitate,
2954 1163 3010 1207 ut
3052 1148 3307 1207 meridies
3341 1153 3413 1203 illi
3452 1167 3549 1219 pro

1969 1245 2202 1313 caligine
2231 1247 2323 1300 sit.
2374 1247 2444 1299 At
2482 1248 2646 1300 etiam
2687 1246 2944 1308 Satanas,
2976 1255 3029 1299 et
3077 1261 3183 1299 uox
3217 1254 3319 1303 est,
3353 1255 3407 1297 ct
3458 1247 3547 1298 lux

1969 1351 2152 1396 tamen
2204 1339 2268 1394 iis
2316 1354 2440 1394 esse
2493 1339 2727 1402 videtur,
2763 1340 2854 1409 qui
2907 1342 3183 1410 voluptate
3230 1353 3291 1392 ac
3340 1339 3550 1392 deliciis

1969 1434 2211 1502 corrupti
2239 1442 2388 1488 sunt.
2421 1433 2512 1485 Ait
2536 1433 2736 1501 quippe
2767 1433 2933 1485 David
2961 1451 2973 1485 :
3002 1432 3067 1485 Ει
3097 1448 3201 1487 no.1:
3228 1433 3551 1488 illuminatio

1968 1545 2084 1582 mea
2123 1529 2175 1580 in
2204 1526 2409 1581 deliciis
2438 1529 2565 1582 meis
2596 1526 2662 1591 ⁸⁷,
2689 1526 2790 1579 hoc
2824 1535 2928 1587 est,
2963 1527 3216 1580 tenebras
3250 1527 3391 1589 illas,
3428 1528 3551 1595 qui—

1969 1622 2074 1677 bus
2096 1622 2150 1676 iu
2174 1621 2388 1677 deliciis
2409 1622 2567 1682 meis,
2591 1621 2810 1690 vitaque
2838 1619 3216 1689 voluptatibus
3243 1619 3547 1681 diftlueute,

1968 1714 2340 1770 circumfusus
2379 1729 2551 1781 erant,
2602 1714 2859 1768 tenebras
2909 1727 3031 1768 esse
3082 1712 3419 1776 nesciebam,
3458 1729 3550 1766 ve—

1970 1820 2091 1861 rum
2132 1806 2310 1860 lucem
2364 1818 2487 1859 esse
2540 1805 2871 1858 arbitrabar.
2922 1804 3102 1872 Atque
3141 1804 3193 1858 hi
3249 1818 3403 1871 sane,
3455 1804 3550 1874 qui

1969 1899 2101 1954 luxu
2126 1898 2323 1968 perditi
2357 1908 2507 1962 sunt,
2533 1898 2637 1951 hoc
2667 1898 2824 1950 tumlo
2858 1913 2922 1950 se
2955 1898 3192 1962 habent;
3234 1913 3333 1952 nos
3367 1908 3548 1951 autent

1968 1992 2140 2050 Oseas
2170 1994 2451 2055 admonet,
2478 1999 2535 2045 ut
2562 1991 2807 2044 scicntia:
2837 1989 3020 2042 lumen
3052 1990 3209 2045 uobis
3241 1990 3375 2058 ipsis
3400 1989 3552 2044 exci-

1968 2095 2170 2142 temus.
2221 2083 2470 2151 Quonam
2520 2089 2702 2135 autem
2756 2081 2918 2134 modo
2968 2080 3019 2133 id
3070 2080 3183 2143 fiat,
3240 2080 3380 2134 idem
3418 2094 3551 2149 pro-

1966 2179 2129 2248 pheta
2174 2176 2261 2231 bis
2296 2175 2477 2230 verbis
2511 2172 2737 2242 subjieit
2779 2189 2794 2226 :
2842 2170 3112 2226 Seminnte
3144 2173 3283 2225 vobis
3319 2173 3447 2242 ipsis
3479 2171 3550 2225 ad

1959 2270 2257 2340 justitiam,
2300 2266 2619 2323 vindemiato
2664 2264 2899 2334 fructum
2935 2265 3055 2318 ritca
3100 2263 3168 2318 “.
3216 2261 3293 2319 Ita
3326 2264 3548 2318 demum

1968 2363 2148 2434 inquit
2185 2360 2472 2432 propinata,
2521 2357 2681 2414 nobis
2733 2359 2978 2414 scientia:
3027 2358 3211 2411 lumen
3258 2371 3550 2425 compara-

1968 2456 2170 2518 bimus,
2209 2452 2255 2508 si
2295 2449 2521 2520 justitite
2556 2457 2612 2505 et
2658 2449 2876 2504 virtutis
2919 2463 3083 2517 Opera
3133 2462 3405 2511 seramus,
3448 2447 3552 2502 hoc

1964 2557 2074 2614 est,
2106 2563 2418 2618 operemur,
2446 2558 2611 2616 atque
2644 2543 2890 2600 actiones
2955 2544 3078 2597 vita:
3104 2552 3321 2596 arteruze
3356 2555 3551 2610 paren-

1970 2653 2049 2699 tes
2100 2642 2462 2712 decerpemus
2524 2649 2581 2693 et
2633 2637 2960 2707 colligamus
3017 2652 3031 2689 :
3102 2632 3548 2703 quandoquidem

1969 2735 2110 2790 actio
2165 2730 2550 2803 comparanda:
2589 2728 2985 2799 speculationis
3039 2725 3147 2780 vim
3196 2725 3379 2780 habet.
3439 2723 3545 2779 Lu-

1973 2828 2120 2882 mine
2162 2828 2344 2894 itaque
2398 2822 2643 2879 scientite
2700 2822 3057 2884 illustremur,
3114 2826 3172 2873 ut
3227 2820 3406 2871 lumen
3455 2830 3552 2870 ve-

1972 2935 2094 2975 rum
2131 2934 2159 2973 a
2198 2917 2332 2972 falso
2364 2925 2419 2971 et
2464 2915 2727 2971 ementito
2768 2914 2974 2968 lumine
3014 2911 3331 2967 discernere
3355 2982 3358 2991 γ
3382 2922 3551 2978 quea-

1970 3027 2113 3077 mus,
2162 3024 2226 3064 ac
2280 3023 2387 3064 non
2440 3007 2495 3061 iu
2542 3006 2744 3060 malum
2789 3014 3047 3071 tauquam
3098 3003 3156 3057 in
3198 3002 3400 3057 bonum
3456 3015 3551 3070 per

282 3100 383 3153 ιιο,
411 3088 869 3159 quemadmodum
888 3097 941 3142 et
963 3089 1216 3158 perditio.
1252 3087 1367 3143 Nisi
1406 3088 1531 3158 quis
1549 3086 1689 3143 forte
1717 3088 1863 3144 hunc
1896 3104 1937 3162 ο
1968 3117 2215 3160 ενι-στεπη
2269 3100 2599 3154 incidamus,
2653 3095 2766 3152 Nec
2820 3112 2955 3151 vero
2992 3094 3298 3164 nobisipsis
3338 3101 3549 3148 tantum

284 3181 554 3235 vindicem
571 3181 743 3249 ignem
764 3179 1038 3234 mitiorem
1051 3189 1106 3235 et
1120 3181 1546 3236 moderationem
1561 3180 1867 3252 intelligere

280 3271 438 3335 velit,
459 3282 620 3340 quam
643 3272 906 3327 scelerum
932 3284 1246 3329 nostrorum
1262 3275 1529 3328 atrocitas
1548 3282 1825 3328 mereatur
1847 3287 1863 3337 ;

284 3373 474 3433 utpote
503 3367 631 3434 quia
652 3362 1018 3421 Deusvindex
1045 3366 1252 3437 justam
1294 3376 1512 3436 pinnam
1555 3364 1867 3420 miseriam-

281 3457 372 3512 dia
411 3465 467 3511 et
503 3459 727 3513 leuitate
753 3469 1057 3530 temperare
1088 3460 1281 3515 soleat.

351 3548 471 3604 Col.
519 3549 628 3605 “5
676 3550 734 3604 Β.
787 3551 1246 3616 Quemadmodum
1288 3565 1447 3621 porro
1491 3549 1687 3620 duplex
1724 3549 1864 3621 ignis

281 3657 443 3711 genus
467 3650 567 3709 est,
593 3651 698 3698 etc.
729 3641 1204 3709 Quemadmodum
1234 3642 1505 3711 duplicem
1539 3642 1719 3711 ignem
1740 3656 1866 3698 esse

281 3738 646 3804 ostendimus,
677 3740 911 3793 alterum
946 3744 1296 3806 purgantem,
1331 3735 1565 3790 alterum
1595 3735 1863 3790 scelerum

280 3829 552 3885 vindicem
586 3846 606 3885 :
643 3831 716 3885 ita
750 3830 948 3900 duplex
1001 3845 1221 3901 quoque
1270 3830 1453 3885 lumen
1489 3837 1593 3895 est,
1628 3828 1863 3885 alterum

284 3924 486 3978 bonum
522 3924 831 3995 mentisque
861 3932 1063 3979 nostra:
1090 3921 1465 3977 illumlnaudae
1494 3923 1604 3977 vim
1633 3922 1860 3992 habens,

283 4015 514 4069 alterum
543 4015 706 4069 fallax
734 4024 788 4071 et
817 4014 1082 4079 fucatam,
1108 4029 1350 4085 veroque
1376 4014 1591 4081 lumini,
1620 4014 1726 4073 hoc
1757 4025 1862 4084 est,

281 4108 523 4175 Christo,
574 4110 936 4174 contrarium,
994 4106 1076 4161 vel
1131 4116 1190 4162 ut
1235 4107 1623 4176 caliginosum,
1674 4107 1758 4162 vel
1807 4116 1867 4164 ut

282 4202 544 4257 infestum
578 4202 735 4256 nobis
778 4208 833 4255 et
881 4200 1101 4265 hostile,
1134 4200 1579 4270 quandoquidem
1630 4197 1866 4257 Satanas

281 4310 501 4365 quoque
530 4303 777 4359 vocatur,
824 4293 929 4348 hoc
967 4304 1072 4358 est,
1120 4292 1493 4348 adversarius.
1526 4290 1632 4360 Qui
1675 4294 1864 4360 etiam,

283 4403 408 4442 cum
440 4386 613 4457 caligo
641 4386 733 4451 sit,
759 4385 943 4440 lumen
972 4394 1154 4440 tamen
1187 4384 1357 4439 videri
1383 4384 1500 4440 vult
1530 4403 1546 4441 :
1577 4385 1868 4458 transfigu-

283 4490 438 4534 ratur
464 4480 609 4534 enim
639 4480 692 4533 in
726 4479 980 4550 angelum
1010 4478 1168 4543 lucis,
1196 4488 1259 4532 ut
1287 4479 1389 4533 sub
1414 4494 1480 4534 ea
1507 4480 1689 4550 specie
1716 4494 1865 4534 mor-

284 4573 418 4627 tales
452 4573 505 4626 in
539 4572 789 4627 fraudem
821 4572 1062 4642 impellat
1104 4570 1173 4625 “.
1218 4572 1296 4626 Ac
1334 4573 1595 4641 permulti
1641 4572 1862 4642 quidem

280 4680 407 4720 eum
438 4666 725 4737 caliginem
753 4679 876 4721 esse
906 4680 1014 4719 non
1047 4664 1555 4720 animadverterunt
1580 4680 1645 4722 ac
1671 4667 1863 4737 depre-

281 4760 592 4814 henderunt
641 4777 655 4815 :
704 4772 893 4814 verum
950 4756 1233 4814 meridiem
1286 4774 1407 4814 esse
1455 4758 1861 4827 existimarunt,

280 4855 389 4908 hoc
428 4861 535 4917 est,
584 4851 950 4908 clarissimam
985 4851 1186 4917 lucem,
1221 4850 1672 4921 quandoquidem
1714 4851 1863 4906 circa

281 4946 566 5000 meridiem
597 4945 691 5000 lux
735 4947 975 5001 maxime
1018 4946 1179 5015 viget.
1225 4944 1402 5015 Atque
1451 4943 1507 4999 in
1553 4943 1703 5000 hunc
1735 4960 1863 4999 sen-

280 5053 407 5094 sum
450 5038 583 5094 illud
613 5038 681 5094 de
710 5040 896 5111 impiis
929 5053 992 5094 ac
1035 5037 1599 5109 perditlshominibus
1626 5039 1694 5093 ab
1720 5038 1860 5094 Isaia

279 5131 489 5186 dictum
536 5132 781 5203 intelligo
810 5151 824 5187 :
856 5131 923 5186 In
968 5132 1280 5186 meridianis
1311 5130 1533 5186 tenebris
1562 5133 1763 5204 fugient
1792 5133 1861 5199 ",

281 5225 339 5280 id
390 5235 494 5292 est,
541 5227 596 5281 in
635 5225 883 5281 daemone
930 5241 1205 5281 summum
1239 5227 1444 5280 bonum
1496 5226 1726 5294 fugient,
1774 5239 1867 5282 aut

282 5318 456 5373 variis
505 5330 560 5373 et
612 5318 943 5373 turbulentis
991 5316 1275 5372 erroribus
1316 5317 1713 5384 distrahentur,
1772 5320 1866 5389 qui

281 5410 508 5479 quidem
563 5412 814 5477 daemon,
874 5412 1128 5481 quamvis
1182 5412 1358 5483 caligo
1413 5412 1525 5476 sit,
1582 5412 1865 5467 meridiem

363 5566 406 5599 ³⁷
433 5567 591 5621 Deut.
627 5580 699 5625 tv.
752 5566 844 5622 2i.
921 5568 966 5600 ³⁸
1005 5566 1139 5621 Gen.
1181 5583 1296 5632 xrs,
1329 5569 1421 5622 51.

290 5638 382 5691 ω’
458 5637 503 5668 ⁵³
533 5639 640 5691 lsa.
688 5653 835 5698 uva,
870 5638 963 5692 ‘24.
1065 5638 1113 5669 “
1143 5638 1182 5690 ll
1218 5640 1345 5693 Cor.
1389 5655 1463 5705 ιιι,
1498 5638 1584 5692 14.

288 5708 339 5741 ⁵⁸
372 5706 513 5764 Osee
549 5725 604 5775 ι,
642 5711 728 5762 12.
805 5709 850 5740 δ’
880 5708 997 5761 l’hil
1027 5723 1116 5778 pp.
1153 5726 1214 5775 ιι,
1259 5711 1341 5763 lii.

1528 5568 1571 5601 ³⁵
1597 5566 1744 5625 l’sal.
1782 5585 1835 5633 ι,
1871 5571 1925 5625 7.

1685 5640 1730 5671 ’⁵⁸
1770 5640 1871 5693 Isa.
1908 5657 2015 5696 LVI.
2054 5644 2136 5696 10.

1472 5709 1519 5743 ⁸⁸
1548 5709 1747 5765 lerunt.
1782 5726 1896 5773 xm,
1937 5716 1995 5765 lti

1964 3195 2213 3252 scientias
2251 3194 2436 3248 lumen
2476 3192 2803 3254 excitemus,
2839 3190 2934 3245 scd
2970 3189 3159 3251 etiam,
3192 3186 3337 3257 quod
3372 3200 3551 3255 majus

1968 3299 2087 3354 est,
2144 3287 2296 3341 velut
2352 3286 2644 3339 luminaria
2701 3281 3021 3345 efﬁciamur,
3076 3280 3549 3351 quemadmodum

1968 3381 2045 3436 ait
2092 3378 2388 3449 Apostolus
2434 3377 2502 3443 ",
2555 3386 2609 3431 et
2650 3376 2806 3445 quod
2849 3376 3148 3428 maximum
3189 3380 3296 3436 est,
3348 3370 3553 3425 divini-

1971 3480 2136 3526 tatem
2192 3467 2576 3537 arripiamus:
2612 3481 2735 3534 quae
2787 3462 3008 3535 quidem
3066 3462 3303 3533 priurum
3348 3474 3414 3516 ac
3451 3475 3552 3530 pu-

1964 3562 2252 3618 rissimum
2301 3559 2487 3613 lumen
2542 3566 2663 3625 est,
2720 3573 2783 3612 ac
2835 3554 3219 3627 perceptibile,
3276 3568 3381 3609 non
3423 3552 3550 3624 qui-

1968 3656 2092 3711 dem
2125 3664 2343 3719 natura,
2379 3651 2473 3707 sed
2509 3651 2681 3722 gratia
2710 3658 2763 3705 et
2793 3648 2978 3704 divina
3012 3646 3440 3702 illuminatione.
3472 3645 3551 3702 lla

1967 3746 2232 3804 Jerentias
2262 3747 2530 3811 hortatur,
2549 3744 2739 3814 Arripe
2767 3757 2885 3796 eam
2921 3756 2940 3796 :
2978 3742 3049 3795 ad
3079 3741 3406 3811 splendorem
3429 3756 3558 3811 pro-

1968 3842 2221 3912 ﬁciscere,
2256 3849 2413 3910 atque
2448 3837 2703 3906 eregione
2742 3834 2875 3890 lucis
2900 3834 3068 3899 illius,
3103 3843 3386 3903 antequam
3421 3849 3552 3887 con-

1969 3935 2310 3991 tenebrescat.
2339 3941 2389 3987 et
2436 3931 2743 4001 priusquam
2782 3929 2935 3999 pedes
2960 3928 3128 3983 nostri
3157 3928 3224 3980 ad
3251 3937 3452 3982 montes
3473 3936 3557 3981 te-

1964 4028 2213 4083 nebrosos
2256 4022 2693 4094 'impinguattt".
2727 4022 2848 4088 Quo
2901 4020 3020 4076 loco
3064 4034 3162 4089 per
3209 4020 3373 4088 pedes
3428 4023 3557 4074 vitae

1968 4120 2234 4175 rationem
2289 4126 2344 4173 et
2397 4117 2707 4172 institutum
2786 4113 3032 4183 accipere
3086 4126 3378 4181 possumus
3410 4129 3423 4165 :
3459 4127 3552 4181 per

1967 4221 2180 4268 montes
2250 4219 2457 4274 autem,
2537 4206 2813 4261 daemones
2891 4214 3114 4276 propter
3183 4207 3557 4276 armgautiam

1967 4313 2022 4359 et
2055 4301 2390 4373 superbiam,
2417 4299 2501 4354 vel
2523 4298 2688 4354 etiam
2732 4313 2929 4354 eorum
2984 4299 3231 4371 laqueos,
3260 4301 3353 4370 qui
3390 4316 3551 4353 tuon-

1974 4406 2055 4451 tes
2079 4394 2299 4465 quidem
2354 4393 2635 4457 dicuntur,
2672 4391 2816 4462 quod
2863 4407 2958 4460 per
2987 4406 3082 4447 eos
3129 4395 3443 4462 prudentes,
3498 4401 3555 4444 et

1973 4502 2119 4545 sanae
2153 4486 2352 4542 mentis
2382 4484 2635 4541 homines
2668 4492 3014 4554 nequaquam
3048 4485 3323 4551 incedant,
3342 4494 3395 4538 et
3424 4486 3552 4553 quin

1968 4578 2233 4654 praerupti
2292 4562 2357 4633 ac
2404 4575 2647 4648 pestiferi
2697 4585 2874 4630 sunt:
2916 4572 3188 4630 tenebrosi
3234 4587 3434 4644 autem,
3494 4587 3551 4631 ut

1973 4674 2195 4731 obscuri
2236 4680 2398 4743 atque
2428 4670 2648 4726 oculum
2685 4667 2954 4723 fallentes.
2984 4665 3139 4733 Quos
3170 4679 3226 4721 ut
3254 4668 3546 4737 fugiamus,

1970 4765 2169 4836 inquit,
2199 4763 2495 4834 Apostolus
2516 4762 2585 4824 ",
2610 4758 2855 4830 quandiu
2887 4758 3005 4814 dies
3032 4768 3136 4822 est,
3185 4758 3235 4813 id
3269 4768 3372 4821 est,
3430 4760 3556 4813 vitae

1969 4865 2022 4915 ct
2053 4854 2259 4910 laboris
2303 4861 2540 4923 tempus,
2593 4859 2650 4905 ut
2698 4852 2751 4905 in
2795 4852 2884 4907 die
2921 4851 3150 4905 honeste
3182 4850 3552 4918 ambulemus,

1968 4948 2105 5004 nihil
2137 4956 2317 5018 turpe,
2349 4946 2486 5000 nihil
2520 4945 2589 4999 ab
2621 4944 2853 5001 honeSto
2884 4954 2937 5000 ει
2971 4945 3170 4999 decoro
3199 4942 3438 4997 alienum
3469 4946 3550 4996 ra-

1969 5044 2199 5104 cientes,
2232 5055 2332 5095 nec
2371 5038 2887 5105 comessationibns,
2917 5047 2968 5093 et
2999 5035 3270 5101 ebrietati,
3302 5046 3462 5105 atque
3484 5053 3553 5091 ex

1968 5133 2035 5188 iis
2061 5143 2243 5189 ortum
2282 5131 2611 5187 habentibus
2641 5132 2914 5187 cubilibus
2943 5139 2998 5186 et
3018 5129 3369 5200 itnpudicitiis
3399 5129 3552 5183 addi.

1968 5235 2176 5289 centes,
2207 5241 2329 5301 qua:
2373 5225 2593 5295 quidem
2638 5224 2834 5279 furtiva
2881 5224 3059 5279 noctis
3096 5239 3258 5294 opera
3291 5230 3439 5283 sunt,
3489 5238 3554 5277 ac

1968 5318 2196 5388 propter
2248 5315 2633 5370 verecundiam
2668 5315 2855 5384 reique
2906 5314 3299 5370 obscenitatem
3339 5319 3552 5368 occulte

1966 5410 2273 5481 furtimque
2298 5418 2658 5481 peraguntur,
2702 5408 3162 5480 quemadmodum
3207 5416 3399 5463 contra
3445 5407 3550 5461 dici

2607 5568 2653 5602 “
2686 5568 2832 5627 Psal.
2879 5582 3024 5633 xcvn,
3053 5570 3107 5625 ὅ.
3181 5566 3226 5599 δ’
3265 5567 3396 5625 Dan.
3450 5584 3553 5631 vn,

2856 5642 2901 5672 ⁸⁷
2936 5642 3093 5712 _Psal.
3144 5653 3407 5704 cxxxvnt,
3458 5640 3551 5693 tt.

2027 5572 2073 5604 ’⁵⁸
2103 5571 2299 5627 Matth.
2335 5588 2389 5634 v,
2438 5572 2534 5626 41.

2054 5644 2119 5674 ιιι
2240 5643 2286 5674 ιο
2332 5642 2368 5674 Il
2405 5644 2513 5674 1⁸η..

2095 5646 2136 5695 tl.
2240 5643 2286 5674 “
2330 5642 2371 5695 ll
2405 5644 2532 5696 (lor.
2561 5657 2635 5702 Iv,
2687 5642 2743 5699 ὃ.

2095 5715 2135 5744 ⁸³
2170 5714 2324 5765 Rnxu.
2369 5730 2482 5774 xm,
2518 5711 2699 5766 i214.
