  <div class='ocr_page' id='page_1' title='image "/cluster/home/n/w/nwhite01/storage/ocr_20150623/127/hvd.32044073502411/649.png"; bbox 0 0 4032 6198; ppageno 0'>
   <div class='ocr_carea' id='block_1_1' title="bbox 508 241 640 306">
    <p class='ocr_par' dir='ltr' id='par_1_1' title="bbox 508 241 640 306">
     <span class='ocr_line' id='line_1_1' title="bbox 508 241 640 306; baseline -0.023 -2"><span class='ocrx_word' id='word_1_1' title='bbox 508 241 640 306; x_wconf 74' lang='lat'><strong>1237</strong></span> 
     </span>
    </p>
   </div>
   <div class='ocr_carea' id='block_1_2' title="bbox 507 459 752 504">
    <p class='ocr_par' dir='ltr' id='par_1_2' title="bbox 507 459 752 504">
     <span class='ocr_line' id='line_1_2' title="bbox 507 459 752 504; baseline -0.012 0"><span class='ocrx_word' id='word_1_2' title='bbox 507 459 752 504; x_wconf 73' lang='lat' dir='ltr'><strong>ciuntur.</strong></span> 
     </span>
    </p>
   </div>
   <div class='ocr_carea' id='block_1_3' title="bbox 503 517 2094 602">
    <p class='ocr_par' dir='ltr' id='par_1_3' title="bbox 503 517 2094 602">
     <span class='ocr_line' id='line_1_3' title="bbox 503 517 2094 602; baseline -0.016 -7"><span class='ocrx_word' id='word_1_3' title='bbox 503 577 530 595; x_wconf 65' lang='grc' dir='ltr'><em>κ</em></span> <span class='ocrx_word' id='word_1_4' title='bbox 577 541 694 596; x_wconf 83' lang='lat' dir='ltr'><strong>Col.</strong></span> <span class='ocrx_word' id='word_1_5' title='bbox 712 539 836 602; x_wconf 73' lang='grc'><strong>414,</strong></span> <span class='ocrx_word' id='word_1_6' title='bbox 855 534 1180 590; x_wconf 82' lang='lat' dir='ltr'><strong>A.0muibus</strong></span> <span class='ocrx_word' id='word_1_7' title='bbox 1197 527 1440 583; x_wconf 78' lang='lat' dir='ltr'><strong>membris</strong></span> <span class='ocrx_word' id='word_1_8' title='bbox 1453 525 1812 597; x_wconf 81' lang='lat' dir='ltr'><strong>puriﬁcemus,</strong></span> <span class='ocrx_word' id='word_1_9' title='bbox 1829 517 2094 574; x_wconf 70' lang='lat' dir='ltr'><strong>etc.Nuuc</strong></span> 
     </span>
    </p>
   </div>
   <div class='ocr_carea' id='block_1_4' title="bbox 507 621 2092 701">
    <p class='ocr_par' dir='ltr' id='par_1_4' title="bbox 507 621 2092 701">
     <span class='ocr_line' id='line_1_4' title="bbox 507 621 2092 701; baseline -0.018 -13"><span class='ocrx_word' id='word_1_10' title='bbox 507 637 573 688; x_wconf 84' lang='lat' dir='ltr'><strong>de.</strong></span> <span class='ocrx_word' id='word_1_11' title='bbox 605 634 844 701; x_wconf 81' lang='lat' dir='ltr'><strong>quinque</strong></span> <span class='ocrx_word' id='word_1_12' title='bbox 870 642 1124 681; x_wconf 82' lang='lat' dir='ltr'><strong>sensuum</strong></span> <span class='ocrx_word' id='word_1_13' title='bbox 1149 625 1468 692; x_wconf 74' lang='lat' dir='ltr'><strong>purgatione</strong></span> <span class='ocrx_word' id='word_1_14' title='bbox 1487 625 1701 671; x_wconf 82' lang='lat' dir='ltr'><strong>tractat.</strong></span> <span class='ocrx_word' id='word_1_15' title='bbox 1723 621 2043 680; x_wconf 78' lang='lat' dir='ltr'><strong>argumento</strong></span> <span class='ocrx_word' id='word_1_16' title='bbox 2064 622 2092 659; x_wconf 90' lang='lat' dir='ltr'><strong>a</strong></span> 
     </span>
    </p>
   </div>
   <div class='ocr_carea' id='block_1_5' title="bbox 509 704 2090 792">
    <p class='ocr_par' dir='ltr' id='par_1_5' title="bbox 509 704 2090 792">
     <span class='ocr_line' id='line_1_5' title="bbox 509 704 2090 792; baseline -0.019 -14"><span class='ocrx_word' id='word_1_17' title='bbox 509 725 788 792; x_wconf 72' lang='lat' dir='ltr'><strong>Scriptura</strong></span> <span class='ocrx_word' id='word_1_18' title='bbox 832 718 1017 788; x_wconf 89' lang='lat' dir='ltr'><strong>petito.</strong></span> <span class='ocrx_word' id='word_1_19' title='bbox 1049 718 1122 768; x_wconf 80' lang='lat' dir='ltr'><strong>Ac</strong></span> <span class='ocrx_word' id='word_1_20' title='bbox 1148 713 1380 782; x_wconf 85' lang='lat' dir='ltr'><strong>primum</strong></span> <span class='ocrx_word' id='word_1_21' title='bbox 1414 709 1480 761; x_wconf 91' lang='lat' dir='ltr'><strong>de</strong></span> <span class='ocrx_word' id='word_1_22' title='bbox 1504 708 1644 767; x_wconf 88' lang='lat' dir='ltr'><strong>visu,</strong></span> <span class='ocrx_word' id='word_1_23' title='bbox 1693 704 1935 757; x_wconf 90' lang='lat' dir='ltr'><strong>omnium</strong></span> <span class='ocrx_word' id='word_1_24' title='bbox 1967 715 2090 751; x_wconf 85' lang='lat' dir='ltr'><strong>scu-</strong></span> 
     </span>
    </p>
   </div>
   <div class='ocr_carea' id='block_1_6' title="bbox 507 791 2090 884">
    <p class='ocr_par' dir='ltr' id='par_1_6' title="bbox 507 791 2090 884">
     <span class='ocr_line' id='line_1_6' title="bbox 507 791 2090 884; baseline -0.018 -14"><span class='ocrx_word' id='word_1_25' title='bbox 507 791 666 872; x_wconf 88' lang='lat' dir='ltr'><strong>suum</strong></span> <span class='ocrx_word' id='word_1_26' title='bbox 700 812 968 884; x_wconf 61' lang='lat' dir='ltr'><strong>pt’ittripC,</strong></span> <span class='ocrx_word' id='word_1_27' title='bbox 1007 810 1305 865; x_wconf 83' lang='lat' dir='ltr'><strong>disserens,</strong></span> <span class='ocrx_word' id='word_1_28' title='bbox 1345 803 1419 855; x_wconf 91' lang='lat' dir='ltr'><strong>ait</strong></span> <span class='ocrx_word' id='word_1_29' title='bbox 1452 819 1462 853; x_wconf 90' lang='lat'>:</span> <span class='ocrx_word' id='word_1_30' title='bbox 1496 799 1872 852; x_wconf 82' lang='lat' dir='ltr'><strong>Illumineutur</strong></span> <span class='ocrx_word' id='word_1_31' title='bbox 1931 791 2090 856; x_wconf 82' lang='lat' dir='ltr'><strong>oculi,</strong></span> 
     </span>
    </p>
   </div>
   <div class='ocr_carea' id='block_1_7' title="bbox 508 890 2092 976">
    <p class='ocr_par' dir='ltr' id='par_1_7' title="bbox 508 890 2092 976">
     <span class='ocr_line' id='line_1_7' title="bbox 508 890 2092 976; baseline -0.018 -15"><span class='ocrx_word' id='word_1_32' title='bbox 508 922 583 974; x_wconf 86' lang='lat' dir='ltr'><strong>ut,</strong></span> <span class='ocrx_word' id='word_1_33' title='bbox 617 908 761 976; x_wconf 90' lang='lat' dir='ltr'><strong>quod</strong></span> <span class='ocrx_word' id='word_1_34' title='bbox 809 905 882 956; x_wconf 87' lang='lat' dir='ltr'><strong>ait</strong></span> <span class='ocrx_word' id='word_1_35' title='bbox 921 901 1200 955; x_wconf 81' lang='lat' dir='ltr'><strong>Salomon.</strong></span> <span class='ocrx_word' id='word_1_36' title='bbox 1238 905 1383 948; x_wconf 88' lang='lat' dir='ltr'><strong>recta</strong></span> <span class='ocrx_word' id='word_1_37' title='bbox 1433 907 1708 947; x_wconf 81' lang='lat' dir='ltr'><strong>cernamus</strong></span> <span class='ocrx_word' id='word_1_38' title='bbox 1733 890 1801 951; x_wconf 84' lang='lat'><strong>&quot;,</strong></span> <span class='ocrx_word' id='word_1_39' title='bbox 1851 901 1913 939; x_wconf 88' lang='lat' dir='ltr'><strong>ac</strong></span> <span class='ocrx_word' id='word_1_40' title='bbox 1963 900 2092 947; x_wconf 88' lang='lat' dir='ltr'><strong>non,</strong></span> 
     </span>
    </p>
   </div>
   <div class='ocr_carea' id='block_1_8' title="bbox 507 979 2095 1069">
    <p class='ocr_par' dir='ltr' id='par_1_8' title="bbox 507 979 2095 1069">
     <span class='ocr_line' id='line_1_8' title="bbox 507 979 2095 1069; baseline -0.016 -16"><span class='ocrx_word' id='word_1_41' title='bbox 507 999 650 1069; x_wconf 87' lang='lat' dir='ltr'><strong>quod</strong></span> <span class='ocrx_word' id='word_1_42' title='bbox 685 1006 826 1050; x_wconf 86' lang='lat' dir='ltr'><strong>vetat</strong></span> <span class='ocrx_word' id='word_1_43' title='bbox 852 994 1142 1057; x_wconf 83' lang='lat' dir='ltr'><strong>Dominus,</strong></span> <span class='ocrx_word' id='word_1_44' title='bbox 1170 990 1408 1044; x_wconf 82' lang='lat' dir='ltr'><strong>curiose.</strong></span> <span class='ocrx_word' id='word_1_45' title='bbox 1443 995 1496 1038; x_wconf 87' lang='lat' dir='ltr'><strong>ct</strong></span> <span class='ocrx_word' id='word_1_46' title='bbox 1530 979 1986 1051; x_wconf 63' lang='lat' dir='ltr'><strong>toncupisccntia:</strong></span> <span class='ocrx_word' id='word_1_47' title='bbox 2030 992 2095 1028; x_wconf 86' lang='lat' dir='ltr'><strong>ac</strong></span> 
     </span>
    </p>
   </div>
   <div class='ocr_carea' id='block_1_9' title="bbox 508 1071 2096 1146">
    <p class='ocr_par' dir='ltr' id='par_1_9' title="bbox 508 1071 2096 1146">
     <span class='ocr_line' id='line_1_9' title="bbox 508 1071 2096 1146; baseline -0.019 0"><span class='ocrx_word' id='word_1_48' title='bbox 508 1091 750 1146; x_wconf 72' lang='lat' dir='ltr'><strong>libidinis</strong></span> <span class='ocrx_word' id='word_1_49' title='bbox 773 1102 937 1141; x_wconf 89' lang='lat' dir='ltr'><strong>causa</strong></span> <span class='ocrx_word' id='word_1_50' title='bbox 972 1085 1266 1144; x_wconf 76' lang='lat' dir='ltr'><strong>intuentes,</strong></span> <span class='ocrx_word' id='word_1_51' title='bbox 1303 1078 1474 1146; x_wconf 72' lang='lat' dir='ltr'><strong>stupri</strong></span> <span class='ocrx_word' id='word_1_52' title='bbox 1511 1075 1864 1136; x_wconf 70' lang='lat' dir='ltr'><strong>sitnulucrttnt</strong></span> <span class='ocrx_word' id='word_1_53' title='bbox 1912 1071 1964 1122; x_wconf 87' lang='lat' dir='ltr'><strong>in</strong></span> <span class='ocrx_word' id='word_1_54' title='bbox 1997 1083 2096 1120; x_wconf 81' lang='lat' dir='ltr'><strong>nn-</strong></span> 
     </span>
    </p>
   </div>
   <div class='ocr_carea' id='block_1_10' title="bbox 511 1160 2095 1238">
    <p class='ocr_par' dir='ltr' id='par_1_10' title="bbox 511 1160 2095 1238">
     <span class='ocr_line' id='line_1_10' title="bbox 511 1160 2095 1238; baseline -0.018 -5"><span class='ocrx_word' id='word_1_55' title='bbox 511 1180 623 1234; x_wconf 67' lang='lat' dir='ltr'><strong>liis‘</strong></span> <span class='ocrx_word' id='word_1_56' title='bbox 639 1179 1060 1234; x_wconf 88' lang='lat' dir='ltr'><strong>constituamus.</strong></span> <span class='ocrx_word' id='word_1_57' title='bbox 1097 1170 1336 1238; x_wconf 78' lang='lat' dir='ltr'><strong>Alioqui,</strong></span> <span class='ocrx_word' id='word_1_58' title='bbox 1362 1168 1525 1220; x_wconf 89' lang='lat' dir='ltr'><strong>etiam</strong></span> <span class='ocrx_word' id='word_1_59' title='bbox 1563 1165 1605 1218; x_wconf 80' lang='lat' dir='ltr'><strong>si</strong></span> <span class='ocrx_word' id='word_1_60' title='bbox 1631 1160 1835 1215; x_wconf 78' lang='lat' dir='ltr'><strong>libidini</strong></span> <span class='ocrx_word' id='word_1_61' title='bbox 1862 1174 1955 1227; x_wconf 85' lang='lat' dir='ltr'><strong>per</strong></span> <span class='ocrx_word' id='word_1_62' title='bbox 1977 1172 2095 1209; x_wconf 83' lang='lat' dir='ltr'><strong>cor-</strong></span> 
     </span>
    </p>
   </div>
   <div class='ocr_carea' id='block_1_11' title="bbox 510 1250 2094 1342">
    <p class='ocr_par' dir='ltr' id='par_1_11' title="bbox 510 1250 2094 1342">
     <span class='ocr_line' id='line_1_11' title="bbox 510 1250 2094 1342; baseline -0.016 -18"><span class='ocrx_word' id='word_1_63' title='bbox 510 1285 733 1342; x_wconf 85' lang='lat' dir='ltr'><strong>poreum</strong></span> <span class='ocrx_word' id='word_1_64' title='bbox 783 1279 1136 1336; x_wconf 76' lang='lat' dir='ltr'><strong>congressum</strong></span> <span class='ocrx_word' id='word_1_65' title='bbox 1188 1276 1297 1315; x_wconf 87' lang='lat' dir='ltr'><strong>non</strong></span> <span class='ocrx_word' id='word_1_66' title='bbox 1327 1257 1750 1313; x_wconf 87' lang='lat' dir='ltr'><strong>succumhamus</strong></span> <span class='ocrx_word' id='word_1_67' title='bbox 1794 1254 1920 1320; x_wconf 89' lang='lat' dir='ltr'><strong>(hoc</strong></span> <span class='ocrx_word' id='word_1_68' title='bbox 1949 1250 2094 1302; x_wconf 83' lang='lat' dir='ltr'><strong>enini</strong></span> 
     </span>
    </p>
   </div>
   <div class='ocr_carea' id='block_1_12' title="bbox 510 1339 2099 1427">
    <p class='ocr_par' dir='ltr' id='par_1_12' title="bbox 510 1339 2099 1427">
     <span class='ocr_line' id='line_1_12' title="bbox 510 1339 2099 1427; baseline -0.018 -11"><span class='ocrx_word' id='word_1_69' title='bbox 510 1362 752 1416; x_wconf 85' lang='lat' dir='ltr'><strong>adoratio</strong></span> <span class='ocrx_word' id='word_1_70' title='bbox 789 1354 1077 1427; x_wconf 79' lang='lat' dir='ltr'><strong>significat)</strong></span> <span class='ocrx_word' id='word_1_71' title='bbox 1119 1363 1294 1405; x_wconf 89' lang='lat' dir='ltr'><strong>tamen</strong></span> <span class='ocrx_word' id='word_1_72' title='bbox 1328 1350 1379 1402; x_wconf 91' lang='lat' dir='ltr'><strong>in</strong></span> <span class='ocrx_word' id='word_1_73' title='bbox 1418 1351 1600 1400; x_wconf 89' lang='lat' dir='ltr'><strong>anitno</strong></span> <span class='ocrx_word' id='word_1_74' title='bbox 1643 1343 1832 1400; x_wconf 86' lang='lat' dir='ltr'><strong>sordes</strong></span> <span class='ocrx_word' id='word_1_75' title='bbox 1863 1339 2099 1406; x_wconf 79' lang='lat' dir='ltr'><strong>excipie-</strong></span> 
     </span>
    </p>
   </div>
   <div class='ocr_carea' id='block_1_13' title="bbox 510 1433 2098 1520">
    <p class='ocr_par' dir='ltr' id='par_1_13' title="bbox 510 1433 2098 1520">
     <span class='ocr_line' id='line_1_13' title="bbox 510 1433 2098 1520; baseline -0.016 -11"><span class='ocrx_word' id='word_1_76' title='bbox 510 1469 688 1517; x_wconf 76' lang='lat' dir='ltr'><strong>eutus,</strong></span> <span class='ocrx_word' id='word_1_77' title='bbox 722 1453 1003 1520; x_wconf 77' lang='lat' dir='ltr'><strong>impressis</strong></span> <span class='ocrx_word' id='word_1_78' title='bbox 1033 1445 1278 1499; x_wconf 77' lang='lat' dir='ltr'><strong>videlicet</strong></span> <span class='ocrx_word' id='word_1_79' title='bbox 1313 1443 1365 1495; x_wconf 91' lang='lat' dir='ltr'><strong>in</strong></span> <span class='ocrx_word' id='word_1_80' title='bbox 1411 1440 1564 1494; x_wconf 79' lang='lat' dir='ltr'><strong>nobis</strong></span> <span class='ocrx_word' id='word_1_81' title='bbox 1599 1436 1802 1506; x_wconf 85' lang='lat' dir='ltr'><strong>peccati</strong></span> <span class='ocrx_word' id='word_1_82' title='bbox 1835 1433 2023 1488; x_wconf 77' lang='lat' dir='ltr'><strong>formis</strong></span> <span class='ocrx_word' id='word_1_83' title='bbox 2046 1441 2098 1484; x_wconf 91' lang='lat' dir='ltr'><strong>et</strong></span> 
     </span>
    </p>
   </div>
   <div class='ocr_carea' id='block_1_14' title="bbox 516 1526 2099 1608">
    <p class='ocr_par' dir='ltr' id='par_1_14' title="bbox 516 1526 2099 1608">
     <span class='ocr_line' id='line_1_14' title="bbox 516 1526 2099 1608; baseline -0.016 -8"><span class='ocrx_word' id='word_1_84' title='bbox 516 1546 851 1600; x_wconf 82' lang='lat' dir='ltr'><strong>simulacris.</strong></span> <span class='ocrx_word' id='word_1_85' title='bbox 896 1540 1160 1608; x_wconf 79' lang='lat' dir='ltr'><strong>Quisquis</strong></span> <span class='ocrx_word' id='word_1_86' title='bbox 1203 1536 1345 1590; x_wconf 87' lang='lat' dir='ltr'><strong>enim</strong></span> <span class='ocrx_word' id='word_1_87' title='bbox 1399 1531 1628 1602; x_wconf 83' lang='lat' dir='ltr'><strong>cupidos</strong></span> <span class='ocrx_word' id='word_1_88' title='bbox 1686 1529 1873 1581; x_wconf 77' lang='lat' dir='ltr'><strong>oculos</strong></span> <span class='ocrx_word' id='word_1_89' title='bbox 1904 1527 1956 1578; x_wconf 88' lang='lat' dir='ltr'><strong>iti</strong></span> <span class='ocrx_word' id='word_1_90' title='bbox 2003 1526 2099 1576; x_wconf 88' lang='lat' dir='ltr'><strong>ali—</strong></span> 
     </span>
    </p>
   </div>
   <div class='ocr_carea' id='block_1_15' title="bbox 515 1615 2098 1707">
    <p class='ocr_par' dir='ltr' id='par_1_15' title="bbox 515 1615 2098 1707">
     <span class='ocr_line' id='line_1_15' title="bbox 515 1615 2098 1707; baseline -0.016 -16"><span class='ocrx_word' id='word_1_91' title='bbox 515 1653 676 1707; x_wconf 69' lang='lat' dir='ltr'><strong>qui-nt</strong></span> <span class='ocrx_word' id='word_1_92' title='bbox 712 1633 981 1702; x_wconf 70' lang='lat' dir='ltr'><strong>iniecerit,</strong></span> <span class='ocrx_word' id='word_1_93' title='bbox 1023 1631 1130 1694; x_wconf 83' lang='lat' dir='ltr'><strong>iam</strong></span> <span class='ocrx_word' id='word_1_94' title='bbox 1170 1626 1499 1680; x_wconf 85' lang='lat' dir='ltr'><strong>adulterium</strong></span> <span class='ocrx_word' id='word_1_95' title='bbox 1533 1620 1806 1676; x_wconf 86' lang='lat' dir='ltr'><strong>commisit</strong></span> <span class='ocrx_word' id='word_1_96' title='bbox 1840 1618 1892 1670; x_wconf 87' lang='lat' dir='ltr'><strong>itt</strong></span> <span class='ocrx_word' id='word_1_97' title='bbox 1936 1615 2098 1670; x_wconf 89' lang='lat' dir='ltr'><strong>corde</strong></span> 
     </span>
    </p>
   </div>
   <div class='ocr_carea' id='block_1_16' title="bbox 1926 223 2304 288">
    <p class='ocr_par' dir='ltr' id='par_1_16' title="bbox 1926 223 2304 288">
     <span class='ocr_line' id='line_1_16' title="bbox 1926 223 2304 288; baseline -0.024 1"><span class='ocrx_word' id='word_1_98' title='bbox 1926 223 2304 288; x_wconf 70' lang='lat' dir='ltr'><strong>AD&quot;)ENDA.</strong></span> 
     </span>
    </p>
   </div>
   <div class='ocr_carea' id='block_1_17' title="bbox 407 319 3768 428">
    <p class='ocr_par' dir='ltr' id='par_1_17' title="bbox 407 319 3768 428">
     <span class='ocr_line' id='line_1_17' title="bbox 407 319 3768 428; baseline -0.01 -22"><span class='ocrx_word' id='word_1_99' title='bbox 407 401 414 406; x_wconf 87' lang='lat'><em>_</em></span> <span class='ocrx_word' id='word_1_100' title='bbox 504 371 694 428; x_wconf 77' lang='lat' dir='ltr'><strong>opera,</strong></span> <span class='ocrx_word' id='word_1_101' title='bbox 725 363 945 426; x_wconf 84' lang='lat' dir='ltr'><strong>propter</strong></span> <span class='ocrx_word' id='word_1_102' title='bbox 977 351 1316 406; x_wconf 80' lang='lat' dir='ltr'><strong>honestatem</strong></span> <span class='ocrx_word' id='word_1_103' title='bbox 1350 343 1524 418; x_wconf 82' lang='lat' dir='ltr'><strong>palam</strong></span> <span class='ocrx_word' id='word_1_104' title='bbox 1581 349 1873 411; x_wconf 84' lang='lat' dir='ltr'><strong>aperteque</strong></span> <span class='ocrx_word' id='word_1_105' title='bbox 1924 334 2095 390; x_wconf 85' lang='lat' dir='ltr'><strong>cunti-</strong></span> <span class='ocrx_word' id='word_1_106' title='bbox 2120 342 2171 400; x_wconf 72' lang='grc' dir='ltr'>Α</span> <span class='ocrx_word' id='word_1_107' title='bbox 2199 335 2326 387; x_wconf 83' lang='lat' dir='ltr'><strong>huic</strong></span> <span class='ocrx_word' id='word_1_108' title='bbox 2367 333 2548 387; x_wconf 86' lang='lat' dir='ltr'><strong>studio</strong></span> <span class='ocrx_word' id='word_1_109' title='bbox 2579 328 2865 390; x_wconf 78' lang='lat' dir='ltr'><strong>incumbit,</strong></span> <span class='ocrx_word' id='word_1_110' title='bbox 2897 333 2955 380; x_wconf 91' lang='lat' dir='ltr'><strong>ut</strong></span> <span class='ocrx_word' id='word_1_111' title='bbox 2991 340 3088 378; x_wconf 91' lang='lat' dir='ltr'><strong>nos</strong></span> <span class='ocrx_word' id='word_1_112' title='bbox 3125 320 3337 374; x_wconf 74' lang='lat' dir='ltr'><strong>insidiis</strong></span> <span class='ocrx_word' id='word_1_113' title='bbox 3372 319 3768 373; x_wconf 73' lang='lat' dir='ltr'><strong>circumventos</strong></span> 
     </span>
    </p>
   </div>
   <div class='ocr_carea' id='block_1_18' title="bbox 3637 207 3764 267">
    <p class='ocr_par' dir='ltr' id='par_1_18' title="bbox 3637 207 3764 267">
     <span class='ocr_line' id='line_1_18' title="bbox 3637 207 3764 267; baseline -0.016 -1"><span class='ocrx_word' id='word_1_114' title='bbox 3637 207 3764 267; x_wconf 62' lang='lat'><strong>{288</strong></span> 
     </span>
    </p>
   </div>
   <div class='ocr_carea' id='block_1_19' title="bbox 2198 411 3772 494">
    <p class='ocr_par' dir='ltr' id='par_1_19' title="bbox 2198 411 3772 494">
     <span class='ocr_line' id='line_1_19' title="bbox 2198 411 3772 494; baseline -0.011 -17"><span class='ocrx_word' id='word_1_115' title='bbox 2198 427 2498 494; x_wconf 89' lang='lat' dir='ltr'><strong>opprimat.</strong></span> <span class='ocrx_word' id='word_1_116' title='bbox 2533 423 2804 489; x_wconf 81' lang='lat' dir='ltr'><strong>Quocirca</strong></span> <span class='ocrx_word' id='word_1_117' title='bbox 2843 433 3156 480; x_wconf 75' lang='lat' dir='ltr'><strong>(’a\83lllllS,</strong></span> <span class='ocrx_word' id='word_1_118' title='bbox 3198 430 3264 467; x_wconf 89' lang='lat' dir='ltr'><strong>ne</strong></span> <span class='ocrx_word' id='word_1_119' title='bbox 3291 414 3423 483; x_wconf 91' lang='lat' dir='ltr'><strong>quid</strong></span> <span class='ocrx_word' id='word_1_120' title='bbox 3461 411 3772 480; x_wconf 66' lang='lat' dir='ltr'><strong>ltttjttstttOt-j</strong></span> 
     </span>
    </p>
   </div>
   <div class='ocr_carea' id='block_1_20' title="bbox 2199 503 3773 582">
    <p class='ocr_par' dir='ltr' id='par_1_20' title="bbox 2199 503 3773 582">
     <span class='ocr_line' id='line_1_20' title="bbox 2199 503 3773 582; baseline -0.011 -9"><span class='ocrx_word' id='word_1_121' title='bbox 2199 518 2503 582; x_wconf 86' lang='lat' dir='ltr'><strong>faciamus;</strong></span> <span class='ocrx_word' id='word_1_122' title='bbox 2536 530 2749 578; x_wconf 84' lang='lat' dir='ltr'><strong>verum,</strong></span> <span class='ocrx_word' id='word_1_123' title='bbox 2777 513 2920 566; x_wconf 84' lang='lat' dir='ltr'><strong>sicut</strong></span> <span class='ocrx_word' id='word_1_124' title='bbox 2952 510 3018 563; x_wconf 87' lang='lat' dir='ltr'><strong>ad</strong></span> <span class='ocrx_word' id='word_1_125' title='bbox 3046 506 3358 562; x_wconf 83' lang='lat' dir='ltr'><strong>Corinthios</strong></span> <span class='ocrx_word' id='word_1_126' title='bbox 3396 505 3600 557; x_wconf 87' lang='lat' dir='ltr'><strong>Paulus</strong></span> <span class='ocrx_word' id='word_1_127' title='bbox 3636 503 3773 556; x_wconf 83' lang='lat' dir='ltr'><strong>scri-</strong></span> 
     </span>
    </p>
   </div>
   <div class='ocr_carea' id='block_1_21' title="bbox 2196 598 3774 680">
    <p class='ocr_par' dir='ltr' id='par_1_21' title="bbox 2196 598 3774 680">
     <span class='ocr_line' id='line_1_21' title="bbox 2196 598 3774 680; baseline -0.011 -14"><span class='ocrx_word' id='word_1_128' title='bbox 2196 613 2291 672; x_wconf 86' lang='lat' dir='ltr'><strong>bit.</strong></span> <span class='ocrx_word' id='word_1_129' title='bbox 2321 611 2612 680; x_wconf 82' lang='lat' dir='ltr'><strong>loquamur</strong></span> <span class='ocrx_word' id='word_1_130' title='bbox 2635 606 2863 676; x_wconf 78' lang='lat' dir='ltr'><strong>mystice</strong></span> <span class='ocrx_word' id='word_1_131' title='bbox 2898 612 2952 657; x_wconf 88' lang='lat' dir='ltr'><strong>et</strong></span> <span class='ocrx_word' id='word_1_132' title='bbox 2977 612 3136 656; x_wconf 88' lang='lat' dir='ltr'><strong>caute</strong></span> <span class='ocrx_word' id='word_1_133' title='bbox 3167 615 3227 654; x_wconf 89' lang='lat' dir='ltr'><strong>ea</strong></span> <span class='ocrx_word' id='word_1_134' title='bbox 3262 614 3382 668; x_wconf 74' lang='lat' dir='ltr'><strong>quae</strong></span> <span class='ocrx_word' id='word_1_135' title='bbox 3414 598 3650 666; x_wconf 86' lang='lat' dir='ltr'><strong>impuris</strong></span> <span class='ocrx_word' id='word_1_136' title='bbox 3675 598 3774 649; x_wconf 87' lang='lat' dir='ltr'><strong>ho-</strong></span> 
     </span>
    </p>
   </div>
   <div class='ocr_carea' id='block_1_22' title="bbox 2199 689 3774 760">
    <p class='ocr_par' dir='ltr' id='par_1_22' title="bbox 2199 689 3774 760">
     <span class='ocr_line' id='line_1_22' title="bbox 2199 689 3774 760; baseline -0.011 -3"><span class='ocrx_word' id='word_1_137' title='bbox 2199 702 2438 757; x_wconf 88' lang='lat' dir='ltr'><strong>minibus</strong></span> <span class='ocrx_word' id='word_1_138' title='bbox 2475 709 2614 754; x_wconf 90' lang='lat' dir='ltr'><strong>tecta</strong></span> <span class='ocrx_word' id='word_1_139' title='bbox 2645 707 2773 752; x_wconf 84' lang='lat' dir='ltr'><strong>sunt</strong></span> <span class='ocrx_word' id='word_1_140' title='bbox 2798 707 2852 750; x_wconf 89' lang='lat' dir='ltr'><strong>et</strong></span> <span class='ocrx_word' id='word_1_141' title='bbox 2874 694 3192 748; x_wconf 88' lang='lat' dir='ltr'><strong>abscondita</strong></span> <span class='ocrx_word' id='word_1_142' title='bbox 3221 691 3286 744; x_wconf 86' lang='lat'><strong>&quot;.</strong></span> <span class='ocrx_word' id='word_1_143' title='bbox 3332 689 3523 760; x_wconf 75' lang='lat' dir='ltr'><strong>Igneus</strong></span> <span class='ocrx_word' id='word_1_144' title='bbox 3558 691 3774 748; x_wconf 77' lang='lat' dir='ltr'><strong>linquas</strong></span> 
     </span>
    </p>
   </div>
   <div class='ocr_carea' id='block_1_23' title="bbox 2197 783 3782 862">
    <p class='ocr_par' dir='ltr' id='par_1_23' title="bbox 2197 783 3782 862">
     <span class='ocr_line' id='line_1_23' title="bbox 2197 783 3782 862; baseline -0.009 -13"><span class='ocrx_word' id='word_1_145' title='bbox 2197 809 2450 858; x_wconf 79' lang='lat' dir='ltr'><strong>verentes,</strong></span> <span class='ocrx_word' id='word_1_146' title='bbox 2476 794 2528 846; x_wconf 92' lang='lat' dir='ltr'><strong>in</strong></span> <span class='ocrx_word' id='word_1_147' title='bbox 2560 806 2794 862; x_wconf 89' lang='lat' dir='ltr'><strong>quarum</strong></span> <span class='ocrx_word' id='word_1_148' title='bbox 2830 789 3004 842; x_wconf 87' lang='lat' dir='ltr'><strong>forma</strong></span> <span class='ocrx_word' id='word_1_149' title='bbox 3033 784 3274 854; x_wconf 86' lang='lat' dir='ltr'><strong>Spiritus</strong></span> <span class='ocrx_word' id='word_1_150' title='bbox 3293 794 3518 837; x_wconf 82' lang='lat' dir='ltr'><strong>sanctus</strong></span> <span class='ocrx_word' id='word_1_151' title='bbox 3552 783 3606 834; x_wconf 88' lang='lat' dir='ltr'><strong>in</strong></span> <span class='ocrx_word' id='word_1_152' title='bbox 3645 796 3782 850; x_wconf 86' lang='lat' dir='ltr'><strong>apo-</strong></span> 
     </span>
    </p>
   </div>
   <div class='ocr_carea' id='block_1_24' title="bbox 2199 871 3785 941">
    <p class='ocr_par' dir='ltr' id='par_1_24' title="bbox 2199 871 3785 941">
     <span class='ocr_line' id='line_1_24' title="bbox 2199 871 3785 941; baseline -0.013 -1"><span class='ocrx_word' id='word_1_153' title='bbox 2199 887 2370 941; x_wconf 85' lang='lat' dir='ltr'><strong>stolos</strong></span> <span class='ocrx_word' id='word_1_154' title='bbox 2415 883 2631 938; x_wconf 77' lang='lat' dir='ltr'><strong>influxit</strong></span> <span class='ocrx_word' id='word_1_155' title='bbox 2659 881 2724 934; x_wconf 78' lang='grc'><strong>⁸³.</strong></span> <span class='ocrx_word' id='word_1_156' title='bbox 2773 881 2847 933; x_wconf 89' lang='lat' dir='ltr'><strong>Ita</strong></span> <span class='ocrx_word' id='word_1_157' title='bbox 2896 889 3076 931; x_wconf 81' lang='lat' dir='ltr'><strong>autem</strong></span> <span class='ocrx_word' id='word_1_158' title='bbox 3111 890 3205 930; x_wconf 89' lang='lat' dir='ltr'><strong>eas</strong></span> <span class='ocrx_word' id='word_1_159' title='bbox 3246 872 3578 931; x_wconf 86' lang='lat' dir='ltr'><strong>verebimur,</strong></span> <span class='ocrx_word' id='word_1_160' title='bbox 3615 871 3690 934; x_wconf 88' lang='lat' dir='ltr'><strong>si,</strong></span> <span class='ocrx_word' id='word_1_161' title='bbox 3725 878 3785 920; x_wconf 89' lang='lat' dir='ltr'><strong>ut</strong></span> 
     </span>
    </p>
   </div>
   <div class='ocr_carea' id='block_1_25' title="bbox 2201 961 3782 1048">
    <p class='ocr_par' dir='ltr' id='par_1_25' title="bbox 2201 961 3782 1048">
     <span class='ocr_line' id='line_1_25' title="bbox 2201 961 3782 1048; baseline -0.014 -16"><span class='ocrx_word' id='word_1_162' title='bbox 2201 979 2267 1034; x_wconf 89' lang='lat' dir='ltr'><strong>iis</strong></span> <span class='ocrx_word' id='word_1_163' title='bbox 2293 993 2414 1048; x_wconf 71' lang='lat' dir='ltr'><strong>qua:</strong></span> <span class='ocrx_word' id='word_1_164' title='bbox 2452 978 2759 1046; x_wconf 79' lang='lat' dir='ltr'><strong>linguarum</strong></span> <span class='ocrx_word' id='word_1_165' title='bbox 2794 970 3147 1040; x_wconf 74' lang='lat' dir='ltr'><strong>splendorem</strong></span> <span class='ocrx_word' id='word_1_166' title='bbox 3193 976 3246 1022; x_wconf 86' lang='lat' dir='ltr'><strong>et</strong></span> <span class='ocrx_word' id='word_1_167' title='bbox 3275 964 3567 1034; x_wconf 87' lang='lat' dir='ltr'><strong>puritatem</strong></span> <span class='ocrx_word' id='word_1_168' title='bbox 3601 963 3605 966; x_wconf 83' lang='grc'><em>’</em></span> <span class='ocrx_word' id='word_1_169' title='bbox 3635 961 3782 1013; x_wconf 84' lang='lat' dir='ltr'><strong>desi-</strong></span> 
     </span>
    </p>
   </div>
   <div class='ocr_carea' id='block_1_26' title="bbox 2200 1055 3786 1142">
    <p class='ocr_par' dir='ltr' id='par_1_26' title="bbox 2200 1055 3786 1142">
     <span class='ocr_line' id='line_1_26' title="bbox 2200 1055 3786 1142; baseline -0.013 -18"><span class='ocrx_word' id='word_1_170' title='bbox 2200 1079 2390 1142; x_wconf 82' lang='lat' dir='ltr'><strong>gnant.</strong></span> <span class='ocrx_word' id='word_1_171' title='bbox 2432 1070 2654 1138; x_wconf 86' lang='lat' dir='ltr'><strong>dignum</strong></span> <span class='ocrx_word' id='word_1_172' title='bbox 2687 1076 2789 1127; x_wconf 90' lang='lat' dir='ltr'><strong>est,</strong></span> <span class='ocrx_word' id='word_1_173' title='bbox 2827 1063 2988 1117; x_wconf 85' lang='lat' dir='ltr'><strong>verba</strong></span> <span class='ocrx_word' id='word_1_174' title='bbox 3023 1061 3316 1114; x_wconf 85' lang='lat' dir='ltr'><strong>faciamus.</strong></span> <span class='ocrx_word' id='word_1_175' title='bbox 3364 1055 3483 1110; x_wconf 83' lang='lat' dir='ltr'><strong>Jam</strong></span> <span class='ocrx_word' id='word_1_176' title='bbox 3513 1069 3645 1108; x_wconf 84' lang='lat' dir='ltr'><strong>vero</strong></span> <span class='ocrx_word' id='word_1_177' title='bbox 3685 1069 3786 1105; x_wconf 88' lang='lat' dir='ltr'><strong>cu-</strong></span> 
     </span>
    </p>
   </div>
   <div class='ocr_carea' id='block_1_27' title="bbox 2202 1146 3784 1228">
    <p class='ocr_par' dir='ltr' id='par_1_27' title="bbox 2202 1146 3784 1228">
     <span class='ocr_line' id='line_1_27' title="bbox 2202 1146 3784 1228; baseline -0.012 -12"><span class='ocrx_word' id='word_1_178' title='bbox 2202 1173 2317 1216; x_wconf 87' lang='lat' dir='ltr'><strong>rata</strong></span> <span class='ocrx_word' id='word_1_179' title='bbox 2355 1163 2536 1228; x_wconf 72' lang='lat' dir='ltr'><strong>lingua</strong></span> <span class='ocrx_word' id='word_1_180' title='bbox 2568 1156 2791 1212; x_wconf 76' lang='lat' dir='ltr'><strong>olfactui</strong></span> <span class='ocrx_word' id='word_1_181' title='bbox 2827 1169 3046 1224; x_wconf 84' lang='lat' dir='ltr'><strong>quoque</strong></span> <span class='ocrx_word' id='word_1_182' title='bbox 3077 1153 3396 1206; x_wconf 84' lang='lat' dir='ltr'><strong>medeamur</strong></span> <span class='ocrx_word' id='word_1_183' title='bbox 3422 1192 3436 1213; x_wconf 90' lang='lat'><strong>,</strong></span> <span class='ocrx_word' id='word_1_184' title='bbox 3464 1163 3531 1202; x_wconf 89' lang='lat' dir='ltr'><strong>ne</strong></span> <span class='ocrx_word' id='word_1_185' title='bbox 3569 1146 3784 1200; x_wconf 75' lang='lat' dir='ltr'><strong>clienti-</strong></span> 
     </span>
    </p>
   </div>
   <div class='ocr_carea' id='block_1_28' title="bbox 2204 1242 3786 1320">
    <p class='ocr_par' dir='ltr' id='par_1_28' title="bbox 2204 1242 3786 1320">
     <span class='ocr_line' id='line_1_28' title="bbox 2204 1242 3786 1320; baseline -0.011 -12"><span class='ocrx_word' id='word_1_186' title='bbox 2204 1270 2398 1308; x_wconf 85' lang='lat' dir='ltr'><strong>nentur</strong></span> <span class='ocrx_word' id='word_1_187' title='bbox 2429 1249 2735 1320; x_wconf 83' lang='lat' dir='ltr'><strong>(muliebris</strong></span> <span class='ocrx_word' id='word_1_188' title='bbox 2764 1249 2908 1301; x_wconf 87' lang='lat' dir='ltr'><strong>enim</strong></span> <span class='ocrx_word' id='word_1_189' title='bbox 2934 1254 2987 1300; x_wconf 90' lang='lat' dir='ltr'><strong>et</strong></span> <span class='ocrx_word' id='word_1_190' title='bbox 3011 1245 3302 1299; x_wconf 68' lang='lat' dir='ltr'><strong>effeminati</strong></span> <span class='ocrx_word' id='word_1_191' title='bbox 3331 1251 3412 1297; x_wconf 90' lang='lat' dir='ltr'><strong>est</strong></span> <span class='ocrx_word' id='word_1_192' title='bbox 3446 1242 3614 1295; x_wconf 89' lang='lat' dir='ltr'><strong>animi</strong></span> <span class='ocrx_word' id='word_1_193' title='bbox 3653 1255 3786 1291; x_wconf 76' lang='lat' dir='ltr'><strong>aro-</strong></span> 
     </span>
    </p>
   </div>
   <div class='ocr_carea' id='block_1_29' title="bbox 2205 1328 3793 1406">
    <p class='ocr_par' dir='ltr' id='par_1_29' title="bbox 2205 1328 3793 1406">
     <span class='ocr_line' id='line_1_29' title="bbox 2205 1328 3793 1406; baseline -0.011 -10"><span class='ocrx_word' id='word_1_194' title='bbox 2205 1344 2444 1397; x_wconf 78' lang='lat' dir='ltr'><strong>inatilins</strong></span> <span class='ocrx_word' id='word_1_195' title='bbox 2497 1339 2572 1392; x_wconf 83' lang='lat' dir='ltr'><strong>uti</strong></span> <span class='ocrx_word' id='word_1_196' title='bbox 2634 1356 2648 1391; x_wconf 89' lang='lat'><strong>:</strong></span> <span class='ocrx_word' id='word_1_197' title='bbox 2709 1347 2872 1406; x_wconf 86' lang='lat' dir='ltr'><strong>atque</strong></span> <span class='ocrx_word' id='word_1_198' title='bbox 2932 1335 3136 1388; x_wconf 72' lang='lat' dir='ltr'><strong>crebra:</strong></span> <span class='ocrx_word' id='word_1_199' title='bbox 3200 1335 3431 1385; x_wconf 83' lang='lat' dir='ltr'><strong>odorum</strong></span> <span class='ocrx_word' id='word_1_200' title='bbox 3483 1328 3793 1383; x_wconf 71' lang='lat' dir='ltr'><strong>suavitates</strong></span> 
     </span>
    </p>
   </div>
   <div class='ocr_carea' id='block_1_30' title="bbox 2201 1417 3790 1506">
    <p class='ocr_par' dir='ltr' id='par_1_30' title="bbox 2201 1417 3790 1506">
     <span class='ocr_line' id='line_1_30' title="bbox 2201 1417 3790 1506; baseline -0.011 -17"><span class='ocrx_word' id='word_1_201' title='bbox 2201 1435 2498 1506; x_wconf 60' lang='lat' dir='ltr'><strong>appetitum</strong></span> <span class='ocrx_word' id='word_1_202' title='bbox 2525 1444 2876 1499; x_wconf 85' lang='lat' dir='ltr'><strong>corrumpere</strong></span> <span class='ocrx_word' id='word_1_203' title='bbox 2902 1436 3064 1496; x_wconf 86' lang='lat' dir='ltr'><strong>atque</strong></span> <span class='ocrx_word' id='word_1_204' title='bbox 3089 1424 3332 1478; x_wconf 72' lang='lat' dir='ltr'><strong>etnotlire</strong></span> <span class='ocrx_word' id='word_1_205' title='bbox 3361 1417 3790 1486; x_wconf 75' lang='lat' dir='ltr'><strong>consueverunt)</strong></span> 
     </span>
    </p>
   </div>
   <div class='ocr_carea' id='block_1_31' title="bbox 2203 1513 3792 1588">
    <p class='ocr_par' dir='ltr' id='par_1_31' title="bbox 2203 1513 3792 1588">
     <span class='ocr_line' id='line_1_31' title="bbox 2203 1513 3792 1588; baseline -0.014 -7"><span class='ocrx_word' id='word_1_206' title='bbox 2203 1545 2269 1582; x_wconf 88' lang='lat' dir='ltr'><strong>ne</strong></span> <span class='ocrx_word' id='word_1_207' title='bbox 2303 1528 2349 1580; x_wconf 93' lang='lat' dir='ltr'><strong>id</strong></span> <span class='ocrx_word' id='word_1_208' title='bbox 2376 1525 2534 1578; x_wconf 86' lang='lat' dir='ltr'><strong>nobis</strong></span> <span class='ocrx_word' id='word_1_209' title='bbox 2567 1521 2966 1588; x_wconf 87' lang='lat' dir='ltr'><strong>accidat,quod</strong></span> <span class='ocrx_word' id='word_1_210' title='bbox 2998 1517 3166 1572; x_wconf 88' lang='lat' dir='ltr'><strong>Isaias</strong></span> <span class='ocrx_word' id='word_1_211' title='bbox 3197 1515 3400 1569; x_wconf 61' lang='lat' dir='ltr'><strong>ludatis</strong></span> <span class='ocrx_word' id='word_1_212' title='bbox 3422 1513 3623 1567; x_wconf 89' lang='lat' dir='ltr'><strong>minaci</strong></span> <span class='ocrx_word' id='word_1_213' title='bbox 3659 1526 3792 1562; x_wconf 80' lang='lat' dir='ltr'><strong>ora-</strong></span> 
     </span>
    </p>
   </div>
   <div class='ocr_carea' id='block_1_32' title="bbox 2205 1602 3790 1677">
    <p class='ocr_par' dir='ltr' id='par_1_32' title="bbox 2205 1602 3790 1677">
     <span class='ocr_line' id='line_1_32' title="bbox 2205 1602 3790 1677; baseline -0.011 -6"><span class='ocrx_word' id='word_1_214' title='bbox 2205 1620 2348 1672; x_wconf 81' lang='lat' dir='ltr'><strong>tione</strong></span> <span class='ocrx_word' id='word_1_215' title='bbox 2378 1613 2721 1670; x_wconf 76' lang='lat' dir='ltr'><strong>denuntiavit</strong></span> <span class='ocrx_word' id='word_1_216' title='bbox 2755 1627 2770 1665; x_wconf 90' lang='lat'><strong>:</strong></span> <span class='ocrx_word' id='word_1_217' title='bbox 2807 1611 2923 1664; x_wconf 74' lang='lat' dir='ltr'><strong>Erit</strong></span> <span class='ocrx_word' id='word_1_218' title='bbox 2954 1611 3126 1672; x_wconf 88' lang='lat' dir='ltr'><strong>enim,</strong></span> <span class='ocrx_word' id='word_1_219' title='bbox 3172 1608 3370 1677; x_wconf 86' lang='lat' dir='ltr'><strong>inquit,</strong></span> <span class='ocrx_word' id='word_1_220' title='bbox 3405 1622 3499 1674; x_wconf 84' lang='lat' dir='ltr'><strong>pro</strong></span> <span class='ocrx_word' id='word_1_221' title='bbox 3540 1602 3790 1672; x_wconf 84' lang='lat' dir='ltr'><strong>jucunda</strong></span> 
     </span>
    </p>
   </div>
   <div class='ocr_carea' id='block_1_33' title="bbox 519 1683 3788 1796">
    <p class='ocr_par' dir='ltr' id='par_1_33' title="bbox 519 1683 3788 1796">
     <span class='ocr_line' id='line_1_33' title="bbox 519 1683 1034 1707; baseline -0.01 -8"><span class='ocrx_word' id='word_1_222' title='bbox 715 1683 902 1702; x_wconf 41' lang='grc' dir='ltr'><strong>--κδ--νκ</strong></span> <span class='ocrx_word' id='word_1_223' title='bbox 969 1683 981 1694; x_wconf 84' lang='grc'><strong>,</strong></span> <span class='ocrx_word' id='word_1_224' title='bbox 1025 1683 1034 1694; x_wconf 92' lang='grc'>.</span> 
     </span>
     <span class='ocr_line' id='line_1_34' title="bbox 519 1683 3788 1796; baseline -0.012 -12"><span class='ocrx_word' id='word_1_225' title='bbox 519 1746 620 1783; x_wconf 88' lang='lat' dir='ltr'><strong>suo</strong></span> <span class='ocrx_word' id='word_1_226' title='bbox 642 1727 710 1782; x_wconf 84' lang='grc'><strong>⁸³.</strong></span> <span class='ocrx_word' id='word_1_227' title='bbox 742 1725 797 1780; x_wconf 85' lang='lat' dir='ltr'><strong>Si</strong></span> <span class='ocrx_word' id='word_1_228' title='bbox 834 1738 1028 1793; x_wconf 77' lang='lat' dir='ltr'><strong>magna</strong></span> <span class='ocrx_word' id='word_1_229' title='bbox 1059 1721 1302 1796; x_wconf 53' lang='lat' dir='ltr'><strong>quasdam</strong></span> <span class='ocrx_word' id='word_1_230' title='bbox 1330 1716 1495 1769; x_wconf 76' lang='lat' dir='ltr'><strong>altilni</strong></span> <span class='ocrx_word' id='word_1_231' title='bbox 1531 1711 1873 1783; x_wconf 71' lang='lat' dir='ltr'><strong>pcrllll‘balio</strong></span> <span class='ocrx_word' id='word_1_232' title='bbox 1905 1709 1957 1760; x_wconf 74' lang='lat' dir='ltr'><strong>ill</strong></span> <span class='ocrx_word' id='word_1_233' title='bbox 2000 1721 2099 1759; x_wconf 71' lang='lat'><strong>&quot;0-</strong></span> <span class='ocrx_word' id='word_1_234' title='bbox 2133 1683 2175 1738; x_wconf 72' lang='grc' dir='ltr'><strong>Β</strong></span> <span class='ocrx_word' id='word_1_235' title='bbox 2207 1713 2366 1766; x_wconf 81' lang='lat' dir='ltr'><strong>odore</strong></span> <span class='ocrx_word' id='word_1_236' title='bbox 2394 1708 2566 1779; x_wconf 82' lang='lat' dir='ltr'><strong>pulvis</strong></span> <span class='ocrx_word' id='word_1_237' title='bbox 2592 1708 2657 1758; x_wconf 75' lang='lat'><strong>“.</strong></span> <span class='ocrx_word' id='word_1_238' title='bbox 2689 1706 2784 1759; x_wconf 89' lang='lat' dir='ltr'><strong>ltle</strong></span> <span class='ocrx_word' id='word_1_239' title='bbox 2807 1720 2934 1757; x_wconf 89' lang='lat' dir='ltr'><strong>vero</strong></span> <span class='ocrx_word' id='word_1_240' title='bbox 2966 1713 3366 1770; x_wconf 78' lang='lat' dir='ltr'><strong>unguentorum</strong></span> <span class='ocrx_word' id='word_1_241' title='bbox 3400 1697 3788 1768; x_wconf 72' lang='lat' dir='ltr'><strong>profusionem</strong></span> 
     </span>
    </p>
   </div>
   <div class='ocr_carea' id='block_1_34' title="bbox 515 1798 2102 1887">
    <p class='ocr_par' dir='ltr' id='par_1_34' title="bbox 515 1798 2102 1887">
     <span class='ocr_line' id='line_1_35' title="bbox 515 1798 2102 1887; baseline -0.015 -14"><span class='ocrx_word' id='word_1_242' title='bbox 515 1820 618 1880; x_wconf 53' lang='lat' dir='ltr'><strong>his,</strong></span> <span class='ocrx_word' id='word_1_243' title='bbox 641 1818 795 1887; x_wconf 77' lang='lat' dir='ltr'><strong>quasi</strong></span> <span class='ocrx_word' id='word_1_244' title='bbox 824 1815 1027 1879; x_wconf 86' lang='lat' dir='ltr'><strong>trabes,</strong></span> <span class='ocrx_word' id='word_1_245' title='bbox 1061 1811 1244 1871; x_wconf 83' lang='lat' dir='ltr'><strong>fuerit,</strong></span> <span class='ocrx_word' id='word_1_246' title='bbox 1283 1817 1373 1860; x_wconf 81' lang='lat' dir='ltr'><strong>aut</strong></span> <span class='ocrx_word' id='word_1_247' title='bbox 1405 1821 1589 1875; x_wconf 82' lang='lat' dir='ltr'><strong>parva,</strong></span> <span class='ocrx_word' id='word_1_248' title='bbox 1622 1813 1679 1857; x_wconf 89' lang='lat' dir='ltr'><strong>tit</strong></span> <span class='ocrx_word' id='word_1_249' title='bbox 1708 1801 1935 1862; x_wconf 88' lang='lat' dir='ltr'><strong>festuca,</strong></span> <span class='ocrx_word' id='word_1_250' title='bbox 1962 1798 2102 1851; x_wconf 85' lang='lat' dir='ltr'><strong>hane</strong></span> 
     </span>
    </p>
   </div>
   <div class='ocr_carea' id='block_1_35' title="bbox 519 1889 2102 1982">
    <p class='ocr_par' dir='ltr' id='par_1_35' title="bbox 519 1889 2102 1982">
     <span class='ocr_line' id='line_1_36' title="bbox 519 1889 2102 1982; baseline -0.016 -16"><span class='ocrx_word' id='word_1_251' title='bbox 519 1915 605 1982; x_wconf 70' lang='lat' dir='ltr'><strong>de]</strong></span> <span class='ocrx_word' id='word_1_252' title='bbox 627 1914 879 1973; x_wconf 86' lang='lat' dir='ltr'><strong>ellamus,</strong></span> <span class='ocrx_word' id='word_1_253' title='bbox 905 1916 963 1962; x_wconf 88' lang='lat' dir='ltr'><strong>ut</strong></span> <span class='ocrx_word' id='word_1_254' title='bbox 997 1907 1224 1958; x_wconf 85' lang='lat' dir='ltr'><strong>aliorum</strong></span> <span class='ocrx_word' id='word_1_255' title='bbox 1259 1913 1477 1970; x_wconf 76' lang='lat' dir='ltr'><strong>qucque</strong></span> <span class='ocrx_word' id='word_1_256' title='bbox 1523 1897 1748 1950; x_wconf 87' lang='lat' dir='ltr'><strong>vitiosos</strong></span> <span class='ocrx_word' id='word_1_257' title='bbox 1779 1891 1944 1944; x_wconf 90' lang='lat' dir='ltr'><strong>animi</strong></span> <span class='ocrx_word' id='word_1_258' title='bbox 1971 1889 2102 1943; x_wconf 83' lang='lat' dir='ltr'><strong>affe-</strong></span> 
     </span>
    </p>
   </div>
   <div class='ocr_carea' id='block_1_36' title="bbox 517 1975 2104 2071">
    <p class='ocr_par' dir='ltr' id='par_1_36' title="bbox 517 1975 2104 2071">
     <span class='ocr_line' id='line_1_37' title="bbox 517 1975 2104 2071; baseline -0.016 -12"><span class='ocrx_word' id='word_1_259' title='bbox 517 2017 636 2059; x_wconf 86' lang='lat' dir='ltr'><strong>ctus</strong></span> <span class='ocrx_word' id='word_1_260' title='bbox 667 2002 975 2071; x_wconf 71' lang='lat' dir='ltr'><strong>perspicere</strong></span> <span class='ocrx_word' id='word_1_261' title='bbox 1004 1997 1300 2066; x_wconf 82' lang='lat' dir='ltr'><strong>possimus.</strong></span> <span class='ocrx_word' id='word_1_262' title='bbox 1357 1991 1500 2055; x_wconf 80' lang='lat' dir='ltr'><strong>Ejice</strong></span> <span class='ocrx_word' id='word_1_263' title='bbox 1531 1991 1695 2048; x_wconf 83' lang='lat' dir='ltr'><strong>enim,</strong></span> <span class='ocrx_word' id='word_1_264' title='bbox 1752 1975 1966 2052; x_wconf 61' lang='lat' dir='ltr'><strong>inquit,</strong></span> <span class='ocrx_word' id='word_1_265' title='bbox 1993 1983 2104 2050; x_wconf 49' lang='lat' dir='ltr'><strong>pri-</strong></span> 
     </span>
    </p>
   </div>
   <div class='ocr_carea' id='block_1_37' title="bbox 517 2073 2102 2149">
    <p class='ocr_par' dir='ltr' id='par_1_37' title="bbox 517 2073 2102 2149">
     <span class='ocr_line' id='line_1_38' title="bbox 517 2073 2102 2149; baseline -0.016 0"><span class='ocrx_word' id='word_1_266' title='bbox 517 2113 660 2149; x_wconf 85' lang='lat' dir='ltr'><strong>mum</strong></span> <span class='ocrx_word' id='word_1_267' title='bbox 696 2095 893 2146; x_wconf 78' lang='lat' dir='ltr'><strong>trabem</strong></span> <span class='ocrx_word' id='word_1_268' title='bbox 935 2090 997 2142; x_wconf 85' lang='lat' dir='ltr'><strong>ab</strong></span> <span class='ocrx_word' id='word_1_269' title='bbox 1029 2088 1179 2140; x_wconf 83' lang='lat' dir='ltr'><strong>oculo</strong></span> <span class='ocrx_word' id='word_1_270' title='bbox 1209 2098 1316 2147; x_wconf 88' lang='lat' dir='ltr'><strong>tuo,</strong></span> <span class='ocrx_word' id='word_1_271' title='bbox 1360 2092 1407 2136; x_wconf 86' lang='lat' dir='ltr'><strong>et</strong></span> <span class='ocrx_word' id='word_1_272' title='bbox 1441 2091 1548 2134; x_wconf 89' lang='lat' dir='ltr'><strong>tum</strong></span> <span class='ocrx_word' id='word_1_273' title='bbox 1575 2078 1899 2146; x_wconf 79' lang='lat' dir='ltr'><strong>respicies,ut</strong></span> <span class='ocrx_word' id='word_1_274' title='bbox 1921 2073 2102 2142; x_wconf 76' lang='lat' dir='ltr'><strong>ejicias</strong></span> 
     </span>
    </p>
   </div>
   <div class='ocr_carea' id='block_1_38' title="bbox 516 2169 2101 2260">
    <p class='ocr_par' dir='ltr' id='par_1_38' title="bbox 516 2169 2101 2260">
     <span class='ocr_line' id='line_1_39' title="bbox 516 2169 2101 2260; baseline -0.015 -18"><span class='ocrx_word' id='word_1_275' title='bbox 516 2189 773 2260; x_wconf 70' lang='lat' dir='ltr'><strong>festinam</strong></span> <span class='ocrx_word' id='word_1_276' title='bbox 807 2188 869 2236; x_wconf 83' lang='lat' dir='ltr'><strong>ab</strong></span> <span class='ocrx_word' id='word_1_277' title='bbox 905 2183 1054 2235; x_wconf 86' lang='lat' dir='ltr'><strong>oculo</strong></span> <span class='ocrx_word' id='word_1_278' title='bbox 1086 2179 1272 2248; x_wconf 79' lang='lat' dir='ltr'><strong>[rutris</strong></span> <span class='ocrx_word' id='word_1_279' title='bbox 1306 2176 1383 2229; x_wconf 89' lang='lat' dir='ltr'><strong>tui</strong></span> <span class='ocrx_word' id='word_1_280' title='bbox 1411 2175 1474 2226; x_wconf 75' lang='lat'><strong>“.</strong></span> <span class='ocrx_word' id='word_1_281' title='bbox 1503 2169 1889 2226; x_wconf 84' lang='lat' dir='ltr'><strong>llluminentur</strong></span> <span class='ocrx_word' id='word_1_282' title='bbox 1918 2179 2101 2224; x_wconf 85' lang='lat' dir='ltr'><strong>aures.</strong></span> 
     </span>
    </p>
   </div>
   <div class='ocr_carea' id='block_1_39' title="bbox 520 2260 2106 2338">
    <p class='ocr_par' dir='ltr' id='par_1_39' title="bbox 520 2260 2106 2338">
     <span class='ocr_line' id='line_1_40' title="bbox 520 2260 2106 2338; baseline -0.018 -2"><span class='ocrx_word' id='word_1_283' title='bbox 520 2294 721 2336; x_wconf 86' lang='lat' dir='ltr'><strong>utcum</strong></span> <span class='ocrx_word' id='word_1_284' title='bbox 781 2277 978 2338; x_wconf 75' lang='lat' dir='ltr'><strong>Davide</strong></span> <span class='ocrx_word' id='word_1_285' title='bbox 1034 2274 1304 2328; x_wconf 83' lang='lat' dir='ltr'><strong>dicamus.</strong></span> <span class='ocrx_word' id='word_1_286' title='bbox 1371 2266 1622 2325; x_wconf 81' lang='lat' dir='ltr'><strong>Audiam,</strong></span> <span class='ocrx_word' id='word_1_287' title='bbox 1677 2261 1804 2331; x_wconf 81' lang='lat' dir='ltr'><strong>quid</strong></span> <span class='ocrx_word' id='word_1_288' title='bbox 1857 2260 2106 2328; x_wconf 87' lang='lat' dir='ltr'><strong>loquatur</strong></span> 
     </span>
    </p>
   </div>
   <div class='ocr_carea' id='block_1_40' title="bbox 520 2347 2104 2424">
    <p class='ocr_par' dir='ltr' id='par_1_40' title="bbox 520 2347 2104 2424">
     <span class='ocr_line' id='line_1_41' title="bbox 520 2347 2104 2424; baseline -0.016 -1"><span class='ocrx_word' id='word_1_289' title='bbox 520 2375 571 2424; x_wconf 87' lang='lat' dir='ltr'><strong>in</strong></span> <span class='ocrx_word' id='word_1_290' title='bbox 627 2386 706 2422; x_wconf 86' lang='lat' dir='ltr'><strong>me</strong></span> <span class='ocrx_word' id='word_1_291' title='bbox 744 2367 996 2419; x_wconf 81' lang='lat' dir='ltr'><strong>Dominus</strong></span> <span class='ocrx_word' id='word_1_292' title='bbox 1026 2364 1091 2416; x_wconf 80' lang='grc'><strong>⁵⁵.</strong></span> <span class='ocrx_word' id='word_1_293' title='bbox 1150 2360 1211 2413; x_wconf 84' lang='lat' dir='ltr'><strong>Et</strong></span> <span class='ocrx_word' id='word_1_294' title='bbox 1243 2373 1434 2412; x_wconf 85' lang='lat' dir='ltr'><strong>rursus</strong></span> <span class='ocrx_word' id='word_1_295' title='bbox 1473 2372 1488 2409; x_wconf 90' lang='lat'><strong>:</strong></span> <span class='ocrx_word' id='word_1_296' title='bbox 1530 2353 1791 2407; x_wconf 80' lang='lat' dir='ltr'><strong>Auditum</strong></span> <span class='ocrx_word' id='word_1_297' title='bbox 1839 2350 1926 2417; x_wconf 74' lang='lat' dir='ltr'><strong>{ac</strong></span> <span class='ocrx_word' id='word_1_298' title='bbox 1977 2347 2104 2398; x_wconf 78' lang='lat' dir='ltr'><strong>milii</strong></span> 
     </span>
    </p>
   </div>
   <div class='ocr_carea' id='block_1_41' title="bbox 519 2440 2102 2514">
    <p class='ocr_par' dir='ltr' id='par_1_41' title="bbox 519 2440 2102 2514">
     <span class='ocr_line' id='line_1_42' title="bbox 519 2440 2102 2514; baseline -0.015 0"><span class='ocrx_word' id='word_1_299' title='bbox 519 2477 672 2514; x_wconf 82' lang='lat' dir='ltr'><strong>mane</strong></span> <span class='ocrx_word' id='word_1_300' title='bbox 698 2455 1113 2511; x_wconf 73' lang='lat' dir='ltr'><strong>misericordiam</strong></span> <span class='ocrx_word' id='word_1_301' title='bbox 1140 2452 1367 2505; x_wconf 78' lang='lat' dir='ltr'><strong>tuum&quot;.</strong></span> <span class='ocrx_word' id='word_1_302' title='bbox 1397 2447 1510 2500; x_wconf 78' lang='lat' dir='ltr'><strong>[Ioc</strong></span> <span class='ocrx_word' id='word_1_303' title='bbox 1538 2455 1641 2509; x_wconf 83' lang='lat' dir='ltr'><strong>est,</strong></span> <span class='ocrx_word' id='word_1_304' title='bbox 1673 2440 2102 2498; x_wconf 84' lang='lat' dir='ltr'><strong>misericordiam</strong></span> 
     </span>
    </p>
   </div>
   <div class='ocr_carea' id='block_1_42' title="bbox 521 2537 2103 2620">
    <p class='ocr_par' dir='ltr' id='par_1_42' title="bbox 521 2537 2103 2620">
     <span class='ocr_line' id='line_1_43' title="bbox 521 2537 2103 2620; baseline -0.016 -13"><span class='ocrx_word' id='word_1_305' title='bbox 521 2566 692 2614; x_wconf 87' lang='lat' dir='ltr'><strong>tuam,</strong></span> <span class='ocrx_word' id='word_1_306' title='bbox 715 2567 833 2620; x_wconf 58' lang='lat' dir='ltr'><strong>qum.</strong></span> <span class='ocrx_word' id='word_1_307' title='bbox 874 2549 1028 2601; x_wconf 86' lang='lat' dir='ltr'><strong>abiis</strong></span> <span class='ocrx_word' id='word_1_308' title='bbox 1063 2546 1153 2615; x_wconf 80' lang='lat' dir='ltr'><strong>qui</strong></span> <span class='ocrx_word' id='word_1_309' title='bbox 1182 2546 1231 2597; x_wconf 87' lang='lat' dir='ltr'><strong>iit</strong></span> <span class='ocrx_word' id='word_1_310' title='bbox 1253 2539 1550 2612; x_wconf 78' lang='lat' dir='ltr'><strong>spiritualts</strong></span> <span class='ocrx_word' id='word_1_311' title='bbox 1573 2538 1706 2591; x_wconf 87' lang='lat' dir='ltr'><strong>lucis</strong></span> <span class='ocrx_word' id='word_1_312' title='bbox 1722 2537 1930 2589; x_wconf 82' lang='lat' dir='ltr'><strong>oriente</strong></span> <span class='ocrx_word' id='word_1_313' title='bbox 1955 2539 2103 2594; x_wconf 83' lang='lat' dir='ltr'><strong>sunt,</strong></span> 
     </span>
    </p>
   </div>
   <div class='ocr_carea' id='block_1_43' title="bbox 529 2627 2104 2713">
    <p class='ocr_par' dir='ltr' id='par_1_43' title="bbox 529 2627 2104 2713">
     <span class='ocr_line' id='line_1_44' title="bbox 529 2627 2104 2713; baseline -0.013 -15"><span class='ocrx_word' id='word_1_314' title='bbox 529 2645 892 2713; x_wconf 76' lang='lat' dir='ltr'><strong>conspicitur,</strong></span> <span class='ocrx_word' id='word_1_315' title='bbox 951 2638 1218 2692; x_wconf 74' lang='lat' dir='ltr'><strong>accrlera.</strong></span> <span class='ocrx_word' id='word_1_316' title='bbox 1282 2635 1342 2686; x_wconf 80' lang='lat' dir='ltr'><strong>Et</strong></span> <span class='ocrx_word' id='word_1_317' title='bbox 1399 2633 1506 2686; x_wconf 89' lang='lat' dir='ltr'><strong>alio</strong></span> <span class='ocrx_word' id='word_1_318' title='bbox 1539 2631 1658 2684; x_wconf 91' lang='lat' dir='ltr'><strong>loco</strong></span> <span class='ocrx_word' id='word_1_319' title='bbox 1691 2646 1704 2682; x_wconf 92' lang='lat'>:</span> <span class='ocrx_word' id='word_1_320' title='bbox 1740 2627 1960 2680; x_wconf 77' lang='lat' dir='ltr'><strong>Auditui</strong></span> <span class='ocrx_word' id='word_1_321' title='bbox 1993 2639 2104 2677; x_wconf 88' lang='lat' dir='ltr'><strong>meo</strong></span> 
     </span>
    </p>
   </div>
   <div class='ocr_carea' id='block_1_44' title="bbox 525 2722 2105 2804">
    <p class='ocr_par' dir='ltr' id='par_1_44' title="bbox 525 2722 2105 2804">
     <span class='ocr_line' id='line_1_45' title="bbox 525 2722 2105 2804; baseline -0.015 -15"><span class='ocrx_word' id='word_1_322' title='bbox 525 2737 676 2788; x_wconf 84' lang='lat' dir='ltr'><strong>dabis</strong></span> <span class='ocrx_word' id='word_1_323' title='bbox 714 2733 965 2804; x_wconf 82' lang='lat' dir='ltr'><strong>gaudium</strong></span> <span class='ocrx_word' id='word_1_324' title='bbox 1020 2741 1066 2783; x_wconf 82' lang='lat' dir='ltr'><strong>et</strong></span> <span class='ocrx_word' id='word_1_325' title='bbox 1095 2726 1500 2781; x_wconf 69' lang='lat' dir='ltr'><strong>exsultationem</strong></span> <span class='ocrx_word' id='word_1_326' title='bbox 1532 2725 1601 2787; x_wconf 83' lang='lat'><strong>&quot;,</strong></span> <span class='ocrx_word' id='word_1_327' title='bbox 1661 2722 1763 2774; x_wconf 89' lang='lat' dir='ltr'><strong>hoc</strong></span> <span class='ocrx_word' id='word_1_328' title='bbox 1787 2727 1891 2783; x_wconf 90' lang='lat' dir='ltr'><strong>est,</strong></span> <span class='ocrx_word' id='word_1_329' title='bbox 1943 2728 2105 2769; x_wconf 88' lang='lat' dir='ltr'><strong>aures</strong></span> 
     </span>
    </p>
   </div>
   <div class='ocr_carea' id='block_1_45' title="bbox 525 2808 2104 2888">
    <p class='ocr_par' dir='ltr' id='par_1_45' title="bbox 525 2808 2104 2888">
     <span class='ocr_line' id='line_1_46' title="bbox 525 2808 2104 2888; baseline -0.015 -9"><span class='ocrx_word' id='word_1_330' title='bbox 525 2843 675 2879; x_wconf 69' lang='lat' dir='ltr'><strong>meas</strong></span> <span class='ocrx_word' id='word_1_331' title='bbox 713 2826 902 2877; x_wconf 84' lang='lat' dir='ltr'><strong>la-titia</strong></span> <span class='ocrx_word' id='word_1_332' title='bbox 932 2831 985 2874; x_wconf 80' lang='lat' dir='ltr'><strong>et</strong></span> <span class='ocrx_word' id='word_1_333' title='bbox 1005 2819 1347 2888; x_wconf 64' lang='lat' dir='ltr'><strong>jucunditate</strong></span> <span class='ocrx_word' id='word_1_334' title='bbox 1372 2815 1697 2876; x_wconf 82' lang='lat' dir='ltr'><strong>cumulabis,</strong></span> <span class='ocrx_word' id='word_1_335' title='bbox 1732 2808 1986 2879; x_wconf 83' lang='lat' dir='ltr'><strong>mysteria</strong></span> <span class='ocrx_word' id='word_1_336' title='bbox 2016 2813 2104 2856; x_wconf 87' lang='lat' dir='ltr'><strong>tua</strong></span> 
     </span>
    </p>
   </div>
   <div class='ocr_carea' id='block_1_46' title="bbox 525 2894 2103 2972">
    <p class='ocr_par' dir='ltr' id='par_1_46' title="bbox 525 2894 2103 2972">
     <span class='ocr_line' id='line_1_47' title="bbox 525 2894 2103 2972; baseline -0.015 -2"><span class='ocrx_word' id='word_1_337' title='bbox 525 2917 657 2970; x_wconf 89' lang='lat' dir='ltr'><strong>mihi</strong></span> <span class='ocrx_word' id='word_1_338' title='bbox 705 2917 989 2967; x_wconf 86' lang='lat' dir='ltr'><strong>insonans.</strong></span> <span class='ocrx_word' id='word_1_339' title='bbox 1027 2909 1364 2960; x_wconf 80' lang='lat' dir='ltr'><strong>illutninctur</strong></span> <span class='ocrx_word' id='word_1_340' title='bbox 1393 2906 1600 2972; x_wconf 84' lang='lat' dir='ltr'><strong>lingua,</strong></span> <span class='ocrx_word' id='word_1_341' title='bbox 1627 2917 1694 2954; x_wconf 88' lang='lat' dir='ltr'><strong>ne</strong></span> <span class='ocrx_word' id='word_1_342' title='bbox 1723 2900 1911 2952; x_wconf 88' lang='lat' dir='ltr'><strong>eadem</strong></span> <span class='ocrx_word' id='word_1_343' title='bbox 1948 2894 2103 2947; x_wconf 85' lang='lat' dir='ltr'><strong>nobis</strong></span> 
     </span>
    </p>
   </div>
   <div class='ocr_carea' id='block_1_47' title="bbox 528 2982 2104 3062">
    <p class='ocr_par' dir='ltr' id='par_1_47' title="bbox 528 2982 2104 3062">
     <span class='ocr_line' id='line_1_48' title="bbox 528 2982 2104 3062; baseline -0.014 -5"><span class='ocrx_word' id='word_1_344' title='bbox 528 3003 766 3058; x_wconf 76' lang='lat' dir='ltr'><strong>infamia:</strong></span> <span class='ocrx_word' id='word_1_345' title='bbox 797 3010 919 3054; x_wconf 88' lang='lat' dir='ltr'><strong>nota</strong></span> <span class='ocrx_word' id='word_1_346' title='bbox 960 2999 1357 3062; x_wconf 75' lang='lat' dir='ltr'><strong>iuuratur,quze</strong></span> <span class='ocrx_word' id='word_1_347' title='bbox 1380 2993 1506 3054; x_wconf 86' lang='lat' dir='ltr'><strong>illis,</strong></span> <span class='ocrx_word' id='word_1_348' title='bbox 1539 2993 1606 3043; x_wconf 87' lang='lat' dir='ltr'><strong>de</strong></span> <span class='ocrx_word' id='word_1_349' title='bbox 1640 2987 1838 3058; x_wconf 87' lang='lat' dir='ltr'><strong>quibus</strong></span> <span class='ocrx_word' id='word_1_350' title='bbox 1881 2987 1956 3038; x_wconf 88' lang='lat' dir='ltr'><strong>ait</strong></span> <span class='ocrx_word' id='word_1_351' title='bbox 2001 2982 2104 3036; x_wconf 81' lang='lat' dir='ltr'><strong>Da-</strong></span> 
     </span>
    </p>
   </div>
   <div class='ocr_carea' id='block_1_48' title="bbox 526 3075 2101 3160">
    <p class='ocr_par' dir='ltr' id='par_1_48' title="bbox 526 3075 2101 3160">
     <span class='ocr_line' id='line_1_49' title="bbox 526 3075 2101 3160; baseline -0.015 -12"><span class='ocrx_word' id='word_1_352' title='bbox 526 3094 613 3148; x_wconf 88' lang='lat' dir='ltr'><strong>vid</strong></span> <span class='ocrx_word' id='word_1_353' title='bbox 650 3111 664 3146; x_wconf 88' lang='lat'><strong>:</strong></span> <span class='ocrx_word' id='word_1_354' title='bbox 698 3100 746 3145; x_wconf 85' lang='lat' dir='ltr'><strong>et</strong></span> <span class='ocrx_word' id='word_1_355' title='bbox 777 3090 955 3160; x_wconf 84' lang='lat' dir='ltr'><strong>lingua</strong></span> <span class='ocrx_word' id='word_1_356' title='bbox 994 3101 1176 3140; x_wconf 87' lang='lat' dir='ltr'><strong>eorum</strong></span> <span class='ocrx_word' id='word_1_357' title='bbox 1232 3083 1440 3153; x_wconf 79' lang='lat' dir='ltr'><strong>gladius</strong></span> <span class='ocrx_word' id='word_1_358' title='bbox 1479 3087 1670 3132; x_wconf 77' lang='lat' dir='ltr'><strong>acutus</strong></span> <span class='ocrx_word' id='word_1_359' title='bbox 1700 3077 1788 3140; x_wconf 73' lang='grc'><strong>⁸⁸;</strong></span> <span class='ocrx_word' id='word_1_360' title='bbox 1835 3075 1934 3128; x_wconf 91' lang='lat' dir='ltr'><strong>hoc</strong></span> <span class='ocrx_word' id='word_1_361' title='bbox 1987 3081 2101 3136; x_wconf 88' lang='lat' dir='ltr'><strong>est,</strong></span> 
     </span>
    </p>
   </div>
   <div class='ocr_carea' id='block_1_49' title="bbox 532 3163 2101 3249">
    <p class='ocr_par' dir='ltr' id='par_1_49' title="bbox 532 3163 2101 3249">
     <span class='ocr_line' id='line_1_50' title="bbox 532 3163 2101 3249; baseline -0.017 -10"><span class='ocrx_word' id='word_1_362' title='bbox 532 3197 820 3238; x_wconf 85' lang='lat' dir='ltr'><strong>sermones</strong></span> <span class='ocrx_word' id='word_1_363' title='bbox 855 3181 1121 3249; x_wconf 83' lang='lat' dir='ltr'><strong>ipsorum,</strong></span> <span class='ocrx_word' id='word_1_364' title='bbox 1177 3174 1270 3244; x_wconf 88' lang='lat' dir='ltr'><strong>qui</strong></span> <span class='ocrx_word' id='word_1_365' title='bbox 1333 3187 1428 3241; x_wconf 88' lang='lat' dir='ltr'><strong>per</strong></span> <span class='ocrx_word' id='word_1_366' title='bbox 1487 3170 1680 3223; x_wconf 86' lang='lat' dir='ltr'><strong>dentes</strong></span> <span class='ocrx_word' id='word_1_367' title='bbox 1730 3163 2101 3235; x_wconf 82' lang='lat' dir='ltr'><strong>proferuntur,</strong></span> 
     </span>
    </p>
   </div>
   <div class='ocr_carea' id='block_1_50' title="bbox 527 3251 2106 3340">
    <p class='ocr_par' dir='ltr' id='par_1_50' title="bbox 527 3251 2106 3340">
     <span class='ocr_line' id='line_1_51' title="bbox 527 3251 2106 3340; baseline -0.018 -9"><span class='ocrx_word' id='word_1_368' title='bbox 527 3275 672 3331; x_wconf 78' lang='lat' dir='ltr'><strong>noxii</strong></span> <span class='ocrx_word' id='word_1_369' title='bbox 723 3289 787 3327; x_wconf 86' lang='lat' dir='ltr'><strong>ac</strong></span> <span class='ocrx_word' id='word_1_370' title='bbox 823 3269 1113 3340; x_wconf 84' lang='lat' dir='ltr'><strong>perniciosi</strong></span> <span class='ocrx_word' id='word_1_371' title='bbox 1179 3273 1308 3320; x_wconf 89' lang='lat' dir='ltr'><strong>sunt</strong></span> <span class='ocrx_word' id='word_1_372' title='bbox 1339 3279 1354 3318; x_wconf 84' lang='lat'>:</span> <span class='ocrx_word' id='word_1_373' title='bbox 1390 3271 1442 3316; x_wconf 88' lang='lat' dir='ltr'><strong>et</strong></span> <span class='ocrx_word' id='word_1_374' title='bbox 1489 3255 1948 3330; x_wconf 88' lang='lat' dir='ltr'><strong>quemadmodum</strong></span> <span class='ocrx_word' id='word_1_375' title='bbox 1989 3251 2106 3321; x_wconf 82' lang='lat' dir='ltr'><strong>gla-</strong></span> 
     </span>
    </p>
   </div>
   <div class='ocr_carea' id='block_1_51' title="bbox 529 3342 2105 3421">
    <p class='ocr_par' dir='ltr' id='par_1_51' title="bbox 529 3342 2105 3421">
     <span class='ocr_line' id='line_1_52' title="bbox 529 3342 2105 3421; baseline -0.016 0"><span class='ocrx_word' id='word_1_376' title='bbox 529 3369 654 3421; x_wconf 82' lang='lat' dir='ltr'><strong>dius</strong></span> <span class='ocrx_word' id='word_1_377' title='bbox 690 3366 755 3419; x_wconf 89' lang='lat' dir='ltr'><strong>ad</strong></span> <span class='ocrx_word' id='word_1_378' title='bbox 791 3373 966 3419; x_wconf 87' lang='lat' dir='ltr'><strong>cotem</strong></span> <span class='ocrx_word' id='word_1_379' title='bbox 994 3369 1208 3415; x_wconf 88' lang='lat' dir='ltr'><strong>amotus</strong></span> <span class='ocrx_word' id='word_1_380' title='bbox 1239 3365 1290 3410; x_wconf 88' lang='lat' dir='ltr'><strong>et</strong></span> <span class='ocrx_word' id='word_1_381' title='bbox 1319 3363 1604 3414; x_wconf 76' lang='lat' dir='ltr'><strong>exacutus,</strong></span> <span class='ocrx_word' id='word_1_382' title='bbox 1638 3349 1913 3404; x_wconf 89' lang='lat' dir='ltr'><strong>hominem</strong></span> <span class='ocrx_word' id='word_1_383' title='bbox 1945 3342 2105 3398; x_wconf 83' lang='lat' dir='ltr'><strong>facile</strong></span> 
     </span>
    </p>
   </div>
   <div class='ocr_carea' id='block_1_52' title="bbox 524 3436 2105 3515">
    <p class='ocr_par' dir='ltr' id='par_1_52' title="bbox 524 3436 2105 3515">
     <span class='ocr_line' id='line_1_53' title="bbox 524 3436 2105 3515; baseline -0.017 0"><span class='ocrx_word' id='word_1_384' title='bbox 524 3460 590 3515; x_wconf 88' lang='lat' dir='ltr'><strong>de</strong></span> <span class='ocrx_word' id='word_1_385' title='bbox 623 3459 798 3513; x_wconf 88' lang='lat' dir='ltr'><strong>medio</strong></span> <span class='ocrx_word' id='word_1_386' title='bbox 828 3457 986 3515; x_wconf 86' lang='lat' dir='ltr'><strong>tollit.</strong></span> <span class='ocrx_word' id='word_1_387' title='bbox 1035 3463 1143 3506; x_wconf 88' lang='lat' dir='ltr'><strong>tam</strong></span> <span class='ocrx_word' id='word_1_388' title='bbox 1201 3449 1363 3504; x_wconf 86' lang='lat' dir='ltr'><strong>etiam</strong></span> <span class='ocrx_word' id='word_1_389' title='bbox 1407 3447 1593 3514; x_wconf 85' lang='lat' dir='ltr'><strong>lingua</strong></span> <span class='ocrx_word' id='word_1_390' title='bbox 1623 3455 1841 3504; x_wconf 86' lang='lat' dir='ltr'><strong>eorum,</strong></span> <span class='ocrx_word' id='word_1_391' title='bbox 1889 3436 2105 3492; x_wconf 87' lang='lat' dir='ltr'><strong>calum-</strong></span> 
     </span>
    </p>
   </div>
   <div class='ocr_carea' id='block_1_53' title="bbox 533 3527 2106 3606">
    <p class='ocr_par' dir='ltr' id='par_1_53' title="bbox 533 3527 2106 3606">
     <span class='ocr_line' id='line_1_54' title="bbox 533 3527 2106 3606; baseline -0.017 0"><span class='ocrx_word' id='word_1_392' title='bbox 533 3553 641 3606; x_wconf 85' lang='lat' dir='ltr'><strong>niis</strong></span> <span class='ocrx_word' id='word_1_393' title='bbox 695 3559 747 3604; x_wconf 88' lang='lat' dir='ltr'><strong>et</strong></span> <span class='ocrx_word' id='word_1_394' title='bbox 823 3541 1318 3602; x_wconf 87' lang='lat' dir='ltr'><strong>obtrectationibus</strong></span> <span class='ocrx_word' id='word_1_395' title='bbox 1371 3546 1626 3600; x_wconf 80' lang='lat' dir='ltr'><strong>oxacuta,</strong></span> <span class='ocrx_word' id='word_1_396' title='bbox 1661 3531 1819 3586; x_wconf 85' lang='lat' dir='ltr'><strong>facile</strong></span> <span class='ocrx_word' id='word_1_397' title='bbox 1866 3527 2106 3585; x_wconf 87' lang='lat' dir='ltr'><strong>homini-</strong></span> 
     </span>
    </p>
   </div>
   <div class='ocr_carea' id='block_1_54' title="bbox 526 3620 2104 3699">
    <p class='ocr_par' dir='ltr' id='par_1_54' title="bbox 526 3620 2104 3699">
     <span class='ocr_line' id='line_1_55' title="bbox 526 3620 2104 3699; baseline -0.016 0"><span class='ocrx_word' id='word_1_398' title='bbox 526 3646 631 3699; x_wconf 87' lang='lat' dir='ltr'><strong>bus</strong></span> <span class='ocrx_word' id='word_1_399' title='bbox 685 3656 870 3695; x_wconf 87' lang='lat' dir='ltr'><strong>necem</strong></span> <span class='ocrx_word' id='word_1_400' title='bbox 933 3637 1108 3690; x_wconf 82' lang='lat' dir='ltr'><strong>affert.</strong></span> <span class='ocrx_word' id='word_1_401' title='bbox 1145 3632 1293 3686; x_wconf 87' lang='lat' dir='ltr'><strong>Talis</strong></span> <span class='ocrx_word' id='word_1_402' title='bbox 1325 3641 1443 3683; x_wconf 85' lang='lat' dir='ltr'><strong>erat</strong></span> <span class='ocrx_word' id='word_1_403' title='bbox 1476 3626 1620 3696; x_wconf 82' lang='lat' dir='ltr'><strong>Doeg</strong></span> <span class='ocrx_word' id='word_1_404' title='bbox 1671 3625 1760 3678; x_wconf 86' lang='lat' dir='ltr'><strong>ille</strong></span> <span class='ocrx_word' id='word_1_405' title='bbox 1789 3622 1978 3692; x_wconf 88' lang='lat' dir='ltr'><strong>Syrus,</strong></span> <span class='ocrx_word' id='word_1_406' title='bbox 2012 3620 2104 3689; x_wconf 87' lang='lat' dir='ltr'><strong>qui</strong></span> 
     </span>
    </p>
   </div>
   <div class='ocr_carea' id='block_1_55' title="bbox 527 3711 2104 3789">
    <p class='ocr_par' dir='ltr' id='par_1_55' title="bbox 527 3711 2104 3789">
     <span class='ocr_line' id='line_1_56' title="bbox 527 3711 2104 3789; baseline -0.016 -1"><span class='ocrx_word' id='word_1_407' title='bbox 527 3734 865 3789; x_wconf 84' lang='lat' dir='ltr'><strong>sacerdotem</strong></span> <span class='ocrx_word' id='word_1_408' title='bbox 900 3724 1217 3780; x_wconf 78' lang='lat' dir='ltr'><strong>Abimelech</strong></span> <span class='ocrx_word' id='word_1_409' title='bbox 1251 3719 1394 3789; x_wconf 90' lang='lat' dir='ltr'><strong>apud</strong></span> <span class='ocrx_word' id='word_1_410' title='bbox 1439 3717 1658 3772; x_wconf 88' lang='lat' dir='ltr'><strong>Sauletu</strong></span> <span class='ocrx_word' id='word_1_411' title='bbox 1709 3713 1925 3778; x_wconf 87' lang='lat' dir='ltr'><strong>detulit,</strong></span> <span class='ocrx_word' id='word_1_412' title='bbox 1959 3711 2104 3780; x_wconf 91' lang='lat' dir='ltr'><strong>quod</strong></span> 
     </span>
    </p>
   </div>
   <div class='ocr_carea' id='block_1_56' title="bbox 529 3805 2105 3890">
    <p class='ocr_par' dir='ltr' id='par_1_56' title="bbox 529 3805 2105 3890">
     <span class='ocr_line' id='line_1_57' title="bbox 529 3805 2105 3890; baseline -0.013 -10"><span class='ocrx_word' id='word_1_413' title='bbox 529 3825 786 3880; x_wconf 86' lang='lat' dir='ltr'><strong>Davidem</strong></span> <span class='ocrx_word' id='word_1_414' title='bbox 842 3821 1138 3890; x_wconf 76' lang='lat' dir='ltr'><strong>fugientem</strong></span> <span class='ocrx_word' id='word_1_415' title='bbox 1195 3812 1550 3882; x_wconf 80' lang='lat' dir='ltr'><strong>suscepisset,</strong></span> <span class='ocrx_word' id='word_1_416' title='bbox 1607 3824 1673 3864; x_wconf 88' lang='lat' dir='ltr'><strong>ac</strong></span> <span class='ocrx_word' id='word_1_417' title='bbox 1716 3805 2105 3878; x_wconf 87' lang='lat' dir='ltr'><strong>propositionis</strong></span> 
     </span>
    </p>
   </div>
   <div class='ocr_carea' id='block_1_57' title="bbox 529 3898 2102 3989">
    <p class='ocr_par' dir='ltr' id='par_1_57' title="bbox 529 3898 2102 3989">
     <span class='ocr_line' id='line_1_58' title="bbox 529 3898 2102 3989; baseline -0.013 -18"><span class='ocrx_word' id='word_1_418' title='bbox 529 3933 700 3989; x_wconf 83' lang='lat' dir='ltr'><strong>panes</strong></span> <span class='ocrx_word' id='word_1_419' title='bbox 717 3915 818 3986; x_wconf 89' lang='lat' dir='ltr'><strong>ipsi</strong></span> <span class='ocrx_word' id='word_1_420' title='bbox 843 3912 1099 3973; x_wconf 85' lang='lat' dir='ltr'><strong>dedisset,</strong></span> <span class='ocrx_word' id='word_1_421' title='bbox 1126 3918 1288 3977; x_wconf 89' lang='lat' dir='ltr'><strong>atque</strong></span> <span class='ocrx_word' id='word_1_422' title='bbox 1313 3904 1465 3958; x_wconf 88' lang='lat' dir='ltr'><strong>necis</strong></span> <span class='ocrx_word' id='word_1_423' title='bbox 1488 3901 1735 3957; x_wconf 90' lang='lat' dir='ltr'><strong>omnium</strong></span> <span class='ocrx_word' id='word_1_424' title='bbox 1761 3898 2102 3954; x_wconf 79' lang='lat' dir='ltr'><strong>sacerdotum</strong></span> 
     </span>
    </p>
   </div>
   <div class='ocr_carea' id='block_1_58' title="bbox 527 3992 2102 4069">
    <p class='ocr_par' dir='ltr' id='par_1_58' title="bbox 527 3992 2102 4069">
     <span class='ocr_line' id='line_1_59' title="bbox 527 3992 2102 4069; baseline -0.013 -5"><span class='ocrx_word' id='word_1_425' title='bbox 527 4021 722 4064; x_wconf 86' lang='lat' dir='ltr'><strong>auctor</strong></span> <span class='ocrx_word' id='word_1_426' title='bbox 756 4005 939 4060; x_wconf 76' lang='lat' dir='ltr'><strong>fuit&quot;.</strong></span> <span class='ocrx_word' id='word_1_427' title='bbox 976 4003 1048 4055; x_wconf 90' lang='lat' dir='ltr'><strong>De</strong></span> <span class='ocrx_word' id='word_1_428' title='bbox 1078 4015 1184 4069; x_wconf 93' lang='lat' dir='ltr'><strong>quo</strong></span> <span class='ocrx_word' id='word_1_429' title='bbox 1211 4006 1265 4052; x_wconf 91' lang='lat' dir='ltr'><strong>et</strong></span> <span class='ocrx_word' id='word_1_430' title='bbox 1295 3997 1348 4050; x_wconf 91' lang='lat' dir='ltr'><strong>in</strong></span> <span class='ocrx_word' id='word_1_431' title='bbox 1377 3993 1607 4050; x_wconf 87' lang='lat' dir='ltr'><strong>Psalmis</strong></span> <span class='ocrx_word' id='word_1_432' title='bbox 1636 3992 1710 4046; x_wconf 89' lang='lat' dir='ltr'><strong>ita</strong></span> <span class='ocrx_word' id='word_1_433' title='bbox 1739 3993 1939 4046; x_wconf 85' lang='lat' dir='ltr'><strong>dictum</strong></span> <span class='ocrx_word' id='word_1_434' title='bbox 1972 3997 2055 4044; x_wconf 86' lang='lat' dir='ltr'><strong>est</strong></span> <span class='ocrx_word' id='word_1_435' title='bbox 2087 4006 2102 4044; x_wconf 90' lang='lat'><strong>:</strong></span> 
     </span>
    </p>
   </div>
   <div class='ocr_carea' id='block_1_59' title="bbox 538 4080 2104 4159">
    <p class='ocr_par' dir='ltr' id='par_1_59' title="bbox 538 4080 2104 4159">
     <span class='ocr_line' id='line_1_60' title="bbox 538 4080 2104 4159; baseline -0.013 -5"><span class='ocrx_word' id='word_1_436' title='bbox 538 4100 684 4154; x_wconf 76' lang='lat' dir='ltr'><strong>Velut</strong></span> <span class='ocrx_word' id='word_1_437' title='bbox 708 4095 962 4151; x_wconf 78' lang='lat' dir='ltr'><strong>novacula</strong></span> <span class='ocrx_word' id='word_1_438' title='bbox 985 4100 1142 4145; x_wconf 88' lang='lat' dir='ltr'><strong>acuta</strong></span> <span class='ocrx_word' id='word_1_439' title='bbox 1163 4089 1333 4159; x_wconf 65' lang='lat' dir='ltr'><strong>fecisti</strong></span> <span class='ocrx_word' id='word_1_440' title='bbox 1356 4086 1533 4140; x_wconf 87' lang='lat' dir='ltr'><strong>dolum</strong></span> <span class='ocrx_word' id='word_1_441' title='bbox 1551 4085 1618 4149; x_wconf 83' lang='lat'><strong>&#39;°,</strong></span> <span class='ocrx_word' id='word_1_442' title='bbox 1637 4084 1739 4138; x_wconf 93' lang='lat' dir='ltr'><strong>hoc</strong></span> <span class='ocrx_word' id='word_1_443' title='bbox 1754 4080 2104 4137; x_wconf 86' lang='lat' dir='ltr'><strong>estcalhdum</strong></span> 
     </span>
    </p>
   </div>
   <div class='ocr_carea' id='block_1_60' title="bbox 528 4171 2107 4244">
    <p class='ocr_par' dir='ltr' id='par_1_60' title="bbox 528 4171 2107 4244">
     <span class='ocr_line' id='line_1_61' title="bbox 528 4171 2107 4244; baseline -0.011 -1"><span class='ocrx_word' id='word_1_444' title='bbox 528 4201 585 4244; x_wconf 85' lang='lat' dir='ltr'><strong>et</strong></span> <span class='ocrx_word' id='word_1_445' title='bbox 615 4188 1024 4243; x_wconf 85' lang='lat' dir='ltr'><strong>fraudulentum</strong></span> <span class='ocrx_word' id='word_1_446' title='bbox 1057 4180 1349 4236; x_wconf 84' lang='lat' dir='ltr'><strong>consilium</strong></span> <span class='ocrx_word' id='word_1_447' title='bbox 1396 4177 1580 4231; x_wconf 90' lang='lat' dir='ltr'><strong>animo</strong></span> <span class='ocrx_word' id='word_1_448' title='bbox 1614 4171 1946 4242; x_wconf 84' lang='lat' dir='ltr'><strong>concepisti,</strong></span> <span class='ocrx_word' id='word_1_449' title='bbox 1995 4185 2107 4240; x_wconf 91' lang='lat' dir='ltr'><strong>quo</strong></span> 
     </span>
    </p>
   </div>
   <div class='ocr_carea' id='block_1_61' title="bbox 533 4262 2106 4346">
    <p class='ocr_par' dir='ltr' id='par_1_61' title="bbox 533 4262 2106 4346">
     <span class='ocr_line' id='line_1_62' title="bbox 533 4262 2106 4346; baseline -0.015 -13"><span class='ocrx_word' id='word_1_450' title='bbox 533 4280 676 4333; x_wconf 77' lang='lat' dir='ltr'><strong>facili</strong></span> <span class='ocrx_word' id='word_1_451' title='bbox 708 4276 926 4346; x_wconf 72' lang='lat' dir='ltr'><strong>negotio</strong></span> <span class='ocrx_word' id='word_1_452' title='bbox 983 4272 1331 4326; x_wconf 81' lang='lat' dir='ltr'><strong>sacerdotum</strong></span> <span class='ocrx_word' id='word_1_453' title='bbox 1388 4267 1662 4323; x_wconf 86' lang='lat' dir='ltr'><strong>civitatem</strong></span> <span class='ocrx_word' id='word_1_454' title='bbox 1704 4262 1977 4326; x_wconf 79' lang='lat' dir='ltr'><strong>excidisti,</strong></span> <span class='ocrx_word' id='word_1_455' title='bbox 2014 4277 2106 4312; x_wconf 87' lang='lat' dir='ltr'><strong>vc-</strong></span> 
     </span>
    </p>
   </div>
   <div class='ocr_carea' id='block_1_62' title="bbox 2203 1792 3785 1867">
    <p class='ocr_par' dir='ltr' id='par_1_62' title="bbox 2203 1792 3785 1867">
     <span class='ocr_line' id='line_1_63' title="bbox 2203 1792 3785 1867; baseline -0.009 -9"><span class='ocrx_word' id='word_1_456' title='bbox 2203 1803 2407 1858; x_wconf 67' lang='lat' dir='ltr'><strong>Judazis</strong></span> <span class='ocrx_word' id='word_1_457' title='bbox 2445 1801 2742 1854; x_wconf 89' lang='lat' dir='ltr'><strong>criminose</strong></span> <span class='ocrx_word' id='word_1_458' title='bbox 2766 1798 3053 1867; x_wconf 89' lang='lat' dir='ltr'><strong>objiciens,</strong></span> <span class='ocrx_word' id='word_1_459' title='bbox 3094 1811 3190 1862; x_wconf 91' lang='lat' dir='ltr'><strong>pro</strong></span> <span class='ocrx_word' id='word_1_460' title='bbox 3223 1810 3283 1848; x_wconf 83' lang='lat' dir='ltr'><strong>ea</strong></span> <span class='ocrx_word' id='word_1_461' title='bbox 3322 1794 3599 1863; x_wconf 80' lang='lat' dir='ltr'><strong>pulverem</strong></span> <span class='ocrx_word' id='word_1_462' title='bbox 3629 1792 3785 1843; x_wconf 88' lang='lat' dir='ltr'><strong>illum</strong></span> 
     </span>
    </p>
   </div>
   <div class='ocr_carea' id='block_1_63' title="bbox 2206 1885 3788 1964">
    <p class='ocr_par' dir='ltr' id='par_1_63' title="bbox 2206 1885 3788 1964">
     <span class='ocr_line' id='line_1_64' title="bbox 2206 1885 3788 1964; baseline -0.009 -16"><span class='ocrx_word' id='word_1_463' title='bbox 2206 1899 2340 1964; x_wconf 81' lang='lat' dir='ltr'><strong>ipsis</strong></span> <span class='ocrx_word' id='word_1_464' title='bbox 2372 1893 2741 1947; x_wconf 89' lang='lat' dir='ltr'><strong>comminatus</strong></span> <span class='ocrx_word' id='word_1_465' title='bbox 2771 1898 2875 1953; x_wconf 89' lang='lat' dir='ltr'><strong>est,</strong></span> <span class='ocrx_word' id='word_1_466' title='bbox 2908 1904 3071 1958; x_wconf 88' lang='lat' dir='ltr'><strong>quem</strong></span> <span class='ocrx_word' id='word_1_467' title='bbox 3115 1889 3149 1940; x_wconf 92' lang='lat' dir='ltr'><strong>ii</strong></span> <span class='ocrx_word' id='word_1_468' title='bbox 3195 1896 3385 1956; x_wconf 84' lang='lat' dir='ltr'><strong>postea</strong></span> <span class='ocrx_word' id='word_1_469' title='bbox 3444 1885 3788 1946; x_wconf 75' lang='lat' dir='ltr'><strong>excitarunt,</strong></span> 
     </span>
    </p>
   </div>
   <div class='ocr_carea' id='block_1_64' title="bbox 2203 1977 3786 2056">
    <p class='ocr_par' dir='ltr' id='par_1_64' title="bbox 2203 1977 3786 2056">
     <span class='ocr_line' id='line_1_65' title="bbox 2203 1977 3786 2056; baseline -0.009 -15"><span class='ocrx_word' id='word_1_470' title='bbox 2203 2003 2234 2041; x_wconf 88' lang='lat' dir='ltr'><strong>a</strong></span> <span class='ocrx_word' id='word_1_471' title='bbox 2270 1987 2467 2056; x_wconf 85' lang='lat' dir='ltr'><strong>quibus</strong></span> <span class='ocrx_word' id='word_1_472' title='bbox 2493 1983 2799 2039; x_wconf 82' lang='lat' dir='ltr'><strong>Jerusalem</strong></span> <span class='ocrx_word' id='word_1_473' title='bbox 2832 1996 3022 2036; x_wconf 84' lang='lat' dir='ltr'><strong>eversa</strong></span> <span class='ocrx_word' id='word_1_474' title='bbox 3073 1989 3176 2033; x_wconf 84' lang='lat' dir='ltr'><strong>est.</strong></span> <span class='ocrx_word' id='word_1_475' title='bbox 3231 1977 3540 2044; x_wconf 83' lang='lat' dir='ltr'><strong>Theologus</strong></span> <span class='ocrx_word' id='word_1_476' title='bbox 3596 1987 3786 2028; x_wconf 86' lang='lat' dir='ltr'><strong>autem</strong></span> 
     </span>
    </p>
   </div>
   <div class='ocr_carea' id='block_1_65' title="bbox 2206 2067 3792 2146">
    <p class='ocr_par' dir='ltr' id='par_1_65' title="bbox 2206 2067 3792 2146">
     <span class='ocr_line' id='line_1_66' title="bbox 2206 2067 3792 2146; baseline -0.008 -17"><span class='ocrx_word' id='word_1_477' title='bbox 2206 2093 2301 2146; x_wconf 87' lang='lat' dir='ltr'><strong>per</strong></span> <span class='ocrx_word' id='word_1_478' title='bbox 2342 2089 2567 2129; x_wconf 85' lang='lat' dir='ltr'><strong>suavem</strong></span> <span class='ocrx_word' id='word_1_479' title='bbox 2615 2073 2840 2128; x_wconf 88' lang='lat' dir='ltr'><strong>odorem</strong></span> <span class='ocrx_word' id='word_1_480' title='bbox 2873 2072 3134 2124; x_wconf 84' lang='lat' dir='ltr'><strong>virtutum</strong></span> <span class='ocrx_word' id='word_1_481' title='bbox 3185 2069 3535 2138; x_wconf 85' lang='lat' dir='ltr'><strong>fragrantiam</strong></span> <span class='ocrx_word' id='word_1_482' title='bbox 3589 2067 3792 2119; x_wconf 86' lang='lat' dir='ltr'><strong>intelli-</strong></span> 
     </span>
    </p>
   </div>
   <div class='ocr_carea' id='block_1_66' title="bbox 2207 2157 3790 2237">
    <p class='ocr_par' dir='ltr' id='par_1_66' title="bbox 2207 2157 3790 2237">
     <span class='ocr_line' id='line_1_67' title="bbox 2207 2157 3790 2237; baseline -0.006 -17"><span class='ocrx_word' id='word_1_483' title='bbox 2207 2172 2282 2237; x_wconf 74' lang='lat' dir='ltr'><strong>git</strong></span> <span class='ocrx_word' id='word_1_484' title='bbox 2312 2182 2326 2226; x_wconf 88' lang='lat'><strong>:</strong></span> <span class='ocrx_word' id='word_1_485' title='bbox 2357 2184 2452 2237; x_wconf 84' lang='lat' dir='ltr'><strong>per</strong></span> <span class='ocrx_word' id='word_1_486' title='bbox 2497 2167 2773 2236; x_wconf 79' lang='lat' dir='ltr'><strong>pulverem</strong></span> <span class='ocrx_word' id='word_1_487' title='bbox 2829 2173 3032 2226; x_wconf 75' lang='lat' dir='ltr'><strong>autem,</strong></span> <span class='ocrx_word' id='word_1_488' title='bbox 3089 2161 3564 2230; x_wconf 87' lang='lat' dir='ltr'><strong>inquinamentum</strong></span> <span class='ocrx_word' id='word_1_489' title='bbox 3630 2157 3790 2218; x_wconf 87' lang='lat' dir='ltr'><strong>illud,</strong></span> 
     </span>
    </p>
   </div>
   <div class='ocr_carea' id='block_1_67' title="bbox 2205 2250 3794 2331">
    <p class='ocr_par' dir='ltr' id='par_1_67' title="bbox 2205 2250 3794 2331">
     <span class='ocr_line' id='line_1_68' title="bbox 2205 2250 3794 2331; baseline -0.006 -19"><span class='ocrx_word' id='word_1_490' title='bbox 2205 2264 2348 2331; x_wconf 89' lang='lat' dir='ltr'><strong>quod</strong></span> <span class='ocrx_word' id='word_1_491' title='bbox 2373 2261 2555 2313; x_wconf 87' lang='lat' dir='ltr'><strong>anima</strong></span> <span class='ocrx_word' id='word_1_492' title='bbox 2589 2274 2681 2328; x_wconf 87' lang='lat' dir='ltr'><strong>per</strong></span> <span class='ocrx_word' id='word_1_493' title='bbox 2707 2256 2926 2311; x_wconf 84' lang='lat' dir='ltr'><strong>sensilia</strong></span> <span class='ocrx_word' id='word_1_494' title='bbox 2956 2264 3256 2324; x_wconf 83' lang='lat' dir='ltr'><strong>unguenta,</strong></span> <span class='ocrx_word' id='word_1_495' title='bbox 3277 2267 3399 2322; x_wconf 64' lang='lat' dir='ltr'><strong>qua:</strong></span> <span class='ocrx_word' id='word_1_496' title='bbox 3419 2251 3592 2320; x_wconf 85' lang='lat' dir='ltr'><strong>ipsius</strong></span> <span class='ocrx_word' id='word_1_497' title='bbox 3622 2250 3794 2302; x_wconf 87' lang='lat' dir='ltr'><strong>tobur</strong></span> 
     </span>
    </p>
   </div>
   <div class='ocr_carea' id='block_1_68' title="bbox 2207 2338 3791 2418">
    <p class='ocr_par' dir='ltr' id='par_1_68' title="bbox 2207 2338 3791 2418">
     <span class='ocr_line' id='line_1_69' title="bbox 2207 2338 3791 2418; baseline -0.009 -14"><span class='ocrx_word' id='word_1_498' title='bbox 2207 2351 2520 2418; x_wconf 82' lang='lat' dir='ltr'><strong>inlringunt</strong></span> <span class='ocrx_word' id='word_1_499' title='bbox 2565 2363 2628 2402; x_wconf 87' lang='lat' dir='ltr'><strong>ac</strong></span> <span class='ocrx_word' id='word_1_500' title='bbox 2660 2346 2946 2416; x_wconf 87' lang='lat' dir='ltr'><strong>dejiciunt,</strong></span> <span class='ocrx_word' id='word_1_501' title='bbox 2983 2344 3313 2398; x_wconf 87' lang='lat' dir='ltr'><strong>contrahere</strong></span> <span class='ocrx_word' id='word_1_502' title='bbox 3368 2343 3527 2396; x_wconf 86' lang='lat' dir='ltr'><strong>solet.</strong></span> <span class='ocrx_word' id='word_1_503' title='bbox 3587 2338 3791 2392; x_wconf 75' lang='lat' dir='ltr'><strong>Verum</strong></span> 
     </span>
    </p>
   </div>
   <div class='ocr_carea' id='block_1_69' title="bbox 2205 2428 3792 2501">
    <p class='ocr_par' dir='ltr' id='par_1_69' title="bbox 2205 2428 3792 2501">
     <span class='ocr_line' id='line_1_70' title="bbox 2205 2428 3792 2501; baseline -0.011 -5"><span class='ocrx_word' id='word_1_504' title='bbox 2205 2443 2501 2496; x_wconf 89' lang='lat' dir='ltr'><strong>odoremur</strong></span> <span class='ocrx_word' id='word_1_505' title='bbox 2547 2438 2848 2501; x_wconf 88' lang='lat' dir='ltr'><strong>Christum,</strong></span> <span class='ocrx_word' id='word_1_506' title='bbox 2875 2438 2940 2489; x_wconf 88' lang='lat' dir='ltr'><strong>ad</strong></span> <span class='ocrx_word' id='word_1_507' title='bbox 2971 2437 3134 2488; x_wconf 83' lang='lat' dir='ltr'><strong>breve</strong></span> <span class='ocrx_word' id='word_1_508' title='bbox 3200 2443 3412 2500; x_wconf 88' lang='lat' dir='ltr'><strong>tempus</strong></span> <span class='ocrx_word' id='word_1_509' title='bbox 3456 2428 3631 2498; x_wconf 87' lang='lat' dir='ltr'><strong>gloria</strong></span> <span class='ocrx_word' id='word_1_510' title='bbox 3690 2443 3792 2480; x_wconf 84' lang='lat' dir='ltr'><strong>sua</strong></span> 
     </span>
    </p>
   </div>
   <div class='ocr_carea' id='block_1_70' title="bbox 2205 2519 3790 2598">
    <p class='ocr_par' dir='ltr' id='par_1_70' title="bbox 2205 2519 3790 2598">
     <span class='ocr_line' id='line_1_71' title="bbox 2205 2519 3790 2598; baseline -0.011 -9"><span class='ocrx_word' id='word_1_511' title='bbox 2205 2532 2572 2594; x_wconf 78' lang='lat' dir='ltr'><strong>exinanitum,</strong></span> <span class='ocrx_word' id='word_1_512' title='bbox 2603 2529 2761 2598; x_wconf 78' lang='lat' dir='ltr'><strong>juxta</strong></span> <span class='ocrx_word' id='word_1_513' title='bbox 2793 2527 2845 2582; x_wconf 88' lang='lat' dir='ltr'><strong>id</strong></span> <span class='ocrx_word' id='word_1_514' title='bbox 2872 2527 3014 2597; x_wconf 91' lang='lat' dir='ltr'><strong>quod</strong></span> <span class='ocrx_word' id='word_1_515' title='bbox 3049 2527 3104 2578; x_wconf 89' lang='lat' dir='ltr'><strong>in</strong></span> <span class='ocrx_word' id='word_1_516' title='bbox 3135 2523 3376 2577; x_wconf 86' lang='lat' dir='ltr'><strong>Canticis</strong></span> <span class='ocrx_word' id='word_1_517' title='bbox 3405 2523 3470 2575; x_wconf 88' lang='lat' dir='ltr'><strong>ad</strong></span> <span class='ocrx_word' id='word_1_518' title='bbox 3501 2519 3790 2576; x_wconf 85' lang='lat' dir='ltr'><strong>Christum</strong></span> 
     </span>
    </p>
   </div>
   <div class='ocr_carea' id='block_1_71' title="bbox 2206 2609 3795 2689">
    <p class='ocr_par' dir='ltr' id='par_1_71' title="bbox 2206 2609 3795 2689">
     <span class='ocr_line' id='line_1_72' title="bbox 2206 2609 3795 2689; baseline -0.011 -10"><span class='ocrx_word' id='word_1_519' title='bbox 2206 2625 2454 2679; x_wconf 88' lang='lat' dir='ltr'><strong>dicitur:</strong></span> <span class='ocrx_word' id='word_1_520' title='bbox 2494 2620 2830 2689; x_wconf 78' lang='lat' dir='ltr'><strong>Unguentum</strong></span> <span class='ocrx_word' id='word_1_521' title='bbox 2881 2618 3107 2686; x_wconf 75' lang='lat' dir='ltr'><strong>e/fusum</strong></span> <span class='ocrx_word' id='word_1_522' title='bbox 3156 2631 3340 2668; x_wconf 80' lang='lat' dir='ltr'><strong>nomen</strong></span> <span class='ocrx_word' id='word_1_523' title='bbox 3397 2623 3544 2665; x_wconf 86' lang='lat' dir='ltr'><strong>tuum</strong></span> <span class='ocrx_word' id='word_1_524' title='bbox 3601 2611 3671 2663; x_wconf 72' lang='grc'><strong>⁵⁸.</strong></span> <span class='ocrx_word' id='word_1_525' title='bbox 3726 2609 3795 2664; x_wconf 85' lang='lat' dir='ltr'><strong>Ut</strong></span> 
     </span>
    </p>
   </div>
   <div class='ocr_carea' id='block_1_72' title="bbox 2205 2706 3794 2783">
    <p class='ocr_par' dir='ltr' id='par_1_72' title="bbox 2205 2706 3794 2783">
     <span class='ocr_line' id='line_1_73' title="bbox 2205 2706 3794 2783; baseline -0.011 -11"><span class='ocrx_word' id='word_1_526' title='bbox 2205 2717 2350 2772; x_wconf 89' lang='lat' dir='ltr'><strong>enim</strong></span> <span class='ocrx_word' id='word_1_527' title='bbox 2376 2722 2715 2783; x_wconf 79' lang='lat' dir='ltr'><strong>unguentum</strong></span> <span class='ocrx_word' id='word_1_528' title='bbox 2750 2709 2984 2766; x_wconf 81' lang='lat' dir='ltr'><strong>effusum</strong></span> <span class='ocrx_word' id='word_1_529' title='bbox 3015 2709 3240 2762; x_wconf 78' lang='lat' dir='ltr'><strong>suavius</strong></span> <span class='ocrx_word' id='word_1_530' title='bbox 3264 2706 3488 2775; x_wconf 83' lang='lat' dir='ltr'><strong>fragrat,</strong></span> <span class='ocrx_word' id='word_1_531' title='bbox 3511 2714 3679 2772; x_wconf 86' lang='lat' dir='ltr'><strong>atque</strong></span> <span class='ocrx_word' id='word_1_532' title='bbox 3703 2717 3794 2765; x_wconf 77' lang='lat' dir='ltr'><strong>ea,</strong></span> 
     </span>
    </p>
   </div>
   <div class='ocr_carea' id='block_1_73' title="bbox 2206 2796 3781 2880">
    <p class='ocr_par' dir='ltr' id='par_1_73' title="bbox 2206 2796 3781 2880">
     <span class='ocr_line' id='line_1_74' title="bbox 2206 2796 3781 2880; baseline -0.011 -15"><span class='ocrx_word' id='word_1_533' title='bbox 2206 2811 2408 2880; x_wconf 87' lang='lat' dir='ltr'><strong>quibus</strong></span> <span class='ocrx_word' id='word_1_534' title='bbox 2446 2808 2796 2868; x_wconf 86' lang='lat' dir='ltr'><strong>admovetur,</strong></span> <span class='ocrx_word' id='word_1_535' title='bbox 2828 2801 2983 2858; x_wconf 86' lang='lat' dir='ltr'><strong>suavi</strong></span> <span class='ocrx_word' id='word_1_536' title='bbox 3017 2801 3184 2856; x_wconf 89' lang='lat' dir='ltr'><strong>odore</strong></span> <span class='ocrx_word' id='word_1_537' title='bbox 3229 2796 3508 2868; x_wconf 81' lang='lat' dir='ltr'><strong>perfundit</strong></span> <span class='ocrx_word' id='word_1_538' title='bbox 3537 2812 3550 2850; x_wconf 92' lang='lat'>:</span> <span class='ocrx_word' id='word_1_539' title='bbox 3580 2796 3781 2849; x_wconf 86' lang='lat' dir='ltr'><strong>eodem</strong></span> 
     </span>
    </p>
   </div>
   <div class='ocr_carea' id='block_1_74' title="bbox 2207 2888 3795 2971">
    <p class='ocr_par' dir='ltr' id='par_1_74' title="bbox 2207 2888 3795 2971">
     <span class='ocr_line' id='line_1_75' title="bbox 2207 2888 3795 2971; baseline -0.009 -15"><span class='ocrx_word' id='word_1_540' title='bbox 2207 2917 2423 2971; x_wconf 86' lang='lat' dir='ltr'><strong>quoque</strong></span> <span class='ocrx_word' id='word_1_541' title='bbox 2445 2899 2608 2953; x_wconf 89' lang='lat' dir='ltr'><strong>modo</strong></span> <span class='ocrx_word' id='word_1_542' title='bbox 2637 2897 2917 2960; x_wconf 85' lang='lat' dir='ltr'><strong>Dominus,</strong></span> <span class='ocrx_word' id='word_1_543' title='bbox 2946 2904 3300 2964; x_wconf 83' lang='lat' dir='ltr'><strong>posteaquam</strong></span> <span class='ocrx_word' id='word_1_544' title='bbox 3356 2899 3558 2944; x_wconf 69' lang='lat' dir='ltr'><strong>nostra:</strong></span> <span class='ocrx_word' id='word_1_545' title='bbox 3592 2888 3795 2944; x_wconf 82' lang='lat' dir='ltr'><strong>salutis</strong></span> 
     </span>
    </p>
   </div>
   <div class='ocr_carea' id='block_1_75' title="bbox 2135 2982 3796 3080">
    <p class='ocr_par' dir='ltr' id='par_1_75' title="bbox 2135 2982 3796 3080">
     <span class='ocr_line' id='line_1_76' title="bbox 2135 2982 3796 3080; baseline -0.009 -32"><span class='ocrx_word' id='word_1_546' title='bbox 2135 3025 2177 3080; x_wconf 67' lang='grc' dir='ltr'>ο</span> <span class='ocrx_word' id='word_1_547' title='bbox 2209 3008 2373 3048; x_wconf 86' lang='lat' dir='ltr'><strong>causa</strong></span> <span class='ocrx_word' id='word_1_548' title='bbox 2405 2992 2718 3046; x_wconf 75' lang='lat' dir='ltr'><strong>exinanitus</strong></span> <span class='ocrx_word' id='word_1_549' title='bbox 2750 2999 2852 3052; x_wconf 87' lang='lat' dir='ltr'><strong>est,</strong></span> <span class='ocrx_word' id='word_1_550' title='bbox 2891 2986 3207 3056; x_wconf 73' lang='lat' dir='ltr'><strong>cognitione</strong></span> <span class='ocrx_word' id='word_1_551' title='bbox 3233 2985 3341 3048; x_wconf 90' lang='lat' dir='ltr'><strong>sui,</strong></span> <span class='ocrx_word' id='word_1_552' title='bbox 3373 2982 3520 3037; x_wconf 86' lang='lat' dir='ltr'><strong>velut</strong></span> <span class='ocrx_word' id='word_1_553' title='bbox 3569 2984 3796 3034; x_wconf 76' lang='lat' dir='ltr'><strong>suavis-</strong></span> 
     </span>
    </p>
   </div>
   <div class='ocr_carea' id='block_1_76' title="bbox 2209 3071 3789 3149">
    <p class='ocr_par' dir='ltr' id='par_1_76' title="bbox 2209 3071 3789 3149">
     <span class='ocr_line' id='line_1_77' title="bbox 2209 3071 3789 3149; baseline -0.009 -16"><span class='ocrx_word' id='word_1_554' title='bbox 2209 3082 2353 3135; x_wconf 86' lang='lat' dir='ltr'><strong>simo</strong></span> <span class='ocrx_word' id='word_1_555' title='bbox 2385 3078 2623 3149; x_wconf 89' lang='lat' dir='ltr'><strong>quodam</strong></span> <span class='ocrx_word' id='word_1_556' title='bbox 2661 3077 2853 3140; x_wconf 86' lang='lat' dir='ltr'><strong>odore,</strong></span> <span class='ocrx_word' id='word_1_557' title='bbox 2889 3075 3206 3129; x_wconf 87' lang='lat' dir='ltr'><strong>universum</strong></span> <span class='ocrx_word' id='word_1_558' title='bbox 3261 3071 3450 3125; x_wconf 89' lang='lat' dir='ltr'><strong>o&#39;rbem</strong></span> <span class='ocrx_word' id='word_1_559' title='bbox 3511 3080 3789 3124; x_wconf 84' lang='lat' dir='ltr'><strong>terrarum</strong></span> 
     </span>
    </p>
   </div>
   <div class='ocr_carea' id='block_1_77' title="bbox 2209 3159 3790 3240">
    <p class='ocr_par' dir='ltr' id='par_1_77' title="bbox 2209 3159 3790 3240">
     <span class='ocr_line' id='line_1_78' title="bbox 2209 3159 3790 3240; baseline -0.009 -15"><span class='ocrx_word' id='word_1_560' title='bbox 2209 3170 2477 3240; x_wconf 84' lang='lat' dir='ltr'><strong>implevit.</strong></span> <span class='ocrx_word' id='word_1_561' title='bbox 2509 3171 2688 3238; x_wconf 83' lang='lat' dir='ltr'><strong>Atque</strong></span> <span class='ocrx_word' id='word_1_562' title='bbox 2718 3167 2866 3222; x_wconf 89' lang='lat' dir='ltr'><strong>hunc</strong></span> <span class='ocrx_word' id='word_1_563' title='bbox 2913 3180 2944 3219; x_wconf 88' lang='lat' dir='ltr'><strong>a</strong></span> <span class='ocrx_word' id='word_1_564' title='bbox 2995 3165 3152 3219; x_wconf 87' lang='lat' dir='ltr'><strong>nobis</strong></span> <span class='ocrx_word' id='word_1_565' title='bbox 3201 3161 3562 3233; x_wconf 84' lang='lat' dir='ltr'><strong>spiritualiter</strong></span> <span class='ocrx_word' id='word_1_566' title='bbox 3611 3159 3790 3228; x_wconf 79' lang='lat' dir='ltr'><strong>accipi</strong></span> 
     </span>
    </p>
   </div>
   <div class='ocr_carea' id='block_1_78' title="bbox 2206 3255 3792 3327">
    <p class='ocr_par' dir='ltr' id='par_1_78' title="bbox 2206 3255 3792 3327">
     <span class='ocr_line' id='line_1_79' title="bbox 2206 3255 3792 3327; baseline -0.008 -8"><span class='ocrx_word' id='word_1_567' title='bbox 2206 3277 2432 3319; x_wconf 86' lang='lat' dir='ltr'><strong>necesse</strong></span> <span class='ocrx_word' id='word_1_568' title='bbox 2451 3271 2554 3327; x_wconf 90' lang='lat' dir='ltr'><strong>est,</strong></span> <span class='ocrx_word' id='word_1_569' title='bbox 2592 3262 2695 3315; x_wconf 93' lang='lat' dir='ltr'><strong>hoc</strong></span> <span class='ocrx_word' id='word_1_570' title='bbox 2726 3269 2830 3326; x_wconf 86' lang='lat' dir='ltr'><strong>est,</strong></span> <span class='ocrx_word' id='word_1_571' title='bbox 2858 3266 2916 3313; x_wconf 91' lang='lat' dir='ltr'><strong>ut</strong></span> <span class='ocrx_word' id='word_1_572' title='bbox 2951 3258 3214 3312; x_wconf 82' lang='lat' dir='ltr'><strong>beneficia</strong></span> <span class='ocrx_word' id='word_1_573' title='bbox 3257 3255 3326 3310; x_wconf 90' lang='lat' dir='ltr'><strong>ab</strong></span> <span class='ocrx_word' id='word_1_574' title='bbox 3353 3270 3419 3310; x_wconf 92' lang='lat' dir='ltr'><strong>eo</strong></span> <span class='ocrx_word' id='word_1_575' title='bbox 3444 3255 3500 3309; x_wconf 91' lang='lat' dir='ltr'><strong>in</strong></span> <span class='ocrx_word' id='word_1_576' title='bbox 3529 3267 3634 3308; x_wconf 91' lang='lat' dir='ltr'><strong>nos</strong></span> <span class='ocrx_word' id='word_1_577' title='bbox 3669 3260 3792 3308; x_wconf 87' lang='lat' dir='ltr'><strong>col-</strong></span> 
     </span>
    </p>
   </div>
   <div class='ocr_carea' id='block_1_79' title="bbox 2210 3345 3790 3423">
    <p class='ocr_par' dir='ltr' id='par_1_79' title="bbox 2210 3345 3790 3423">
     <span class='ocr_line' id='line_1_80' title="bbox 2210 3345 3790 3423; baseline -0.006 -13"><span class='ocrx_word' id='word_1_578' title='bbox 2210 3356 2317 3410; x_wconf 87' lang='lat' dir='ltr'><strong>lata</strong></span> <span class='ocrx_word' id='word_1_579' title='bbox 2353 3355 2654 3411; x_wconf 85' lang='lat' dir='ltr'><strong>sentiamus</strong></span> <span class='ocrx_word' id='word_1_580' title='bbox 2691 3360 2746 3408; x_wconf 88' lang='lat' dir='ltr'><strong>et</strong></span> <span class='ocrx_word' id='word_1_581' title='bbox 2794 3364 3180 3423; x_wconf 78' lang='lat' dir='ltr'><strong>agnoscamus,</strong></span> <span class='ocrx_word' id='word_1_582' title='bbox 3233 3358 3397 3418; x_wconf 88' lang='lat' dir='ltr'><strong>atque</strong></span> <span class='ocrx_word' id='word_1_583' title='bbox 3446 3347 3513 3400; x_wconf 88' lang='lat' dir='ltr'><strong>ab</strong></span> <span class='ocrx_word' id='word_1_584' title='bbox 3549 3360 3616 3400; x_wconf 89' lang='lat' dir='ltr'><strong>eo</strong></span> <span class='ocrx_word' id='word_1_585' title='bbox 3648 3345 3790 3400; x_wconf 85' lang='lat' dir='ltr'><strong>adeo</strong></span> 
     </span>
    </p>
   </div>
   <div class='ocr_carea' id='block_1_80' title="bbox 2207 3439 3787 3514">
    <p class='ocr_par' dir='ltr' id='par_1_80' title="bbox 2207 3439 3787 3514">
     <span class='ocr_line' id='line_1_81' title="bbox 2207 3439 3787 3514; baseline -0.008 -10"><span class='ocrx_word' id='word_1_586' title='bbox 2207 3449 2580 3514; x_wconf 79' lang='lat' dir='ltr'><strong>eﬂ‘ormemur,</strong></span> <span class='ocrx_word' id='word_1_587' title='bbox 2633 3445 2774 3500; x_wconf 85' lang='lat' dir='ltr'><strong>etin</strong></span> <span class='ocrx_word' id='word_1_588' title='bbox 2808 3444 3037 3499; x_wconf 86' lang='lat' dir='ltr'><strong>alteram</strong></span> <span class='ocrx_word' id='word_1_589' title='bbox 3089 3441 3412 3512; x_wconf 81' lang='lat' dir='ltr'><strong>qualitatem</strong></span> <span class='ocrx_word' id='word_1_590' title='bbox 3457 3439 3787 3508; x_wconf 84' lang='lat' dir='ltr'><strong>migremus,</strong></span> 
     </span>
    </p>
   </div>
   <div class='ocr_carea' id='block_1_81' title="bbox 2211 3531 3787 3610">
    <p class='ocr_par' dir='ltr' id='par_1_81' title="bbox 2211 3531 3787 3610">
     <span class='ocr_line' id='line_1_82' title="bbox 2211 3531 3787 3610; baseline -0.005 -16"><span class='ocrx_word' id='word_1_591' title='bbox 2211 3551 2268 3594; x_wconf 91' lang='lat' dir='ltr'><strong>ut</strong></span> <span class='ocrx_word' id='word_1_592' title='bbox 2307 3540 2408 3609; x_wconf 88' lang='lat' dir='ltr'><strong>ipsi</strong></span> <span class='ocrx_word' id='word_1_593' title='bbox 2439 3552 2660 3610; x_wconf 89' lang='lat' dir='ltr'><strong>quoque</strong></span> <span class='ocrx_word' id='word_1_594' title='bbox 2694 3537 2881 3592; x_wconf 87' lang='lat' dir='ltr'><strong>suavis</strong></span> <span class='ocrx_word' id='word_1_595' title='bbox 2927 3537 3060 3591; x_wconf 85' lang='lat' dir='ltr'><strong>odor</strong></span> <span class='ocrx_word' id='word_1_596' title='bbox 3094 3535 3268 3589; x_wconf 89' lang='lat' dir='ltr'><strong>simus</strong></span> <span class='ocrx_word' id='word_1_597' title='bbox 3301 3532 3368 3596; x_wconf 84' lang='lat'><strong>“,</strong></span> <span class='ocrx_word' id='word_1_598' title='bbox 3405 3546 3469 3586; x_wconf 88' lang='lat' dir='ltr'><strong>ac</strong></span> <span class='ocrx_word' id='word_1_599' title='bbox 3513 3531 3580 3585; x_wconf 89' lang='lat' dir='ltr'><strong>de</strong></span> <span class='ocrx_word' id='word_1_600' title='bbox 3623 3531 3787 3586; x_wconf 80' lang='lat' dir='ltr'><strong>nobis</strong></span> 
     </span>
    </p>
   </div>
   <div class='ocr_carea' id='block_1_82' title="bbox 2207 3622 3790 3699">
    <p class='ocr_par' dir='ltr' id='par_1_82' title="bbox 2207 3622 3790 3699">
     <span class='ocr_line' id='line_1_83' title="bbox 2207 3622 3790 3699; baseline -0.006 -13"><span class='ocrx_word' id='word_1_601' title='bbox 2207 3633 2376 3696; x_wconf 87' lang='lat' dir='ltr'><strong>idem,</strong></span> <span class='ocrx_word' id='word_1_602' title='bbox 2427 3644 2538 3699; x_wconf 88' lang='lat' dir='ltr'><strong>quo</strong></span> <span class='ocrx_word' id='word_1_603' title='bbox 2570 3630 2637 3684; x_wconf 90' lang='lat' dir='ltr'><strong>de</strong></span> <span class='ocrx_word' id='word_1_604' title='bbox 2687 3626 2961 3684; x_wconf 80' lang='lat' dir='ltr'><strong>sacrificio</strong></span> <span class='ocrx_word' id='word_1_605' title='bbox 3023 3624 3157 3690; x_wconf 84' lang='lat' dir='ltr'><strong>Noe,</strong></span> <span class='ocrx_word' id='word_1_606' title='bbox 3220 3626 3456 3690; x_wconf 84' lang='lat' dir='ltr'><strong>dicatur,</strong></span> <span class='ocrx_word' id='word_1_607' title='bbox 3511 3622 3790 3678; x_wconf 75' lang='lat' dir='ltr'><strong>Odorutus</strong></span> 
     </span>
    </p>
   </div>
   <div class='ocr_carea' id='block_1_83' title="bbox 2205 3714 3793 3780">
    <p class='ocr_par' dir='ltr' id='par_1_83' title="bbox 2205 3714 3793 3780">
     <span class='ocr_line' id='line_1_84' title="bbox 2205 3714 3793 3780; baseline -0.008 -2"><span class='ocrx_word' id='word_1_608' title='bbox 2205 3733 2282 3778; x_wconf 80' lang='lat' dir='ltr'><strong>est</strong></span> <span class='ocrx_word' id='word_1_609' title='bbox 2310 3721 2568 3776; x_wconf 81' lang='lat' dir='ltr'><strong>Dominus</strong></span> <span class='ocrx_word' id='word_1_610' title='bbox 2600 3719 2814 3773; x_wconf 85' lang='lat' dir='ltr'><strong>odorem</strong></span> <span class='ocrx_word' id='word_1_611' title='bbox 2859 3718 3145 3772; x_wconf 81' lang='lat' dir='ltr'><strong>suauitatis</strong></span> <span class='ocrx_word' id='word_1_612' title='bbox 3189 3717 3256 3780; x_wconf 67' lang='grc' dir='ltr'><strong>θ’,</strong></span> <span class='ocrx_word' id='word_1_613' title='bbox 3287 3717 3390 3770; x_wconf 89' lang='lat' dir='ltr'><strong>hoc</strong></span> <span class='ocrx_word' id='word_1_614' title='bbox 3418 3724 3522 3778; x_wconf 79' lang='lat' dir='ltr'><strong>est,</strong></span> <span class='ocrx_word' id='word_1_615' title='bbox 3559 3714 3793 3766; x_wconf 84' lang='lat' dir='ltr'><strong>libenter</strong></span> 
     </span>
    </p>
   </div>
   <div class='ocr_carea' id='block_1_84' title="bbox 2206 3811 3791 3884">
    <p class='ocr_par' dir='ltr' id='par_1_84' title="bbox 2206 3811 3791 3884">
     <span class='ocr_line' id='line_1_85' title="bbox 2206 3811 3791 3884; baseline -0.006 -14"><span class='ocrx_word' id='word_1_616' title='bbox 2206 3827 2263 3870; x_wconf 89' lang='lat' dir='ltr'><strong>et</strong></span> <span class='ocrx_word' id='word_1_617' title='bbox 2321 3811 2565 3884; x_wconf 89' lang='lat' dir='ltr'><strong>jucunde</strong></span> <span class='ocrx_word' id='word_1_618' title='bbox 2603 3813 2834 3883; x_wconf 83' lang='lat' dir='ltr'><strong>accepit.</strong></span> <span class='ocrx_word' id='word_1_619' title='bbox 2887 3812 3089 3867; x_wconf 88' lang='lat' dir='ltr'><strong>Tactus</strong></span> <span class='ocrx_word' id='word_1_620' title='bbox 3149 3819 3437 3879; x_wconf 78' lang='lat' dir='ltr'><strong>purgetur,</strong></span> <span class='ocrx_word' id='word_1_621' title='bbox 3491 3816 3553 3860; x_wconf 90' lang='lat' dir='ltr'><strong>ut</strong></span> <span class='ocrx_word' id='word_1_622' title='bbox 3595 3821 3667 3860; x_wconf 87' lang='lat' dir='ltr'><strong>ne</strong></span> <span class='ocrx_word' id='word_1_623' title='bbox 3703 3821 3791 3860; x_wconf 85' lang='lat' dir='ltr'><strong>res</strong></span> 
     </span>
    </p>
   </div>
   <div class='ocr_carea' id='block_1_85' title="bbox 2207 3897 3785 3972">
    <p class='ocr_par' dir='ltr' id='par_1_85' title="bbox 2207 3897 3785 3972">
     <span class='ocr_line' id='line_1_86' title="bbox 2207 3897 3785 3972; baseline -0.009 -11"><span class='ocrx_word' id='word_1_624' title='bbox 2207 3905 2398 3961; x_wconf 89' lang='lat' dir='ltr'><strong>molles</strong></span> <span class='ocrx_word' id='word_1_625' title='bbox 2431 3914 2485 3960; x_wconf 89' lang='lat' dir='ltr'><strong>et</strong></span> <span class='ocrx_word' id='word_1_626' title='bbox 2515 3913 2756 3968; x_wconf 88' lang='lat' dir='ltr'><strong>teneras,</strong></span> <span class='ocrx_word' id='word_1_627' title='bbox 2778 3915 3010 3972; x_wconf 66' lang='lat' dir='ltr'><strong>quicque</strong></span> <span class='ocrx_word' id='word_1_628' title='bbox 3040 3901 3204 3954; x_wconf 87' lang='lat' dir='ltr'><strong>animi</strong></span> <span class='ocrx_word' id='word_1_629' title='bbox 3236 3903 3474 3968; x_wconf 78' lang='lat' dir='ltr'><strong>vigorem</strong></span> <span class='ocrx_word' id='word_1_630' title='bbox 3511 3897 3785 3961; x_wconf 76' lang='lat' dir='ltr'><strong>molliunt,</strong></span> 
     </span>
    </p>
   </div>
   <div class='ocr_carea' id='block_1_86' title="bbox 2206 3989 3778 4058">
    <p class='ocr_par' dir='ltr' id='par_1_86' title="bbox 2206 3989 3778 4058">
     <span class='ocr_line' id='line_1_87' title="bbox 2206 3989 3778 4058; baseline -0.008 -5"><span class='ocrx_word' id='word_1_631' title='bbox 2206 4006 2613 4053; x_wconf 86' lang='lat' dir='ltr'><strong>contrectemus</strong></span> <span class='ocrx_word' id='word_1_632' title='bbox 2642 4014 2657 4052; x_wconf 89' lang='lat'><strong>:</strong></span> <span class='ocrx_word' id='word_1_633' title='bbox 2693 4010 2880 4050; x_wconf 82' lang='lat' dir='ltr'><strong>verum</strong></span> <span class='ocrx_word' id='word_1_634' title='bbox 2913 3991 3262 4048; x_wconf 87' lang='lat' dir='ltr'><strong>intellectuali</strong></span> <span class='ocrx_word' id='word_1_635' title='bbox 3297 4007 3358 4044; x_wconf 85' lang='lat' dir='ltr'><strong>ac</strong></span> <span class='ocrx_word' id='word_1_636' title='bbox 3387 3989 3661 4058; x_wconf 87' lang='lat' dir='ltr'><strong>spirituali</strong></span> <span class='ocrx_word' id='word_1_637' title='bbox 3696 3997 3778 4041; x_wconf 83' lang='lat' dir='ltr'><strong>ta-</strong></span> 
     </span>
    </p>
   </div>
   <div class='ocr_carea' id='block_1_87' title="bbox 2207 4082 3782 4156">
    <p class='ocr_par' dir='ltr' id='par_1_87' title="bbox 2207 4082 3782 4156">
     <span class='ocr_line' id='line_1_88' title="bbox 2207 4082 3782 4156; baseline -0.009 -11"><span class='ocrx_word' id='word_1_638' title='bbox 2207 4103 2297 4145; x_wconf 90' lang='lat' dir='ltr'><strong>ctu</strong></span> <span class='ocrx_word' id='word_1_639' title='bbox 2330 4091 2608 4146; x_wconf 80' lang='lat' dir='ltr'><strong>Christum</strong></span> <span class='ocrx_word' id='word_1_640' title='bbox 2643 4096 2958 4156; x_wconf 74' lang='lat' dir='ltr'><strong>tangamus,</strong></span> <span class='ocrx_word' id='word_1_641' title='bbox 2991 4086 3095 4138; x_wconf 89' lang='lat' dir='ltr'><strong>hoc</strong></span> <span class='ocrx_word' id='word_1_642' title='bbox 3119 4093 3203 4137; x_wconf 89' lang='lat' dir='ltr'><strong>est</strong></span> <span class='ocrx_word' id='word_1_643' title='bbox 3237 4082 3412 4152; x_wconf 63' lang='lat' dir='ltr'><strong>ipsius</strong></span> <span class='ocrx_word' id='word_1_644' title='bbox 3462 4082 3782 4151; x_wconf 73' lang='lat' dir='ltr'><strong>mysterium</strong></span> 
     </span>
    </p>
   </div>
   <div class='ocr_carea' id='block_1_88' title="bbox 2208 4173 3778 4252">
    <p class='ocr_par' dir='ltr' id='par_1_88' title="bbox 2208 4173 3778 4252">
     <span class='ocr_line' id='line_1_89' title="bbox 2208 4173 3778 4252; baseline -0.011 -14"><span class='ocrx_word' id='word_1_645' title='bbox 2208 4195 2267 4238; x_wconf 88' lang='lat' dir='ltr'><strong>ut</strong></span> <span class='ocrx_word' id='word_1_646' title='bbox 2303 4182 2411 4236; x_wconf 87' lang='lat' dir='ltr'><strong>Deo</strong></span> <span class='ocrx_word' id='word_1_647' title='bbox 2438 4183 2662 4252; x_wconf 78' lang='lat' dir='ltr'><strong>dignum</strong></span> <span class='ocrx_word' id='word_1_648' title='bbox 2687 4188 2793 4244; x_wconf 88' lang='lat' dir='ltr'><strong>est,</strong></span> <span class='ocrx_word' id='word_1_649' title='bbox 2817 4185 3246 4247; x_wconf 88' lang='lat' dir='ltr'><strong>perscrutemur.</strong></span> <span class='ocrx_word' id='word_1_650' title='bbox 3269 4173 3476 4228; x_wconf 88' lang='lat' dir='ltr'><strong>Gustus</strong></span> <span class='ocrx_word' id='word_1_651' title='bbox 3499 4181 3778 4242; x_wconf 80' lang='lat' dir='ltr'><strong>purgetur,</strong></span> 
     </span>
    </p>
   </div>
   <div class='ocr_carea' id='block_1_89' title="bbox 2209 4264 3777 4340">
    <p class='ocr_par' dir='ltr' id='par_1_89' title="bbox 2209 4264 3777 4340">
     <span class='ocr_line' id='line_1_90' title="bbox 2209 4264 3777 4340; baseline -0.009 -12"><span class='ocrx_word' id='word_1_652' title='bbox 2209 4284 2268 4328; x_wconf 90' lang='lat' dir='ltr'><strong>ut</strong></span> <span class='ocrx_word' id='word_1_653' title='bbox 2289 4289 2396 4327; x_wconf 92' lang='lat' dir='ltr'><strong>non</strong></span> <span class='ocrx_word' id='word_1_654' title='bbox 2423 4273 2604 4328; x_wconf 85' lang='lat' dir='ltr'><strong>succis</strong></span> <span class='ocrx_word' id='word_1_655' title='bbox 2639 4279 2694 4326; x_wconf 89' lang='lat' dir='ltr'><strong>et</strong></span> <span class='ocrx_word' id='word_1_656' title='bbox 2726 4269 3051 4340; x_wconf 88' lang='lat' dir='ltr'><strong>liquoribus,</strong></span> <span class='ocrx_word' id='word_1_657' title='bbox 3084 4281 3149 4321; x_wconf 89' lang='lat' dir='ltr'><strong>ac</strong></span> <span class='ocrx_word' id='word_1_658' title='bbox 3173 4265 3432 4336; x_wconf 87' lang='lat' dir='ltr'><strong>jucundis</strong></span> <span class='ocrx_word' id='word_1_659' title='bbox 3466 4273 3521 4318; x_wconf 84' lang='lat' dir='ltr'><strong>et</strong></span> <span class='ocrx_word' id='word_1_660' title='bbox 3566 4264 3777 4334; x_wconf 84' lang='lat' dir='ltr'><strong>pingui-</strong></span> 
     </span>
    </p>
   </div>
   <div class='ocr_carea' id='block_1_90' title="bbox 531 4351 3785 4442">
    <p class='ocr_par' dir='ltr' id='par_1_90' title="bbox 531 4351 3785 4442">
     <span class='ocr_line' id='line_1_91' title="bbox 531 4351 3785 4442; baseline -0.01 -19"><span class='ocrx_word' id='word_1_661' title='bbox 531 4371 720 4436; x_wconf 84' lang='lat' dir='ltr'><strong>lutque</strong></span> <span class='ocrx_word' id='word_1_662' title='bbox 749 4363 1029 4419; x_wconf 86' lang='lat' dir='ltr'><strong>abrasisti.</strong></span> <span class='ocrx_word' id='word_1_663' title='bbox 1062 4359 1332 4414; x_wconf 80' lang='lat' dir='ltr'><strong>Novacula</strong></span> <span class='ocrx_word' id='word_1_664' title='bbox 1372 4356 1517 4410; x_wconf 90' lang='lat' dir='ltr'><strong>enim</strong></span> <span class='ocrx_word' id='word_1_665' title='bbox 1551 4368 1766 4408; x_wconf 89' lang='lat' dir='ltr'><strong>comam</strong></span> <span class='ocrx_word' id='word_1_666' title='bbox 1807 4351 1968 4405; x_wconf 87' lang='lat' dir='ltr'><strong>facile</strong></span> <span class='ocrx_word' id='word_1_667' title='bbox 2009 4353 2104 4403; x_wconf 91' lang='lat' dir='ltr'><strong>de-</strong></span> <span class='ocrx_word' id='word_1_668' title='bbox 2139 4387 2182 4442; x_wconf 67' lang='grc' dir='ltr'><strong>ο</strong></span> <span class='ocrx_word' id='word_1_669' title='bbox 2211 4366 2312 4420; x_wconf 68' lang='lat' dir='ltr'><strong>bus</strong></span> <span class='ocrx_word' id='word_1_670' title='bbox 2345 4364 2520 4433; x_wconf 63' lang='lat' dir='ltr'><strong>epulis</strong></span> <span class='ocrx_word' id='word_1_671' title='bbox 2580 4363 2864 4418; x_wconf 61' lang='lat' dir='ltr'><strong>mmemor</strong></span> <span class='ocrx_word' id='word_1_672' title='bbox 2906 4368 2962 4414; x_wconf 68' lang='grc' dir='ltr'><em>ει</em></span> <span class='ocrx_word' id='word_1_673' title='bbox 2989 4359 3349 4422; x_wconf 50' lang='lat' dir='ltr'><strong>oblectamur,</strong></span> <span class='ocrx_word' id='word_1_674' title='bbox 3379 4365 3546 4426; x_wconf 50' lang='lat' dir='ltr'><strong>atque</strong></span> <span class='ocrx_word' id='word_1_675' title='bbox 3573 4355 3638 4408; x_wconf 63' lang='lat' dir='ltr'><strong>ad</strong></span> <span class='ocrx_word' id='word_1_676' title='bbox 3670 4354 3785 4424; x_wconf 73' lang='lat' dir='ltr'><strong>ptu-</strong></span> 
     </span>
    </p>
   </div>
   <div class='ocr_carea' id='block_1_91' title="bbox 532 4441 2102 4514">
    <p class='ocr_par' dir='ltr' id='par_1_91' title="bbox 532 4441 2102 4514">
     <span class='ocr_line' id='line_1_92' title="bbox 532 4441 2102 4514; baseline -0.014 0"><span class='ocrx_word' id='word_1_677' title='bbox 532 4462 706 4514; x_wconf 86' lang='lat' dir='ltr'><strong>metit.</strong></span> <span class='ocrx_word' id='word_1_678' title='bbox 760 4455 873 4508; x_wconf 85' lang='lat' dir='ltr'><strong>Hoc</strong></span> <span class='ocrx_word' id='word_1_679' title='bbox 929 4463 1109 4507; x_wconf 88' lang='lat' dir='ltr'><strong>autetn</strong></span> <span class='ocrx_word' id='word_1_680' title='bbox 1170 4448 1389 4503; x_wconf 86' lang='lat' dir='ltr'><strong>Davidis</strong></span> <span class='ocrx_word' id='word_1_681' title='bbox 1448 4447 1651 4500; x_wconf 89' lang='lat' dir='ltr'><strong>dictum</strong></span> <span class='ocrx_word' id='word_1_682' title='bbox 1716 4443 1771 4496; x_wconf 83' lang='lat' dir='ltr'><strong>in</strong></span> <span class='ocrx_word' id='word_1_683' title='bbox 1824 4441 2102 4496; x_wconf 87' lang='lat' dir='ltr'><strong>diabolum</strong></span> 
     </span>
    </p>
   </div>
   <div class='ocr_carea' id='block_1_92' title="bbox 531 4536 2108 4622">
    <p class='ocr_par' dir='ltr' id='par_1_92' title="bbox 531 4536 2108 4622">
     <span class='ocr_line' id='line_1_93' title="bbox 531 4536 2108 4622; baseline -0.008 -24"><span class='ocrx_word' id='word_1_684' title='bbox 531 4565 750 4622; x_wconf 85' lang='lat' dir='ltr'><strong>quoque</strong></span> <span class='ocrx_word' id='word_1_685' title='bbox 779 4545 1020 4615; x_wconf 91' lang='lat' dir='ltr'><strong>torqueri</strong></span> <span class='ocrx_word' id='word_1_686' title='bbox 1049 4551 1234 4612; x_wconf 85' lang='lat' dir='ltr'><strong>queat.</strong></span> <span class='ocrx_word' id='word_1_687' title='bbox 1269 4538 1343 4594; x_wconf 89' lang='lat' dir='ltr'><strong>Ut</strong></span> <span class='ocrx_word' id='word_1_688' title='bbox 1371 4541 1516 4594; x_wconf 87' lang='lat' dir='ltr'><strong>enim</strong></span> <span class='ocrx_word' id='word_1_689' title='bbox 1559 4536 1824 4591; x_wconf 88' lang='lat' dir='ltr'><strong>novacula</strong></span> <span class='ocrx_word' id='word_1_690' title='bbox 1861 4536 2108 4604; x_wconf 89' lang='lat' dir='ltr'><strong>apprime</strong></span> 
     </span>
    </p>
   </div>
   <div class='ocr_carea' id='block_1_93' title="bbox 533 4624 2105 4698">
    <p class='ocr_par' dir='ltr' id='par_1_93' title="bbox 533 4624 2105 4698">
     <span class='ocr_line' id='line_1_94' title="bbox 533 4624 2105 4698; baseline -0.014 0"><span class='ocrx_word' id='word_1_691' title='bbox 533 4651 764 4698; x_wconf 83' lang='lat' dir='ltr'><strong>exacuta</strong></span> <span class='ocrx_word' id='word_1_692' title='bbox 795 4640 868 4694; x_wconf 89' lang='lat' dir='ltr'><strong>ita</strong></span> <span class='ocrx_word' id='word_1_693' title='bbox 906 4649 1120 4692; x_wconf 88' lang='lat' dir='ltr'><strong>comam</strong></span> <span class='ocrx_word' id='word_1_694' title='bbox 1151 4631 1445 4697; x_wconf 85' lang='lat' dir='ltr'><strong>abscindit,</strong></span> <span class='ocrx_word' id='word_1_695' title='bbox 1474 4638 1531 4684; x_wconf 93' lang='lat' dir='ltr'><strong>ut</strong></span> <span class='ocrx_word' id='word_1_696' title='bbox 1569 4630 1663 4698; x_wconf 91' lang='lat' dir='ltr'><strong>qui</strong></span> <span class='ocrx_word' id='word_1_697' title='bbox 1697 4627 1929 4692; x_wconf 85' lang='lat' dir='ltr'><strong>raditur,</strong></span> <span class='ocrx_word' id='word_1_698' title='bbox 1968 4624 2105 4677; x_wconf 90' lang='lat' dir='ltr'><strong>nihil</strong></span> 
     </span>
    </p>
   </div>
   <div class='ocr_carea' id='block_1_94' title="bbox 534 4717 2105 4790">
    <p class='ocr_par' dir='ltr' id='par_1_94' title="bbox 534 4717 2105 4790">
     <span class='ocr_line' id='line_1_95' title="bbox 534 4717 2105 4790; baseline -0.014 -2"><span class='ocrx_word' id='word_1_699' title='bbox 534 4734 733 4789; x_wconf 83' lang='lat' dir='ltr'><strong>sentiat</strong></span> <span class='ocrx_word' id='word_1_700' title='bbox 765 4748 779 4784; x_wconf 90' lang='lat'><strong>:</strong></span> <span class='ocrx_word' id='word_1_701' title='bbox 812 4731 890 4785; x_wconf 86' lang='lat' dir='ltr'><strong>sic</strong></span> <span class='ocrx_word' id='word_1_702' title='bbox 919 4728 1081 4782; x_wconf 89' lang='lat' dir='ltr'><strong>etiatn</strong></span> <span class='ocrx_word' id='word_1_703' title='bbox 1114 4723 1388 4785; x_wconf 90' lang='lat' dir='ltr'><strong>diabolus,</strong></span> <span class='ocrx_word' id='word_1_704' title='bbox 1421 4736 1530 4790; x_wconf 87' lang='lat' dir='ltr'><strong>qua</strong></span> <span class='ocrx_word' id='word_1_705' title='bbox 1559 4730 1643 4774; x_wconf 87' lang='lat' dir='ltr'><strong>est</strong></span> <span class='ocrx_word' id='word_1_706' title='bbox 1666 4717 1966 4774; x_wconf 89' lang='lat' dir='ltr'><strong>calliditate</strong></span> <span class='ocrx_word' id='word_1_707' title='bbox 2021 4725 2105 4768; x_wconf 89' lang='lat' dir='ltr'><strong>at-</strong></span> 
     </span>
    </p>
   </div>
   <div class='ocr_carea' id='block_1_95' title="bbox 533 4810 2108 4896">
    <p class='ocr_par' dir='ltr' id='par_1_95' title="bbox 533 4810 2108 4896">
     <span class='ocr_line' id='line_1_96' title="bbox 533 4810 2108 4896; baseline -0.013 -16"><span class='ocrx_word' id='word_1_708' title='bbox 533 4843 639 4896; x_wconf 91' lang='lat' dir='ltr'><strong>que</strong></span> <span class='ocrx_word' id='word_1_709' title='bbox 670 4824 932 4888; x_wconf 83' lang='lat' dir='ltr'><strong>versutia,</strong></span> <span class='ocrx_word' id='word_1_710' title='bbox 963 4820 1121 4874; x_wconf 89' lang='lat' dir='ltr'><strong>dolos</strong></span> <span class='ocrx_word' id='word_1_711' title='bbox 1173 4817 1247 4871; x_wconf 90' lang='lat' dir='ltr'><strong>ita</strong></span> <span class='ocrx_word' id='word_1_712' title='bbox 1304 4815 1654 4870; x_wconf 89' lang='lat' dir='ltr'><strong>machinatur</strong></span> <span class='ocrx_word' id='word_1_713' title='bbox 1707 4823 1869 4880; x_wconf 84' lang='lat' dir='ltr'><strong>atque</strong></span> <span class='ocrx_word' id='word_1_714' title='bbox 1911 4810 2108 4862; x_wconf 77' lang='lat' dir='ltr'><strong>anima:</strong></span> 
     </span>
    </p>
   </div>
   <div class='ocr_carea' id='block_1_96' title="bbox 533 4902 2102 4988">
    <p class='ocr_par' dir='ltr' id='par_1_96' title="bbox 533 4902 2102 4988">
     <span class='ocr_line' id='line_1_97' title="bbox 533 4902 2102 4988; baseline -0.014 -17"><span class='ocrx_word' id='word_1_715' title='bbox 533 4920 789 4988; x_wconf 80' lang='lat' dir='ltr'><strong>gratiam,</strong></span> <span class='ocrx_word' id='word_1_716' title='bbox 827 4917 929 4969; x_wconf 90' lang='lat' dir='ltr'><strong>hoc</strong></span> <span class='ocrx_word' id='word_1_717' title='bbox 974 4919 1078 4976; x_wconf 86' lang='lat' dir='ltr'><strong>est,</strong></span> <span class='ocrx_word' id='word_1_718' title='bbox 1133 4910 1384 4963; x_wconf 81' lang='lat' dir='ltr'><strong>virtutem</strong></span> <span class='ocrx_word' id='word_1_719' title='bbox 1413 4916 1466 4962; x_wconf 89' lang='lat' dir='ltr'><strong>et</strong></span> <span class='ocrx_word' id='word_1_720' title='bbox 1494 4906 1777 4962; x_wconf 85' lang='lat' dir='ltr'><strong>scientiam</strong></span> <span class='ocrx_word' id='word_1_721' title='bbox 1826 4902 2102 4964; x_wconf 89' lang='lat' dir='ltr'><strong>detondet,</strong></span> 
     </span>
    </p>
   </div>
   <div class='ocr_carea' id='block_1_97' title="bbox 535 4991 2106 5062">
    <p class='ocr_par' dir='ltr' id='par_1_97' title="bbox 535 4991 2106 5062">
     <span class='ocr_line' id='line_1_98' title="bbox 535 4991 2106 5062; baseline -0.011 1"><span class='ocrx_word' id='word_1_722' title='bbox 535 5021 588 5062; x_wconf 90' lang='lat' dir='ltr'><strong>ut</strong></span> <span class='ocrx_word' id='word_1_723' title='bbox 619 5024 680 5062; x_wconf 90' lang='lat' dir='ltr'><strong>ea</strong></span> <span class='ocrx_word' id='word_1_724' title='bbox 726 5007 828 5060; x_wconf 89' lang='lat' dir='ltr'><strong>sibi</strong></span> <span class='ocrx_word' id='word_1_725' title='bbox 859 5005 973 5058; x_wconf 67' lang='lat' dir='ltr'><strong>haec</strong></span> <span class='ocrx_word' id='word_1_726' title='bbox 1009 5008 1330 5056; x_wconf 85' lang='lat' dir='ltr'><strong>ornamenta</strong></span> <span class='ocrx_word' id='word_1_727' title='bbox 1367 4997 1579 5053; x_wconf 88' lang='lat' dir='ltr'><strong>detrahi</strong></span> <span class='ocrx_word' id='word_1_728' title='bbox 1617 5012 1724 5050; x_wconf 93' lang='lat' dir='ltr'><strong>non</strong></span> <span class='ocrx_word' id='word_1_729' title='bbox 1777 4994 2004 5051; x_wconf 85' lang='lat' dir='ltr'><strong>sentiat.</strong></span> <span class='ocrx_word' id='word_1_730' title='bbox 2032 4991 2106 5045; x_wconf 86' lang='lat' dir='ltr'><strong>De</strong></span> 
     </span>
    </p>
   </div>
   <div class='ocr_carea' id='block_1_98' title="bbox 533 5085 2109 5173">
    <p class='ocr_par' dir='ltr' id='par_1_98' title="bbox 533 5085 2109 5173">
     <span class='ocr_line' id='line_1_99' title="bbox 533 5085 2109 5173; baseline -0.013 -17"><span class='ocrx_word' id='word_1_731' title='bbox 533 5120 644 5173; x_wconf 88' lang='lat' dir='ltr'><strong>quo</strong></span> <span class='ocrx_word' id='word_1_732' title='bbox 685 5111 739 5156; x_wconf 88' lang='lat' dir='ltr'><strong>et</strong></span> <span class='ocrx_word' id='word_1_733' title='bbox 778 5102 831 5153; x_wconf 91' lang='lat' dir='ltr'><strong>in</strong></span> <span class='ocrx_word' id='word_1_734' title='bbox 859 5100 985 5158; x_wconf 89' lang='lat' dir='ltr'><strong>hoc,</strong></span> <span class='ocrx_word' id='word_1_735' title='bbox 1011 5105 1065 5149; x_wconf 86' lang='lat' dir='ltr'><strong>et</strong></span> <span class='ocrx_word' id='word_1_736' title='bbox 1097 5094 1150 5147; x_wconf 88' lang='lat' dir='ltr'><strong>iti</strong></span> <span class='ocrx_word' id='word_1_737' title='bbox 1189 5108 1336 5148; x_wconf 90' lang='lat' dir='ltr'><strong>nono</strong></span> <span class='ocrx_word' id='word_1_738' title='bbox 1365 5092 1576 5161; x_wconf 86' lang='lat' dir='ltr'><strong>psalmo</strong></span> <span class='ocrx_word' id='word_1_739' title='bbox 1635 5090 1778 5143; x_wconf 77' lang='lat' dir='ltr'><strong>idem</strong></span> <span class='ocrx_word' id='word_1_740' title='bbox 1839 5085 2109 5155; x_wconf 86' lang='lat' dir='ltr'><strong>Propheta</strong></span> 
     </span>
    </p>
   </div>
   <div class='ocr_carea' id='block_1_99' title="bbox 533 5180 2110 5260">
    <p class='ocr_par' dir='ltr' id='par_1_99' title="bbox 533 5180 2110 5260">
     <span class='ocr_line' id='line_1_100' title="bbox 533 5180 2110 5260; baseline -0.011 -13"><span class='ocrx_word' id='word_1_741' title='bbox 533 5197 609 5248; x_wconf 85' lang='lat' dir='ltr'><strong>ait</strong></span> <span class='ocrx_word' id='word_1_742' title='bbox 645 5211 660 5246; x_wconf 91' lang='lat'><strong>:</strong></span> <span class='ocrx_word' id='word_1_743' title='bbox 697 5191 866 5260; x_wconf 82' lang='lat' dir='ltr'><strong>Cujus</strong></span> <span class='ocrx_word' id='word_1_744' title='bbox 895 5187 1267 5240; x_wconf 83' lang='lat' dir='ltr'><strong>maledictione</strong></span> <span class='ocrx_word' id='word_1_745' title='bbox 1305 5201 1362 5238; x_wconf 84' lang='lat' dir='ltr'><strong>os</strong></span> <span class='ocrx_word' id='word_1_746' title='bbox 1386 5185 1598 5253; x_wconf 83' lang='lat' dir='ltr'><strong>plenum</strong></span> <span class='ocrx_word' id='word_1_747' title='bbox 1645 5192 1722 5235; x_wconf 86' lang='lat' dir='ltr'><strong>est</strong></span> <span class='ocrx_word' id='word_1_748' title='bbox 1759 5190 1807 5233; x_wconf 88' lang='lat' dir='ltr'><strong>et</strong></span> <span class='ocrx_word' id='word_1_749' title='bbox 1843 5180 2110 5232; x_wconf 82' lang='lat' dir='ltr'><strong>amaritu-</strong></span> 
     </span>
    </p>
   </div>
   <div class='ocr_carea' id='block_1_100' title="bbox 534 5269 2108 5344">
    <p class='ocr_par' dir='ltr' id='par_1_100' title="bbox 534 5269 2108 5344">
     <span class='ocr_line' id='line_1_101' title="bbox 534 5269 2108 5344; baseline -0.011 -11"><span class='ocrx_word' id='word_1_750' title='bbox 534 5285 653 5335; x_wconf 86' lang='lat' dir='ltr'><strong>dine</strong></span> <span class='ocrx_word' id='word_1_751' title='bbox 685 5291 732 5335; x_wconf 87' lang='lat' dir='ltr'><strong>et</strong></span> <span class='ocrx_word' id='word_1_752' title='bbox 767 5279 910 5339; x_wconf 79' lang='lat' dir='ltr'><strong>dolo,</strong></span> <span class='ocrx_word' id='word_1_753' title='bbox 953 5276 1046 5331; x_wconf 84' lang='lat' dir='ltr'><strong>sub</strong></span> <span class='ocrx_word' id='word_1_754' title='bbox 1077 5276 1258 5344; x_wconf 86' lang='lat' dir='ltr'><strong>lingua</strong></span> <span class='ocrx_word' id='word_1_755' title='bbox 1297 5275 1410 5342; x_wconf 83' lang='lat' dir='ltr'><strong>ejus</strong></span> <span class='ocrx_word' id='word_1_756' title='bbox 1444 5272 1596 5325; x_wconf 87' lang='lat' dir='ltr'><strong>labor</strong></span> <span class='ocrx_word' id='word_1_757' title='bbox 1627 5281 1676 5325; x_wconf 87' lang='lat' dir='ltr'><strong>et</strong></span> <span class='ocrx_word' id='word_1_758' title='bbox 1709 5270 1862 5323; x_wconf 88' lang='lat' dir='ltr'><strong>dolor</strong></span> <span class='ocrx_word' id='word_1_759' title='bbox 1895 5270 1964 5322; x_wconf 80' lang='grc'><strong>⁸¹.</strong></span> <span class='ocrx_word' id='word_1_760' title='bbox 2000 5269 2108 5322; x_wconf 76' lang='lat' dir='ltr'><strong>Do.</strong></span> 
     </span>
    </p>
   </div>
   <div class='ocr_carea' id='block_1_101' title="bbox 539 5365 2114 5436">
    <p class='ocr_par' dir='ltr' id='par_1_101' title="bbox 539 5365 2114 5436">
     <span class='ocr_line' id='line_1_102' title="bbox 539 5365 2114 5436; baseline -0.004 -9"><span class='ocrx_word' id='word_1_761' title='bbox 539 5375 618 5428; x_wconf 92' lang='lat' dir='ltr'><strong>los</strong></span> <span class='ocrx_word' id='word_1_762' title='bbox 646 5375 791 5429; x_wconf 88' lang='lat' dir='ltr'><strong>enim</strong></span> <span class='ocrx_word' id='word_1_763' title='bbox 827 5373 1068 5434; x_wconf 87' lang='lat' dir='ltr'><strong>eonsuit,</strong></span> <span class='ocrx_word' id='word_1_764' title='bbox 1117 5385 1180 5424; x_wconf 87' lang='lat' dir='ltr'><strong>ac</strong></span> <span class='ocrx_word' id='word_1_765' title='bbox 1231 5370 1368 5423; x_wconf 88' lang='lat' dir='ltr'><strong>mala</strong></span> <span class='ocrx_word' id='word_1_766' title='bbox 1405 5367 1570 5421; x_wconf 90' lang='lat' dir='ltr'><strong>struit</strong></span> <span class='ocrx_word' id='word_1_767' title='bbox 1595 5375 1647 5420; x_wconf 89' lang='lat' dir='ltr'><strong>et</strong></span> <span class='ocrx_word' id='word_1_768' title='bbox 1673 5365 1917 5431; x_wconf 87' lang='lat' dir='ltr'><strong>molitur,</strong></span> <span class='ocrx_word' id='word_1_769' title='bbox 1950 5374 2114 5436; x_wconf 87' lang='lat' dir='ltr'><strong>atque</strong></span> 
     </span>
    </p>
   </div>
   <div class='ocr_carea' id='block_1_102' title="bbox 609 5504 1651 5569">
    <p class='ocr_par' dir='ltr' id='par_1_102' title="bbox 609 5504 1651 5569">
     <span class='ocr_line' id='line_1_103' title="bbox 609 5504 1651 5569; baseline -0.004 -8"><span class='ocrx_word' id='word_1_770' title='bbox 609 5509 654 5539; x_wconf 78' lang='grc'>⁸⁸</span> <span class='ocrx_word' id='word_1_771' title='bbox 688 5509 844 5562; x_wconf 79' lang='lat' dir='ltr'><strong>Prov.</strong></span> <span class='ocrx_word' id='word_1_772' title='bbox 881 5522 955 5567; x_wconf 89' lang='lat' dir='ltr'><strong>tv,</strong></span> <span class='ocrx_word' id='word_1_773' title='bbox 995 5506 1086 5560; x_wconf 73' lang='lat'><strong>25.</strong></span> <span class='ocrx_word' id='word_1_774' title='bbox 1164 5506 1208 5538; x_wconf 88' lang='grc'><strong><em>³³</em></strong></span> <span class='ocrx_word' id='word_1_775' title='bbox 1238 5504 1425 5559; x_wconf 82' lang='lat' dir='ltr'><strong>Matth.</strong></span> <span class='ocrx_word' id='word_1_776' title='bbox 1461 5521 1512 5569; x_wconf 87' lang='lat' dir='ltr'><strong>v,</strong></span> <span class='ocrx_word' id='word_1_777' title='bbox 1561 5504 1651 5559; x_wconf 70' lang='lat'><strong>28.</strong></span> 
     </span>
    </p>
   </div>
   <div class='ocr_carea' id='block_1_103' title="bbox 539 5575 1985 5644">
    <p class='ocr_par' dir='ltr' id='par_1_103' title="bbox 539 5575 1985 5644">
     <span class='ocr_line' id='line_1_104' title="bbox 539 5575 1985 5644; baseline -0.001 -12"><span class='ocrx_word' id='word_1_778' title='bbox 539 5580 611 5633; x_wconf 91' lang='lat' dir='ltr'><strong>al.</strong></span> <span class='ocrx_word' id='word_1_779' title='bbox 655 5578 820 5638; x_wconf 72' lang='grc' dir='ltr'><strong>1.,1ῧ.</strong></span> <span class='ocrx_word' id='word_1_780' title='bbox 894 5578 940 5608; x_wconf 78' lang='grc'><strong>⁵⁸</strong></span> <span class='ocrx_word' id='word_1_781' title='bbox 968 5576 1108 5628; x_wconf 84' lang='lat' dir='ltr'><strong>Psal.</strong></span> <span class='ocrx_word' id='word_1_782' title='bbox 1139 5591 1247 5635; x_wconf 80' lang='lat' dir='ltr'><strong>Lvt,</strong></span> <span class='ocrx_word' id='word_1_783' title='bbox 1281 5578 1334 5627; x_wconf 75' lang='grc'><strong>4.</strong></span> <span class='ocrx_word' id='word_1_784' title='bbox 1411 5576 1457 5606; x_wconf 75' lang='grc'><strong>’⁵⁸⁸</strong></span> <span class='ocrx_word' id='word_1_785' title='bbox 1492 5578 1504 5628; x_wconf 96' lang='grc' dir='ltr'><strong>Ι</strong></span> <span class='ocrx_word' id='word_1_786' title='bbox 1541 5575 1670 5644; x_wconf 73' lang='lat' dir='ltr'><strong>lteg.</strong></span> <span class='ocrx_word' id='word_1_787' title='bbox 1708 5592 1818 5642; x_wconf 71' lang='lat' dir='ltr'><strong>ut,</strong></span> <span class='ocrx_word' id='word_1_788' title='bbox 1851 5592 1985 5631; x_wconf 72' lang='lat' dir='ltr'><strong>nn.</strong></span> 
     </span>
    </p>
   </div>
   <div class='ocr_carea' id='block_1_104' title="bbox 541 5645 1898 5716">
    <p class='ocr_par' dir='ltr' id='par_1_104' title="bbox 541 5645 1898 5716">
     <span class='ocr_line' id='line_1_105' title="bbox 541 5645 1898 5716; baseline -0.002 -14"><span class='ocrx_word' id='word_1_789' title='bbox 541 5690 557 5716; x_wconf 89' lang='lat'><strong>,</strong></span> <span class='ocrx_word' id='word_1_790' title='bbox 589 5649 700 5715; x_wconf 84' lang='lat' dir='ltr'><strong>ii,l</strong></span> <span class='ocrx_word' id='word_1_791' title='bbox 739 5662 891 5716; x_wconf 81' lang='lat' dir='ltr'><strong>seqq.</strong></span> <span class='ocrx_word' id='word_1_792' title='bbox 970 5648 1016 5678; x_wconf 75' lang='lat'><strong>&quot;</strong></span> <span class='ocrx_word' id='word_1_793' title='bbox 1051 5645 1156 5699; x_wconf 79' lang='lat' dir='ltr'><strong>lsa.</strong></span> <span class='ocrx_word' id='word_1_794' title='bbox 1191 5660 1274 5710; x_wconf 87' lang='lat' dir='ltr'><strong>in,</strong></span> <span class='ocrx_word' id='word_1_795' title='bbox 1305 5645 1394 5697; x_wconf 52' lang='grc' dir='ltr'><em>ιι.</em></span> <span class='ocrx_word' id='word_1_796' title='bbox 1473 5646 1517 5676; x_wconf 80' lang='grc'><strong><em>⁸⁵</em></strong></span> <span class='ocrx_word' id='word_1_797' title='bbox 1558 5646 1712 5701; x_wconf 87' lang='lat' dir='ltr'><strong>Cant.</strong></span> <span class='ocrx_word' id='word_1_798' title='bbox 1751 5662 1789 5713; x_wconf 91' lang='lat' dir='ltr'><strong>t,</strong></span> <span class='ocrx_word' id='word_1_799' title='bbox 1843 5646 1898 5700; x_wconf 72' lang='grc'><strong>2.</strong></span> 
     </span>
    </p>
   </div>
   <div class='ocr_carea' id='block_1_105' title="bbox 1728 5505 2200 5608">
    <p class='ocr_par' dir='ltr' id='par_1_105' title="bbox 1728 5505 2200 5608">
     <span class='ocr_line' id='line_1_106' title="bbox 1728 5505 2200 5608; baseline 0.017 -8"><span class='ocrx_word' id='word_1_800' title='bbox 1728 5505 1994 5608; x_wconf 58' lang='grc' dir='ltr'><strong>ΤΣΜΞΞΨ·</strong></span> <span class='ocrx_word' id='word_1_801' title='bbox 2030 5522 2107 5608; x_wconf 71' lang='lat'><strong>&quot;.7;</strong></span> <span class='ocrx_word' id='word_1_802' title='bbox 2147 5505 2200 5608; x_wconf 69' lang='grc' dir='ltr'><strong>Ξ·</strong></span> 
     </span>
    </p>
   </div>
   <div class='ocr_carea' id='block_1_106' title="bbox 2015 5577 2529 5710">
    <p class='ocr_par' dir='ltr' id='par_1_106' title="bbox 2015 5577 2529 5710">
     <span class='ocr_line' id='line_1_107' title="bbox 2062 5577 2458 5651; baseline -0.003 -21"><span class='ocrx_word' id='word_1_803' title='bbox 2062 5577 2107 5608; x_wconf 78' lang='grc'><strong>⁶⁹</strong></span> <span class='ocrx_word' id='word_1_804' title='bbox 2150 5577 2290 5629; x_wconf 75' lang='lat' dir='ltr'><strong>Psal.</strong></span> <span class='ocrx_word' id='word_1_805' title='bbox 2323 5593 2396 5651; x_wconf 55' lang='grc' dir='ltr'><em>ιε’,</em></span> <span class='ocrx_word' id='word_1_806' title='bbox 2427 5578 2458 5629; x_wconf 56' lang='grc' dir='ltr'><strong><em>ὦ</em></strong></span> 
     </span>
     <span class='ocr_line' id='line_1_108' title="bbox 2015 5645 2529 5710; baseline -0.006 -9"><span class='ocrx_word' id='word_1_807' title='bbox 2015 5648 2058 5680; x_wconf 73' lang='grc'><strong>⁸⁵</strong></span> <span class='ocrx_word' id='word_1_808' title='bbox 2093 5646 2137 5701; x_wconf 84' lang='lat' dir='ltr'><strong>ll</strong></span> <span class='ocrx_word' id='word_1_809' title='bbox 2175 5645 2299 5702; x_wconf 86' lang='lat' dir='ltr'><strong>Cur.</strong></span> <span class='ocrx_word' id='word_1_810' title='bbox 2347 5664 2405 5710; x_wconf 91' lang='lat' dir='ltr'><strong>tt,</strong></span> <span class='ocrx_word' id='word_1_811' title='bbox 2445 5646 2529 5699; x_wconf 79' lang='grc'><strong>15.</strong></span> 
     </span>
    </p>
   </div>
   <div class='ocr_carea' id='block_1_107' title="bbox 2210 4443 3784 4522">
    <p class='ocr_par' dir='ltr' id='par_1_107' title="bbox 2210 4443 3784 4522">
     <span class='ocr_line' id='line_1_109' title="bbox 2210 4443 3784 4522; baseline -0.008 -14"><span class='ocrx_word' id='word_1_812' title='bbox 2210 4471 2300 4510; x_wconf 85' lang='lat' dir='ltr'><strong>res</strong></span> <span class='ocrx_word' id='word_1_813' title='bbox 2337 4455 2492 4508; x_wconf 89' lang='lat' dir='ltr'><strong>cibos</strong></span> <span class='ocrx_word' id='word_1_814' title='bbox 2517 4452 2866 4522; x_wconf 88' lang='lat' dir='ltr'><strong>accipiendos</strong></span> <span class='ocrx_word' id='word_1_815' title='bbox 2898 4450 3213 4505; x_wconf 87' lang='lat' dir='ltr'><strong>incitemur.</strong></span> <span class='ocrx_word' id='word_1_816' title='bbox 3247 4446 3348 4514; x_wconf 86' lang='lat' dir='ltr'><strong>Qui</strong></span> <span class='ocrx_word' id='word_1_817' title='bbox 3381 4447 3605 4517; x_wconf 89' lang='lat' dir='ltr'><strong>quidem</strong></span> <span class='ocrx_word' id='word_1_818' title='bbox 3636 4443 3784 4501; x_wconf 84' lang='lat' dir='ltr'><strong>succi</strong></span> 
     </span>
    </p>
   </div>
   <div class='ocr_carea' id='block_1_108' title="bbox 2208 4538 3788 4614">
    <p class='ocr_par' dir='ltr' id='par_1_108' title="bbox 2208 4538 3788 4614">
     <span class='ocr_line' id='line_1_110' title="bbox 2208 4538 3788 4614; baseline -0.009 -12"><span class='ocrx_word' id='word_1_819' title='bbox 2208 4557 2262 4602; x_wconf 90' lang='lat' dir='ltr'><strong>et</strong></span> <span class='ocrx_word' id='word_1_820' title='bbox 2292 4548 2550 4613; x_wconf 86' lang='lat' dir='ltr'><strong>liquores,</strong></span> <span class='ocrx_word' id='word_1_821' title='bbox 2584 4553 2849 4614; x_wconf 87' lang='lat' dir='ltr'><strong>quatenus</strong></span> <span class='ocrx_word' id='word_1_822' title='bbox 2881 4541 3120 4604; x_wconf 90' lang='lat' dir='ltr'><strong>titillant,</strong></span> <span class='ocrx_word' id='word_1_823' title='bbox 3161 4538 3539 4594; x_wconf 88' lang='lat' dir='ltr'><strong>illecebrarum</strong></span> <span class='ocrx_word' id='word_1_824' title='bbox 3569 4551 3633 4590; x_wconf 81' lang='lat' dir='ltr'><strong>ac</strong></span> <span class='ocrx_word' id='word_1_825' title='bbox 3663 4551 3788 4605; x_wconf 87' lang='lat' dir='ltr'><strong>pru-</strong></span> 
     </span>
    </p>
   </div>
   <div class='ocr_carea' id='block_1_109' title="bbox 2210 4631 3787 4701">
    <p class='ocr_par' dir='ltr' id='par_1_109' title="bbox 2210 4631 3787 4701">
     <span class='ocr_line' id='line_1_111' title="bbox 2210 4631 3787 4701; baseline -0.01 -7"><span class='ocrx_word' id='word_1_826' title='bbox 2210 4639 2415 4695; x_wconf 88' lang='lat' dir='ltr'><strong>rituum</strong></span> <span class='ocrx_word' id='word_1_827' title='bbox 2442 4635 2687 4691; x_wconf 90' lang='lat' dir='ltr'><strong>libidinis</strong></span> <span class='ocrx_word' id='word_1_828' title='bbox 2709 4633 2904 4688; x_wconf 86' lang='lat' dir='ltr'><strong>fratres</strong></span> <span class='ocrx_word' id='word_1_829' title='bbox 2938 4640 3088 4697; x_wconf 91' lang='lat' dir='ltr'><strong>sunt,</strong></span> <span class='ocrx_word' id='word_1_830' title='bbox 3124 4631 3241 4701; x_wconf 89' lang='lat' dir='ltr'><strong>qui,</strong></span> <span class='ocrx_word' id='word_1_831' title='bbox 3280 4639 3570 4699; x_wconf 85' lang='lat' dir='ltr'><strong>postquam</strong></span> <span class='ocrx_word' id='word_1_832' title='bbox 3597 4641 3787 4696; x_wconf 83' lang='lat' dir='ltr'><strong>pecca-</strong></span> 
     </span>
    </p>
   </div>
   <div class='ocr_carea' id='block_1_110' title="bbox 2212 4721 3789 4792">
    <p class='ocr_par' dir='ltr' id='par_1_110' title="bbox 2212 4721 3789 4792">
     <span class='ocr_line' id='line_1_112' title="bbox 2212 4721 3789 4792; baseline -0.01 -8"><span class='ocrx_word' id='word_1_833' title='bbox 2212 4741 2328 4784; x_wconf 90' lang='lat' dir='ltr'><strong>tum</strong></span> <span class='ocrx_word' id='word_1_834' title='bbox 2389 4729 2457 4782; x_wconf 91' lang='lat' dir='ltr'><strong>ab</strong></span> <span class='ocrx_word' id='word_1_835' title='bbox 2507 4729 2576 4781; x_wconf 90' lang='lat' dir='ltr'><strong>iis</strong></span> <span class='ocrx_word' id='word_1_836' title='bbox 2634 4734 2855 4780; x_wconf 90' lang='lat' dir='ltr'><strong>enatum</strong></span> <span class='ocrx_word' id='word_1_837' title='bbox 2917 4733 3082 4792; x_wconf 91' lang='lat' dir='ltr'><strong>atque</strong></span> <span class='ocrx_word' id='word_1_838' title='bbox 3141 4731 3418 4792; x_wconf 88' lang='lat' dir='ltr'><strong>patratum</strong></span> <span class='ocrx_word' id='word_1_839' title='bbox 3482 4721 3687 4774; x_wconf 83' lang='lat' dir='ltr'><strong>sentire</strong></span> <span class='ocrx_word' id='word_1_840' title='bbox 3738 4727 3789 4772; x_wconf 85' lang='lat' dir='ltr'><strong>et</strong></span> 
     </span>
    </p>
   </div>
   <div class='ocr_carea' id='block_1_111' title="bbox 2213 4811 3789 4891">
    <p class='ocr_par' dir='ltr' id='par_1_111' title="bbox 2213 4811 3789 4891">
     <span class='ocr_line' id='line_1_113' title="bbox 2213 4811 3789 4891; baseline -0.011 -15"><span class='ocrx_word' id='word_1_841' title='bbox 2213 4822 2515 4891; x_wconf 75' lang='lat' dir='ltr'><strong>intelligere</strong></span> <span class='ocrx_word' id='word_1_842' title='bbox 2537 4819 2829 4886; x_wconf 57' lang='lat' dir='ltr'><strong>carpimus,</strong></span> <span class='ocrx_word' id='word_1_843' title='bbox 2863 4817 3043 4868; x_wconf 87' lang='lat' dir='ltr'><strong>acerbi</strong></span> <span class='ocrx_word' id='word_1_844' title='bbox 3086 4825 3249 4883; x_wconf 89' lang='lat' dir='ltr'><strong>atque</strong></span> <span class='ocrx_word' id='word_1_845' title='bbox 3295 4811 3467 4866; x_wconf 89' lang='lat' dir='ltr'><strong>amari</strong></span> <span class='ocrx_word' id='word_1_846' title='bbox 3502 4820 3648 4864; x_wconf 89' lang='lat' dir='ltr'><strong>sunt.</strong></span> <span class='ocrx_word' id='word_1_847' title='bbox 3693 4811 3789 4860; x_wconf 73' lang='lat' dir='ltr'><strong>Iit-</strong></span> 
     </span>
    </p>
   </div>
   <div class='ocr_carea' id='block_1_112' title="bbox 2213 4901 3794 4978">
    <p class='ocr_par' dir='ltr' id='par_1_112' title="bbox 2213 4901 3794 4978">
     <span class='ocr_line' id='line_1_114' title="bbox 2213 4901 3794 4978; baseline -0.01 -11"><span class='ocrx_word' id='word_1_848' title='bbox 2213 4913 2359 4968; x_wconf 90' lang='lat' dir='ltr'><strong>enim</strong></span> <span class='ocrx_word' id='word_1_849' title='bbox 2384 4911 2612 4966; x_wconf 88' lang='lat' dir='ltr'><strong>obsonia</strong></span> <span class='ocrx_word' id='word_1_850' title='bbox 2639 4909 2704 4962; x_wconf 89' lang='lat' dir='ltr'><strong>ad</strong></span> <span class='ocrx_word' id='word_1_851' title='bbox 2727 4909 3029 4978; x_wconf 83' lang='lat' dir='ltr'><strong>ingluviem</strong></span> <span class='ocrx_word' id='word_1_852' title='bbox 3076 4921 3174 4960; x_wconf 91' lang='lat' dir='ltr'><strong>nos</strong></span> <span class='ocrx_word' id='word_1_853' title='bbox 3205 4904 3564 4966; x_wconf 82' lang='lat' dir='ltr'><strong>extimulaut;</strong></span> <span class='ocrx_word' id='word_1_854' title='bbox 3611 4901 3794 4967; x_wconf 87' lang='lat' dir='ltr'><strong>inglu-</strong></span> 
     </span>
    </p>
   </div>
   <div class='ocr_carea' id='block_1_113' title="bbox 2216 4992 3795 5066">
    <p class='ocr_par' dir='ltr' id='par_1_113' title="bbox 2216 4992 3795 5066">
     <span class='ocr_line' id='line_1_115' title="bbox 2216 4992 3795 5066; baseline -0.01 -7"><span class='ocrx_word' id='word_1_855' title='bbox 2216 5007 2329 5060; x_wconf 86' lang='lat' dir='ltr'><strong>vies</strong></span> <span class='ocrx_word' id='word_1_856' title='bbox 2356 5013 2535 5057; x_wconf 86' lang='lat' dir='ltr'><strong>autem</strong></span> <span class='ocrx_word' id='word_1_857' title='bbox 2569 5002 2637 5056; x_wconf 88' lang='lat' dir='ltr'><strong>ad</strong></span> <span class='ocrx_word' id='word_1_858' title='bbox 2690 5000 2992 5054; x_wconf 88' lang='lat' dir='ltr'><strong>libidinem.</strong></span> <span class='ocrx_word' id='word_1_859' title='bbox 3039 4996 3291 5051; x_wconf 40' lang='lat' dir='ltr'><strong>Praesens</strong></span> <span class='ocrx_word' id='word_1_860' title='bbox 3340 5009 3504 5066; x_wconf 88' lang='lat' dir='ltr'><strong>porro</strong></span> <span class='ocrx_word' id='word_1_861' title='bbox 3540 4992 3795 5059; x_wconf 76' lang='lat' dir='ltr'><strong>voluptas</strong></span> 
     </span>
    </p>
   </div>
   <div class='ocr_carea' id='block_1_114' title="bbox 2216 5085 3791 5153">
    <p class='ocr_par' dir='ltr' id='par_1_114' title="bbox 2216 5085 3791 5153">
     <span class='ocr_line' id='line_1_116' title="bbox 2216 5085 3791 5153; baseline -0.012 0"><span class='ocrx_word' id='word_1_862' title='bbox 2216 5099 2496 5153; x_wconf 84' lang='lat' dir='ltr'><strong>insuavem</strong></span> <span class='ocrx_word' id='word_1_863' title='bbox 2527 5095 2745 5149; x_wconf 72' lang='lat' dir='ltr'><strong>tandem</strong></span> <span class='ocrx_word' id='word_1_864' title='bbox 2769 5102 2822 5148; x_wconf 89' lang='lat' dir='ltr'><strong>et</strong></span> <span class='ocrx_word' id='word_1_865' title='bbox 2857 5094 3111 5147; x_wconf 84' lang='lat' dir='ltr'><strong>acerbum</strong></span> <span class='ocrx_word' id='word_1_866' title='bbox 3153 5088 3312 5142; x_wconf 86' lang='lat' dir='ltr'><strong>linem</strong></span> <span class='ocrx_word' id='word_1_867' title='bbox 3364 5085 3524 5140; x_wconf 84' lang='lat' dir='ltr'><strong>nobis</strong></span> <span class='ocrx_word' id='word_1_868' title='bbox 3554 5085 3791 5140; x_wconf 82' lang='lat' dir='ltr'><strong>allatura</strong></span> 
     </span>
    </p>
   </div>
   <div class='ocr_carea' id='block_1_115' title="bbox 2217 5177 3801 5253">
    <p class='ocr_par' dir='ltr' id='par_1_115' title="bbox 2217 5177 3801 5253">
     <span class='ocr_line' id='line_1_117' title="bbox 2217 5177 3801 5253; baseline -0.01 -9"><span class='ocrx_word' id='word_1_869' title='bbox 2217 5204 2298 5244; x_wconf 76' lang='lat' dir='ltr'><strong>eat</strong></span> <span class='ocrx_word' id='word_1_870' title='bbox 2327 5207 2339 5243; x_wconf 93' lang='lat'>:</span> <span class='ocrx_word' id='word_1_871' title='bbox 2370 5203 2433 5243; x_wconf 89' lang='lat' dir='ltr'><strong>ac</strong></span> <span class='ocrx_word' id='word_1_872' title='bbox 2468 5187 2706 5241; x_wconf 85' lang='lat' dir='ltr'><strong>titillatio</strong></span> <span class='ocrx_word' id='word_1_873' title='bbox 2735 5185 2846 5250; x_wconf 91' lang='lat' dir='ltr'><strong>illa,</strong></span> <span class='ocrx_word' id='word_1_874' title='bbox 2884 5199 2988 5253; x_wconf 88' lang='lat' dir='ltr'><strong>qua</strong></span> <span class='ocrx_word' id='word_1_875' title='bbox 3015 5196 3215 5251; x_wconf 88' lang='lat' dir='ltr'><strong>corpus</strong></span> <span class='ocrx_word' id='word_1_876' title='bbox 3241 5190 3485 5234; x_wconf 88' lang='lat' dir='ltr'><strong>nostrum</strong></span> <span class='ocrx_word' id='word_1_877' title='bbox 3515 5177 3801 5244; x_wconf 83' lang='lat' dir='ltr'><strong>voluptate</strong></span> 
     </span>
    </p>
   </div>
   <div class='ocr_carea' id='block_1_116' title="bbox 2217 5266 3798 5344">
    <p class='ocr_par' dir='ltr' id='par_1_116' title="bbox 2217 5266 3798 5344">
     <span class='ocr_line' id='line_1_118' title="bbox 2217 5266 3798 5344; baseline -0.011 -9"><span class='ocrx_word' id='word_1_878' title='bbox 2217 5279 2468 5344; x_wconf 80' lang='lat' dir='ltr'><strong>afﬁcitur,</strong></span> <span class='ocrx_word' id='word_1_879' title='bbox 2503 5275 2805 5333; x_wconf 83' lang='lat' dir='ltr'><strong>veneficum</strong></span> <span class='ocrx_word' id='word_1_880' title='bbox 2833 5284 2886 5328; x_wconf 89' lang='lat' dir='ltr'><strong>et</strong></span> <span class='ocrx_word' id='word_1_881' title='bbox 2914 5270 3255 5328; x_wconf 89' lang='lat' dir='ltr'><strong>mortiferum</strong></span> <span class='ocrx_word' id='word_1_882' title='bbox 3289 5284 3531 5323; x_wconf 86' lang='lat' dir='ltr'><strong>vermcm</strong></span> <span class='ocrx_word' id='word_1_883' title='bbox 3585 5266 3798 5335; x_wconf 81' lang='lat' dir='ltr'><strong>sempi-</strong></span> 
     </span>
    </p>
   </div>
   <div class='ocr_carea' id='block_1_117' title="bbox 2220 5357 3799 5431">
    <p class='ocr_par' dir='ltr' id='par_1_117' title="bbox 2220 5357 3799 5431">
     <span class='ocr_line' id='line_1_119' title="bbox 2220 5357 3799 5431; baseline -0.013 -4"><span class='ocrx_word' id='word_1_884' title='bbox 2220 5383 2372 5427; x_wconf 68' lang='grc' dir='ltr'><strong>ιρι-ηε</strong></span> <span class='ocrx_word' id='word_1_885' title='bbox 2393 5371 2446 5424; x_wconf 91' lang='lat' dir='ltr'><strong>in</strong></span> <span class='ocrx_word' id='word_1_886' title='bbox 2470 5368 2688 5424; x_wconf 88' lang='lat' dir='ltr'><strong>inferno</strong></span> <span class='ocrx_word' id='word_1_887' title='bbox 2715 5367 3118 5422; x_wconf 79' lang='lat' dir='ltr'><strong>excruciantem</strong></span> <span class='ocrx_word' id='word_1_888' title='bbox 3144 5359 3471 5431; x_wconf 86' lang='lat' dir='ltr'><strong>procrcahit.</strong></span> <span class='ocrx_word' id='word_1_889' title='bbox 3498 5357 3799 5412; x_wconf 77' lang='lat' dir='ltr'><strong>Enimvero</strong></span> 
     </span>
    </p>
   </div>
   <div class='ocr_carea' id='block_1_118' title="bbox 3657 5493 3804 5546">
    <p class='ocr_par' dir='ltr' id='par_1_118' title="bbox 3657 5493 3804 5546">
     <span class='ocr_line' id='line_1_120' title="bbox 3657 5493 3804 5546; baseline -0.007 1"><span class='ocrx_word' id='word_1_890' title='bbox 3657 5495 3702 5528; x_wconf 81' lang='lat'><strong>&quot;</strong></span> <span class='ocrx_word' id='word_1_891' title='bbox 3735 5493 3804 5546; x_wconf 84' lang='lat' dir='ltr'><strong>Ps</strong></span> 
     </span>
    </p>
   </div>
   <div class='ocr_carea' id='block_1_119' title="bbox 3624 5565 3805 5617">
    <p class='ocr_par' dir='ltr' id='par_1_119' title="bbox 3624 5565 3805 5617">
     <span class='ocr_line' id='line_1_121' title="bbox 3624 5565 3805 5617; baseline -0.011 1"><span class='ocrx_word' id='word_1_892' title='bbox 3624 5567 3673 5598; x_wconf 77' lang='grc'><strong>⁸³</strong></span> <span class='ocrx_word' id='word_1_893' title='bbox 3697 5565 3805 5617; x_wconf 67' lang='lat' dir='ltr'><strong>Atil</strong></span> 
     </span>
    </p>
   </div>
   <div class='ocr_carea' id='block_1_120' title="bbox 2314 5497 3576 5604">
    <p class='ocr_par' dir='ltr' id='par_1_120' title="bbox 2314 5497 3576 5604">
     <span class='ocr_line' id='line_1_122' title="bbox 2314 5497 3576 5566; baseline -0.007 -8"><span class='ocrx_word' id='word_1_894' title='bbox 2314 5507 2358 5537; x_wconf 83' lang='lat'><strong>&quot;</strong></span> <span class='ocrx_word' id='word_1_895' title='bbox 2394 5505 2538 5560; x_wconf 89' lang='lat' dir='ltr'><strong>Psal.</strong></span> <span class='ocrx_word' id='word_1_896' title='bbox 2573 5519 2794 5566; x_wconf 76' lang='lat' dir='ltr'><strong>Lxxxtv,</strong></span> <span class='ocrx_word' id='word_1_897' title='bbox 2829 5500 2884 5557; x_wconf 91' lang='lat'><strong>9.</strong></span> <span class='ocrx_word' id='word_1_898' title='bbox 2997 5499 3044 5532; x_wconf 83' lang='lat'>“</span> <span class='ocrx_word' id='word_1_899' title='bbox 3071 5497 3216 5553; x_wconf 85' lang='lat' dir='ltr'><strong>Psal.</strong></span> <span class='ocrx_word' id='word_1_900' title='bbox 3244 5512 3488 5557; x_wconf 73' lang='lat' dir='ltr'><strong>cxnxn,</strong></span> <span class='ocrx_word' id='word_1_901' title='bbox 3525 5497 3576 5550; x_wconf 88' lang='lat'><strong>8.</strong></span> 
     </span>
     <span class='ocr_line' id='line_1_123' title="bbox 2323 5567 3523 5604; baseline 0 0"><span class='ocrx_word' id='word_1_902' title='bbox 2323 5594 2334 5604; x_wconf 97' lang='lat'><strong>.</strong></span> <span class='ocrx_word' id='word_1_903' title='bbox 2360 5593 2370 5604; x_wconf 91' lang='lat'><strong>.</strong></span> <span class='ocrx_word' id='word_1_904' title='bbox 2435 5578 2452 5604; x_wconf 83' lang='lat' dir='ltr'><strong>it</strong></span> <span class='ocrx_word' id='word_1_905' title='bbox 2595 5575 2636 5604; x_wconf 75' lang='lat' dir='ltr'><strong>si</strong></span> <span class='ocrx_word' id='word_1_906' title='bbox 2678 5573 2793 5604; x_wconf 52' lang='lat' dir='ltr'><strong>nent</strong></span> <span class='ocrx_word' id='word_1_907' title='bbox 2852 5587 2879 5604; x_wconf 76' lang='grc' dir='ltr'><strong><em>ν</em></strong></span> <span class='ocrx_word' id='word_1_908' title='bbox 2936 5569 2967 5604; x_wconf 86' lang='grc'><strong>’1</strong></span> <span class='ocrx_word' id='word_1_909' title='bbox 3101 5569 3182 5604; x_wconf 78' lang='lat' dir='ltr'><strong>ou</strong></span> <span class='ocrx_word' id='word_1_910' title='bbox 3221 5569 3330 5604; x_wconf 71' lang='grc' dir='ltr'><strong>Γιν-</strong></span> <span class='ocrx_word' id='word_1_911' title='bbox 3392 5586 3426 5604; x_wconf 85' lang='grc' dir='ltr'><strong>ιι</strong></span> <span class='ocrx_word' id='word_1_912' title='bbox 3493 5567 3523 5604; x_wconf 79' lang='grc' dir='ltr'><strong>τ</strong></span> 
     </span>
    </p>
   </div>
   <div class='ocr_carea' id='block_1_121' title="bbox 2643 5569 3543 5707">
    <p class='ocr_par' dir='ltr' id='par_1_121' title="bbox 2643 5569 3543 5707">
     <span class='ocr_line' id='line_1_124' title="bbox 2677 5569 3543 5630; baseline -0.003 -6"><span class='ocrx_word' id='word_1_913' title='bbox 2677 5573 2816 5626; x_wconf 87' lang='lat' dir='ltr'><strong>Psal.</strong></span> <span class='ocrx_word' id='word_1_914' title='bbox 2852 5587 2904 5630; x_wconf 74' lang='grc' dir='ltr'><em>Χ,</em></span> <span class='ocrx_word' id='word_1_915' title='bbox 2936 5569 2989 5622; x_wconf 89' lang='grc'><strong>7.</strong></span> <span class='ocrx_word' id='word_1_916' title='bbox 3101 5569 3183 5623; x_wconf 85' lang='grc' dir='ltr'><strong>⁶¹Ι</strong></span> <span class='ocrx_word' id='word_1_917' title='bbox 3221 5569 3330 5623; x_wconf 82' lang='lat' dir='ltr'><strong>Cor</strong></span> <span class='ocrx_word' id='word_1_918' title='bbox 3392 5586 3450 5627; x_wconf 86' lang='lat' dir='ltr'><strong>tt,</strong></span> <span class='ocrx_word' id='word_1_919' title='bbox 3493 5569 3543 5621; x_wconf 83' lang='lat'><strong>7.</strong></span> 
     </span>
     <span class='ocr_line' id='line_1_125' title="bbox 2643 5637 3128 5707; baseline -0.016 -9"><span class='ocrx_word' id='word_1_920' title='bbox 2643 5645 2684 5676; x_wconf 79' lang='grc'><strong>⁸⁷</strong></span> <span class='ocrx_word' id='word_1_921' title='bbox 2719 5643 2855 5698; x_wconf 83' lang='lat' dir='ltr'><strong>Gen.</strong></span> <span class='ocrx_word' id='word_1_922' title='bbox 2891 5657 3007 5707; x_wconf 83' lang='lat' dir='ltr'><strong>vttt,</strong></span> <span class='ocrx_word' id='word_1_923' title='bbox 3038 5637 3128 5691; x_wconf 74' lang='grc'><strong>21.</strong></span> 
     </span>
    </p>
   </div>
  </div>
