3958 6204
159 293 311 357 19.39

1138 299 1460 361 NICETAS
1507 300 1590 360 IN
1630 297 1856 359 ORAT.
1898 296 2000 358 XL
2041 295 2099 357 S.
2147 295 2374 356 GREG.

3301 301 3439 364 1200

159 409 366 466 Dividi
398 425 709 481 pareamus,
765 409 964 464 dicenti
1002 426 1017 463 :
1049 407 1274 464 Gnstate
1303 421 1349 464 ct
1385 412 1570 478 videte,
1618 429 1750 484 quo-
1780 418 1825 475 Α
1853 411 2144 469 admodum
2171 415 2248 470 ait
2280 415 2578 486 Apostolus
2616 416 2683 483 ⁷³,
2723 415 2774 470 ἰιι
2813 417 2964 472 omni
2996 416 3114 472 loco
3150 433 3318 486 puras
3348 434 3445 474 eas

156 505 319 557 niam
367 503 546 556 suavis
573 511 649 556 est
677 501 937 555 Dominus
967 501 1047 566 ⁸⁸,
1106 512 1324 572 gustato
1363 519 1556 574 panem
1602 505 1749 570 vitae,

157 597 387 658 cibum,
420 595 666 662 inquam,
703 593 880 660 illum,
913 594 1007 665 qui
1037 609 1144 650 non
1170 593 1253 666 (ut
1288 595 1567 650 sensibilis
1598 597 1754 666 panis

159 687 461 758 alimonia)
515 688 675 756 peril,
727 687 820 741 sed
875 697 1083 755 manet,
1134 698 1194 743 ut
1250 689 1327 742 ait
1386 688 1651 746 Dominus
1683 690 1752 744 ".

160 779 374 833 Gnstat
416 788 596 832 autem
634 777 849 832 Domini
891 781 1241 845 suavitatem,
1271 782 1373 836 hoc
1403 793 1506 846 est,
1542 784 1756 852 experi-

163 880 422 924 mentum
460 871 633 941 ipsius
663 871 826 940 capit,
866 872 960 940 qui
989 873 1112 928 sine
1158 873 1266 927 ulla
1323 874 1668 929 dubitatione
1700 875 1754 928 in

163 963 356 1030 ipsum
405 969 606 1030 Sperat,
643 975 898 1030 eumque,
927 970 988 1015 ut
1011 962 1188 1029 decet,
1222 963 1460 1018 invocat.
1500 963 1609 1018 Nec
1637 963 1755 1018 esui

162 1065 223 1109 et
252 1055 527 1107 vorationi
583 1052 958 1108 lenocincmur
989 1055 1198 1126 (postea
1231 1057 1374 1110 enim
1411 1058 1518 1112 cibi
1567 1073 1758 1112 omnes

163 1149 295 1218 pari
339 1148 460 1202 loco
483 1147 711 1202 honoris
745 1148 894 1218 sunt)
922 1163 1022 1204 nec
1061 1149 1360 1219 cupiditate
1410 1160 1571 1220 atque
1597 1166 1761 1220 appe-

169 1241 277 1294 titu
315 1240 634 1310 flagrantem
683 1240 953 1310 ingratam
997 1241 1145 1295 illam
1175 1242 1380 1310 gulam,
1433 1250 1621 1312 utpote
1667 1244 1762 1296 be-

170 1332 362 1385 neficii
419 1331 824 1394 immemorem,
879 1329 1294 1402 refrigercmus,
1340 1343 1388 1386 et
1431 1332 1762 1402 obsequiose

169 1424 450 1487 colamus,
481 1425 643 1493 idque
677 1423 743 1477 ad
778 1423 942 1478 breve
972 1433 1208 1493 tempus,
1245 1425 1388 1494 quod
1421 1440 1483 1478 ea
1507 1441 1628 1494 qua:
1656 1423 1759 1494 ipsi

171 1517 561 1586 porriguntur,
622 1516 909 1571 celerrime
969 1518 1329 1581 transmittat,
1379 1533 1500 1584 nec,
1546 1515 1759 1571 etiamsi

173 1617 446 1680 perpetuo
477 1607 857 1672 infundantur,
909 1608 1146 1663 retinere
1191 1622 1378 1679 queat.
1407 1608 1549 1675 Quin
1581 1609 1760 1679 potius

173 1717 404 1771 «peram
443 1700 658 1764 demus,
702 1711 761 1754 ut
793 1700 1093 1769 spiritualis
1140 1709 1334 1769 gustus
1383 1701 1540 1756 nobis
1593 1702 1761 1772 probe

1857 505 2084 569 attollat,
2121 506 2238 561 sine
2270 507 2349 560 ira
2383 515 2437 560 et
2467 507 2980 577 disceptationibus.
3016 517 3196 578 atque,
3232 517 3291 562 ut
3314 523 3442 564 cum

1858 598 2057 653 Davide
2087 598 2281 667 loquar
2303 599 2372 664 ⁷⁸,
2408 597 2752 668 disciplinam
2803 600 3195 670 apprehendat,
3242 600 3445 654 Christi

1858 687 2105 755 scilicet,
2134 691 2250 744 sive
2302 691 2742 760 evangelicornm
2794 707 3217 762 pt'mcepzorum,
3249 710 3312 748 ac
3353 711 3448 762 per

1859 781 1966 831 vim
1998 796 2140 844 eam,
2182 795 2304 850 qua:
2339 781 2391 834 in
2430 782 2639 852 agendo
2684 792 2954 846 Versatur,
2991 784 3144 851 (ιιι.ςεί
3198 799 3292 853 per
3329 799 3448 836 ina-

1862 886 1991 924 num
2031 874 2347 941 quamdam.
2384 888 2718 937 sermonem,
2752 873 2852 927 hoc
2883 883 2986 937 est,
3023 875 3447 944 contemplatiw

1864 979 1984 1016 nem
2021 963 2074 1016 in
2124 963 2282 1018 fidem
2332 965 2588 1034 accipia'.
2625 963 2834 1018 Etenim
2870 981 2935 1020 ex
2985 966 3224 1020 honesta:
3259 966 3450 1030 etian-

1863 1055 2060 1108 dabilis
2092 1055 2212 1108 vita:
2240 1055 2422 1108 studio
2449 1054 2840 1123 contemplatio
2879 1054 3038 1110 nobis
3075 1066 3448 1125 comparatur,

1858 1147 2014 1215 juxta
2048 1146 2176 1199 illud
2217 1144 2518 1216 Scriptura:
2550 1167 2563 1202 :
2603 1145 2803 1200 Factus
2834 1159 2909 1201 est
2946 1164 3117 1201 sermo
3149 1148 3362 1202 Domini
3397 1150 3450 1202 in

1864 1254 2025 1290 manu
2060 1239 2326 1308 Agga'i".
2365 1240 2429 1292 Et
2477 1240 2634 1308 juxta
2693 1239 2822 1292 illud
2881 1239 3168 1294 Malachiae
3206 1257 3221 1293 :
3265 1239 3451 1295 Sermo

1864 1329 2076 1383 Domini
2101 1331 2171 1384 ad
2198 1330 2449 1385 Israelem
2481 1334 2535 1385 in
2567 1350 2728 1386 manu
2759 1332 2938 1403 angeli
2962 1335 3128 1387 sui“.
3165 1332 3286 1386 Jam
3324 1349 3451 1387 Vero

1865 1421 2064 1491 pedum
2124 1421 2388 1489 perfectio
2423 1423 2474 1475 in
2509 1437 2573 1476 eo
2604 1422 2877 1488 consistit,
2911 1433 2964 1474 ut
3002 1424 3162 1477 nobis
3218 1439 3343 1476 cum
3387 1423 3456 1478 iis

1867 1514 2002 1568 nihil
2043 1514 2114 1568 sit
2155 1531 2470 1578 commune,
2507 1516 2572 1569 de
2607 1516 2807 1584 quibus
2842 1518 2916 1570 ait
2948 1513 3207 1570 Salomon
3237 1533 3250 1570 :
3287 1514 3455 1570 Pedes

1865 1623 2040 1660 eorum
2074 1609 2141 1659 ad
2175 1607 2369 1661 nmium
2414 1619 2658 1673 currunt,
2692 1619 2739 1662 et
2797 1609 2994 1662 celoces
3027 1616 3152 1662 sunt
3180 1607 3248 1660 ad
3279 1606 3454 1676 e/fun-

1867 1698 2094 1750 dentium
2130 1699 2525 1769 sanguinein";
2564 1713 2754 1754 verum
2805 1716 2927 1755 cum
2968 1700 3074 1754 illis
3131 1698 3454 1754 societatem

174 1803 568 1864 componatur,
601 1803 658 1847 ut
687 1809 809 1848 cum
847 1791 1050 1847 Davide
1097 1793 1348 1847 dicamus
1383 1810 1397 1846 :
1438 1793 1610 1858 Quam
1642 1791 1762 1845 dul-
1796 1767 1840 1826 Β
1871 1791 2139 1854 ineamus,
2193 1789 2288 1859 qui
2343 1792 2411 1843 ab
2453 1790 2593 1844 lsaia
2655 1791 2740 1844 his
2773 1791 2951 1846 verbis
3007 1790 3392 1845 collaudantur
3439 1807 3454 1844 :

173 1887 263 1938 cia
300 1885 544 1952 [nucibus
575 1885 704 1937 meis
725 1884 934 1954 eloquia
968 1896 1082 1947 tua,
1119 1900 1278 1954 super
1305 1884 1408 1937 mel
1446 1885 1526 1939 ori
1555 1900 1666 1938 meo
1695 1884 1762 1941 ⁷⁸.

177 1981 258 2030 Ac
289 1977 548 2030 Salomon
596 1992 812 2045 (pioque
846 1975 960 2045 ipse
1009 1975 1062 2029 in
1093 1975 1406 2031 Proverbiis
1450 1976 1524 2031 ait
1568 1993 1581 2030 :
1635 1974 1762 2042 Fili,

183 2069 291 2122 mel
321 2068 551 2133 comede,
596 2078 652 2120 ut
683 2068 990 2121 dulcescunt
1020 2072 1198 2138 fauces
1234 2077 1336 2124 tute
1369 2069 1437 2130 τ’,
1471 2070 1575 2122 mel
1611 2069 1762 2124 vide-

179 2164 309 2216 licet
343 2160 580 2230 ﬁgurata
619 2159 899 2216 locutione
928 2161 1171 2216 divinam
1218 2163 1528 2218 dactrinam
1587 2164 1766 2218 nomi-

179 2269 345 2308 trans.

251 2343 373 2398 Col.
405 2342 510 2397 414
539 2340 604 2398 C.
637 2339 968 2396 Praeclarum
1016 2342 1229 2412 insuper
1257 2344 1440 2414 fuerit.
1484 2353 1591 2402 etc.
1626 2345 1764 2400 Pur-

181 2435 421 2505 gandum
453 2450 695 2506 quoque,
723 2437 920 2505 inquit,
945 2446 1106 2507 caput
1130 2447 1232 2503 est,
1265 2437 1317 2492 in
1347 2453 1457 2508 quo
1487 2449 1541 2493 et
1566 2455 1765 2494 sensus

183 2543 381 2583 omnes
413 2528 503 2583 siti
543 2537 698 2596 sunt,
737 2537 790 2584 et
824 2528 1099 2584 actionem
1143 2530 1370 2598 habent,
1423 2532 1650 2587 cerebro
1682 2533 1767 2586 ni-

185 2622 388 2676 mirum
443 2621 551 2674 vim
593 2631 646 2676 et
693 2619 1012 2676 facultatem
1055 2623 1190 2694 ipsis
1249 2624 1652 2693 suppeditante,
1708 2631 1768 2678 ut

184 2715 408 2768 Christo
439 2713 603 2776 capiti
635 2723 824 2768 nostro
856 2714 1061 2769 haerere
1087 2730 1375 2786 queamus,
1413 2733 1475 2771 ac
1519 2733 1646 2771 cum
1677 2733 1765 2783 eo,

186 2806 328 2860 velut
357 2803 530 2875 ipsius
565 2820 793 2876 corpus,
825 2806 1085 2876 conjungi
1119 2824 1134 2862 :
1167 2819 1359 2862 contra
1394 2824 1558 2878 quam
1591 2809 1769 2880 impo-

189 2907 307 2951 stor
337 2897 450 2964 ille,
483 2897 576 2967 qui
608 2899 697 2965 ,ab
743 2898 993 2968 apostolo
1046 2897 1214 2954 Paulo
1266 2899 1658 2968 proscinditur,
1709 2913 1769 2956 ut

189 3002 392 3045 temere
427 2991 818 3060 intumescens,
863 3009 962 3047 nec
988 3003 1172 3064 caput,
1221 2993 1273 3048 id
1324 3003 1430 3059 est,
1481 2994 1764 3050 Christum

190 3097 430 3150 tenens,
495 3100 559 3138 ex
623 3100 733 3155 qno
797 3094 974 3139 totum
1059 3102 1263 3156 corpus
1329 3088 1667 3143 construitur
1716 3099 1838 3176 etc

188 3183 622 3243 cnagincntatur,
651 3175 756 3230 hoc
784 3185 886 3240 est,
911 3178 1280 3246 compingitur
1301 3189 1354 3234 et
1381 3195 1512 3248 pace
1543 3178 1764 3238 fruitur.

190 3263 324 3318 Nam
350 3265 396 3320 si
419 3275 604 3336 caput,
639 3268 746 3323 hoc
776 3277 880 3331 cst,
911 3269 1213 3338 principem
1249 3271 1419 3325 animi
1449 3273 1619 3326 nostri
1651 3289 1770 3341 par-

192 3370 321 3426 tem,
356 3363 797 3432 purgaverimus,
841 3365 1300 3430 quemadmodum
1347 3364 1522 3432 ipsius
1574 3373 1770 3420 natura

195 3452 316 3521 fert,
378 3469 573 3524 nempe
620 3469 716 3524 per
761 3454 1015 3508 virtutem
1061 3469 1126 3508 ac
1176 3455 1508 3510 scientiam:
1547 3456 1773 3512 minime

195 3546 494 3601 timendum
521 3547 645 3612 erit,
669 3561 736 3600 ne
767 3545 818 3598 id
847 3545 1003 3601 nobis
1037 3547 1275 3612 accidat,
1314 3549 1459 3618 quod
1491 3547 1662 3604 David
1693 3551 1775 3604 in-

195 3638 498 3708 gemiscens
531 3639 608 3692 ait
643 3656 656 3692 :
695 3638 1015 3708 lniquitates
1069 3655 1199 3693 mea:
1250 3657 1600 3711 supergressa:
1650 3653 1772 3698 sunt

196 3738 349 3798 caput
402 3744 574 3782 meum
606 3730 674 3797 τ’,
734 3739 972 3784 mentem
1022 3731 1405 3804 rationcirque
1461 3747 1773 3804 prementes

197 3828 359 3889 atque
387 3831 700 3876 onerantes.
735 3819 936 3876 Verum
975 3823 1347 3893 iniquitatem,
1381 3843 1547 3898 supra
1598 3842 1764 3900 caput

198 3921 440 3967 nostrum
471 3927 592 3968 sese
619 3913 956 3980 eﬂ‘erentem,
985 3930 1050 3970 ac
1077 3916 1440 3987 principatum
1475 3930 1770 3988 tenentem,

199 4006 344 4058 humi
380 4013 708 4068 sternemns,
751 4007 1130 4078 rationemque
1167 4010 1235 4063 ab
1287 4026 1352 4066 ea
1398 4028 1770 4084 compressam

200 4106 356 4166 atque
385 4095 639 4151 afflictam
665 4097 719 4151 in
763 4098 1072 4154 libertatem
1107 4101 1533 4161 vindicabimus.

266 4186 399 4241 ibid.
443 4186 778 4241 l’ra’clarum
839 4190 999 4242 etiam
1051 4191 1285 4246 humeris
1345 4196 1674 4264 sancti/icari
1709 4215 1774 4252 ac

199 4275 433 4345 purgari,
474 4284 578 4330 etc.
613 4276 716 4329 Per
748 4276 1004 4333 lmmcros
1040 4280 1146 4332 vim
1196 4296 1315 4333 eam
1345 4290 1401 4334 et
1436 4282 1772 4350 facultatem,

203 4384 322 4437 qua:
371 4366 424 4420 in
480 4370 693 4423 actione
754 4370 932 4438 posita
965 4381 1069 4438 est,
1114 4373 1318 4428 indicat
1351 4391 1364 4427 :
1397 4375 1464 4429 ab
1499 4376 1566 4431 iis
1627 4377 1774 4431 enim

1870 1878 2045 1947 Quam
2115 1881 2339 1950 formosi
2402 1891 2525 1934 sunt
2599 1881 2752 1950 pedes
2817 1881 3302 1951 evangelisentium
3357 1898 3458 1951 pa-

1869 1988 1977 2025 cem
2003 1981 2053 2026 et
2095 1976 2233 2026 bona
2250 1971 2300 2004 "
2337 1990 2351 2026 :
2384 1972 2598 2042 quales,
2627 1987 2750 2026 cum
2786 1972 3020 2026 aliorum
3059 1973 3456 2043 apostolorum,

1872 2077 1984 2119 tum
2022 2063 2175 2120 Pauli
2232 2066 2399 2134 pedes
2448 2073 2625 2118 erant.
2658 2062 2762 2130 Qui
2793 2064 2958 2119 etiam
2994 2065 3108 2135 ipse
3140 2065 3208 2119 de
3237 2081 3297 2120 se
3332 2065 3404 2119 ait
3443 2084 3458 2120 :

1868 2157 1950 2210 Ad
2004 2157 2334 2228 propositum
2378 2172 2660 2226 persequor
2685 2158 2768 2221 7’;
2798 2168 2960 2226 atque
2991 2157 3129 2211 alios
3155 2157 3241 2211 his
3277 2159 3459 2212 verbis

1870 2253 2117 2306 hortatur
2153 2267 2167 2305 :
2196 2250 2435 2305 Calceati
2471 2251 2625 2320 pedes
2660 2250 2712 2303 in
2745 2251 3144 2320 prn'parntione
3184 2249 3459 2320 Evangelii

1867 2345 2014 2413 pacis
2037 2343 2104 2400 ‘°.
2158 2343 2487 2414 llujnsmodi
2527 2344 2713 2414 pedes,
2738 2344 2782 2398 si
2823 2344 2956 2414 quid
2989 2345 3154 2398 etiam
3194 2354 3320 2415 post
3349 2346 3460 2398 ba-

1869 2437 2126 2504 ptismum
2175 2450 2490 2506 suscipiunt
2549 2453 2645 2504 per
2697 2439 2948 2492 humana:
2980 2439 3102 2492 vita:
3132 2437 3233 2502 iter
3276 2439 3457 2492 sordis

1869 2530 2270 2592 contraxerint,
2307 2529 2478 2584 abluit
2509 2529 2798 2594 Dominus,
2827 2547 2893 2583 ac
2927 2546 2992 2583 ne
3026 2529 3309 2584 minimam
3333 2529 3459 2600 qui-

1870 2619 1991 2673 dem
2027 2622 2384 2691 inlimamqne
2416 2633 2624 2692 partem
2649 2623 2898 2691 despicit,
2925 2622 3022 2676 sed
3080 2637 3202 2676 eam
3239 2637 3462 2693 quoque

1871 2726 2085 2784 purgat.
2145 2711 2329 2768 Parati
2384 2725 2568 2769 autent
2619 2715 2784 2785 pedes
2821 2715 3083 2769 dicuntur
3111 2717 3179 2768 ad
3214 2713 3463 2784 Evange-

1871 2805 2030 2868 liu.n,
2073 2806 2178 2860 hoc
2209 2816 2312 2872 est,
2353 2807 2419 2860 ad
2467 2823 2692 2860 cursum
2753 2806 3159 2877 evangelicum,
3197 2807 3461 2875 expediti,

1867 2910 1996 2953 cum
2065 2897 2320 2952 videlicet
2361 2910 2414 2954 et
2445 2899 2618 2970 ipsius
2642 2908 2916 2970 praecepta
2948 2908 3350 2969 essequuntur,
3409 2910 3464 2955 ct

1870 3007 1933 3047 ca
1963 2990 2085 3044 aliis
2126 2990 2372 3045 tradunt.

1941 3082 2025 3138 Cl.
2049 3081 2154 3137 415
2171 3082 2238 3136 Α.
2264 3081 2415 3148 Quod
2445 3083 2492 3136 si
2519 3099 2623 3154 qua
2651 3083 2842 3137 centris
2871 3099 3073 3152 quoque
3095 3081 3266 3146 illius,
3293 3090 3398 3136 etc.
3418 3081 3462 3136 Α

1873 3177 2118 3231 sensibili
2176 3190 2365 3232 ventre
2406 3175 2474 3231 ad
2503 3176 2868 3246 spiritualcm,
2903 3178 3009 3232 hoc
3035 3185 3118 3230 est
3147 3177 3216 3230 ad
3249 3192 3430 3230 mento
3450 3202 3464 3216 ο

1874 3269 2013 3322 riam
2059 3269 2345 3324 transitum
2386 3268 2517 3322 facit
2547 3285 2562 3320 :
2591 3283 2714 3337 qua:
2739 3284 2911 3337 capax
2937 3270 3158 3338 quidem
3197 3279 3281 3323 est
3311 3271 3466 3338 cogi-

1875 3366 2141 3420 tationum
2174 3365 2281 3435 (ha:
2319 3364 2464 3418 enim
2517 3363 2748 3418 rationis
2795 3373 2927 3418 sunt
2971 3365 3257 3431 alimenta)
3311 3364 3468 3433 dige-

1875 3455 2014 3511 strix
2049 3464 2230 3508 autem
2265 3471 2329 3508 ac
2366 3453 2737 3520 distributrix,
2769 3463 2958 3524 utpote
2986 3465 3110 3525 post
3156 3454 3464 3510 adhibitum

1872 3547 2162 3616 judicium,
2195 3560 2260 3600 ac
2293 3546 2441 3598 velut
2472 3545 2915 3610 concoctionem,
2944 3547 3012 3601 ad
3042 3546 3238 3601 animae
3267 3547 3472 3601 alimo-

1879 3637 2022 3690 niam
2080 3651 2174 3691 cas
2231 3635 2542 3691 diffundens
2589 3645 2752 3707 atque
2782 3635 3146 3693 distribuens.
3189 3639 3272 3692 Ab
3323 3638 3469 3708 Apo-

1879 3729 2022 3784 stolo
2065 3739 2251 3799 autem
2289 3729 2458 3800 hujus
2486 3729 2637 3784 verbi
2669 3729 2968 3796 θεοποιεῖν,
3003 3730 3108 3786 hoc
3151 3740 3256 3799 est,
3297 3731 3465 3786 Deum

1875 3823 2108 3888 efficere,
2152 3837 2314 3878 usum
2376 3822 2640 3888 traduxit,
2671 3822 2765 3893 qui
2820 3823 2888 3876 de
2943 3823 3014 3878 iis
3064 3825 3156 3894 qui
3212 3825 3376 3880 vitam
3411 3826 3464 3878 in

1876 3912 2088 3969 deliciis
2139 3923 2344 3984 agunt,
2374 3915 2543 3969 verba
2592 3913 2824 3982 faciens,
2877 3915 3002 3971 ait:
3041 3917 3280 3984 Quorum
3327 3918 3466 3974 Deus

1877 4020 2054 4065 venter
2104 4010 2261 4064 est".
2316 4006 2452 4063 Nam
2512 4007 2608 4079 qui
2666 4009 2840 4062 ventri
2901 4011 3024 4078 plus
3079 4024 3239 4079 aequo
3289 4011 3465 4066 inser-

1879 4101 2086 4167 viunt,
2203 4100 2542 4169 deliciasque
2639 4099 2687 4153 ei
2775 4099 3247 4167 subministrant,
3339 4118 3466 4158 eum

1878 4191 2287 4262 quodammodo
2358 4189 2528 4245 Deum
2601 4189 2832 4244 faciunt.
2925 4190 3128 4263 Porro,
3165 4193 3470 4263 spiritualis

1880 4283 2108 4344 ventris,
2139 4284 2243 4336 hoc
2297 4290 2404 4344 est,
2443 4283 2721 4336 memoriae
2765 4283 2948 4348 luxus,
2981 4293 3064 4339 est
3118 4288 3454 4343 auscultatio

1882 4377 2243 4444 studiumque
2275 4384 2521 4428 externa:
2577 4384 2633 4428 et
2668 4375 2912 4444 profana:
2938 4376 3466 4446 sapientia-,jumin-

206 4476 396 4514 manus
421 4462 563 4516 vires
607 4475 738 4516 suas
787 4463 1083 4532 accipiunt.
1147 4463 1250 4521 Per
1302 4481 1523 4522 crucem
1567 4481 1777 4538 autem,
1813 4458 1856 4512 Ι)
1886 4473 1965 4523 die
1983 4467 2202 4537 quidem
2238 4467 2384 4521 illius
2413 4476 2468 4521 et
2505 4481 2756 4532 animum,
2809 4468 2902 4522 sed
2944 4483 3049 4521 non
3082 4470 3310 4538 perinde
3349 4471 3466 4524 fru-

205 4563 400 4609 statum
438 4569 562 4609 eum
593 4556 784 4620 animi,
813 4571 945 4624 quo,
980 4557 1129 4610 velut
1169 4568 1424 4614 mortuus
1478 4571 1534 4616 et
1563 4564 1776 4617 exstin-

207 4657 347 4712 ctus,
409 4647 476 4702 ad
534 4647 773 4702 vitiosos
832 4658 887 4703 et
937 4649 1284 4705 turbulentos
1341 4653 1569 4710 allectus
1628 4657 1777 4712 nullo

208 4751 350 4794 motu
378 4741 698 4808 impellitur.
729 4740 862 4796 Nam
898 4759 993 4814 per
1020 4744 1241 4799 virtutis
1292 4744 1498 4800 cultum
1557 4763 1620 4802 ac
1665 4759 1780 4803 stu-

207 4831 346 4885 dium
381 4848 448 4887 eo
483 4835 700 4889 tandem
739 4839 1113 4905 pervenimus,
1169 4846 1226 4891 ut
1255 4839 1422 4891 animi
1480 4841 1655 4894 nostri
1709 4842 1778 4895 ab

210 4923 460 4977 onmibus
517 4927 1026 4994 perturbationibus
1081 4929 1360 5000 tranquilli
1412 4931 1525 4984 sint
1573 4943 1629 4987 et
1688 4949 1775 5003 pa-

209 5015 328 5068 cati.
386 5013 642 5071 llumeris
700 5018 883 5089 itaque
915 5022 1263 5077 sanctitatem
1318 5023 1496 5088 all'ert,
1531 5027 1624 5095 qui
1655 5043 1781 5082 cru-

211 5121 318 5158 ccttt
349 5119 493 5170 cam,
546 5121 652 5175 qua
689 5108 870 5163 vitiosi
928 5108 1240 5164 animorum
1304 5112 1531 5168 allectus
1578 5115 1783 5169 ειδιίιι-

211 5189 466 5264 gnuntur,
540 5197 783 5251 humeris
843 5197 1001 5264 tollit,
1061 5199 1452 5271 Christumque
1509 5209 1780 5275 sequitur.

212 5286 393 5342 Manus
454 5297 633 5340 autem
696 5298 911 5359 purgat,
965 5291 1122 5360 quia
1161 5294 1352 5361 rapina
1386 5304 1439 5348 et
1492 5297 1783 5354 latrocinio

211 5391 269 5430 ac
303 5377 736 5432 diverberatione
781 5379 1020 5450 integras
1075 5394 1169 5436 cas
1229 5393 1452 5438 servat:
1489 5395 1547 5440 ut
1591 5403 1782 5457 qucttt-

277 5533 320 5564 ⁸⁸
353 5532 499 5589 Psal.
528 5551 715 5601 χχχιιι,
742 5536 797 5592 9.

874 5538 920 5569 ⁶⁹
950 5537 1111 5594 Joan.
1142 5557 1218 5607 vi,
1244 5540 1337 5598 27.

216 5603 230 5657 Ι
263 5604 394 5658 'fim.
438 5622 497 5668 ll,
523 5607 576 5659 8.

680 5609 725 5640 ⁷⁸
757 5607 905 5672 Psal,
958 5625 1080 5674 vin,
1111 5612 1196 5666 12.

217 5675 366 5749 llum.
395 5690 474 5739 ιι,
513 5677 595 5732 15.
671 5678 724 5749 "7
750 5677 988 5749 Philipp.
1020 5697 1101 5744 ιιι,
1139 5683 1227 5739 Hi.

213 5743 401 5803 lcicm.
444 5762 520 5809 ιν,
549 5749 634 5802 l9.
710 5748 756 5780 ⁸⁵
793 5743 949 5806 Ρδειῖξ
975 5765 1027 5814 L,
1061 5743 1125 5804 i2

436 5843 707 5902 Ps'ruoc.
738 5845 830 5899 tia
896 5845 1206 5912 CXXV”.

1304 5615 1350 5645 "
1393 5615 1529 5685 Agg.
1573 5630 1612 5678 ι,
1646 5618 1698 5671 1.

1432 5544 1478 5576 τ’
1505 5544 1652 5599 Psal.
1691 5561 1880 5613 cxvni,
1907 5549 2033 5606 103.

1804 5620 1850 5649 ⁷⁸
1891 5619 2120 5674 Malach.
2157 5637 2194 5686 I,
2228 5623 2280 5674 1.

1305 5685 1352 5716 ⁸ο
1380 5686 1582 5756 Ephes.
1617 5702 1688 5753 vt,
1720 5687 1807 5743 15.
1887 5691 1930 5722 ⁸⁸
1958 5685 2190 5762 Philipp.
2218 5708 2298 5760 ιιι,
2335 5694 2416 5750 19.

1885 4572 2111 4627 οιιιοδίε,
2146 4575 2210 4616 ac
2231 4560 2432 4629 leporis
2453 4570 2507 4614 ct
2528 4560 2813 4630 elegantia:
2833 4562 2981 4616 illius
2999 4562 3409 4617 comlimentuui
3447 4579 3460 4614 :

1885 4656 1978 4722 qui
2021 4653 2185 4708 etiam
2227 4653 2478 4708 dillluens
2539 4665 2703 4722 atque
2755 4667 3094 4706 evanescens
3148 4653 3304 4708 cibus
3358 4662 3464 4708 cst.

1887 4747 2005 4802 lloc
2054 4761 2274 4816 quoque
2307 4749 2376 4801 ab
2409 4748 2674 4817 Apostolo
2738 4755 3024 4814 sumptum
3075 4755 3178 4800 est.
3223 4744 3298 4799 De
3331 4747 3471 4804 cibis

1885 4839 2032 4892 cnim
2084 4848 2138 4892 et
2171 4846 2359 4892 ventre
2405 4837 2716 4906 disputans,
2775 4837 2890 4890 haec
2926 4835 3092 4890 verba
3143 4837 3470 4905 subjunxit:

1885 4933 2029 4987 Deus
2069 4943 2266 4998 autem,
2315 4942 2364 4987 et
2420 4935 2578 4997 hunc,
2616 4942 2665 4987 et
2709 4933 2800 4986 st
2853 4933 3087 4987 destruet
3109 4932 3176 4997 ⁸⁸,
3212 4935 3313 4988 hoc
3363 4945 3467 4996 est.

1886 5026 2210 5096 comprimet
2236 5034 2399 5094 atque
2423 5024 2677 5079 abolebit.
2709 5027 2772 5077 At
2801 5040 2927 5080 vero
2974 5025 3254 5078 memoria:
3283 5033 3472 5077 venter

1886 5135 1978 5188 per
2002 5129 2385 5187 corruptarum
2409 5127 2462 5171 et
2481 5117 2851 5186 improbat-um
2869 5117 3288 5188 cogitationum,
3309 5116 3471 5186 quasi

1887 5209 2178 5263 noxiorum
2231 5211 2592 5276 quorumdam
2667 5211 2956 5264 humerum
3015 5210 3336 5278 ejectioncm
3395 5219 3474 5263 te—

1888 5301 2050 5354 nuior
2079 5300 2338 5365 efficitur,
2373 5311 2540 5369 atque
2595 5303 2665 5355 ita
2721 5303 2943 5356 demum
2994 5303 3212 5358 Domini
3243 5302 3469 5357 verbum

1889 5392 2114 5461 excipit,
2144 5393 2605 5462 quemadmodum
2643 5395 2720 5448 ait
2772 5394 2942 5449 David
2977 5412 2991 5449 :
3029 5397 3097 5447 Et
3124 5393 3288 5465 legem
3322 5405 3470 5448 tuam

2147 5551 2190 5581 "
2222 5548 2384 5605 Prov.
2415 5569 2542 5607 xstv
2593 5555 2681 5609 13.
2797 5554 2843 5586 ⁷³
2879 5556 3020 5610 P~al.
3056 5570 3262 5621 xxxvii,
3292 5554 3345 5613 5.
3425 5555 3470 5588 ⁷³

2378 5623 2608 5678 "l'rov.
2646 5643 2682 5688 l,
2719 5627 2808 5681 16.
2921 5628 2970 5657 ’⁸
2990 5627 3227 5680 Nullum.
3279 5643 3314 5687 I,
3359 5624 3463 5693 i5;

2499 5696 2544 5727 ⁸¹
2581 5698 2742 5750 ibid..
2821 5698 2868 5729 "'
2900 5696 3260 5763 Psal..xxxtx,
3287 5699 3343 5749 9.

2801 5858 2867 5917 41
