4032 6198
601 196 731 268 1291

2030 205 2416 268 ADDENDA.

3652 205 3751 268 1992

596 311 651 361 in
679 306 848 361 inertia
894 309 1088 364 ventris
1118 306 1320 365 mli”:
1357 325 1468 381 quo
1500 310 1619 365 loco
1646 325 1746 382 per
1788 321 2031 368 ventrem
2070 329 2166 367 cor
2191 323 2245 383 Α
2269 313 2464 371 ditates
2534 328 2667 384 suas
2746 314 2961 385 spiritui
3014 313 3368 378 adversatur,
3428 313 3478 370 in
3527 317 3751 393 procincti

600 398 869 470 intelligit.
897 402 1075 472 Atque
1106 401 1269 455 etiam
1328 401 1401 455 ita
1445 411 1712 470 purgatus
1746 413 1934 458 venter
1974 419 2165 459 eorum

600 489 772 545 vicem
801 490 969 556 dolet,
1002 494 1094 562 qui
1148 490 1201 546 in
1246 503 1532 562 peccatum
1582 493 1860 558 labuntur,
1893 505 2057 562 atque
2109 496 2167 552 in

601 585 696 640 Dei
724 587 1080 641 offensionem
1117 585 1426 640 incurrunt.
1452 583 1930 651 Quemadmodum
1984 594 2039 640 et
2072 583 2167 641 Je-

603 673 799 731 remias
842 672 1068 747 propter
1120 674 1341 731 Judteos
1397 676 1580 729 animo
1637 675 2028 739 discruciatur,
2082 677 2167 732 his

601 769 780 823 verbis
801 780 989 823 utens:
1030 766 1268 821 Ventrem
1298 783 1491 830 meum,
1510 776 1734 821 mtrem
1762 783 1933 822 meum
1949 767 2168 823 doleo“.

600 856 740 923 Quin
772 859 935 912 etiam
976 858 1236 913 Davidem
1268 874 1365 928 pro
1420 858 1587 913 corde
1641 873 1709 913 ac
1741 860 2043 914 visceribus
2079 860 2169 914 Dei

600 963 757 1019 Opem
786 948 1169 1019 implorantem
1199 947 1411 1018 reperio
1429 948 1496 1013 ⁸⁸,
1511 962 1812 1019 eorumque
1831 949 2093 1004 ratiouent
2119 956 2174 1004 et

601 1055 788 1095 curam
824 1041 1134 1095 ltabentem.
1163 1041 1272 1095 Cor
1293 1048 1473 1094 autem
1511 1041 1618 1095 vim
1653 1040 2042 1111 intelligentem
2077 1056 2173 1112 ap-

603 1131 797 1201 pellat;
831 1136 1039 1188 viscera
1072 1145 1197 1185 vero
1224 1130 1397 1200 ipsius
1431 1145 1591 1185 sensa
1624 1139 1681 1186 et
1717 1131 2100 1200 cogitationes.

670 1226 791 1278 Col.
828 1223 934 1279 M5
976 1225 1040 1277 A.
1099 1221 1241 1288 Quid
1286 1222 1493 1277 lumbi?
1555 1222 1682 1294 quid
1737 1222 1934 1278 renes?
1975 1221 2172 1283 Judaei,

601 1331 724 1370 cum
787 1316 1062 1387 paschalis
1124 1313 1250 1384 agni
1298 1313 1593 1385 participes
1658 1314 1883 1379 ﬂebant,
1929 1313 2176 1381 corporis

602 1407 823 1463 lumbos
854 1409 1167 1463 succinctos
1196 1406 1503 1473 habebant;
1532 1419 1563 1459 a
1590 1406 1748 1460 nobis
1774 1416 1955 1460 autem
1994 1404 2177 1475 requi-

605 1502 744 1554 ritur
807 1509 865 1553 ut
913 1514 1035 1572 pars
1078 1513 1139 1553 ea
1187 1498 1409 1561 aninnu,
1468 1498 1523 1552 in
1567 1512 1673 1567 qua
1724 1497 1891 1552 libido
1940 1498 2178 1562 exsisut,

607 1592 878 1662 spirituali
934 1592 1098 1646 modo
1158 1604 1257 1661 per
1315 1590 1712 1645 continentiam
1790 1591 2173 1658 restringatur.

2272 414 2498 463 stantes.
2544 406 2900 478 ignobiliores
2929 420 3095 478 porro
3119 416 3168 462 et
3198 406 3580 463 inlmnestiores
3600 420 3754 478 partes,

2271 507 2400 553 sunt
2438 499 2606 554 lumbi
2649 509 2703 555 et
2736 516 2914 565 renes,
2952 508 3137 570 utpote
3181 515 3414 571 quorum
3451 515 3599 573 opera
3632 518 3754 559 vtae-

2270 604 2396 645 reus
2422 605 2746 661 congressus
2772 593 3067 663 peragitur.

2343 680 2481 737 Ibid.
2530 682 2591 738 C.
2637 681 2829 739 Omnia
2873 683 3126 749 membra,
3179 701 3294 755 qua:
3330 696 3448 741 sunt
3501 702 3639 757 super
3681 700 3761 746 ter-

2274 790 2413 836 ram,
2455 781 2562 830 etc.
2613 773 2722 829 Lex
2760 773 2993 829 Mosaira
3049 789 3319 830 summam
3354 776 3549 846 hepatis
3585 789 3765 848 partem,

2273 874 2328 920 et
2362 880 2542 931 renes,
2580 880 2686 921 una
2716 880 2843 921 cum
2882 865 3063 935 adipe,
3094 882 3147 921 tn
3190 867 3509 937 quibusdam
3534 870 3767 927 sacriﬁciis

2277 957 2387 1012 Deo
2440 973 2764 1015 consecrare
2805 958 3055 1029 iubebat,
3099 958 3232 1019 illud
3283 959 3606 1031 signiﬁcans,
3649 963 3770 1029 iram,

2277 1066 2396 1122 quae
2424 1066 2521 1121 per
2570 1051 2760 1106 libram
2797 1050 3118 1121 designatur
3159 1051 3308 1120 (huic
3341 1052 3483 1107 enim
3526 1067 3610 1110 vas
3646 1053 3771 1110 bilem

2279 1144 2590 1215 c0ucipicns
2622 1144 2951 1215 .adjunctum
2981 1141 3112 1214 est),
3147 1153 3204 1197 et
3254 1143 3549 1214 libidinem,
3578 1161 3680 1217 quae
3707 1163 3775 1213 per

2279 1247 2438 1289 renes
2496 1242 2549 1288 et
2607 1233 2819 1303 adipem
2895 1233 3255 1303 signiﬁcatur,
3325 1234 3647 1304 potissimum
3698 1236 3776 1291 Deo

2280 1314 2589 1379 consecrari
2641 1324 2858 1380 debere.
2928 1325 3141 1380 Rursus
3193 1323 3371 1383 Moses
3431 1326 3685 1383 brachium
3731 1346 3780 1384 ac

2280 1416 2655 1486 pectusculum
2708 1417 2762 1471 in
2818 1418 3105 1472 nonnullis
3147 1419 3427 1477 sacriﬁciis
3469 1421 3783 1476 sacerdotibus

2282 1506 2581 1579 assignavit
2640 1526 2654 1563 :
2715 1507 2845 1564 illud
2895 1509 3132 1565 obscure
3182 1511 3471 1578 indicans,
3531 1512 3780 1568 iaciendum

2288 1600 2444 1656 nobis
2489 1612 2631 1666 esse,
2672 1612 2732 1655 ut
2779 1609 2835 1654 et
2873 1602 3039 1656 corda
3072 1611 3263 1658 nostra
3317 1618 3411 1673 per
3448 1603 3782 1660 confessionem

606 1680 710 1739 Per
759 1683 976 1739 lumbos
1026 1684 1169 1738 enim
1216 1698 1286 1739 ac
1336 1697 1498 1738 renes
1525 1682 1971 1753 concupiscentia
2008 1681 2175 1752 signi-
2216 1705 2254 1759 Β
2286 1691 2664 1748 sacerdotibus
2731 1691 3026 1750 οσρηηηιε
3084 1692 3206 1764 (ρει-
3267 1696 3621 1765 “musculum
3671 1695 3781 1750 enim

608 1778 803 1831 Iicatur
833 1792 849 1831 :
885 1775 1030 1847 quod
1062 1775 1116 1831 in
1161 1775 1230 1831 iis
1272 1775 1520 1846 partibus
1553 1783 1764 1830 aestuet.
1811 1774 1953 1829 Sunt
1994 1782 2176 1828 autent

610 1868 778 1922 lumbi
831 1868 887 1922 in
944 1867 1123 1923 antica
1170 1876 1324 1938 parte
1382 1882 1397 1920 :
1448 1881 1607 1921 rencs
1652 1880 1782 1920 vero
1837 1864 1891 1918 in
1944 1868 2176 1936 postica.

609 1959 843 2015 Pulchra
897 1971 1063 2030 porro
1090 1965 1145 2013 et
1175 1958 1395 2029 egregia
1427 1972 1620 2012 renum
1668 1957 1897 2012 mutatio
1935 1966 2019 2011 est
2046 1970 2180 2011 con-

608 2051 957 2122 cuplscentiae
983 2051 1037 2104 in
1081 2051 1283 2105 bonum
1337 2047 1646 2113 conversio,
1694 2064 1758 2104 ac
1805 2047 2176 2118 spiritualium

613 2159 793 2199 rerum
851 2158 1007 2198 amor
1054 2156 1108 2199 et
1157 2143 1428 2213 cupiditas
1475 2158 1490 2196 :
1553 2142 1627 2195 ita
1679 2151 1737 2194 ιιι
1797 2155 1923 2196 cum
1979 2139 2181 2194 Davide

611 2238 794 2293 dicere
832 2251 1097 2307 queamus
1139 2254 1152 2290 :
1212 2236 1615 2305 Inﬂammatum
1666 2244 1741 2288 est
1790 2248 1881 2288 cor
1908 2248 2100 2300 meum,
2132 2241 2182 2287 et

611 2334 759 2383 renes
802 2330 905 2383 mei
958 2329 1275 2383 commutati
1311 2337 1431 2382 sunt
1461 2326 1530 2381 ⁸⁸.
1563 2323 1627 2379 Et
1675 2339 1869 2379 rursus
1906 2341 1922 2378 :
1971 2324 2106 2377 Ante
2137 2334 2185 2378 te

612 2424 762 2473 omne
820 2417 1143 2472 desiderium
1197 2432 1368 2471 meum
1414 2412 1498 2480 ⁸³⁷,
1556 2414 1704 2470 omtti
1740 2429 1809 2468 ex
1850 2423 2003 2483 parte
2048 2427 2184 2468 con-

612 2511 890 2575 itrictum,
946 2525 1045 2563 nec
1070 2514 1135 2563 ad
1173 2507 1317 2563 aliud
1347 2507 1644 2579 quidquam
1677 2505 1958 2572 difiusum,
1994 2521 2182 2560 verum

612 2606 678 2658 ad
714 2613 767 2658 te
795 2617 962 2656 unum
1011 2604 1305 2656 intensum.
1353 2601 1531 2670 Atque
1571 2600 1700 2654 item
1733 2613 1858 2653 cum
1897 2596 2134 2652 Jeremia
2168 2614 2181 2651 :

615 2696 769 2749 Diem
807 2695 1035 2750 hominis
1076 2709 1178 2747 non
1209 2691 1481 2759 concupiui
1507 2690 1575 2755 ⁸⁸,
1616 2691 1719 2745 hoc
1748 2700 1853 2754 est,
1888 2678 2183 2743 humanam

612 2797 671 2840 et
711 2799 1030 2856 corpoream
1083 2784 1420 2839 felicitatem.
1475 2780 1588 2836 Nos
1623 2782 1768 2835 enim
1811 2780 2204 2862 spiritualium.

614 2890 797 2932 rerum
836 2877 1134 2946 cupiditate
1166 2875 1338 2931 teneri
1372 2875 1777 2943 convcnit,quo
1803 2872 1966 2927 etiam
2002 2872 2184 2930 modo,

614 2985 667 3025 et
703 2969 975 3024 Danielem
1015 2969 1245 3038 angelus
1280 2965 1638 3036 nuncupavit,
1694 2964 1779 3018 his
1812 2965 1992 3019 verbis
2024 2980 2039 3019 :
2080 2962 2189 3017 Da-

2280 1797 2379 1839 cor
2438 1783 2802 1854 signiﬁcatur,
2868 1794 3055 1854 utpote
3108 1785 3286 1855 ipsius
3330 1788 3689 1843 munimentum
3737 1802 3785 1842 ac

2284 1876 2645 1947 praesidium),
2689 1886 2743 1932 et
2776 1877 2941 1932 etiam
2976 1877 3243 1943 actiones,
3280 1894 3396 1949 quae
3437 1894 3524 1949 per
3555 1878 3782 1934 brachium

2283 1966 2642 2040 designantur
2668 2010 2685 2038 ,
2721 1981 2885 2041 atque
2920 1986 3019 2042 per
3053 1972 3370 2028 sacerdOtes
3402 1972 3466 2027 ad
3504 1973 3650 2027 Deum
3684 1971 3783 2026 alie-

2284 2071 2502 2116 runtur.
2536 2063 2714 2133 Atque
2740 2062 2858 2118 hinc
2885 2063 3105 2133 quidem
3143 2063 3233 2119 lex
3258 2072 3410 2120 vetus
3431 2063 3782 2134 praescribebat;

2286 2168 2387 2209 nos
2417 2160 2598 2209 autem
2631 2191 2648 2219 ,
2694 2154 2849 2223 juxta
2902 2155 3345 2211 cohortationem
3393 2157 3705 2226 apostolicam
3735 2156 3782 2221 ",

2286 2245 2471 2301 omnia
2528 2245 2804 2313 membra,
2843 2261 2966 2317 qua:
3010 2257 3138 2304 sunt
3187 2263 3352 2320 super
3399 2259 3600 2316 terram,
3641 2248 3782 2307 idest.

2288 2353 2514 2393 munere
2554 2354 2656 2394 suo
2694 2338 2749 2393 itt
2784 2347 2926 2394 terra
2965 2338 3292 2410 funguntur,
3338 2341 3422 2396 vel
3463 2342 3609 2397 etiam
3639 2342 3784 2396 veteris

2290 2431 2552 2496 hominis,
2579 2432 2687 2487 hoc
2739 2443 2825 2487 est
2871 2434 3103 2503 pet-cati,
3153 2434 3399 2489 membra
3430 2434 3779 2496 mortificemus;

2289 2543 2354 2580 ac
2383 2542 2484 2582 nos
2510 2536 2653 2582 totos
2687 2526 2795 2580 Deo
2839 2526 2894 2580 itt
2928 2525 3265 2581 sacrificium
3301 2526 3598 2593 otio-ramus,
3620 2526 3783 2596 jugula-

2291 2616 2360 2672 tis
2385 2616 2638 2671 nimirum
2668 2615 2818 2671 verbi
2845 2615 3013 2670 divini
3043 2615 3228 2688 gladio
3254 2616 3493 2688 turpibus
3517 2631 3576 2671 ac
3603 2624 3781 2672 temera-

2292 2709 2391 2764 riis
2420 2718 2473 2764 et
2509 2708 2764 2764 belluinis
2816 2707 3125 2775 aliectihus,
3167 2719 3333 2780 atque
3379 2710 3556 2766 hostia:
3592 2706 3782 2779 perfecta

2289 2799 2613 2857 efficiamur.
2657 2800 2792 2855 Nam
2836 2804 2979 2873 quod
3019 2818 3084 2857 ex
3117 2814 3274 2873 parte
3300 2816 3384 2859 est
3432 2803 3776 2872 haudquaquam

2291 2891 2591 2963 perfectum
2621 2903 2723 2949 est.
2764 2893 2833 2948 At
2868 2896 2961 2963 qui
3004 2895 3253 2965 seipsum
3286 2904 3452 2951 totum
3489 2894 3585 2949 Deo
3606 2889 3778 2950 addixit,

2292 2986 2451 3056 eique
2474 2988 2705 3041 salutem
2755 3002 2909 3042 suam
2958 2988 3332 3059 consecravit,
3365 2987 3446 3042 hic
3473 2981 3776 3057 proculdubio

615 3063 737 3128 niel,
786 3062 864 3115 rir
893 3060 1296 3148 desideriorum,
1328 3056 1563 3126 itttellige
1606 3070 1892 3148 sermones,
1939 3071 2068 3148 quos
2117 3055 2185 3109 ad
2214 3061 2257 3119 ε
2292 3055 2532 3148 δείρεηη,
2570 3088 2743 3133 [Mum
2777 3079 2988 3148 accepi,
3016 3077 3152 3148 (ﬂ).

619 3164 669 3205 te
701 3148 981 3205 habiturus
1024 3147 1234 3205 sunt”;
1279 3147 1749 3215 Quemadmodum
1803 3156 1986 3201 autem
2021 3145 2187 3200 homo

616 3248 774 3317 pacis
805 3246 1028 3309 dicitur,
1059 3244 1153 3314 qui
1196 3242 1492 3312 tranquillo
1518 3249 1580 3296 et
1618 3248 1808 3310 pacato
1844 3248 1927 3294 est
1959 3242 2143 3293 animo
2172 3257 2184 3292 :

616 3350 699 3396 tta
724 3343 806 3394 vir
856 3340 1276 3403 desideriorum,
1326 3336 1420 3407 qui
1469 3336 1742 3392 desiderio
1795 3331 2185 3388 inﬂammatur.

618 3432 807 3487 Daniel
860 3433 1005 3486 enim
1068 3429 1377 3484 futurarum
1441 3442 1641 3485 rerum.
1682 3426 2187 3496 cognoscettdarum

617 3527 912 3596 cupiditate
942 3524 1249 3593 ﬂagrabat:
1285 3537 1349 3577 ac
1377 3521 1604 3588 proinde
1632 3535 1718 3584 ea,
1760 3532 1881 3589 qua:
1914 3533 2088 3588 usque
2121 3518 2193 3571 ad

621 3619 804 3673 saeculi
832 3618 995 3671 tinem
1027 3625 1292 3670 eventura
1330 3622 1509 3678 erant,
1562 3612 1849 3669 intellexit.
1894 3610 2110 3667 Etenim
2142 3609 2188 3664 si

618 3722 732 3765 tota
800 3717 984 3763 nostra
1033 3707 1302 3778 cupiditas
1348 3704 1417 3760 ad
1465 3704 1635 3761 Deum
1691 3705 1955 3760 translata
2004 3704 2189 3769 fuerit,

618 3814 649 3857 a
679 3802 842 3857 nobis
885 3801 1075 3869 utique
1115 3799 1418 3871 spiritualis
1447 3813 1512 3854 ac
1557 3797 1783 3869 pestifer
1820 3808 1874 3854 et
1933 3800 2192 3853 sinuosus

615 3896 708 3951 ille
739 3897 906 3948 draco
938 3893 1187 3948 vincetur
1214 3900 1271 3946 et
1291 3892 1653 3961 opprimetur,
1681 3892 1748 3947 de
1777 3906 1887 3961 quo
1917 3892 2059 3947 Deus
2087 3889 2192 3945 Job

618 3989 929 4057 alloquens,
964 3986 1041 4041 ait
1074 4002 1088 4038 :
1137 3983 1273 4038 Ecce
1307 3984 1564 4054 fortitudo
1609 3983 1755 4038 iuius
1797 3988 1851 4038 in
1894 3984 2113 4048 lumbis,
2143 3994 2193 4038 et

617 4080 854 4146 potentia
880 4078 1028 4134 illius
1060 4079 1116 4132 in
1138 4076 1386 4131 umbilico
1414 4078 1607 4131 uentris
1634 4076 1703 4132 ".
1753 4076 1966 4144 Quibus
2010 4079 2192 4134 verbis

618 4175 965 4241 ostenditur,-
999 4173 1277 4229 diabolum
1320 4171 1375 4225 in
1411 4172 1518 4236 his,
1551 4186 1689 4241 quas
1720 4171 1978 4237 diximus,
2014 4172 2193 4226 homi-

621 4277 749 4317 num
780 4264 1027 4330 partibus
1069 4260 1364 4330 plurimum
1400 4261 1596 4315 virium
1654 4262 1876 4328 habere,
1938 4262 2041 4316 hoc
2087 4272 2192 4328 est,

2361 3168 2482 3225 Col.
2509 3170 2613 3225 418
2638 3175 2701 3225 Δ.
2744 3169 2949 3225 Prrrter
2982 3175 3092 3226 lucc
3126 3173 3329 3235 omnia,
3359 3182 3459 3228 etc.
3495 3173 3614 3226 Ante
3632 3164 3779 3226 omnia.

2295 3262 2491 3334 inquit,
2521 3260 2807 3318 Trinitatis
2833 3263 2992 3318 tidctu
3025 3273 3078 3318 et
3103 3264 3524 3330 confessionem,
3565 3270 3615 3317 ut
3658 3256 3783 3326 magis

2296 3355 2685 3415 neces~ariam,
2723 3354 2817 3408 tibi
2859 3355 3204 3410 committam
3235 3366 3398 3425 atque
3437 3348 3776 3411 commendabo.

2294 3449 2429 3503 Cum
2470 3448 2592 3513 hac,
2626 3457 2678 3502 et
2707 3459 2757 3502 te
2811 3447 3098 3518 baptizabo
3129 3463 3229 3518 per
3254 3440 3527 3520 triplicem
3558 3441 3775 3500 dimersio-

2296 3556 2443 3605 nem,
2473 3549 2527 3595 et
2558 3549 2608 3595 te
2649 3539 2876 3595 totidem
2930 3541 3142 3597 vicibus
3176 3558 3244 3598 ex
3285 3545 3439 3613 aquis
3464 3547 3716 3596 extractum
3738 3532 3777 3584 iu

2297 3633 2465 3689 altum
2495 3632 2738 3688 efferam.
2799 3632 2994 3688 Postea
3038 3649 3069 3689 a
3103 3635 3451 3691 confessione
3481 3634 3540 3688 ad
3581 3626 3776 3685 divinitao

2298 3734 2404 3779 tem
2439 3725 2657 3789 transit,
2700 3725 2753 3778 in
2807 3741 2970 3796 quam
3006 3714 3132 3781 fidei
3170 3727 3443 3784 confessio
3485 3724 3557 3790 lit,
3581 3734 3679 3794 qua!
3697 3715 3781 3786 (μί’

2291 3816 2415 3873 dem
2450 3817 2502 3871 in
2529 3818 2702 3873 tribus
2746 3820 2994 3887 personis
3040 3820 3380 3890 conjunctim
3412 3828 3463 3876 et
3500 3808 3774 3885 singulariter

2296 3910 2562 3979 reperitur
2589 3912 2717 3980 (una
2742 3911 2885 3963 enim
2908 3910 2962 3965 in
3009 3909 3193 3980 Patre,
3224 3912 3381 3976 Filio,
3411 3919 3462 3967 et
3489 3907 3669 3979 Spiritu
3689 3912 3779 3955 san-

2295 4009 2383 4055 cto
2414 4011 2497 4055 est
2524 4000 2846 4068 divinitas);
2893 4011 2947 4056 et
2991 4012 3101 4056 tres
3151 4019 3413 4073 personas
3460 3999 3646 4056 dit'isim
3673 4002 3777 4045 com—

2298 4093 2587 4175 l"?°m“"i
2622 4092 2676 4147 ίη
2701 4093 2982 4148 divinitate
3013 4097 3158 4149 enim
3199 4106 3329 4152 sunt
3359 4094 3508 4148 Pater
3531 4101 3578 4145 et
3601 4084 3778 4175 Filiuset

2297 4166 2531 4256 Spiritus
2560 4194 2803 4252 sanctus,
2835 4199 2934 4240 nec
2962 4187 3279 4256 disparibus
3308 4182 3619 4243 substantiis,
3642 4182 3726 4233 aut.
3747 4166 3779 4221 εί

2297 4275 2487 4343 mavis,
2523 4279 2764 4344 naturis,
2797 4278 3085 4348 inaequalis
3111 4292 3218 4336 est.
3255 4279 3407 4343 Nam,
3441 4286 3494 4331 ιιι
3522 4267 3689 4329 sanctis
3710 4260 3778 4316 PI-

621 4354 677 4408 in
727 4350 1142 4421 concupiscibili
1188 4363 1359 4422 parte,
1414 4367 1577 4424 quant
1621 4353 1855 4421 graviori
1901 4354 2192 4424 tyrannide

2185 4370 2192 4405 ⁵
2229 4405 2270 4458 D
2300 4372 2474 4426 tribus
2527 4372 2722 4440 placet,
2760 4372 2996 4427 essentia
3031 4382 3085 4427 et
3132 4381 3352 4436 natura,
3393 4384 3508 4425 cum
3547 4368 3606 4419 de
3646 4362 3777 4415 ωειλ

620 4446 835 4517 premit,
871 4457 1061 4517 utpote
1111 4447 1233 4517 plus
1286 4448 1406 4520 opis
1456 4448 1558 4518 ipsi
1611 4448 1677 4501 ad
1736 4446 2012 4502 hominem
2055 4447 2194 4503 bello

619 4539 994 4596 lacessendum
1039 4539 1352 4595 aii‘ereutem
1384 4579 1399 4605 ,
1437 4549 1660 4610 preptcr
1701 4539 1994 4611 voluptatis
2051 4541 2192 4595 acri-

621 4633 859 4688 moniam
888 4645 941 4689 et
967 4633 1389 4688 vehementiam.
1419 4630 1532 4687 Nec
1559 4631 1655 4686 tibi
1689 4632 1886 4687 mirum
1931 4633 2193 4699 videatur,

620 4726 664 4777 si
724 4726 1183 4794 quemadmodum
1240 4725 1418 4796 inquit
1479 4724 1774 4796 Apostolus
1830 4724 1897 4790 ",
1955 4723 2020 4779 iis
2075 4739 2195 4793 quae

619 4815 945 4885 ignobiliora
969 4826 1018 4871 et
1036 4816 1522 4887 eontemptibiliora
1544 4817 1599 4871 in
1625 4819 1986 4885 corpore'esse
2010 4816 2197 4870 viden-

625 4922 735 4975 ων,
780 4910 1243 4966 abundantiorem
1291 4910 1556 4967 honorem
1587 4909 1900 4975 tribuimus,
1928 4925 1990 4965 ea
2033 4909 2196 4963 nimi~

622 5016 742 5056 rum
777 5011 856 5057 tot
898 5005 1171 5076 tantisque
1222 5004 1401 5058 verbis
1444 5014 1856 5074 prosequentes,
1906 5016 2067 5074 atque
2100 5004 2192 5056 ad-

618 5104 812 5151 versus
842 5099 1023 5153 carnis
1059 5095 1340 5153 materiam
1366 5105 1419 5152 et
1439 5096 1745 5152 crassitiem
1773 5111 1895 5166 quae
1922 5111 2013 5165 per
2044 5097 2169 5166 cupi

2298 4460 2562 4516 Trinitate
2591 4463 2788 4533 agitur,
2822 4463 2963 4517 idem
2991 4472 3141 4520 sunt.
3188 4461 3302 4518 Nec
3336 4461 3489 4516 l'ater
3510 4454 3779 4533 Filium”?

2296 4570 2490 4610 rursus
2533 4553 2704 4612 Filius
2759 4554 3022 4627 Spiritum
3075 4564 3346 4627 superat:
3400 4568 3493 4609 nec
3525 4529 3779 4630 Spiritusatl

2299 4644 2497 4700 Filium
2552 4650 2949 4715 permutatione
2991 4649 3228 4718 quadam
3283 4647 3489 4712 transit,
3537 4644 3689 4709 utpote
3716 4638 3779 4695 φη

2299 4740 2512 4808 genitus
2542 4755 2647 4793 non
2683 4740 2774 4806 sit,
2809 4756 2908 4799 nec
2938 4738 3107 4797 Filius
3140 4742 3206 4797 ad
3234 4739 3466 4804 Patrem,
3497 4744 3551 4790 ut
3576 4727 3656 4800 qui
3675 4723 3778 4787 insc'

2301 4830 2449 4884 nitus
2478 4845 2585 4884 non
2619 4830 2722 4894 sit,
2754 4830 3215 4900 quemadmodum
3248 4831 3426 4887 Pater.
3460 4827 3633 4882 Verum
3661 4809 3779 4900 unde-

2305 4936 2522 4990 cunque
2573 4892 2800 4989 aequalis
2833 4931 2998 4991 atque
3033 4922 3218 4976 eadem
3263 4929 3347 4978 est
3391 4908 3645 4973 divinitus,
3682 4892 3780 4955 ιιιυιί

2301 5008 2459 5066 Secus
2483 5020 2645 5082 atque
2677 5029 2780 5067 una
2819 5010 3119 5082 cadentque
3172 5013 3292 5068 coeli
3341 5003 3645 5080 magnitudo.
3676 4994 3779 5047 οίιιιιί

2303 5102 2551 5157 videlicet
2598 5119 2661 5158 ex
2712 5112 2863 5173 parte
2898 5104 3123 5175 azqualis
3154 5118 3436 5176 apparens.
3469 5095 3531 5153 Ut
3559 5091 3678 5148 enim
3703 5083 3779 5137 1W5

679 5280 729 5312 ⁸³
754 5276 898 5334 Psal.
936 5277 1195 5343 xxx:x,9.
1265 5277 1312 5310 "
1340 5275 1647 5347 Jerentatv,
1682 5275 1766 5330 i9.
1842 5274 1889 5308 ⁸⁸
1919 5273 2062 5330 Psal.
2089 5293 2143 5339 ι,
2173 5277 2259 5333 12.
2336 5275 2381 5309 ⁸⁸
2406 5278 2551 5334 Psal.
2583 5293 2753 5345 uxu,
2781 5280 2869 5335 i7.
2927 5281 2974 5312 ⁸⁷
3013 5280 3157 5339 Psal.
3190 5297 3392 5347 xxxv",
3425 5277 3501 5334 l0.
3568 5270 3609 5302 ⁸⁸
3634 5263 3781 5319 Ierem-

618 5365 755 5415 «χιιι,
790 5353 877 5403 to.
952 5349 998 5379 ⁸⁸
1041 5354 1173 5403 Dan.
1208 5366 1261 5414 ι,
1297 5350 1383 5402 ii.
1460 5348 1507 5379 ⁸⁸
1543 5346 1648 5403 Job
1680 5361 1766 5410 ιι,
1801 5348 1889 5402 Η.

701 5486 812 5557 (li)
854 5487 1125 5554 Scriptum
1163 5498 1327 5551 totum
1358 5488 1576 5558 accepit.
1614 5485 1706 5543 Sic
1726 5487 1871 5541 enim
1899 5486 2018 5557 lego
2048 5499 2106 5543 ut
2137 5489 2190 5542 in

634 5560 853 5626 [tegitur
884 5561 1091 5621 codice,
1144 5561 1271 5626 quia
1322 5562 1438 5612 haec
1489 5558 1653 5611 lectio
1704 5558 1876 5626 magis
1922 5559 2193 5625 quadrare

630 5630 844 5684 videtur
875 5644 997 5683 cum
1034 5637 1181 5683 textu
1217 5647 1231 5682 :
1271 5629 1326 5680 itt
1377 5643 1496 5682 meo
1532 5637 1710 5679 tamen
1750 5629 2043 5697 exemplari
2081 5645 2193 5684 non

1968 5348 2010 5379 “
2056 5347 2071 5401 l
2109 5348 2237 5403 Cor.
2277 5349 2486 5412 ιιι,ἓᾶ
2563 5350 2610 5382 ⁸³
2649 5352 2862 5407 Coloss.
2897 5367 2979 5417 ιιι,
3012 5353 3066 5407 5.

2310 5489 2529 5563 ἐλαϐεν,
2567 5491 2662 5563 sed
2691 5491 2904 5557 ἔθυσεν,
2935 5492 3155 5563 legitur,
3201 5490 3253 5547 id
3283 5500 3380 5552 εει,
3420 5476 3640 5540 mactavit
3666 5473 3780 5532 διαυο

2304 5561 2630 5620 immolavit.
