4032 6198
325 169 462 233 1293

1312 173 1634 233 NItlETAS
1675 173 1756 235 IN
1793 173 2018 236 ORAT.
2060 177 2160 236 XL
2205 177 2266 237 S.
2311 175 2545 236 GREG.

3433 167 3567 231 123i.

318 282 420 336 tria
455 278 664 336 inlinita
694 286 747 334 et
776 277 1226 349 imperceptibilia
1279 288 1409 334 sunt
1439 297 1454 334 :
1492 281 1566 334 ita
1594 289 1649 335 et
1691 280 1886 337 horum
1915 290 1965 348 Α
1994 299 2180 338 verum
2213 284 2602 339 etiam-rursus
2641 283 2756 352 ipsa
2790 280 2995 336 creatio
3022 279 3178 351 juxta
3227 292 3419 334 eorum
3450 281 3574 348 opi-

313 371 631 442 c0njnnctio
674 377 986 439 naturaeque
1037 370 1314 424 identitas.
1345 369 1485 427 Deus
1543 387 1885 443 unaquaeque

315 481 568 538 persona,
603 466 648 521 si
695 463 986 534 separatim
1028 464 1428 527 consideretur,
1470 475 1651 518 mente
1677 465 1888 520 scilicet

316 574 405 613 res
452 566 646 611 natura
692 553 1094 625 inseparabiles
1143 562 1448 621 separante.
1494 551 1706 624 (Neque
1740 555 1885 609 enim

315 653 567 719 cuiquam
601 649 793 704 horum
838 648 1000 701 trium
1037 645 1143 699 ulla
1170 643 1470 699 divinitatis
1504 654 1630 698 nota
1663 646 1833 714 deest)
1871 664 1885 701 :

317 752 372 795 ut
403 739 585 805 Pater,
634 739 706 792 ita
753 737 928 794 Filius
963 754 976 790 :
1012 745 1068 790 nt
1099 733 1290 802 Filius,
1325 737 1401 788 ita
1433 733 1687 804 Spiritus.
1724 736 1892 806 Adje-

312 833 424 888 ctio
465 843 646 886 autem
677 831 837 901 hujus
853 829 1150 900 particulae,
1188 836 1266 892 ut,
1300 828 1666 897 aequalitatem
1703 829 1885 896 infert,

313 936 528 982 servata
584 925 782 994 cuique
827 937 1075 994 persona:
1126 922 1463 991 hypostatiea
1513 923 1888 992 proprietate;

313 1015 459 1070 Patri
515 1015 804 1079 videlicet,
858 1013 1003 1082 quod
1035 1013 1316 1080 ingenitus
1371 1014 1475 1077 sit;
1530 1012 1694 1077 Filio,
1747 1019 1888 1084 quod

313 1109 558 1178 genitus;
606 1122 669 1160 ac
703 1105 959 1174 denique,
1012 1103 1240 1171 Spiritui
1293 1115 1508 1170 sancto,
1567 1105 1711 1174 quod
1763 1122 1892 1175 pro-

314 1201 491 1255 cedat.
523 1198 602 1252 Ae
644 1197 785 1252 Deus
841 1211 1031 1251 rursus
1067 1196 1168 1249 tria
1219 1199 1356 1259 haec,
1387 1197 1430 1251 si
1456 1198 1619 1252 simul
1652 1201 1895 1268 cogiten-

316 1301 424 1356 tur,
469 1298 691 1359 propter
745 1286 985 1341 notionis
1015 1301 1078 1340 ac
1111 1294 1319 1339 natqu
1354 1287 1715 1342 identitatem.
1753 1289 1896 1345 Deus

313 1381 457 1434 enim
515 1377 937 1446 unumquodque
1008 1375 1224 1439 horum,
1283 1377 1410 1446 quia
1467 1380 1713 1430 eamdem
1763 1382 1896 1432 sub-

311 1472 567 1525 stantiam
631 1469 854 1523 habet:
914 1482 1109 1522 rursus
1168 1477 1348 1522 autein
1417 1470 1518 1522 tria
1574 1470 1690 1524 haec
1755 1485 1896 1525 unus

312 1562 475 1626 Deus,
526 1562 654 1632 quia
705 1576 847 1616 unus
908 1570 990 1616 est
1037 1562 1337 1617 divinitatis
1387 1563 1744 1632 principatus.
1799 1561 1897 1618 Vix

1989 374 2210 428 nionem
2262 373 2565 428 dividatur.
2609 372 2843 425 Aiebaut
2889 371 3033 424 enim
3088 369 3454 430 divinitatem,
3504 377 3565 420 ut

1987 468 2318 536 :equivoeam
2351 481 2537 520 vocem
2567 465 2764 535 partim
2789 465 3088 518 increatam
3116 477 3259 525 esse,
3286 469 3346 515 ut
3369 461 3568 523 Pater;

1987 559 2184 629 partim
2217 567 2478 614 creatam.
2519 557 2738 611 Rursus-
2781 555 3159 620 diviaitatem;
3212 564 3455 608 creatam
3493 553 3570 606 ita

1989 650 2323 714 dividebant,
2379 659 2438 704 ut
2492 647 2927 718 praestantiorem
2985 655 3294 702 creaturam
3345 643 3568 710 Filium,

1989 741 2304 796 inferiorem
2339 747 2519 794 autem
2544 746 2847 794 creaturam
2875 737 3138 807 Spiritum
3157 745 3406 791 sanctum
3429 751 3575 792 asse-
3597 733 3618 752 ’

1993 847 2194 893 rerent.
2239 836 2317 890 Ex
2371 851 2501 906 quo,
2554 843 2608 889 et
2652 834 2795 889 Deus
2839 833 3167 888 contumelia
3210 833 3566 898 adiciebatur,

1997 939 2181 998 utpote
2249 929 2302 981 in
2369 936 2747 982 creaturarum
2799 924 3048 978 ordinem
3101 925 3352 979 redactus
3406 933 3578 993 atque-

1995 1021 2288 1090 dcpressus
2323 1038 2336 1074 :
2371 1027 2424 1072 et
2469 1027 2718 1072 creatura
2751 1017 2889 1086 ipsa,
2924 1024 2983 1069 ut
3011 1029 3132 1084 quae
3155 1017 3348 1070 eodem
3375 1016 3570 1069 ordine

1995 1126 2120 1165 cum
2171 1109 2281 1164 Deo
2309 1118 2645 1164 censeretur.
2692 1107 2823 1162 Nam
2853 1107 2899 1162 si
2929 1121 3092 1162 servo
3126 1107 3454 1160 contumelia
3489 1115 3572 1160 est

1998 1201 2111 1272 pari
2166 1201 2373 1256 ordinis
2427 1199 2594 1271 gradu
2642 1213 2765 1254 cum
2823 1199 2958 1252 hero
3021 1198 3302 1261 collocari,
3366 1208 3577 1266 quanto

1999 1291 2296 1361 tandeiiqea
2327 1291 2544 1360 gravior
2572 1289 2840 1343 censenda
2871 1297 2976 1352 est,
3007 1303 3290 1358 perquam
3317 1296 3573 1342 creatura

2001 1383 2109 1438 Deo
2134 1383 2364 1437 creatori
2399 1382 2678 1452 aeq-natur!
2706 1380 2996 1434 Enimvero
3031 1381 3356 1451 Gregorium
3391 1380 3566 1445 illum,

2001 1475 2390 1530 miraculorum
2424 1474 2662 1529 editione
2689 1474 2896 1528 clarum
2934 1481 2988 1528 et
3032 1474 3326 1538 celebrem,
3363 1471 3574 1536 audivi,

2001 1581 2123 1621 cum
2156 1565 2382 1630 diceret,
2427 1565 2480 1618 in
2519 1563 2790 1618 Trinitate
2837 1578 2937 1618 nec
2984 1573 3226 1616 creatum
3268 1561 3570 1631 quidquam

315 1663 492 1707 unam
544 1667 609 1705 ex
645 1651 727 1708 his
771 1651 949 1706 tribus
989 1651 1174 1704 animo
1221 1655 1468 1721 coner-pi,
1497 1662 1762 1721 quantum
1793 1668 1890 1722 per
1917 1650 1964 1710 B
1993 1673 2134 1720 esse,
2171 1671 2268 1711 nec
2321 1671 2538 1711 servum
2593 1671 2695 1710 nec
2747 1655 3128 1720 adventitium,
3185 1663 3370 1724 utpore
3407 1655 3566 1725 prius

313 1743 612 1797 humanam
677 1740 1054 1795 inﬁrmitatem
1112 1740 1478 1807 conceditur,
1532 1757 1656 1796 cum
1706 1744 1887 1796 statim

312 1836 453 1888 trino
501 1841 556 1886 et
597 1833 800 1903 triplici
833 1833 1045 1888 lumine
1076 1834 1495 1907 circumfulgeo,
1532 1845 1752 1906 propter
1789 1851 1890 1888 na-

318 1936 452 1979 tura:
496 1925 852 1981 identitatem.
906 1922 1009 1978 Vix
1052 1925 1176 1988 tria,
1208 1925 1261 1978 id
1294 1937 1398 1992 est,
1436 1938 1544 1981 tres
1578 1928 1888 1996 proprieta-

321 2023 419 2074 tes,
455 2021 548 2066 aut
589 2027 876 2082 personas,
909 2013 1248 2083 distinguere
1277 2014 1500 2084 incipio,
1550 2030 1674 2069 cum
1705 2015 1889 2068 statim

316 2103 382 2156 ad
415 2118 604 2167 unum,
636 2103 690 2157 id
723 2112 828 2166 est,
885 2102 1188 2158 divinitatis
1239 2118 1305 2158 ac
1337 2105 1674 2175 principatus
1709 2107 1892 2159 unita-

315 2205 447 2259 tem,
495 2193 748 2249 sublimis
805 2193 969 2248 feror.
1030 2193 1087 2247 Si
1161 2195 1628 2265 unumquodpiam
1689 2196 1885 2250 horum

314 2289 476 2340 trium
528 2301 623 2356 per
668 2286 959 2356 imaginem
1003 2302 1329 2355 concepere,
1366 2289 1540 2357 major
1587 2304 1713 2358 pars
1746 2289 1888 2357 ejus,

311 2377 459 2447 quod
501 2377 686 2431 animo
732 2377 1080 2431 observatum
1121 2386 1204 2432 est
1232 2420 1247 2444 ,
1293 2380 1426 2432 mihi
1475 2381 1743 2448 elabitur,
1805 2392 1865 2436 ut

313 2480 436 2540 pote
479 2481 640 2541 captu
701 2485 822 2525 meo
880 2471 1080 2540 majus.
1155 2471 1584 2541 Magnitudinem
1637 2475 1712 2529 rei
1762 2476 1892 2530 visa:

311 2564 510 2618 mentis
572 2563 746 2618 oculis
813 2563 1091 2632 percipere
1161 2577 1224 2617 ac
1274 2565 1735 2634 comprehendere
1796 2583 1864 2624 ne

312 2672 471 2726 queo,
525 2665 582 2710 ut
621 2669 935 2726 personam,
997 2671 1118 2725 quae
1168 2667 1356 2723 restat,
1409 2659 1674 2728 majorem
1731 2662 1884 2716 acci-

311 2751 474 2817 piam.
512 2745 684 2815 Major
713 2747 859 2800 enim
886 2762 1012 2816 pars
1042 2747 1229 2818 ellugit
1261 2763 1325 2804 ac
1357 2750 1564 2820 dilapsa
1595 2763 1696 2806 cst.
1731 2753 1887 2817 Quod

311 2849 492 2893 autem
533 2838 927 2908 comprehendi
979 2855 1086 2892 non
1126 2850 1328 2909 petest,
1365 2841 1415 2894 id
1461 2856 1562 2896 nec
1587 2842 1887 2898 dimensio-

322 2948 442 2986 nem
479 2931 735 2985 admittit.
770 2929 925 2997 Quod
961 2932 1005 2986 si
1039 2948 1229 2988 rursus
1264 2935 1366 2987 tria
1407 2933 1522 2988 haec
1557 2936 1720 2990 simul
1752 2952 1884 2991 con-

1993 1763 2335 1818 nequaquam
2391 1747 2702 1812 exsistens,
2763 1747 2959 1802 deinde
3010 1756 3190 1801 autem
3252 1745 3570 1802 adveniens.

1994 1841 2181 1911 Neque
2235 1840 2422 1910 igitur,
2458 1849 2553 1894 aut
2591 1839 2760 1896 Filius
2797 1854 3034 1910 unquam
3069 1839 3214 1894 Patri
3254 1837 3443 1903 deluit,
3474 1847 3573 1892 nt

1993 1932 2132 1986 Filio
2165 1931 2402 2002 Spiritus
2446 1950 2462 1988 :
2510 1947 2702 1986 verum
2749 1932 3112 1987 immutabilis
3149 1945 3367 2000 semper
3402 1939 3571 1998 atque

1989 2024 2330 2079 alterationis
2366 2039 2564 2094 expers
2610 2031 2697 2079 est
2747 2023 3014 2079 Trinitas.
3055 2023 3119 2078 Et
3159 2023 3382 2092 quidem
3417 2023 3568 2092 Apo-

1991 2114 2168 2169 stolus
2203 2115 2278 2169 ait
2322 2132 2336 2168 :
2408 2115 2468 2169 Si
2510 2116 2811 2169 hominibus
2839 2114 3125 2183 placerem,
3157 2114 3354 2169 Christi
3386 2129 3568 2168 servus

1991 2221 2092 2258 non
2139 2220 2305 2259 essem
2335 2204 2408 2238 ""
2443 2223 2456 2260 :
2491 2205 2601 2276 Ego
2624 2216 2802 2260 autem
2843 2205 3076 2260 dixerim
3109 2221 3123 2259 :
3155 2206 3213 2259 Si
3273 2203 3471 2258 Fili-uin
3506 2213 3568 2257 ut

1989 2309 2295 2351 creaturam
2328 2297 2633 2361 adorarem,
2663 2309 2757 2352 aut
2781 2298 2836 2352 in
2876 2297 3058 2367 ipsum
3089 2296 3237 2350 velut
3268 2297 3320 2349 in
3351 2303 3568 2350 creatu-

1989 2405 2106 2443 ram
2129 2391 2457 2461 baptizarer,
2481 2405 2759 2461 nunquam
2781 2389 2926 2444 Deus
2948 2389 3164 2443 futurus
3180 2387 3565 2443 essetii.Crea-

1989 2487 2111 2532 tura
2155 2480 2298 2534 enim
2347 2480 2646 2535 divinitatis
2708 2479 3010 2533 tribuenda
3068 2481 3178 2532 vim
3222 2492 3330 2532 non
3378 2477 3563 2532 habet.

1987 2569 2106 2624 Jain
2145 2587 2275 2626 vero
2320 2570 2527 2641 Regum
2580 2573 2744 2626 tertio
2793 2572 3057 2626 Salomon
3121 2571 3338 2625 miseris
3388 2570 3568 2624 modis

1988 2664 2312 2732 exagitator,
2367 2661 2514 2732 quod
2553 2661 2813 2726 Chamos,
2858 2662 3259 2717 lloliabitarum
3313 2660 3478 2722 idolo,
3509 2667 3566 2712 ct

1988 2757 2225 2809 Astarla:
2271 2756 2547 2809 excelsum
2617 2756 2789 2810 altare
2845 2755 3218 2809 construxerit
3268 2753 3337 2808 ”.
3391 2756 3568 2821 Atque

1985 2845 2147 2898 etiam
2192 2847 2360 2900 Amos
2418 2845 2724 2902 maledictis
2765 2860 2860 2901 eos
2915 2845 3245 2910 eonscindit,
3285 2844 3377 2914 qui
3425 2842 3560 2897 astri

1993 2938 2218 3007 lignram
2285 2948 2400 2993 arte
2447 2938 2822 3008 exprimebant
2869 2951 3106 3008 eamque
3147 2936 3446 2991 adorabant
3491 2933 3562 2987 “.

313 3026 559 3094 templer,
593 3041 761 3079 unum
799 3024 1142 3094 splendorem
1201 3027 1360 3082 video
1420 3037 1642 3098 pr0pter
1679 3040 1885 3084 natura:
1915 3001 1960 3060 δ
1990 3033 2206 3085 Astarte
2254 3047 2416 3101 porro
2446 3001 2801 3094 et-Chamos,
2856 3001 3081 3085 Veneris
3135 3036 3330 3083 statua
3379 3033 3560 3089 erant,

312 3117 748 3184 conjunctionem
782 3126 836 3170 et
865 3118 1256 3184 aequalitatem,
1295 3117 1493 3188 quippe
1549 3121 1640 3188 qui
1695 3121 1887 3173 unius-

311 3209 578 3278 cujusque
620 3224 864 3278 personae.
909 3209 1089 3263 locum
1134 3211 1472 3279 distinguere
1522 3225 1585 3264 ac
1629 3226 1886 3280 separare

311 3317 599 3371 nequeam,
650 3317 750 3356 nee
790 3316 1049 3355 mensura
1106 3302 1328 3369 assequi
1367 3301 1650 3370 quodnam
1689 3303 1883 3356 horum

309 3397 432 3468 plus
483 3395 790 3465 splendoris
832 3397 1045 3449 habeat.
1103 3393 1239 3448 Nam
1295 3393 1443 3457 quod
1495 3394 1885 3462 comprehendi

309 3507 416 3544 non
450 3499 646 3561 potest,
683 3489 737 3544 id
769 3505 868 3543 nec
895 3501 1150 3542 mensura
1183 3488 1290 3541 ulla
1318 3487 1595 3540 delinitur.

380 3583 518 3636 Ibid.
569 3581 631 3635 C.
692 3580 840 3635 Tune
893 3581 1280 3650 generationem
1329 3579 1554 3643 metuis,
1615 3587 1720 3633 etc.
1777 3578 1882 3646 Tu,

307 3675 504 3744 inquit,
542 3674 597 3727 in
637 3675 745 3728 Deo
774 3673 1147 3742 generationis
1182 3671 1407 3726 verbum
1436 3673 1778 3740 expavescis,
1817 3688 1884 3728 ne

308 3768 560 3823 allectum
604 3768 892 3838 quemdam
944 3766 1203 3821 inducere
1259 3765 1492 3820 videaris
1543 3783 1559 3821 :
1619 3766 1775 3836 quasi
1812 3766 1880 3830 is,

309 3861 403 3929 qui
432 3861 624 3931 gignit,
661 3860 951 3915 ﬂuxionem
981 3860 1245 3930 patiatur.
1292 3858 1455 3930 Atqui
1487 3868 1538 3914 te
1571 3859 1882 3929 oportebat,

311 3954 356 4006 si
391 3951 610 4021 quidem
635 3951 702 4005 de
733 3953 971 4004 humano
1016 3959 1168 4020 patre
1201 3963 1384 4004 sermo
1415 3949 1728 4016 haberetur,
1764 3958 1879 4002 tum

306 4040 608 4095 alieetionis
664 4053 884 4110 quoque
925 4039 1312 4108 cogitationem
1361 4053 1644 4093 assumere
1689 4056 1704 4095 :
1753 4054 1878 4093 cum

303 4145 486 4186 autem
517 4132 684 4184 Deum
721 4129 938 4184 Patrem
975 4129 1154 4192 audis,
1192 4127 1259 4181 ad
1284 4143 1508 4183 causam
1540 4130 1718 4184 omnis
1741 4138 1882 4198 iper-

305 4223 581 4294 prssionis
623 4232 904 4291 expertem
934 4221 1268 4290 cogitatione
1300 4222 1542 4289 provehi.
1593 4220 1709 4274 Non
1733 4222 1876 4276 enim

304 4317 434 4385 quia
474 4314 724 4369 mortalia
777 4313 1076 4368 animantia
1114 4328 1209 4382 per
1257 4313 1509 4368 aﬂ'ectuin
1560 4324 1723 4384 atque
1752 4331 1876 4386 per-

304 4411 613 4481 pessionem
668 4411 922 4482 gignunt,
979 4410 1189 4464 idcirco
1237 4412 1304 4464 de
1357 4410 1468 4466 Deo
1511 4411 1654 4466 idem
1690 4413 1879 4468 existi-

305 4502 564 4557 mandum
626 4510 746 4568 est;
807 4518 997 4557 verum
1043 4501 1174 4555 hinc
1232 4502 1418 4570 potius
1480 4504 1545 4556 ad
1589 4504 1876 4558 veritatem

303 4594 431 4647 duci
493 4594 776 4661 debemus,
828 4603 886 4648 ut
944 4596 1024 4648 sic
1082 4595 1474 4648 ratiocinemur
1531 4611 1546 4647 :
1606 4594 1876 4662 Quoniam

304 4686 604 4740 animantia
637 4686 976 4755 corruptioni
1011 4687 1248 4740 obnoxia
1287 4689 1357 4739 ita
1391 4689 1644 4759 gignunt,
1683 4689 1876 4752 Deum,

302 4777 397 4846 qui
441 4779 790 4847 corruptione
843 4789 1018 4844 vacat,
1078 4781 1363 4834 contrario
1420 4781 1580 4833 modo
1629 4781 1872 4848 gignere.

300 4877 369 4924 At
419 4887 518 4940 ego
549 4884 758 4937 metuo,
807 4888 874 4926 ne
933 4871 1027 4926 Dei
1085 4873 1192 4926 mei
1239 4874 1510 4942 jactur-am
1559 4872 1774 4937 laciam,
1827 4874 1872 4927 si

294 4967 450 5032 juxta
489 4963 869 5018 haereticorum
927 4979 1101 5035 nugas
1147 4975 1199 5018 et
1252 4965 1612 5018 deliramenta
1667 4976 1878 5020 creatu-

299 5071 416 5109 ram
473 5057 652 5125 ipsum
682 5057 1128 5125 pronuntiavero.
1175 5057 1385 5111 Etenim
1440 5059 1485 5112 si
1522 5071 1736 5115 creatus
1770 5074 1876 5127 est,

296 5148 442 5201 Deus
475 5163 582 5201 non
613 5153 737 5212 erit,
769 5163 833 5202 ac
863 5147 1122 5217 deinceps
1160 5150 1290 5201 mihi
1324 5150 1544 5219 peribit.
1576 5148 1709 5205 Nam
1742 5156 1875 5206 mira

296 5242 411 5294 lucc
444 5239 836 5310 haereticorum;
864 5242 1176 5296 absurditas
1210 5252 1329 5306 est,
1372 5247 1518 5313 quod
1565 5260 1672 5297 non
1716 5247 1877 5297 modo

296 5334 401 5386 hoc
434 5330 544 5387 Deo
574 5333 642 5387 ab
678 5336 743 5387 iis
778 5333 1069 5398 tribuatur,
1113 5335 1257 5402 quod
1290 5345 1510 5391 creatus
1545 5337 1614 5390 sit
1655 5337 1876 5404 (divini-

293 5433 463 5480 tatem
521 5429 728 5482 scilicet
765 5429 904 5483 male
950 5439 1004 5482 et
1054 5431 1317 5484 scelerate
1376 5430 1869 5499 ponderantibus);

363 5581 432 5614 υ·
472 5580 643 5638 Galat.
680 5599 719 5649 ι,
754 5583 839 5638 to.
915 5585 960 5616 υ
1001 5584 1070 5640 tu
1107 5583 1239 5657 Reg.
1284 5604 1356 5651 XI,
1387 5588 1441 5654 5,
1471 5587 1558 5641 55.

1989 3140 2124 3194 quas
2163 3122 2373 3176 Sidooii
2408 3123 2540 3176 olim
2575 3132 2630 3178 et
2658 3122 2913 3177 Moabitae
2948 3121 3222 3186 colebant,
3267 3133 3331 3173 ac
3373 3119 3562 3173 divino

1989 3216 2196 3270 honore
2225 3214 2554 3269 efficiebant.
2604 3215 2815 3270 Sideris
2847 3227 2979 3268 vero
3010 3213 3210 3271 forma,
3240 3221 3358 3266 erat
3383 3213 3558 3279 ipsum

1987 3309 2159 3374 sidus,
2203 3322 2396 3376 nempe
2438 3306 2677 3371 Lucifer,
2734 3321 2895 3375 quem
2949 3304 3217 3358 Venerem
3264 3302 3562 3371 appellant.

1985 3399 2303 3467 Quanquam
2332 3399 2495 3467 igitur
2526 3400 2626 3452 tria
2656 3398 2977 3459 adorabunt,
3009 3403 3175 3464 atque
3208 3393 3402 3446 borum
3433 3391 3561 3444 uni-

1987 3492 2184 3562 cuique
2237 3507 2434 3547 nomen
2487 3493 2575 3546 Dei
2620 3491 3018 3561 impouebant:
3069 3500 3250 3542 tamen
3297 3485 3557 3548 quoniam

1986 3585 2139 3638 sidus
2192 3585 2409 3639 duobus
2450 3584 2572 3638 aliis
2612 3582 2967 3637 excellentius
3022 3572 3450 3640 arbitrabamur,
3495 3591 3562 3629 ac

1987 3674 2246 3744 majorem
2284 3673 2477 3738 Deum,
2535 3674 2684 3727 velut
2735 3673 3016 3727 caelestem
3064 3685 3186 3726 esse
3232 3669 3558 3729 censebant,

1985 3782 2303 3838 quamnam,
2350 3767 2548 3835 inquit,
2577 3780 2800 3820 causam
2852 3763 3340 3833 defensionemque
3364 3760 3431 3815 ad
3463 3775 3561 3814 eos

1985 3859 2230 3926 aderam,
2264 3873 2384 3913 eum
2418 3872 2506 3912 me
2552 3857 2794 3912 vicissim
2824 3871 2892 3911 eo
2922 3855 3146 3910 nomine
3182 3854 3561 3908 crimlnahun-

1985 3960 2094 4016 tur,
2129 3953 2271 4022 quod
2306 3951 2571 4019 majorem
2598 3962 2820 4018 quoque
2853 3955 3016 4016 atque
3043 3944 3358 3998 inferiorem
3385 3943 3555 3996 Deum

1983 4045 2267 4107 alIirmem,
2298 4043 2658 4109 divinumque
2691 4042 2948 4094 honorem
2984 4037 3252 4091 creaturis
3281 4034 3556 4088 tribuam?

1983 4137 2146 4203 Quid,
2180 4137 2424 4203 inquam,
2459 4133 2707 4186 dicturus
2746 4145 2890 4197 sum,
2923 4129 3008 4183 vel
3039 4127 3240 4183 Filium
3273 4143 3339 4183 ac
3381 4127 3555 4198 Spiri-

1985 4244 2098 4285 tum
2134 4239 2384 4284 sanctum
2440 4236 2497 4279 ut
2567 4225 2808 4279 minores
2839 4224 2970 4278 deos
3010 4237 3118 4278 non
3165 4221 3436 4284 adorans,
3471 4222 3553 4273 vel

1913 4341 1956 4394 ι)
1985 4335 2278 4376 εοιιεει·ιοδ
2318 4333 2467 4372 tneos
2502 4316 2784 4372 adorans?
2811 4315 3074 4370 Conservi
3119 4316 3265 4368 enim
3311 4314 3554 4382 proiecto

1979 4423 2160 4478 erunt,
2196 4413 2240 4466 si
2301 4422 2565 4465 creatura:
2607 4419 2757 4470 sunt,
2815 4408 3258 4477 quandoquidem
3311 4405 3552 4459 haeretici

1978 4503 2170 4559 Fditnn
2219 4513 2272 4559 et
2341 4503 2604 4573 Spiritum
2659 4511 2908 4556 sanetum
2963 4499 3254 4554 inferiores
3318 4499 3452 4552 deos
3499 4507 3554 4550 et

1978 4598 2246 4653 creaturis
2311 4595 2718 4665 praestantior-es
2781 4594 3121 4648 asserebant.
3169 4589 3304 4644 Nam
3373 4601 3430 4643 et
3495 4590 3551 4643 in

1979 4691 2140 4743 rebus
2201 4688 2399 4740 erratis
2449 4687 2596 4740 aliud
2672 4684 2932 4755 quiddam
3003 4683 3111 4738 alio
3181 4681 3550 4736 excellentius

1982 4797 2127 4849 repet
2143 4780 2271 4834 itur.

2049 4876 2168 4928 Col.
2205 4872 2303 4926 ΗΟ
2340 4873 2398 4927 Β.
2463 4873 2630 4942 Cupio
2688 4871 2902 4924 Patrem
2942 4870 3195 4939 majorem
3246 4868 3442 4932 dicere,
3487 4879 3552 4918 ea:

1979 4985 2080 5040 quo
2111 4969 2164 5021 id
2195 4968 2428 5036 aequales
2452 4966 2666 5030 habent,
2714 4976 2818 5019 etc.
2872 4964 3050 5032 Cupio
3076 4963 3297 5032 quidem
3333 4962 3548 5014 l‘atrem

1980 5062 2118 5116 Filio
2147 5072 2200 5116 et
2249 5061 2450 5130 Spiritu
2489 5069 2680 5112 sancto
2719 5057 2980 5125 majorem
3018 5055 3222 5118 dicere,
3280 5061 3548 5120 quantum

1978 5157 2044 5209 ad
2082 5165 2364 5223 paternam
2407 5167 2650 5208 causam.
2699 5149 2773 5201 Ex
2825 5149 2986 5202 l’atre
3028 5148 3174 5200 enirn
3220 5147 3419 5199 habent
3454 5143 3548 5198 Fi-

1975 5243 2081 5297 lius
2106 5256 2157 5296 et
2190 5241 2448 5312 Spiritus,
2489 5253 2599 5296 tum
2641 5240 2784 5311 quod
2819 5240 3060 5310 aequales
3097 5239 3198 5308 ipsi
3241 5247 3392 5304 sunt,
3428 5247 3544 5292 tum

1977 5338 2118 5404 quod
2145 5338 2461 5405 simpliciter
2508 5346 2656 5391 sunt.
2713 5333 2826 5388 lloe
2871 5335 3016 5389 enim
3051 5347 3212 5388 nemo
3243 5333 3552 5400 negaverit,

1976 5431 2108 5500 quin
2162 5429 2406 5482 tidelicct
2457 5443 2520 5482 ex
2575 5445 2638 5484 eo
2693 5429 2822 5496 sint,
2870 5428 3017 5484 titius
3071 5428 3289 5498 quidem
3320 5443 3548 5498 genera-

1636 5588 1676 5618 ⁹¹
1718 5588 1886 5641 Amos
1919 5602 1970 5653 v,
1997 5583 2086 5639 26.
