3958 6204
556 193 686 256 1ἓ95

1961 195 2347 258 ADDENDA.

3731 199 3820 267 ὶΞῶ

553 309 718 362 tionis
747 303 930 372 modo,
980 305 1220 377 Spiritus
1273 313 1453 360 autem
1517 304 1902 376 proccssionis.
1957 304 2131 361 Caete-
2165 311 2208 366 Α
2240 319 2336 373 per
2384 302 2564 359 navim
2623 318 2686 358 ac
2735 302 2976 360 domum
3040 303 3290 376 tropice
3345 313 3521 376 atque
3572 318 3821 382 exemplis:

554 416 674 458 rum
723 414 900 460 metus
967 400 1220 463 incussit,
1275 415 1342 453 ne
1393 398 1694 468 principem
1744 412 1994 464 causam,
2028 397 2135 452 hoc

553 503 659 556 est,
694 495 936 555 Patrem,
970 490 1246 544 minorum
1301 501 1526 542 causam
1589 486 1949 542 constituam.
1995 484 2132 540 Nam

558 587 649 655 qui
688 587 862 654 major
920 591 1046 647 cst,
1093 580 1364 635 minorum
1396 579 1606 634 ratione
1657 577 1828 648 major
1863 577 2136 649 praedica-

557 689 664 733 tur.
699 677 851 743 Quod
894 675 940 730 si
975 690 1062 737 ea,
1095 690 1214 745 qua:
1243 688 1307 730 ex
1361 674 1479 743 ipso
1522 671 2056 728 consubstantialiter
2081 678 2136 726 et

561 769 700 823 citra
771 767 1109 822 creationem
1180 766 1347 820 ullam
1413 765 1727 830 exsistunt,
1782 762 2131 828 imminuere,

556 862 700 916 Patri
748 876 968 930 quoque
1025 857 1128 930 ipsi
1185 857 1580 913 contumeliam
1634 854 1894 910 intulere.
1946 852 2132 922 Neque

555 954 701 1007 enim
743 951 914 1017 Patri,
949 967 1014 1004 ex
1047 965 1157 1021 quo
1206 959 1261 1004 et
1320 946 1493 1004 Filius
1523 956 1577 1002 et
1615 945 1864 1018 Spiritus
1905 955 2130 1002 sanctus

554 1054 703 1108 sunt,
739 1043 1021 1113 depressio
1055 1056 1245 1097 eorum
1272 1055 1393 1110 qua:
1433 1055 1498 1094 ex
1539 1053 1603 1094 eo
1632 1049 1781 1104 sunt,
1824 1037 2127 1107 ingloriam

553 1134 731 1189 cedit:
766 1132 868 1198 Qui
897 1135 1037 1187 enim
1084 1147 1185 1186 non
1218 1131 1532 1199 Itonoriﬁcat
1575 1127 1798 1194 Filium,
1835 1128 2129 1181 noanuo-

551 1226 726 1296 γεμίσαι
769 1223 1006 1288 Patrem,
1052 1223 1232 1294 inquit
1261 1222 1517 1280 Christus
1551 1223 1622 1275 ⁸³.
1668 1223 1937 1274 Pt'aaterea
1977 1227 2125 1274 tuam

553 1318 932 1388 inexplebilem
978 1316 1366 1387 pervicaciam,
1421 1330 1455 1368 o
1485 1313 1764 1377 lueretice,
1811 1319 2124 1382 suspectam

556 1409 752 1475 habeo,
797 1424 867 1464 ne
921 1407 1066 1482 forte
1112 1422 1236 1461 cum
1279 1404 1494 1460 Patrem
1555 1403 1816 1474 majorem
1865 1403 2124 1471 audieris,

548 1502 712 1570 idque
757 1501 1054 1570 arripueris
1083 1497 1389 1554 secundum
1427 1493 1677 1550 naturam
1714 1495 1969 1566 quodque
2011 1510 2130 1549 ma-

545 1593 721 1660 jorem
774 1606 896 1646 esse
949 1590 1216 1659 intelligas
1257 1598 1421 1658 atque
1467 1588 1539 1642 ita
1579 1602 1742 1642 unam
1787 1598 1841 1643 et
1878 1588 2123 1642 eamdem

550 1683 728 1738 Patuis
762 1692 814 1735 ct
845 1681 965 1735 Filii
999 1691 1249 1735 naturam
1290 1679 1593 1745 diseindas,
1637 1680 1912 1750 aliamque
1943 1677 2121 1736 Patris

545 1787 668 1827 esse
701 1773 874 1838 dicas,
925 1773 1086 1826 aliam
1140 1769 1262 1824 Filii
1294 1788 1308 1826 :
1346 1770 1604 1825 nimirum
1651 1785 1716 1824 ex
1748 1785 1814 1824 eo
1841 1770 1984 1840 quod
2014 1768 2120 1824 Pa-

546 1873 682 1917 trem
759 1863 1020 1931 majorem
1098 1861 1295 1925 audis,
1367 1861 1622 1914 omnibus
1675 1875 1894 1930 quoque
1957 1861 2120 1916 rebus

546 1955 810 2024 majorem
854 1951 991 2009 Filio
1029 1968 1153 2009 esse
1197 1953 1557 2020 contendens,
1589 1967 1696 2006 non
1727 1953 1902 2007 solum
1942 1968 2116 2022 quan-

544 2058 659 2103 tum
690 2049 756 2103 ad
788 2063 1036 2113 causam,
1076 2047 1376 2102 secundum
1412 2061 1578 2117 quant
1629 2047 1804 2116 major
1831 2061 1952 2102 esse
1982 2047 2118 2103 dici-

544 2151 654 2206 tur,
706 2142 799 2196 sed
845 2141 1009 2196 etiam
1057 2150 1324 2210 quantum
1366 2139 1433 2194 ad
1490 2137 1746 2209 potentiae
1789 2137 2116 2209 prmrogati-

543 2248 688 2298 vam,
737 2232 1127 2302 dignitatisque
1175 2230 1622 2300 praecellentiam,
1667 2244 1732 2284 ac
1768 2230 2025 2300 ponderis
2061 2239 2118 2286 et

545 2326 828 2392 gravitatis
877 2323 1272 2393 praestantiam.
1326 2320 1492 2392 Atqui
1543 2319 1779 2391 qualitas
1832 2321 1884 2374 itt
1938 2320 2114 2375 Deum

541 2418 768 2472 minime
826 2417 993 2484 cadit,
1053 2432 1117 2470 ae
1171 2415 1400 2483 proinde
1439 2423 1709 2483 quantum
1758 2413 1829 2468 ad
1873 2413 2113 2484 dignita-

541 2521 609 2564 tts
663 2509 1121 2580 amplitudinem,
1194 2506 1355 2561 Pater
1414 2505 1554 2561 Filio
1605 2505 1780 2574 major
1827 2520 1938 2560 non
2003 2513 2110 2561 est.

536 2601 708 2655 Porro
749 2601 1024 2656 Christum
1057 2598 1172 2669 (qui
1209 2597 1285 2652 ait
1321 2595 1478 2667 :Ego
1514 2606 1563 2650 et
1591 2593 1774 2661 ,l’oter
1819 2613 1984 2651 unum
2014 2613 2112 2651 su-

536 2709 652 2747 mus
687 2693 756 2758 ",
796 2702 1062 2762 quantum
1109 2690 1180 2746 ad
1223 2690 1523 2761 potentiam
1580 2688 1809 2760 scilicet)
1858 2688 1968 2745 Deo
2015 2705 2114 2760 po-

538 2786 705 2838 tentia
781 2783 1100 2837 inleriorem
1159 2781 1450 2846 allirmare,
1517 2781 1671 2836 valde
1711 2780 2008 2835 ridiculum
2057 2787 2112 2834 et

536 2874 746 2942 puerile
801 2882 908 2928 est.
973 2872 1129 2938 Quod
1176 2872 1224 2926 si
1280 2873 1514 2926 thronus
1563 2871 1698 2936 Dei,
1754 2871 2112 2940 quemadmo-

533 2966 662 3018 dttm
717 2964 1016 3028 credimus,
1079 2963 1362 3032 dignitatis
1411 2977 1609 3016 nomen
1642 2968 1726 3016 est
1760 2999 1778 3026 ,
1860 2959 2108 3030 proiecto

534 3059 690 3113 sedes
734 3057 802 3112 ad
843 3056 1120 3112 dexteram
1166 3054 1348 3110 Patris
1401 3054 1634 3111 Domino
1685 3059 1988 3129 assignata,
2020 3059 2107 3114 di-

539 3149 763 3220 gnitatis
809 3149 1176 3219 atqualitatem
1229 3147 1528 3219 signiﬁcat.
1581 3148 1724 3216 Qttin
1785 3151 1948 3204 etiam
2005 3149 2113 3208 Do-

531 3247 713 3298 minus
745 3243 798 3297 in
849 3241 1028 3297 Patris
1071 3240 1245 3312 gloria
1305 3250 1597 3296 venturum
1627 3256 1686 3296 se
1729 3241 2106 3311 pollicetur".

529 3336 880 3410 Relinquitur
935 3335 1164 3405 itaque,
1215 3346 1277 3390 ut
1337 3335 1638 3390 secundum
1698 3349 1880 3389 causa:
1939 3336 2109 3390 ratio-

528 3444 654 3482 nem
725 3428 834 3484 hoc
905 3427 1021 3483 loco
1085 3425 1260 3496 major
1325 3426 1562 3480 dicatur.
1631 3424 1900 3491 Quoniam
1959 3427 2106 3480 enim

527 3519 700 3575 Filius
757 3535 789 3574 a
836 3519 998 3573 Patre
1047 3532 1273 3572 causam
1331 3517 1518 3582 habet,
1567 3515 1671 3572 hac
1707 3516 1915 3571 ratione
1949 3515 2109 3570 Pater

528 3612 702 3680 major
735 3620 842 3678 est,
899 3619 1088 3679 utpote
1129 3623 1320 3664 causa.
1374 3605 1534 3664 Nullo
1589 3617 1771 3662 autem
1823 3609 1985 3663 modo
2016 3623 2108 3663 es-

527 3705 701 3759 sentia
742 3701 928 3767 unius,
987 3702 1226 3755 essentia
1259 3700 1492 3756 alterius
1545 3700 1726 3769 major
1781 3708 1875 3754 aut
1927 3699 2108 3754 minor

534 3796 755 3849 dicitur.
802 3792 990 3862 Neque
1023 3792 1168 3845 enim
1220 3805 1438 3856 eorum,
1471 3807 1592 3860 quae
1628 3792 1868 3847 essentia
1913 3791 2105 3846 eadem

528 3897 681 3951 sunt,
709 3884 1010 3956 quidquam
1046 3883 1221 3952 majus
1253 3893 1344 3936 aut
1384 3885 1563 3936 minus
1611 3890 1714 3936 est.
1743 3881 1924 3948 Quare
1957 3882 2105 3936 nulla

528 3980 636 4032 alia
687 3979 920 4040 ratione,
957 3991 1122 4046 quam
1161 3975 1427 4045 principis
1483 3988 1686 4036 causae,
1721 3973 1881 4027 Pater
1932 3972 2105 4042 major

527 4078 631 4124 est.
679 4065 759 4122 Ne
817 4067 932 4136 ipse
992 4065 1215 4136 quidem
1277 4053 1475 4118 Filium
1547 4060 1775 4132 Spiritui
1834 4059 2104 4116 anteferre

531 4177 674 4231 queo
709 4161 888 4215 :l‘am
923 4175 1050 4214 cum
1089 4157 1353 4213 Dominus
1383 4155 1680 4226 discipulos
1719 4151 2104 4224 promulgandi

531 4251 815 4322 Evangelii
867 4266 1034 4305 causa
1089 4251 1349 4312 mitteret,
1405 4247 1700 4319 imperavit
1754 4247 1883 4310 illis,
1936 4254 1993 4299 ut
2047 4246 2101 4300 in

525 4344 746 4395 nomine
780 4339 959 4394 Patris
998 4351 1062 4393 ac
1107 4334 1228 4391 Filii
1267 4347 1321 4392 et
1355 4335 1592 4406 Spiritus
1637 4339 1812 4392 sancti
1856 4335 2098 4406 baptiza-

524 4417 738 4492 rent”.
781 4435 960 4490 Porro
994 4435 1060 4489 ad
1098 4433 1431 4504 baptismum
1469 4433 1893 4502 haudquaquam
1935 4431 2100 4488 simul

525 4539 841 4596 assumptus
870 4537 1019 4583 esset
1049 4525 1309 4596 Spiritus,
1353 4525 1457 4580 nisi
1488 4524 1732 4594 ejusdem
1760 4524 2015 4579 essentia:
2047 4532 2104 4578 et

526 4622 784 4690 potentiae
806 4629 972 4690 atque
998 4619 1223 4674 honoris
1251 4627 1416 4673 esst-t.
1453 4619 1530 4670 Ac
1559 4618 1755 4672 metuis
1783 4633 1848 4671 tte
1877 4615 2102 4687 quidatu

529 4723 582 4766 te
619 4721 675 4764 tit
713 4711 1015 4765 tet-nionem
1055 4710 1285 4765 deorum
1320 4716 1679 4774 asserentcm,
1709 4695 2006 4777 exagitent,
2039 4723 2102 4764 ac

527 4805 737 4874 probris
770 4803 1127 4867 insectantur,
1160 4804 1205 4857 si
1244 4801 1674 4874 unumquodque
1705 4802 1898 4857 horum
1934 4801 2099 4856 trium

494 4911 499 4916 '
527 4895 692 4952 Deum
721 4894 1072 4951 conﬁtearis?
1096 4893 1366 4950 Unitatem
1395 4895 1448 4948 in
1478 4907 1836 4963 personarum
1861 4893 2103 4948 trinitate

494 4971 697 5068 ;retiue
731 4988 856 5058 (tt-ia
886 4989 1032 5044 enim
1065 4998 1231 5058 atque
1265 5003 1434 5042 unum
1467 4997 1620 5050 sunt,
1653 4985 1786 5040 illud
1830 4995 2096 5056 quantum

491 5069 590 5135 ’ad
649 5098 935 5151 personas,
984 5082 1089 5136 hoc
1131 5091 1399 5151 quantum
1460 5080 1528 5134 ad
1565 5079 1930 5147 divinitatem)
1969 5096 1982 5132 :
2016 5091 2100 5132 me

514 5182 702 5240 autem
726 5174 846 5229 sine
872 5189 969 5243 pro
996 5173 1312 5242 hujusmodi
1341 5173 1598 5242 dogmate
1621 5187 1744 5227 cum
1772 5169 2100 5225 adversariis

519 5262 842 5318 conﬂictari.
875 5264 954 5318 'l‘tt
994 5266 1140 5318 cnint
1177 5264 1485 5334 discipulus
1518 5279 1599 5326 es,
1635 5277 1735 5331 ego
1766 5271 1947 5315 autem
1980 5275 2097 5314 ma-

518 5354 688 5424 gister
734 5367 789 5411 et
833 5369 1116 5412 sacrorum
1161 5359 1414 5413 antistes.
1464 5359 1759 5412 Enimvero
1801 5354 2096 5425 Gregorius

587 5537 632 5567 ³⁸
671 5533 827 5589 Joan.
859 5551 912 5597 v,
940 5534 1031 5587 25.
1108 5532 1154 5564 ⁸⁸
1194 5534 1352 5589 Joan.
1391 5549 1444 5597 x,
1480 5533 1566 5586 50.

517 5607 536 5641 ⁸
560 5605 625 5662 ω
661 5608 790 5675 lleg.
825 5606 1015 5672 μηβὲ)
1041 5619 1191 5674 seqq.
1269 5608 1288 5635 ²
1314 5605 1352 5658 ιι
1388 5605 1528 5658 Tim.
1564 5619 1633 5670 tv,
1667 5603 1718 5656 1.

2128 4385 2182 4444 D

1675 5533 1719 5563 ’⁷
1765 5532 1953 5588 Matth.
1990 5549 2112 5601 xxv,
2144 5532 2232 5586 5i.

2237 393 2641 461 perspicuitatis
2669 409 2835 450 causa
2865 395 3226 452 divinitatis
3261 397 3584 453 doctrinam
3611 401 3816 475 intelligit.

2235 483 2421 553 aitque
2447 502 2461 536 :
2486 483 2605 538 Non
2637 484 2817 540 minus
2847 500 3147 555 prospere
3178 487 3515 559 navigabis,
3540 501 3628 545 aut
3654 493 3817 552 domum

2241 573 2538 641 habitabis,
2569 591 2731 640 quam
2769 593 2889 648 ego,
2937 579 3064 633 hoc
3098 587 3220 644 est,
3262 589 3484 636 rectam
3518 583 3638 638 iidei
3676 589 3820 644 docui-

2236 679 2360 719 nam
2414 681 2570 736 aeque
2617 668 3038 738 complecteris.
3107 670 3356 726 Etenim
3404 673 3816 735 orthodoxaelilei

2234 755 2503 825 professio
2533 759 2711 828 majus
2741 769 2796 815 et
2821 761 3019 816 minus
3048 777 3185 816 non
3224 763 3521 819 admittit.
3558 765 3818 825 Meumesto

2233 848 2573 917 periculum;
2623 866 2711 906 res
2740 864 2924 907 autem
2954 868 2990 907 a
3040 869 3144 907 me
3184 855 3386 910 evicta
3418 866 3516 912 tua
3565 859 3650 914 sit.
3682 859 3817 916 llabeo

2232 948 2344 996 tres
2398 941 2642 1012 lapides,
2679 944 2784 1000 hoc
2830 955 2944 1010 est,
2995 945 3356 1002 doctrinam
3406 949 3477 1003 de
3526 959 3700 1005 sancta
3736 951 3820 1006 Tri-

2234 1035 2438 1102 nitate,
2487 1037 2684 1108 quibus
2735 1039 2962 1094 diversa:
3027 1039 3177 1094 ﬁdei
3231 1039 3595 1110 professores
3641 1043 3815 1102 fundata

2230 1138 2397 1198 atque
2447 1129 2761 1194 conliciam,
2808 1132 3331 1200 quemadmodum
3383 1133 3561 1188 David
3608 1136 3815 1208 alienige-

2230 1237 2356 1275 nam
2391 1222 2542 1276 illum
2567 1221 2797 1292 .Goliath
2827 1239 3119 1295 corporeo
3150 1226 3353 1296 lapide
3385 1231 3677 1299 oppressit,
3708 1232 3814 1286 sicut

2231 1312 2369 1366 libro
2418 1313 2596 1383 primo
2651 1312 2860 1385 Regum
2916 1317 3223 1388 scriptum
3283 1320 3533 1375 habetur
3555 1323 3624 1376 ”.
3679 1324 3815 1392 Atque

2229 1403 2375 1460 Elias
2407 1407 2629 1476 quidem
2679 1417 2735 1463 ut
2783 1407 2827 1461 ll
2855 1407 2989 1480 Reg.
3060 1425 3590 1476 commemoratur,
3627 1430 3734 1469 cum
3773 1417 3811 1469 in

2230 1497 2622 1568 Sarephthauas
2656 1500 2827 1555 lilium
2860 1513 2954 1557 ter
3008 1503 3378 1566 inhalassct,
3432 1519 3561 1558 eum
3591 1505 3654 1558 ad
3685 1503 3810 1558 vitam

2235 1587 2548 1652 revocavit‘
2585 1605 2600 1643 :
2632 1604 2734 1660 ego
2763 1606 2890 1646 vero
2921 1601 3042 1648 tres
3073 1592 3488 1650 inhalationcs
3523 1595 3686 1649 habeo
3708 1593 3806 1653 (hoc

2156 1663 2199 1722 Β
2229 1688 2332 1739 cst,
2367 1692 2460 1733 eas
2499 1678 2920 1744 insulllationes,
2951 1697 3090 1751 qua:
3139 1682 3202 1736 in
3261 1683 3551 1752 baptismo
3581 1683 3722 1745 ﬁunt,
3745 1683 3806 1736 vel

2225 1770 2388 1824 etiam
2441 1771 2604 1825 trium
2652 1771 2967 1828 Divinitatis
3017 1789 3428 1844 personarum
3475 1774 3799 1830 doctrinam:
3884 1803 3885 1814 ι

2230 1861 2340 1917 Deo
2373 1863 2719 1935 inspiratam)
2749 1865 2947 1934 quibus
2977 1866 3280 1937 puerilem
3315 1883 3387 1922 ac
3421 1869 3695 1922 vecordem
3721 1868 3802 1922 ba-

2229 1955 2526 2010 reticorum
2563 1955 2988 2026 disputationem
3047 1958 3114 2012 in
3173 1959 3357 2012 vitam
3415 1959 3702 2020 restituam,
3727 1959 3793 2027 qui

2224 2043 2425 2099 vivilici
2462 2045 2700 2114 Spiritus
2725 2049 2897 2116 gratia
2925 2047 3083 2103 velut
3116 2050 3324 2104 anima
3350 2050 3552 2114 orbati,
3579 2059 3791 2119 quantum

2223 2138 2444 2209 quidem
2501 2139 2568 2194 ad
2622 2139 2746 2194 lidei
2782 2139 3106 2196 doctrinam
3154 2144 3395 2207 attinet,
3433 2143 3625 2198 mortui
3665 2151 3787 2212 atque

2224 2230 2478 2286 exstincti
2507 2240 2653 2285 sunt.
2685 2231 2896 2287 Rursus
2929 2232 3085 2288 idem
3116 2235 3435 2305 propheta,
3467 2251 3604 2304 aqua
3627 2235 3672 2288 in
3690 2234 3785 2303 ligni

2223 2332 2501 2377 sarmenta
2555 2335 2636 2378 ter
2673 2323 2875 2392 infusa,
2924 2325 3230 2380 ﬂammam
3265 2329 3554 2391 excitavit,
3602 2335 3655 2382 ut
3685 2327 3778 2380 hinc

2225 2415 2382 2468 nobis
2411 2415 2768 2485 perspicuum
2821 2419 2934 2481 liat,
2966 2419 3064 2472 ubi
3114 2434 3273 2489 aqua
3316 2421 3551 2490 mystica
3579 2427 3669 2481 est,
3699 2416 3776 2468 illic

2223 2504 2486 2576 Spiritum
2507 2521 2725 2577 quoque
2759 2522 2903 2572 esse,
2937 2507 3133 2577 illum,
3154 2511 3420 2580 inquam,
3451 2509 3541 2580 qui
3573 2508 3769 2568 vivilical,

2221 2600 2570 2670 sopitumque
2595 2599 2831 2655 calorem
2878 2603 3226 2666 exsuscitat,
3258 2612 3432 2673 atque
3481 2599 3660 2670 impios
3687 2598 3772 2666 qui-

2221 2690 2342 2745 dem
2375 2691 2581 2756 adurit,
2622 2693 2745 2762 pios
2774 2701 2956 2748 autem
3011 2693 3296 2752 homines
3348 2705 3404 2751 et
3437 2695 3537 2749 lidc
3562 2691 3765 2762 pneditos

2220 2782 2510 2840 illuminat.
2543 2785 2743 2840 Eodem
2776 2786 2890 2855 ipse
2925 2801 3156 2858 quoque
3185 2789 3359 2844 modo
3403 2797 3510 2844 tres
3543 2783 3761 2857 proluvio-

2221 2888 2315 2927 nes
2363 2883 2528 2943 atque
2565 2873 2873 2931 infusiuncs
2921 2876 3128 2945 habeo,
3171 2880 3285 2934 hoc
3321 2876 3439 2941 est,
3479 2887 3582 2930 tres
3631 2871 3759 2940 ltﬂp‘i‘

2218 2965 2322 3019 smi
2385 2965 2805 3034 demersiones,
2864 2969 2919 3023 in
2981 2971 3202 3039 quibus
3262 2982 3469 3025 sancta:
3528 2961 3756 3019 Trinitatis

2217 3069 2418 3108 numen
2453 3055 2758 3125 invocatur,
2789 3058 2993 3128 quibus
3033 3075 3199 3124 eum,
3236 3061 3335 3130 qui
3378 3058 3487 3114 Deo
3513 3071 3600 3127 per
3619 3053 3751 3120 ΜΡΝ·

2216 3164 2396 3202 sutum
2427 3148 2677 3217 oll'crtur,
2716 3152 3077 3218 cousecrabo,
3135 3153 3405 3224 baptismi
3453 3163 3585 3220 aqua
3619 3142 3749 3213 Spirio

2215 3249 2305 3296 tus
2362 3240 2544 3310 ignem
2611 3243 2954 3310 accendens,
3014 3246 3118 3314 qui
3181 3259 3434 3299 crassam
3494 3231 3746 3318 hujustnodl

2215 3332 2473 3389 sacriﬁcii
2541 3335 2804 3388 malitiam
2865 3345 2923 3390 et
2995 3339 3222 3406 peccati
3272 3343 3577 3396 sarmenta,
3623 3338 3745 3396 atque

2213 3424 2492 3480 humidam
2530 3437 2585 3481 et
2634 3427 2964 3482 dimuentem
3017 3431 3347 3485 socordiam
3381 3425 3634 3493 animique
3654 3421 3740 3472 lan-

2211 3533 2438 3588 guorcm
2489 3517 2983 3590 inl'ractionemque
3013 3523 3327 3577 consumit.
3367 3519 3536 3588 Atque
3565 3505 3734 3568 haeresis

2209 3613 2466 3668 duetores
2519 3621 2866 3682 prosternam
2902 3621 2958 3667 ct
2997 3612 3291 3681 dejiciatn,
3346 3609 3562 3680 mystica
3601 3603 3641 3655 vi
3669 3600 3737 3652 ha-

2208 3705 2392 3774 ptismi
2429 3711 2610 3760 utens.
2649 3702 2785 3757 illud
2824 3711 3007 3757 autem
3061 3703 3498 3763 observandum,
3526 3690 3647 3764 quod
3685 3686 3732 3739 de

2207 3805 2395 3850 sancta
2434 3794 2702 3850 Trinitate
2754 3795 3060 3865 disputans,
3121 3797 3307 3853 tribus
3354 3786 3594 3857 exemplis
3638 3790 3730 3833 usus

2208 3894 2310 3950 est,
2347 3901 2581 3955 quorum
2632 3902 2825 3942 rursus
2863 3890 3308 3960 unumquodque
3339 3885 3438 3940 ttia
3473 3869 3728 3945 complecti-

2209 3986 2320 4040 tur,
2355 3976 2588 4046 primutn
2625 3977 2895 4047 lapidum,
2923 3979 3160 4036 alterum
3216 3973 3613 4032 inhalationutn,
3652 3972 3726 4013 ter-

2208 4067 2343 4120 tium
2397 4065 2781 4121 inlusionum:
2816 4067 2884 4121 ad
2936 4069 3359 4139 exprimendam
3414 4071 3464 4116 et
3512 4056 3635 4111 velut
3671 4048 3720 4100 ob

2175 4158 2398 4214 'ocnlos
2431 4160 2737 4229 ponendam
2772 4174 2916 4225 eam,
2949 4177 3068 4230 quae
3098 4161 3158 4216 in
3191 4160 3368 4216 tribus
3405 4145 3623 4224 personis
3646 4148 3716 4196 est.

2205 4251 2598 4320 atqualitatem.

2281 4341 2398 4395 Col.
2435 4341 2539 4394 4‘22
2569 4342 2633 4395 A.
2679 4341 2819 4407 Quid
2842 4343 3073 4416 longiori
3113 4343 3357 4398 oratione
3385 4349 3505 4406 opus
3524 4324 3710 4416 esticlc-

2212 4433 2381 4489 Divus
2439 4433 2639 4488 Paulus
2685 4435 2753 4489 ad
2806 4435 3153 4490 Timotheum
3205 4433 3463 4491 scribens,
3510 4415 3708 4476 diccbat:

2214 4525 2492 4596 Tesli/icor
2525 4543 2704 4580 corant
2752 4526 2876 4592 Deo,
2928 4537 2976 4581 et
3025 4527 3249 4581 Domino
3291 4521 3418 4577 Iesu
3458 4503 3709 4601 Christum“

2206 4593 2384 4671 electis
2418 4619 2642 4687 angelis,
2673 4629 2729 4670 ut
2773 4618 2884 4672 Itwc
2908 4618 3183 4673 custodias
3209 4619 3250 4674 ¹,
3284 4613 3401 4681 Quo
3432 4610 3538 4662 loco
3562 4593 3701 4652 testili°

2207 4709 2365 4764 Calidi
2401 4711 2624 4763 verbum
2671 4709 2812 4762 idem
2867 4709 3161 4779 signiﬁcat,
3199 4705 3341 4778 qttod
3373 4695 3627 4772 ριπείρετε
3657 4689 3702 4779 ξε

2206 4802 2549 4856 denuntiare.
2595 4800 2706 4870 Ego
2761 4811 2942 4856 autem
2979 4803 3102 4856 dico
3136 4796 3460 4866 :Testiﬁeor,
3496 4789 3581 4838 hoc
3623 4777 3694 4870 CS'L

2208 4895 2489 4964 Spondeo,
2532 4911 2596 4951 ac
2626 4860 2724 4966 ιῖΓο
2759 4907 2908 4950 certo
2936 4895 3167 4962 aﬂirtuo,
3202 4860 3341 4966 quod
3371 4899 3480 4942 cum
3511 4879 3593 4970 hat:

2209 4986 2312 5038 title
2336 4985 2720 5055 baptizaberis,
2751 5000 2869 5054 qum
2893 4996 2974 5039 est
2997 4986 3049 5038 in
3074 4960 3333 5054 aequalem
3357 4960 3692 5055 substituitque

2207 5078 2451 5131 eamdem
2495 5075 2859 5146 Trinitatem;
2890 5094 3013 5132 cum
3058 5079 3163 5132 alia
3185 5077 3322 5130 enim
3352 5069 3446 5123 tide
3471 5045 3692 5147 om"???

2209 5170 2473 5238 ptizatur,
2529 5166 2622 5222 sed
2680 5143 3014 5238 dctnergitur
3074 5179 3233 5240 atque
3281 5160 3427 5231 aquis
3476 5143 3684 5240 obrui”:

2212 5218 2368 5322 blind
2401 5218 2533 5312 si'in
2563 5259 2744 5314 cordis
2774 5261 2849 5314 tui
3052 5218 3436 5314 iiii—giﬁt'lOClll‘illa
3457 5239 3546 5295 alio
3572 5218 3687 5322 0’04?

2210 5351 2477 5421 illll’l'essa
2512 5361 2617 5419 est,
2658 5369 2819 5424 quam
2852 5354 3045 5423 doceo,
3081 5354 3220 5417 veni,
3252 5358 3400 5416 atque
3438 5338 3482 5390 in
3509 5341 3552 5382 to
3575 5319 3681 5373 fec“

2337 5533 2382 5566 ⁰⁸
2408 5530 2599 5586 Matth.
2639 5546 2828 5599 xxvttt,
2864 5529 2950 5584 l9.
3056 5533 3100 5565 ’³
3133 5533 3152 5584 ι
3190 5527 3310 5593 Reg.
3342 5529 3453 5578 xvu,
3484 5503 3540 5558 49
3565 5500 3674 5556 καφ

3361 5778 3380 5809 ῒ

3857 4505 3865 4632 ί,
