  <div class='ocr_page' id='page_1' title='image "/cluster/home/n/w/nwhite01/storage/ocr_20150623/127/hvd.32044073502411/654.png"; bbox 0 0 4032 6198; ppageno 0'>
   <div class='ocr_carea' id='block_1_1' title="bbox 287 394 420 458">
    <p class='ocr_par' dir='ltr' id='par_1_1' title="bbox 287 394 420 458">
     <span class='ocr_line' id='line_1_1' title="bbox 287 394 420 458; baseline -0.015 0"><span class='ocrx_word' id='word_1_1' title='bbox 287 394 420 458; x_wconf 59' lang='lat'><strong>1297</strong></span> 
     </span>
    </p>
   </div>
   <div class='ocr_carea' id='block_1_2' title="bbox 1284 385 2516 452">
    <p class='ocr_par' dir='ltr' id='par_1_2' title="bbox 1284 385 2516 452">
     <span class='ocr_line' id='line_1_2' title="bbox 1284 385 2516 452; baseline -0.004 0"><span class='ocrx_word' id='word_1_2' title='bbox 1284 390 1605 452; x_wconf 71' lang='lat' dir='ltr'><strong>NICETAS</strong></span> <span class='ocrx_word' id='word_1_3' title='bbox 1647 388 1730 448; x_wconf 78' lang='lat' dir='ltr'><strong>IN</strong></span> <span class='ocrx_word' id='word_1_4' title='bbox 1767 386 1994 448; x_wconf 79' lang='lat' dir='ltr'><strong>ORAT.</strong></span> <span class='ocrx_word' id='word_1_5' title='bbox 2037 385 2138 447; x_wconf 78' lang='lat' dir='ltr'><strong>XL</strong></span> <span class='ocrx_word' id='word_1_6' title='bbox 2181 387 2244 448; x_wconf 91' lang='lat' dir='ltr'><strong>S.</strong></span> <span class='ocrx_word' id='word_1_7' title='bbox 2285 386 2516 447; x_wconf 82' lang='lat' dir='ltr'>GREG.</span> 
     </span>
    </p>
   </div>
   <div class='ocr_carea' id='block_1_3' title="bbox 3403 381 3540 447">
    <p class='ocr_par' dir='ltr' id='par_1_3' title="bbox 3403 381 3540 447">
     <span class='ocr_line' id='line_1_3' title="bbox 3403 381 3540 447; baseline 0.007 -1"><span class='ocrx_word' id='word_1_8' title='bbox 3403 381 3540 447; x_wconf 71' lang='grc' dir='ltr'><strong>12Ίὸ</strong></span> 
     </span>
    </p>
   </div>
   <div class='ocr_carea' id='block_1_4' title="bbox 285 499 3540 578">
    <p class='ocr_par' dir='ltr' id='par_1_4' title="bbox 285 499 3540 578">
     <span class='ocr_line' id='line_1_4' title="bbox 285 499 3540 578; baseline -0.002 -15"><span class='ocrx_word' id='word_1_9' title='bbox 285 510 541 578; x_wconf 79' lang='lat' dir='ltr'><strong>dogmata</strong></span> <span class='ocrx_word' id='word_1_10' title='bbox 587 505 973 572; x_wconf 84' lang='lat' dir='ltr'><strong>transcribam,</strong></span> <span class='ocrx_word' id='word_1_11' title='bbox 1022 517 1145 574; x_wconf 72' lang='lat' dir='ltr'><strong>quae</strong></span> <span class='ocrx_word' id='word_1_12' title='bbox 1180 502 1296 575; x_wconf 90' lang='lat' dir='ltr'><strong>ipse</strong></span> <span class='ocrx_word' id='word_1_13' title='bbox 1339 517 1559 574; x_wconf 88' lang='lat' dir='ltr'><strong>quoque</strong></span> <span class='ocrx_word' id='word_1_14' title='bbox 1601 503 1861 572; x_wconf 78' lang='lat' dir='ltr'><strong>inscrip&#39;a</strong></span> <span class='ocrx_word' id='word_1_15' title='bbox 1893 507 1937 563; x_wconf 80' lang='grc' dir='ltr'><strong>Α</strong></span> <span class='ocrx_word' id='word_1_16' title='bbox 1967 516 2128 572; x_wconf 90' lang='lat' dir='ltr'><strong>quam</strong></span> <span class='ocrx_word' id='word_1_17' title='bbox 2162 501 2216 556; x_wconf 91' lang='lat' dir='ltr'><strong>in</strong></span> <span class='ocrx_word' id='word_1_18' title='bbox 2246 501 2460 558; x_wconf 83' lang='lat' dir='ltr'><strong>viviﬁea</strong></span> <span class='ocrx_word' id='word_1_19' title='bbox 2504 500 2762 572; x_wconf 85' lang='lat' dir='ltr'><strong>baptismi</strong></span> <span class='ocrx_word' id='word_1_20' title='bbox 2815 501 2985 573; x_wconf 83' lang='lat' dir='ltr'><strong>gratia</strong></span> <span class='ocrx_word' id='word_1_21' title='bbox 3025 499 3357 571; x_wconf 85' lang='lat' dir='ltr'><strong>accepimus.</strong></span> <span class='ocrx_word' id='word_1_22' title='bbox 3407 500 3540 558; x_wconf 81' lang='lat' dir='ltr'><strong>Nam</strong></span> 
     </span>
    </p>
   </div>
   <div class='ocr_carea' id='block_1_5' title="bbox 288 594 1858 666">
    <p class='ocr_par' dir='ltr' id='par_1_5' title="bbox 288 594 1858 666">
     <span class='ocr_line' id='line_1_5' title="bbox 288 594 1858 666; baseline -0.004 -11"><span class='ocrx_word' id='word_1_23' title='bbox 288 602 483 665; x_wconf 80' lang='lat' dir='ltr'><strong>habeo,</strong></span> <span class='ocrx_word' id='word_1_24' title='bbox 512 613 576 654; x_wconf 80' lang='lat' dir='ltr'><strong>ac</strong></span> <span class='ocrx_word' id='word_1_25' title='bbox 598 597 766 653; x_wconf 66' lang='lat' dir='ltr'><strong>didici</strong></span> <span class='ocrx_word' id='word_1_26' title='bbox 801 607 855 653; x_wconf 90' lang='lat' dir='ltr'><strong>et</strong></span> <span class='ocrx_word' id='word_1_27' title='bbox 887 595 1182 653; x_wconf 88' lang='lat' dir='ltr'><strong>custodivi.</strong></span> <span class='ocrx_word' id='word_1_28' title='bbox 1216 594 1395 650; x_wconf 81' lang='lat' dir='ltr'><strong>Meum</strong></span> <span class='ocrx_word' id='word_1_29' title='bbox 1427 596 1498 651; x_wconf 82' lang='lat' dir='ltr'><strong>sit</strong></span> <span class='ocrx_word' id='word_1_30' title='bbox 1531 594 1858 666; x_wconf 83' lang='lat' dir='ltr'><strong>perieulum,</strong></span> 
     </span>
    </p>
   </div>
   <div class='ocr_carea' id='block_1_6' title="bbox 291 685 1860 758">
    <p class='ocr_par' dir='ltr' id='par_1_6' title="bbox 291 685 1860 758">
     <span class='ocr_line' id='line_1_6' title="bbox 291 685 1860 758; baseline -0.005 -11"><span class='ocrx_word' id='word_1_31' title='bbox 291 693 334 748; x_wconf 87' lang='lat' dir='ltr'><strong>si</strong></span> <span class='ocrx_word' id='word_1_32' title='bbox 384 692 527 746; x_wconf 80' lang='lat' dir='ltr'><strong>male</strong></span> <span class='ocrx_word' id='word_1_33' title='bbox 553 690 826 757; x_wconf 85' lang='lat' dir='ltr'><strong>scribam;</strong></span> <span class='ocrx_word' id='word_1_34' title='bbox 868 705 1051 744; x_wconf 87' lang='lat' dir='ltr'><strong>meum</strong></span> <span class='ocrx_word' id='word_1_35' title='bbox 1094 689 1401 758; x_wconf 56' lang='lat' dir='ltr'><strong>premium,</strong></span> <span class='ocrx_word' id='word_1_36' title='bbox 1453 687 1500 742; x_wconf 86' lang='lat' dir='ltr'><strong>si</strong></span> <span class='ocrx_word' id='word_1_37' title='bbox 1548 695 1715 742; x_wconf 89' lang='lat' dir='ltr'><strong>recte.</strong></span> <span class='ocrx_word' id='word_1_38' title='bbox 1763 685 1860 740; x_wconf 89' lang='lat' dir='ltr'><strong>Sin</strong></span> 
     </span>
    </p>
   </div>
   <div class='ocr_carea' id='block_1_7' title="bbox 290 777 1861 848">
    <p class='ocr_par' dir='ltr' id='par_1_7' title="bbox 290 777 1861 848">
     <span class='ocr_line' id='line_1_7' title="bbox 290 777 1861 848; baseline -0.006 -9"><span class='ocrx_word' id='word_1_39' title='bbox 290 796 468 839; x_wconf 83' lang='lat' dir='ltr'><strong>autem</strong></span> <span class='ocrx_word' id='word_1_40' title='bbox 501 785 572 836; x_wconf 91' lang='lat' dir='ltr'><strong>ita</strong></span> <span class='ocrx_word' id='word_1_41' title='bbox 607 791 661 838; x_wconf 88' lang='lat' dir='ltr'><strong>te</strong></span> <span class='ocrx_word' id='word_1_42' title='bbox 689 783 880 848; x_wconf 83' lang='lat' dir='ltr'><strong>habes,</strong></span> <span class='ocrx_word' id='word_1_43' title='bbox 906 793 963 836; x_wconf 93' lang='lat' dir='ltr'><strong>ut</strong></span> <span class='ocrx_word' id='word_1_44' title='bbox 988 797 1106 837; x_wconf 88' lang='lat' dir='ltr'><strong>mea</strong></span> <span class='ocrx_word' id='word_1_45' title='bbox 1144 782 1282 834; x_wconf 90' lang='lat' dir='ltr'><strong>ratio</strong></span> <span class='ocrx_word' id='word_1_46' title='bbox 1305 789 1359 835; x_wconf 91' lang='lat' dir='ltr'><strong>et</strong></span> <span class='ocrx_word' id='word_1_47' title='bbox 1389 779 1637 834; x_wconf 74' lang='lat' dir='ltr'><strong>doctrina</strong></span> <span class='ocrx_word' id='word_1_48' title='bbox 1664 777 1861 848; x_wconf 90' lang='lat' dir='ltr'><strong>poscit,</strong></span> 
     </span>
    </p>
   </div>
   <div class='ocr_carea' id='block_1_8' title="bbox 289 870 1862 946">
    <p class='ocr_par' dir='ltr' id='par_1_8' title="bbox 289 870 1862 946">
     <span class='ocr_line' id='line_1_8' title="bbox 289 870 1862 946; baseline -0.006 -15"><span class='ocrx_word' id='word_1_49' title='bbox 289 893 353 931; x_wconf 82' lang='lat' dir='ltr'><strong>ac</strong></span> <span class='ocrx_word' id='word_1_50' title='bbox 393 876 668 946; x_wconf 76' lang='lat' dir='ltr'><strong>praeclaris</strong></span> <span class='ocrx_word' id='word_1_51' title='bbox 713 875 932 945; x_wconf 87' lang='lat' dir='ltr'><strong>pietatis</strong></span> <span class='ocrx_word' id='word_1_52' title='bbox 973 883 1027 928; x_wconf 86' lang='lat' dir='ltr'><strong>et</strong></span> <span class='ocrx_word' id='word_1_53' title='bbox 1059 871 1186 927; x_wconf 81' lang='lat' dir='ltr'><strong>ﬁdei</strong></span> <span class='ocrx_word' id='word_1_54' title='bbox 1232 873 1378 926; x_wconf 90' lang='lat' dir='ltr'><strong>uotis</strong></span> <span class='ocrx_word' id='word_1_55' title='bbox 1415 881 1582 941; x_wconf 86' lang='lat' dir='ltr'><strong>atque</strong></span> <span class='ocrx_word' id='word_1_56' title='bbox 1613 870 1862 924; x_wconf 76' lang='lat' dir='ltr'><strong>doctrina</strong></span> 
     </span>
    </p>
   </div>
   <div class='ocr_carea' id='block_1_9' title="bbox 288 965 1866 1040">
    <p class='ocr_par' dir='ltr' id='par_1_9' title="bbox 288 965 1866 1040">
     <span class='ocr_line' id='line_1_9' title="bbox 288 965 1866 1040; baseline -0.008 -14"><span class='ocrx_word' id='word_1_57' title='bbox 288 970 596 1040; x_wconf 83' lang='lat' dir='ltr'><strong>insculptus</strong></span> <span class='ocrx_word' id='word_1_58' title='bbox 627 983 711 1033; x_wconf 92' lang='lat' dir='ltr'><strong>es,</strong></span> <span class='ocrx_word' id='word_1_59' title='bbox 757 984 826 1022; x_wconf 90' lang='lat' dir='ltr'><strong>ne</strong></span> <span class='ocrx_word' id='word_1_60' title='bbox 858 967 925 1021; x_wconf 90' lang='lat' dir='ltr'><strong>ad</strong></span> <span class='ocrx_word' id='word_1_61' title='bbox 961 975 1213 1034; x_wconf 82' lang='lat' dir='ltr'><strong>tempora</strong></span> <span class='ocrx_word' id='word_1_62' title='bbox 1257 965 1414 1018; x_wconf 84' lang='lat' dir='ltr'><strong>tidem</strong></span> <span class='ocrx_word' id='word_1_63' title='bbox 1465 972 1608 1017; x_wconf 88' lang='lat' dir='ltr'><strong>tuam</strong></span> <span class='ocrx_word' id='word_1_64' title='bbox 1646 977 1866 1016; x_wconf 85' lang='lat' dir='ltr'><strong>accom-</strong></span> 
     </span>
    </p>
   </div>
   <div class='ocr_carea' id='block_1_10' title="bbox 291 1057 1860 1128">
    <p class='ocr_par' dir='ltr' id='par_1_10' title="bbox 291 1057 1860 1128">
     <span class='ocr_line' id='line_1_10' title="bbox 291 1057 1860 1128; baseline -0.008 -10"><span class='ocrx_word' id='word_1_65' title='bbox 291 1064 502 1128; x_wconf 84' lang='lat' dir='ltr'><strong>modes,</strong></span> <span class='ocrx_word' id='word_1_66' title='bbox 542 1070 593 1115; x_wconf 90' lang='lat' dir='ltr'><strong>et</strong></span> <span class='ocrx_word' id='word_1_67' title='bbox 624 1059 691 1115; x_wconf 86' lang='lat' dir='ltr'><strong>ad</strong></span> <span class='ocrx_word' id='word_1_68' title='bbox 737 1073 853 1121; x_wconf 86' lang='lat' dir='ltr'><strong>eos,</strong></span> <span class='ocrx_word' id='word_1_69' title='bbox 892 1073 1058 1127; x_wconf 88' lang='lat' dir='ltr'><strong>penes</strong></span> <span class='ocrx_word' id='word_1_70' title='bbox 1086 1072 1225 1126; x_wconf 90' lang='lat' dir='ltr'><strong>quos</strong></span> <span class='ocrx_word' id='word_1_71' title='bbox 1260 1057 1552 1125; x_wconf 87' lang='lat' dir='ltr'><strong>imperium</strong></span> <span class='ocrx_word' id='word_1_72' title='bbox 1582 1070 1647 1109; x_wconf 81' lang='lat' dir='ltr'><strong>ac</strong></span> <span class='ocrx_word' id='word_1_73' title='bbox 1679 1069 1860 1108; x_wconf 80' lang='lat' dir='ltr'><strong>rerum</strong></span> 
     </span>
    </p>
   </div>
   <div class='ocr_carea' id='block_1_11' title="bbox 291 1144 1864 1217">
    <p class='ocr_par' dir='ltr' id='par_1_11' title="bbox 291 1144 1864 1217">
     <span class='ocr_line' id='line_1_11' title="bbox 291 1144 1864 1217; baseline -0.007 -8"><span class='ocrx_word' id='word_1_74' title='bbox 291 1167 506 1209; x_wconf 89' lang='lat' dir='ltr'><strong>summa</strong></span> <span class='ocrx_word' id='word_1_75' title='bbox 555 1160 658 1214; x_wconf 85' lang='lat' dir='ltr'><strong>est,</strong></span> <span class='ocrx_word' id='word_1_76' title='bbox 689 1160 740 1205; x_wconf 92' lang='lat' dir='ltr'><strong>te</strong></span> <span class='ocrx_word' id='word_1_77' title='bbox 789 1149 1059 1202; x_wconf 82' lang='lat' dir='ltr'><strong>inﬂectas.</strong></span> <span class='ocrx_word' id='word_1_78' title='bbox 1092 1147 1233 1213; x_wconf 88' lang='lat' dir='ltr'><strong>Quin</strong></span> <span class='ocrx_word' id='word_1_79' title='bbox 1269 1148 1453 1217; x_wconf 86' lang='lat' dir='ltr'><strong>potius</strong></span> <span class='ocrx_word' id='word_1_80' title='bbox 1505 1144 1864 1200; x_wconf 87' lang='lat' dir='ltr'><strong>immutabilis</strong></span> 
     </span>
    </p>
   </div>
   <div class='ocr_carea' id='block_1_12' title="bbox 291 1236 1864 1309">
    <p class='ocr_par' dir='ltr' id='par_1_12' title="bbox 291 1236 1864 1309">
     <span class='ocr_line' id='line_1_12' title="bbox 291 1236 1864 1309; baseline -0.006 -10"><span class='ocrx_word' id='word_1_81' title='bbox 291 1245 415 1299; x_wconf 73' lang='lat' dir='ltr'><strong>fidei</strong></span> <span class='ocrx_word' id='word_1_82' title='bbox 457 1244 771 1298; x_wconf 89' lang='lat' dir='ltr'><strong>thesaurum</strong></span> <span class='ocrx_word' id='word_1_83' title='bbox 811 1241 978 1293; x_wconf 80' lang='lat' dir='ltr'><strong>lixum</strong></span> <span class='ocrx_word' id='word_1_84' title='bbox 1023 1247 1190 1309; x_wconf 83' lang='lat' dir='ltr'><strong>atque</strong></span> <span class='ocrx_word' id='word_1_85' title='bbox 1222 1238 1560 1293; x_wconf 76' lang='lat' dir='ltr'><strong>immobilem</strong></span> <span class='ocrx_word' id='word_1_86' title='bbox 1591 1239 1643 1292; x_wconf 87' lang='lat' dir='ltr'><strong>itt</strong></span> <span class='ocrx_word' id='word_1_87' title='bbox 1679 1236 1864 1290; x_wconf 89' lang='lat' dir='ltr'><strong>animo</strong></span> 
     </span>
    </p>
   </div>
   <div class='ocr_carea' id='block_1_13' title="bbox 290 1329 1864 1398">
    <p class='ocr_par' dir='ltr' id='par_1_13' title="bbox 290 1329 1864 1398">
     <span class='ocr_line' id='line_1_13' title="bbox 290 1329 1864 1398; baseline -0.005 -8"><span class='ocrx_word' id='word_1_88' title='bbox 290 1337 428 1392; x_wconf 85' lang='lat' dir='ltr'><strong>habe</strong></span> <span class='ocrx_word' id='word_1_89' title='bbox 463 1353 476 1390; x_wconf 88' lang='lat'><strong>:</strong></span> <span class='ocrx_word' id='word_1_90' title='bbox 512 1349 618 1388; x_wconf 90' lang='lat' dir='ltr'><strong>una</strong></span> <span class='ocrx_word' id='word_1_91' title='bbox 653 1333 805 1387; x_wconf 89' lang='lat' dir='ltr'><strong>enim</strong></span> <span class='ocrx_word' id='word_1_92' title='bbox 841 1331 976 1386; x_wconf 82' lang='lat' dir='ltr'><strong>ﬁdes</strong></span> <span class='ocrx_word' id='word_1_93' title='bbox 1025 1339 1131 1395; x_wconf 91' lang='lat' dir='ltr'><strong>est,</strong></span> <span class='ocrx_word' id='word_1_94' title='bbox 1172 1345 1280 1384; x_wconf 89' lang='lat' dir='ltr'><strong>non</strong></span> <span class='ocrx_word' id='word_1_95' title='bbox 1313 1331 1451 1384; x_wconf 89' lang='lat' dir='ltr'><strong>alias</strong></span> <span class='ocrx_word' id='word_1_96' title='bbox 1500 1329 1627 1395; x_wconf 88' lang='lat' dir='ltr'><strong>alia,</strong></span> <span class='ocrx_word' id='word_1_97' title='bbox 1678 1338 1736 1383; x_wconf 90' lang='lat' dir='ltr'><strong>ut</strong></span> <span class='ocrx_word' id='word_1_98' title='bbox 1765 1343 1864 1398; x_wconf 91' lang='lat' dir='ltr'><strong>pro</strong></span> 
     </span>
    </p>
   </div>
   <div class='ocr_carea' id='block_1_14' title="bbox 290 1421 1863 1497">
    <p class='ocr_par' dir='ltr' id='par_1_14' title="bbox 290 1421 1863 1497">
     <span class='ocr_line' id='line_1_14' title="bbox 290 1421 1863 1497; baseline -0.005 -15"><span class='ocrx_word' id='word_1_99' title='bbox 290 1439 539 1497; x_wconf 69' lang='lat' dir='ltr'><strong>tempore</strong></span> <span class='ocrx_word' id='word_1_100' title='bbox 583 1430 976 1478; x_wconf 87' lang='lat' dir='ltr'><strong>commutetur.</strong></span> <span class='ocrx_word' id='word_1_101' title='bbox 1031 1421 1267 1476; x_wconf 81' lang='lat' dir='ltr'><strong>Pilatum</strong></span> <span class='ocrx_word' id='word_1_102' title='bbox 1320 1423 1557 1485; x_wconf 85' lang='lat' dir='ltr'><strong>imitare,</strong></span> <span class='ocrx_word' id='word_1_103' title='bbox 1595 1433 1863 1493; x_wconf 89' lang='lat' dir='ltr'><strong>quantum</strong></span> 
     </span>
    </p>
   </div>
   <div class='ocr_carea' id='block_1_15' title="bbox 283 1513 1867 1582">
    <p class='ocr_par' dir='ltr' id='par_1_15' title="bbox 283 1513 1867 1582">
     <span class='ocr_line' id='line_1_15' title="bbox 283 1513 1867 1582; baseline -0.003 -11"><span class='ocrx_word' id='word_1_104' title='bbox 283 1519 353 1572; x_wconf 85' lang='lat' dir='ltr'><strong>ad</strong></span> <span class='ocrx_word' id='word_1_105' title='bbox 408 1513 772 1571; x_wconf 82' lang='lat' dir='ltr'><strong>constantiam</strong></span> <span class='ocrx_word' id='word_1_106' title='bbox 838 1515 1236 1582; x_wconf 63' lang='lat' dir='ltr'><strong>sententiaque</strong></span> <span class='ocrx_word' id='word_1_107' title='bbox 1295 1514 1649 1577; x_wconf 75' lang='lat' dir='ltr'><strong>ﬁrmitatem,</strong></span> <span class='ocrx_word' id='word_1_108' title='bbox 1702 1521 1867 1582; x_wconf 88' lang='lat' dir='ltr'><strong>atque</strong></span> 
     </span>
    </p>
   </div>
   <div class='ocr_carea' id='block_1_16' title="bbox 283 1607 1866 1679">
    <p class='ocr_par' dir='ltr' id='par_1_16' title="bbox 283 1607 1866 1679">
     <span class='ocr_line' id='line_1_16' title="bbox 283 1607 1866 1679; baseline -0.004 -14"><span class='ocrx_word' id='word_1_109' title='bbox 283 1611 451 1674; x_wconf 84' lang='lat' dir='ltr'><strong>idem,</strong></span> <span class='ocrx_word' id='word_1_110' title='bbox 485 1608 632 1679; x_wconf 84' lang='lat' dir='ltr'><strong>quod</strong></span> <span class='ocrx_word' id='word_1_111' title='bbox 669 1607 782 1670; x_wconf 82' lang='lat' dir='ltr'><strong>il-le,</strong></span> <span class='ocrx_word' id='word_1_112' title='bbox 820 1607 906 1663; x_wconf 91' lang='lat' dir='ltr'><strong>his</strong></span> <span class='ocrx_word' id='word_1_113' title='bbox 947 1607 1041 1677; x_wconf 93' lang='lat' dir='ltr'><strong>qui</strong></span> <span class='ocrx_word' id='word_1_114' title='bbox 1077 1617 1128 1661; x_wconf 92' lang='lat' dir='ltr'><strong>te</strong></span> <span class='ocrx_word' id='word_1_115' title='bbox 1175 1608 1242 1662; x_wconf 86' lang='lat' dir='ltr'><strong>de</strong></span> <span class='ocrx_word' id='word_1_116' title='bbox 1287 1607 1564 1663; x_wconf 83' lang='lat' dir='ltr'><strong>sententia</strong></span> <span class='ocrx_word' id='word_1_117' title='bbox 1597 1607 1866 1661; x_wconf 86' lang='lat' dir='ltr'><strong>deducere</strong></span> 
     </span>
    </p>
   </div>
   <div class='ocr_carea' id='block_1_17' title="bbox 284 1699 1864 1770">
    <p class='ocr_par' dir='ltr' id='par_1_17' title="bbox 284 1699 1864 1770">
     <span class='ocr_line' id='line_1_17' title="bbox 284 1699 1864 1770; baseline -0.004 -12"><span class='ocrx_word' id='word_1_118' title='bbox 284 1703 607 1767; x_wconf 86' lang='lat' dir='ltr'><strong>moliuntur,</strong></span> <span class='ocrx_word' id='word_1_119' title='bbox 653 1699 821 1755; x_wconf 87' lang='lat' dir='ltr'><strong>dicito</strong></span> <span class='ocrx_word' id='word_1_120' title='bbox 851 1717 865 1755; x_wconf 88' lang='lat'><strong>:</strong></span> <span class='ocrx_word' id='word_1_121' title='bbox 901 1699 1055 1765; x_wconf 75' lang='lat' dir='ltr'><strong>Quod</strong></span> <span class='ocrx_word' id='word_1_122' title='bbox 1090 1701 1301 1770; x_wconf 73' lang='lat' dir='ltr'><strong>scripsi,</strong></span> <span class='ocrx_word' id='word_1_123' title='bbox 1333 1701 1520 1768; x_wconf 65' lang='lat' dir='ltr'><strong>scripsi</strong></span> <span class='ocrx_word' id='word_1_124' title='bbox 1542 1701 1583 1766; x_wconf 84' lang='grc'><em>³,</em></span> <span class='ocrx_word' id='word_1_125' title='bbox 1619 1701 1721 1754; x_wconf 91' lang='lat' dir='ltr'><strong>hoc</strong></span> <span class='ocrx_word' id='word_1_126' title='bbox 1760 1705 1864 1764; x_wconf 91' lang='lat' dir='ltr'><strong>est,</strong></span> 
     </span>
    </p>
   </div>
   <div class='ocr_carea' id='block_1_18' title="bbox 282 1793 1866 1866">
    <p class='ocr_par' dir='ltr' id='par_1_18' title="bbox 282 1793 1866 1866">
     <span class='ocr_line' id='line_1_18' title="bbox 282 1793 1866 1866; baseline -0.004 -14"><span class='ocrx_word' id='word_1_127' title='bbox 282 1798 438 1864; x_wconf 77' lang='lat' dir='ltr'><strong>Quod</strong></span> <span class='ocrx_word' id='word_1_128' title='bbox 476 1794 764 1866; x_wconf 76' lang='lat' dir='ltr'><strong>amplexus</strong></span> <span class='ocrx_word' id='word_1_129' title='bbox 792 1809 941 1856; x_wconf 90' lang='lat' dir='ltr'><strong>sum,</strong></span> <span class='ocrx_word' id='word_1_130' title='bbox 971 1793 1256 1864; x_wconf 74' lang='lat' dir='ltr'><strong>amplexus</strong></span> <span class='ocrx_word' id='word_1_131' title='bbox 1291 1809 1435 1848; x_wconf 87' lang='lat' dir='ltr'><strong>sunt.</strong></span> <span class='ocrx_word' id='word_1_132' title='bbox 1471 1793 1739 1848; x_wconf 60' lang='lat' dir='ltr'><strong>Ceterum</strong></span> <span class='ocrx_word' id='word_1_133' title='bbox 1775 1793 1866 1846; x_wconf 68' lang='lat' dir='ltr'><strong>ille</strong></span> 
     </span>
    </p>
   </div>
   <div class='ocr_carea' id='block_1_19' title="bbox 1966 593 3545 664">
    <p class='ocr_par' dir='ltr' id='par_1_19' title="bbox 1966 593 3545 664">
     <span class='ocr_line' id='line_1_19' title="bbox 1966 593 3545 664; baseline 0.001 -16"><span class='ocrx_word' id='word_1_134' title='bbox 1966 593 2058 664; x_wconf 90' lang='lat' dir='ltr'><strong>qui</strong></span> <span class='ocrx_word' id='word_1_135' title='bbox 2114 593 2317 664; x_wconf 91' lang='lat' dir='ltr'><strong>aliquid</strong></span> <span class='ocrx_word' id='word_1_136' title='bbox 2364 593 2554 663; x_wconf 85' lang='lat' dir='ltr'><strong>adjicit</strong></span> <span class='ocrx_word' id='word_1_137' title='bbox 2608 603 2705 648; x_wconf 87' lang='lat' dir='ltr'><strong>attt</strong></span> <span class='ocrx_word' id='word_1_138' title='bbox 2751 593 3011 660; x_wconf 85' lang='lat' dir='ltr'><strong>detrahit,</strong></span> <span class='ocrx_word' id='word_1_139' title='bbox 3044 595 3092 649; x_wconf 93' lang='lat' dir='ltr'><strong>is</strong></span> <span class='ocrx_word' id='word_1_140' title='bbox 3140 595 3334 663; x_wconf 86' lang='lat' dir='ltr'><strong>procul</strong></span> <span class='ocrx_word' id='word_1_141' title='bbox 3375 594 3545 650; x_wconf 90' lang='lat' dir='ltr'><strong>dubio</strong></span> 
     </span>
    </p>
   </div>
   <div class='ocr_carea' id='block_1_20' title="bbox 1965 686 3611 756">
    <p class='ocr_par' dir='ltr' id='par_1_20' title="bbox 1965 686 3611 756">
     <span class='ocr_line' id='line_1_20' title="bbox 1965 686 3611 756; baseline -0.001 -15"><span class='ocrx_word' id='word_1_142' title='bbox 1965 686 2310 754; x_wconf 64' lang='lat' dir='ltr'><strong>sempiternae</strong></span> <span class='ocrx_word' id='word_1_143' title='bbox 2350 687 2473 740; x_wconf 69' lang='lat' dir='ltr'><strong>vitte</strong></span> <span class='ocrx_word' id='word_1_144' title='bbox 2498 686 2769 756; x_wconf 86' lang='lat' dir='ltr'><strong>jacturam</strong></span> <span class='ocrx_word' id='word_1_145' title='bbox 2809 687 2961 740; x_wconf 89' lang='lat' dir='ltr'><strong>l&#39;acit.</strong></span> <span class='ocrx_word' id='word_1_146' title='bbox 3585 728 3611 750; x_wconf 50' lang='grc' dir='ltr'>μ</span> 
     </span>
    </p>
   </div>
   <div class='ocr_carea' id='block_1_21' title="bbox 2037 777 3544 844">
    <p class='ocr_par' dir='ltr' id='par_1_21' title="bbox 2037 777 3544 844">
     <span class='ocr_line' id='line_1_21' title="bbox 2037 777 3544 844; baseline 0.001 -12"><span class='ocrx_word' id='word_1_147' title='bbox 2037 778 2154 832; x_wconf 82' lang='lat' dir='ltr'><strong>Col.</strong></span> <span class='ocrx_word' id='word_1_148' title='bbox 2204 779 2316 832; x_wconf 65' lang='lat'><strong>42%</strong></span> <span class='ocrx_word' id='word_1_149' title='bbox 2357 779 2415 831; x_wconf 88' lang='lat' dir='ltr'><strong>D.</strong></span> <span class='ocrx_word' id='word_1_150' title='bbox 2467 779 2533 832; x_wconf 82' lang='lat' dir='ltr'><strong>At</strong></span> <span class='ocrx_word' id='word_1_151' title='bbox 2590 780 2822 832; x_wconf 79' lang='lat' dir='ltr'><strong>nondum</strong></span> <span class='ocrx_word' id='word_1_152' title='bbox 2873 777 2987 831; x_wconf 85' lang='lat' dir='ltr'><strong>ulla</strong></span> <span class='ocrx_word' id='word_1_153' title='bbox 3015 779 3071 831; x_wconf 85' lang='lat' dir='ltr'><strong>in</strong></span> <span class='ocrx_word' id='word_1_154' title='bbox 3095 780 3274 831; x_wconf 85' lang='lat' dir='ltr'><strong>animo</strong></span> <span class='ocrx_word' id='word_1_155' title='bbox 3299 786 3409 844; x_wconf 83' lang='lat' dir='ltr'><strong>tuo,</strong></span> <span class='ocrx_word' id='word_1_156' title='bbox 3439 787 3544 834; x_wconf 89' lang='lat' dir='ltr'><strong>etc.</strong></span> 
     </span>
    </p>
   </div>
   <div class='ocr_carea' id='block_1_22' title="bbox 1966 869 3544 941">
    <p class='ocr_par' dir='ltr' id='par_1_22' title="bbox 1966 869 3544 941">
     <span class='ocr_line' id='line_1_22' title="bbox 1966 869 3544 941; baseline 0.002 -20"><span class='ocrx_word' id='word_1_157' title='bbox 1966 870 2121 936; x_wconf 83' lang='lat' dir='ltr'><strong>Quod</strong></span> <span class='ocrx_word' id='word_1_158' title='bbox 2153 873 2197 926; x_wconf 89' lang='lat' dir='ltr'><strong>si</strong></span> <span class='ocrx_word' id='word_1_159' title='bbox 2229 870 2472 925; x_wconf 87' lang='lat' dir='ltr'><strong>nomium</strong></span> <span class='ocrx_word' id='word_1_160' title='bbox 2507 871 2612 925; x_wconf 87' lang='lat' dir='ltr'><strong>ulla</strong></span> <span class='ocrx_word' id='word_1_161' title='bbox 2651 869 2826 925; x_wconf 76' lang='lat' dir='ltr'><strong>forma</strong></span> <span class='ocrx_word' id='word_1_162' title='bbox 2861 872 2915 926; x_wconf 92' lang='lat' dir='ltr'><strong>in</strong></span> <span class='ocrx_word' id='word_1_163' title='bbox 2948 872 3134 926; x_wconf 91' lang='lat' dir='ltr'><strong>anima</strong></span> <span class='ocrx_word' id='word_1_164' title='bbox 3160 881 3250 925; x_wconf 91' lang='lat' dir='ltr'><strong>tua</strong></span> <span class='ocrx_word' id='word_1_165' title='bbox 3281 871 3544 941; x_wconf 90' lang='lat' dir='ltr'><strong>inscripta</strong></span> 
     </span>
    </p>
   </div>
   <div class='ocr_carea' id='block_1_23' title="bbox 1966 962 3614 1034">
    <p class='ocr_par' dir='ltr' id='par_1_23' title="bbox 1966 962 3614 1034">
     <span class='ocr_line' id='line_1_23' title="bbox 1966 962 3614 1034; baseline 0 -16"><span class='ocrx_word' id='word_1_166' title='bbox 1966 973 2068 1026; x_wconf 87' lang='lat' dir='ltr'><strong>est,</strong></span> <span class='ocrx_word' id='word_1_167' title='bbox 2107 962 2286 1017; x_wconf 79' lang='lat' dir='ltr'><strong>Moses</strong></span> <span class='ocrx_word' id='word_1_168' title='bbox 2318 963 2419 1018; x_wconf 79' lang='lat' dir='ltr'><strong>tibi</strong></span> <span class='ocrx_word' id='word_1_169' title='bbox 2464 979 2558 1019; x_wconf 89' lang='lat' dir='ltr'><strong>ero</strong></span> <span class='ocrx_word' id='word_1_170' title='bbox 2595 974 2860 1034; x_wconf 86' lang='lat' dir='ltr'><strong>quantum</strong></span> <span class='ocrx_word' id='word_1_171' title='bbox 2910 965 2976 1020; x_wconf 87' lang='lat' dir='ltr'><strong>ad</strong></span> <span class='ocrx_word' id='word_1_172' title='bbox 3015 965 3066 1020; x_wconf 90' lang='lat' dir='ltr'><strong>id</strong></span> <span class='ocrx_word' id='word_1_173' title='bbox 3106 966 3322 1029; x_wconf 85' lang='lat' dir='ltr'><strong>attinet,</strong></span> <span class='ocrx_word' id='word_1_174' title='bbox 3374 975 3434 1019; x_wconf 93' lang='lat' dir='ltr'><strong>ut</strong></span> <span class='ocrx_word' id='word_1_175' title='bbox 3485 981 3546 1019; x_wconf 65' lang='lat' dir='ltr'><strong>ea</strong></span> <span class='ocrx_word' id='word_1_176' title='bbox 3602 1023 3614 1033; x_wconf 35' lang='grc' dir='ltr'><em>τ</em></span> 
     </span>
    </p>
   </div>
   <div class='ocr_carea' id='block_1_24' title="bbox 1967 1050 3550 1125">
    <p class='ocr_par' dir='ltr' id='par_1_24' title="bbox 1967 1050 3550 1125">
     <span class='ocr_line' id='line_1_24' title="bbox 1967 1050 3550 1125; baseline 0.002 -19"><span class='ocrx_word' id='word_1_177' title='bbox 1967 1068 2100 1123; x_wconf 66' lang='lat' dir='ltr'><strong>quae</strong></span> <span class='ocrx_word' id='word_1_178' title='bbox 2136 1067 2166 1106; x_wconf 92' lang='lat' dir='ltr'><strong>a</strong></span> <span class='ocrx_word' id='word_1_179' title='bbox 2225 1050 2443 1122; x_wconf 79' lang='lat' dir='ltr'><strong>Spiritu</strong></span> <span class='ocrx_word' id='word_1_180' title='bbox 2485 1054 2692 1108; x_wconf 84' lang='lat' dir='ltr'><strong>dictata</strong></span> <span class='ocrx_word' id='word_1_181' title='bbox 2741 1056 2893 1119; x_wconf 90' lang='lat' dir='ltr'><strong>sint,</strong></span> <span class='ocrx_word' id='word_1_182' title='bbox 2950 1056 3314 1125; x_wconf 79' lang='lat' dir='ltr'><strong>promulgem.</strong></span> <span class='ocrx_word' id='word_1_183' title='bbox 3373 1057 3550 1122; x_wconf 80' lang='lat' dir='ltr'><strong>Atque</strong></span> 
     </span>
    </p>
   </div>
   <div class='ocr_carea' id='block_1_25' title="bbox 1969 1144 3548 1217">
    <p class='ocr_par' dir='ltr' id='par_1_25' title="bbox 1969 1144 3548 1217">
     <span class='ocr_line' id='line_1_25' title="bbox 1969 1144 3548 1217; baseline 0 -20"><span class='ocrx_word' id='word_1_184' title='bbox 1969 1159 2170 1197; x_wconf 87' lang='lat' dir='ltr'><strong>novum</strong></span> <span class='ocrx_word' id='word_1_185' title='bbox 2219 1144 2543 1216; x_wconf 81' lang='lat' dir='ltr'><strong>Decalogum</strong></span> <span class='ocrx_word' id='word_1_186' title='bbox 2583 1146 2878 1202; x_wconf 81' lang='lat' dir='ltr'><strong>inscribam</strong></span> <span class='ocrx_word' id='word_1_187' title='bbox 2925 1147 3096 1217; x_wconf 73' lang='lat' dir='ltr'><strong>dig’to</strong></span> <span class='ocrx_word' id='word_1_188' title='bbox 3141 1147 3257 1212; x_wconf 84' lang='lat' dir='ltr'><strong>Dei,</strong></span> <span class='ocrx_word' id='word_1_189' title='bbox 3294 1147 3394 1200; x_wconf 90' lang='lat' dir='ltr'><strong>hoc</strong></span> <span class='ocrx_word' id='word_1_190' title='bbox 3443 1157 3548 1210; x_wconf 86' lang='lat' dir='ltr'><strong>est,</strong></span> 
     </span>
    </p>
   </div>
   <div class='ocr_carea' id='block_1_26' title="bbox 1969 1241 3551 1313">
    <p class='ocr_par' dir='ltr' id='par_1_26' title="bbox 1969 1241 3551 1313">
     <span class='ocr_line' id='line_1_26' title="bbox 1969 1241 3551 1313; baseline 0.002 -18"><span class='ocrx_word' id='word_1_191' title='bbox 1969 1241 2188 1310; x_wconf 78' lang='lat' dir='ltr'><strong>Spiritu</strong></span> <span class='ocrx_word' id='word_1_192' title='bbox 2217 1253 2430 1306; x_wconf 85' lang='lat' dir='ltr'><strong>sancto,</strong></span> <span class='ocrx_word' id='word_1_193' title='bbox 2483 1257 2580 1312; x_wconf 90' lang='lat' dir='ltr'><strong>per</strong></span> <span class='ocrx_word' id='word_1_194' title='bbox 2605 1257 2767 1312; x_wconf 87' lang='lat' dir='ltr'><strong>quem</strong></span> <span class='ocrx_word' id='word_1_195' title='bbox 2816 1242 3130 1313; x_wconf 82' lang='lat' dir='ltr'><strong>hujusmodi</strong></span> <span class='ocrx_word' id='word_1_196' title='bbox 3179 1244 3255 1298; x_wconf 93' lang='lat' dir='ltr'><strong>rei</strong></span> <span class='ocrx_word' id='word_1_197' title='bbox 3291 1244 3551 1298; x_wconf 80' lang='lat' dir='ltr'><strong>cordibus</strong></span> 
     </span>
    </p>
   </div>
   <div class='ocr_carea' id='block_1_27' title="bbox 1970 1332 3549 1407">
    <p class='ocr_par' dir='ltr' id='par_1_27' title="bbox 1970 1332 3549 1407">
     <span class='ocr_line' id='line_1_27' title="bbox 1970 1332 3549 1407; baseline 0.001 -17"><span class='ocrx_word' id='word_1_198' title='bbox 1970 1334 2380 1390; x_wconf 85' lang='lat' dir='ltr'><strong>inscribuntur.</strong></span> <span class='ocrx_word' id='word_1_199' title='bbox 2423 1332 2636 1404; x_wconf 75' lang='lat' dir='ltr'><strong>Digitus</strong></span> <span class='ocrx_word' id='word_1_200' title='bbox 2668 1350 2834 1405; x_wconf 90' lang='lat' dir='ltr'><strong>porro</strong></span> <span class='ocrx_word' id='word_1_201' title='bbox 2866 1336 2918 1389; x_wconf 92' lang='lat' dir='ltr'><strong>in</strong></span> <span class='ocrx_word' id='word_1_202' title='bbox 2967 1335 3265 1404; x_wconf 56' lang='lat' dir='ltr'><strong>E‘vattgelio</strong></span> <span class='ocrx_word' id='word_1_203' title='bbox 3307 1335 3549 1407; x_wconf 82' lang='lat' dir='ltr'><strong>Spiritus</strong></span> 
     </span>
    </p>
   </div>
   <div class='ocr_carea' id='block_1_28' title="bbox 1970 1425 3550 1499">
    <p class='ocr_par' dir='ltr' id='par_1_28' title="bbox 1970 1425 3550 1499">
     <span class='ocr_line' id='line_1_28' title="bbox 1970 1425 3550 1499; baseline 0.001 -17"><span class='ocrx_word' id='word_1_204' title='bbox 1970 1437 2195 1482; x_wconf 90' lang='lat' dir='ltr'><strong>sanctus</strong></span> <span class='ocrx_word' id='word_1_205' title='bbox 2227 1425 2452 1491; x_wconf 88' lang='lat' dir='ltr'><strong>dicitur,</strong></span> <span class='ocrx_word' id='word_1_206' title='bbox 2505 1442 2610 1480; x_wconf 94' lang='lat' dir='ltr'><strong>non</strong></span> <span class='ocrx_word' id='word_1_207' title='bbox 2653 1427 2799 1496; x_wconf 88' lang='lat' dir='ltr'><strong>quod</strong></span> <span class='ocrx_word' id='word_1_208' title='bbox 2846 1428 3044 1499; x_wconf 75' lang='lat' dir='ltr'><strong>exigua</strong></span> <span class='ocrx_word' id='word_1_209' title='bbox 3077 1427 3329 1499; x_wconf 68' lang='lat' dir='ltr'><strong>qrmdam</strong></span> <span class='ocrx_word' id='word_1_210' title='bbox 3365 1431 3445 1483; x_wconf 87' lang='lat' dir='ltr'><strong>vis</strong></span> <span class='ocrx_word' id='word_1_211' title='bbox 3483 1443 3550 1483; x_wconf 89' lang='lat' dir='ltr'><strong>ac</strong></span> 
     </span>
    </p>
   </div>
   <div class='ocr_carea' id='block_1_29' title="bbox 1970 1519 3549 1590">
    <p class='ocr_par' dir='ltr' id='par_1_29' title="bbox 1970 1519 3549 1590">
     <span class='ocr_line' id='line_1_29' title="bbox 1970 1519 3549 1590; baseline -0.001 -16"><span class='ocrx_word' id='word_1_212' title='bbox 1970 1523 2212 1590; x_wconf 86' lang='lat' dir='ltr'><strong>potentia</strong></span> <span class='ocrx_word' id='word_1_213' title='bbox 2263 1519 2354 1583; x_wconf 88' lang='lat' dir='ltr'><strong>sit,</strong></span> <span class='ocrx_word' id='word_1_214' title='bbox 2410 1535 2535 1572; x_wconf 86' lang='lat' dir='ltr'><strong>cum</strong></span> <span class='ocrx_word' id='word_1_215' title='bbox 2594 1519 2703 1572; x_wconf 83' lang='lat' dir='ltr'><strong>Deo</strong></span> <span class='ocrx_word' id='word_1_216' title='bbox 2753 1530 3035 1589; x_wconf 78' lang='lat' dir='ltr'><strong>perStans,</strong></span> <span class='ocrx_word' id='word_1_217' title='bbox 3087 1521 3549 1590; x_wconf 80' lang='lat' dir='ltr'><strong>quemadmodum</strong></span> 
     </span>
    </p>
   </div>
   <div class='ocr_carea' id='block_1_30' title="bbox 1971 1610 3550 1682">
    <p class='ocr_par' dir='ltr' id='par_1_30' title="bbox 1971 1610 3550 1682">
     <span class='ocr_line' id='line_1_30' title="bbox 1971 1610 3550 1682; baseline 0.001 -18"><span class='ocrx_word' id='word_1_218' title='bbox 1971 1612 2220 1682; x_wconf 82' lang='lat' dir='ltr'><strong>corporis</strong></span> <span class='ocrx_word' id='word_1_219' title='bbox 2272 1611 2520 1682; x_wconf 75' lang='lat' dir='ltr'><strong>digitus:</strong></span> <span class='ocrx_word' id='word_1_220' title='bbox 2554 1610 2651 1666; x_wconf 89' lang='lat' dir='ltr'><strong>sed</strong></span> <span class='ocrx_word' id='word_1_221' title='bbox 2693 1611 2820 1681; x_wconf 81' lang='lat' dir='ltr'><strong>quia</strong></span> <span class='ocrx_word' id='word_1_222' title='bbox 2870 1610 3085 1666; x_wconf 83' lang='lat' dir='ltr'><strong>diversa</strong></span> <span class='ocrx_word' id='word_1_223' title='bbox 3122 1613 3362 1682; x_wconf 83' lang='lat' dir='ltr'><strong>Spiritus</strong></span> <span class='ocrx_word' id='word_1_224' title='bbox 3406 1613 3550 1666; x_wconf 92' lang='lat' dir='ltr'><strong>dona</strong></span> 
     </span>
    </p>
   </div>
   <div class='ocr_carea' id='block_1_31' title="bbox 1971 1703 3553 1774">
    <p class='ocr_par' dir='ltr' id='par_1_31' title="bbox 1971 1703 3553 1774">
     <span class='ocr_line' id='line_1_31' title="bbox 1971 1703 3553 1774; baseline -0.002 -15"><span class='ocrx_word' id='word_1_225' title='bbox 1971 1703 2134 1759; x_wconf 85' lang='lat' dir='ltr'><strong>simul</strong></span> <span class='ocrx_word' id='word_1_226' title='bbox 2156 1703 2372 1774; x_wconf 82' lang='lat' dir='ltr'><strong>juncta,</strong></span> <span class='ocrx_word' id='word_1_227' title='bbox 2406 1703 2554 1758; x_wconf 88' lang='lat' dir='ltr'><strong>velut</strong></span> <span class='ocrx_word' id='word_1_228' title='bbox 2587 1717 2794 1773; x_wconf 88' lang='lat' dir='ltr'><strong>corpus</strong></span> <span class='ocrx_word' id='word_1_229' title='bbox 2835 1703 3109 1774; x_wconf 87' lang='lat' dir='ltr'><strong>quoddam</strong></span> <span class='ocrx_word' id='word_1_230' title='bbox 3143 1703 3383 1774; x_wconf 81' lang='lat' dir='ltr'><strong>Spiritus</strong></span> <span class='ocrx_word' id='word_1_231' title='bbox 3426 1719 3553 1759; x_wconf 82' lang='lat' dir='ltr'><strong>san-</strong></span> 
     </span>
    </p>
   </div>
   <div class='ocr_carea' id='block_1_32' title="bbox 1971 1793 3553 1866">
    <p class='ocr_par' dir='ltr' id='par_1_32' title="bbox 1971 1793 3553 1866">
     <span class='ocr_line' id='line_1_32' title="bbox 1971 1793 3553 1866; baseline 0 -16"><span class='ocrx_word' id='word_1_232' title='bbox 1971 1795 2050 1850; x_wconf 88' lang='lat' dir='ltr'><strong>ct&#39;r</strong></span> <span class='ocrx_word' id='word_1_233' title='bbox 2076 1795 2211 1860; x_wconf 89' lang='lat' dir='ltr'><strong>sint,</strong></span> <span class='ocrx_word' id='word_1_234' title='bbox 2249 1809 2312 1850; x_wconf 87' lang='lat' dir='ltr'><strong>ae</strong></span> <span class='ocrx_word' id='word_1_235' title='bbox 2349 1793 2578 1866; x_wconf 73' lang='lat' dir='ltr'><strong>singula:</strong></span> <span class='ocrx_word' id='word_1_236' title='bbox 2615 1795 2805 1866; x_wconf 78' lang='lat' dir='ltr'><strong>gratia:</strong></span> <span class='ocrx_word' id='word_1_237' title='bbox 2835 1795 2990 1865; x_wconf 72' lang='lat' dir='ltr'><strong>digiti</strong></span> <span class='ocrx_word' id='word_1_238' title='bbox 3026 1796 3220 1850; x_wconf 88' lang='lat' dir='ltr'><strong>instar.</strong></span> <span class='ocrx_word' id='word_1_239' title='bbox 3254 1797 3430 1866; x_wconf 81' lang='lat' dir='ltr'><strong>Atque</strong></span> <span class='ocrx_word' id='word_1_240' title='bbox 3463 1795 3553 1850; x_wconf 85' lang='lat' dir='ltr'><strong>hic</strong></span> 
     </span>
    </p>
   </div>
   <div class='ocr_carea' id='block_1_33' title="bbox 291 1881 3550 1956">
    <p class='ocr_par' dir='ltr' id='par_1_33' title="bbox 291 1881 3550 1956">
     <span class='ocr_line' id='line_1_33' title="bbox 291 1881 3550 1956; baseline -0.002 -12"><span class='ocrx_word' id='word_1_241' title='bbox 291 1891 377 1945; x_wconf 88' lang='lat' dir='ltr'><strong>his</strong></span> <span class='ocrx_word' id='word_1_242' title='bbox 418 1888 600 1943; x_wconf 81' lang='lat' dir='ltr'><strong>verbis</strong></span> <span class='ocrx_word' id='word_1_243' title='bbox 648 1901 785 1942; x_wconf 87' lang='lat' dir='ltr'><strong>usus</strong></span> <span class='ocrx_word' id='word_1_244' title='bbox 827 1897 934 1950; x_wconf 89' lang='lat' dir='ltr'><strong>est,</strong></span> <span class='ocrx_word' id='word_1_245' title='bbox 988 1900 1115 1941; x_wconf 86' lang='lat' dir='ltr'><strong>eum</strong></span> <span class='ocrx_word' id='word_1_246' title='bbox 1155 1885 1370 1940; x_wconf 86' lang='lat' dir='ltr'><strong>titulum</strong></span> <span class='ocrx_word' id='word_1_247' title='bbox 1424 1884 1641 1940; x_wconf 80' lang='lat' dir='ltr'><strong>nefario</strong></span> <span class='ocrx_word' id='word_1_248' title='bbox 1683 1885 1868 1940; x_wconf 81' lang='lat' dir='ltr'><strong>animo</strong></span> <span class='ocrx_word' id='word_1_249' title='bbox 1903 1881 1946 1936; x_wconf 73' lang='grc' dir='ltr'><strong>Β</strong></span> <span class='ocrx_word' id='word_1_250' title='bbox 1977 1885 2304 1956; x_wconf 82' lang='lat' dir='ltr'><strong>Decalogum</strong></span> <span class='ocrx_word' id='word_1_251' title='bbox 2336 1885 2743 1940; x_wconf 76' lang='lat' dir='ltr'><strong>animadvertas</strong></span> <span class='ocrx_word' id='word_1_252' title='bbox 2793 1885 2978 1940; x_wconf 86' lang='lat' dir='ltr'><strong>velim.</strong></span> <span class='ocrx_word' id='word_1_253' title='bbox 3016 1884 3261 1939; x_wconf 83' lang='lat' dir='ltr'><strong>Primum</strong></span> <span class='ocrx_word' id='word_1_254' title='bbox 3315 1888 3368 1938; x_wconf 87' lang='lat' dir='ltr'><strong>itt</strong></span> <span class='ocrx_word' id='word_1_255' title='bbox 3415 1901 3550 1941; x_wconf 77' lang='lat' dir='ltr'><strong>san-</strong></span> 
     </span>
    </p>
   </div>
   <div class='ocr_carea' id='block_1_34' title="bbox 289 1976 1866 2053">
    <p class='ocr_par' dir='ltr' id='par_1_34' title="bbox 289 1976 1866 2053">
     <span class='ocr_line' id='line_1_34' title="bbox 289 1976 1866 2053; baseline -0.005 -15"><span class='ocrx_word' id='word_1_256' title='bbox 289 1982 620 2053; x_wconf 84' lang='lat' dir='ltr'><strong>scripsisset.</strong></span> <span class='ocrx_word' id='word_1_257' title='bbox 646 1976 836 2049; x_wconf 82' lang='lat' dir='ltr'><strong>Neque</strong></span> <span class='ocrx_word' id='word_1_258' title='bbox 865 1978 1012 2032; x_wconf 87' lang='lat' dir='ltr'><strong>enim</strong></span> <span class='ocrx_word' id='word_1_259' title='bbox 1049 1987 1104 2033; x_wconf 91' lang='lat' dir='ltr'><strong>ut</strong></span> <span class='ocrx_word' id='word_1_260' title='bbox 1138 1993 1289 2042; x_wconf 85' lang='lat' dir='ltr'><strong>vera,</strong></span> <span class='ocrx_word' id='word_1_261' title='bbox 1323 1977 1422 2033; x_wconf 83' lang='lat' dir='ltr'><strong>sed</strong></span> <span class='ocrx_word' id='word_1_262' title='bbox 1456 1987 1516 2031; x_wconf 91' lang='lat' dir='ltr'><strong>ut</strong></span> <span class='ocrx_word' id='word_1_263' title='bbox 1543 1978 1866 2044; x_wconf 86' lang='lat' dir='ltr'><strong>criminosa,</strong></span> 
     </span>
    </p>
   </div>
   <div class='ocr_carea' id='block_1_35' title="bbox 293 2067 1866 2140">
    <p class='ocr_par' dir='ltr' id='par_1_35' title="bbox 293 2067 1866 2140">
     <span class='ocr_line' id='line_1_35' title="bbox 293 2067 1866 2140; baseline -0.005 -12"><span class='ocrx_word' id='word_1_264' title='bbox 293 2075 409 2129; x_wconf 68' lang='lat' dir='ltr'><strong>hinc</strong></span> <span class='ocrx_word' id='word_1_265' title='bbox 459 2072 623 2127; x_wconf 87' lang='lat' dir='ltr'><strong>verba</strong></span> <span class='ocrx_word' id='word_1_266' title='bbox 688 2070 968 2140; x_wconf 86' lang='lat' dir='ltr'><strong>inscripsit</strong></span> <span class='ocrx_word' id='word_1_267' title='bbox 1001 2086 1017 2126; x_wconf 86' lang='lat'><strong>:</strong></span> <span class='ocrx_word' id='word_1_268' title='bbox 1051 2067 1156 2122; x_wconf 86' lang='lat' dir='ltr'><strong>Hic</strong></span> <span class='ocrx_word' id='word_1_269' title='bbox 1209 2077 1288 2122; x_wconf 77' lang='lat' dir='ltr'><strong>est</strong></span> <span class='ocrx_word' id='word_1_270' title='bbox 1359 2083 1454 2122; x_wconf 81' lang='lat' dir='ltr'><strong>rea:</strong></span> <span class='ocrx_word' id='word_1_271' title='bbox 1519 2068 1866 2131; x_wconf 76' lang='lat' dir='ltr'><strong>ludworum,</strong></span> 
     </span>
    </p>
   </div>
   <div class='ocr_carea' id='block_1_36' title="bbox 291 2160 1868 2230">
    <p class='ocr_par' dir='ltr' id='par_1_36' title="bbox 291 2160 1868 2230">
     <span class='ocr_line' id='line_1_36' title="bbox 291 2160 1868 2230; baseline -0.003 -11"><span class='ocrx_word' id='word_1_272' title='bbox 291 2163 531 2222; x_wconf 86' lang='lat' dir='ltr'><strong>tametsi.</strong></span> <span class='ocrx_word' id='word_1_273' title='bbox 572 2177 760 2218; x_wconf 89' lang='lat' dir='ltr'><strong>verum</strong></span> <span class='ocrx_word' id='word_1_274' title='bbox 796 2169 942 2217; x_wconf 84' lang='lat' dir='ltr'><strong>esset</strong></span> <span class='ocrx_word' id='word_1_275' title='bbox 974 2162 1118 2230; x_wconf 89' lang='lat' dir='ltr'><strong>quod</strong></span> <span class='ocrx_word' id='word_1_276' title='bbox 1155 2161 1453 2217; x_wconf 83' lang='lat' dir='ltr'><strong>scribebat.</strong></span> <span class='ocrx_word' id='word_1_277' title='bbox 1488 2163 1649 2216; x_wconf 83' lang='lat' dir='ltr'><strong>Actu</strong></span> <span class='ocrx_word' id='word_1_278' title='bbox 1679 2160 1868 2215; x_wconf 75' lang='lat' dir='ltr'><strong>eadem</strong></span> 
     </span>
    </p>
   </div>
   <div class='ocr_carea' id='block_1_37' title="bbox 290 2252 1869 2328">
    <p class='ocr_par' dir='ltr' id='par_1_37' title="bbox 290 2252 1869 2328">
     <span class='ocr_line' id='line_1_37' title="bbox 290 2252 1869 2328; baseline -0.003 -16"><span class='ocrx_word' id='word_1_279' title='bbox 290 2258 454 2313; x_wconf 89' lang='lat' dir='ltr'><strong>verba</strong></span> <span class='ocrx_word' id='word_1_280' title='bbox 492 2256 842 2328; x_wconf 87' lang='lat' dir='ltr'><strong>proloquere,</strong></span> <span class='ocrx_word' id='word_1_281' title='bbox 881 2263 1027 2310; x_wconf 88' lang='lat' dir='ltr'><strong>recte</strong></span> <span class='ocrx_word' id='word_1_282' title='bbox 1056 2269 1120 2309; x_wconf 87' lang='lat' dir='ltr'><strong>ac</strong></span> <span class='ocrx_word' id='word_1_283' title='bbox 1159 2255 1419 2326; x_wconf 72' lang='lat' dir='ltr'><strong>prteclare</strong></span> <span class='ocrx_word' id='word_1_284' title='bbox 1444 2253 1712 2326; x_wconf 82' lang='lat' dir='ltr'><strong>signatus.</strong></span> <span class='ocrx_word' id='word_1_285' title='bbox 1757 2252 1869 2308; x_wconf 83' lang='lat' dir='ltr'><strong>Hoc</strong></span> 
     </span>
    </p>
   </div>
   <div class='ocr_carea' id='block_1_38' title="bbox 287 2346 1866 2420">
    <p class='ocr_par' dir='ltr' id='par_1_38' title="bbox 287 2346 1866 2420">
     <span class='ocr_line' id='line_1_38' title="bbox 287 2346 1866 2420; baseline -0.005 -14"><span class='ocrx_word' id='word_1_286' title='bbox 287 2352 433 2406; x_wconf 85' lang='lat' dir='ltr'><strong>enim</strong></span> <span class='ocrx_word' id='word_1_287' title='bbox 465 2359 567 2414; x_wconf 91' lang='lat' dir='ltr'><strong>est,</strong></span> <span class='ocrx_word' id='word_1_288' title='bbox 602 2348 746 2420; x_wconf 89' lang='lat' dir='ltr'><strong>quod</strong></span> <span class='ocrx_word' id='word_1_289' title='bbox 778 2346 1092 2417; x_wconf 85' lang='lat' dir='ltr'><strong>’l‘lteologus</strong></span> <span class='ocrx_word' id='word_1_290' title='bbox 1129 2350 1225 2412; x_wconf 86' lang='lat' dir='ltr'><strong>ait,</strong></span> <span class='ocrx_word' id='word_1_291' title='bbox 1259 2348 1314 2402; x_wconf 90' lang='lat' dir='ltr'><strong>in</strong></span> <span class='ocrx_word' id='word_1_292' title='bbox 1348 2348 1624 2402; x_wconf 87' lang='lat' dir='ltr'><strong>meliorem</strong></span> <span class='ocrx_word' id='word_1_293' title='bbox 1661 2355 1866 2417; x_wconf 89' lang='lat' dir='ltr'><strong>partem</strong></span> 
     </span>
    </p>
   </div>
   <div class='ocr_carea' id='block_1_39' title="bbox 290 2440 1869 2511">
    <p class='ocr_par' dir='ltr' id='par_1_39' title="bbox 290 2440 1869 2511">
     <span class='ocr_line' id='line_1_39' title="bbox 290 2440 1869 2511; baseline -0.003 -14"><span class='ocrx_word' id='word_1_294' title='bbox 290 2443 520 2498; x_wconf 89' lang='lat' dir='ltr'><strong>imitari.</strong></span> <span class='ocrx_word' id='word_1_295' title='bbox 571 2441 627 2496; x_wconf 90' lang='lat' dir='ltr'><strong>Si</strong></span> <span class='ocrx_word' id='word_1_296' title='bbox 659 2442 725 2496; x_wconf 86' lang='lat' dir='ltr'><strong>ad</strong></span> <span class='ocrx_word' id='word_1_297' title='bbox 775 2443 920 2497; x_wconf 91' lang='lat' dir='ltr'><strong>hunc</strong></span> <span class='ocrx_word' id='word_1_298' title='bbox 953 2445 1177 2496; x_wconf 88' lang='lat' dir='ltr'><strong>modum</strong></span> <span class='ocrx_word' id='word_1_299' title='bbox 1228 2440 1492 2511; x_wconf 84' lang='lat' dir='ltr'><strong>baptizari</strong></span> <span class='ocrx_word' id='word_1_300' title='bbox 1524 2440 1626 2504; x_wconf 89' lang='lat' dir='ltr'><strong>vis,</strong></span> <span class='ocrx_word' id='word_1_301' title='bbox 1675 2448 1732 2494; x_wconf 93' lang='lat' dir='ltr'><strong>ut</strong></span> <span class='ocrx_word' id='word_1_302' title='bbox 1768 2453 1869 2509; x_wconf 79' lang='lat' dir='ltr'><strong>ego</strong></span> 
     </span>
    </p>
   </div>
   <div class='ocr_carea' id='block_1_40' title="bbox 288 2532 1861 2602">
    <p class='ocr_par' dir='ltr' id='par_1_40' title="bbox 288 2532 1861 2602">
     <span class='ocr_line' id='line_1_40' title="bbox 288 2532 1861 2602; baseline -0.003 -12"><span class='ocrx_word' id='word_1_303' title='bbox 288 2534 455 2590; x_wconf 88' lang='lat' dir='ltr'><strong>didici</strong></span> <span class='ocrx_word' id='word_1_304' title='bbox 491 2549 552 2589; x_wconf 89' lang='lat' dir='ltr'><strong>ac</strong></span> <span class='ocrx_word' id='word_1_305' title='bbox 600 2534 795 2597; x_wconf 89' lang='lat' dir='ltr'><strong>doceo,</strong></span> <span class='ocrx_word' id='word_1_306' title='bbox 833 2549 900 2588; x_wconf 89' lang='lat' dir='ltr'><strong>en</strong></span> <span class='ocrx_word' id='word_1_307' title='bbox 935 2548 1059 2588; x_wconf 86' lang='lat' dir='ltr'><strong>cum</strong></span> <span class='ocrx_word' id='word_1_308' title='bbox 1101 2533 1302 2587; x_wconf 86' lang='lat' dir='ltr'><strong>Davide</strong></span> <span class='ocrx_word' id='word_1_309' title='bbox 1327 2534 1487 2588; x_wconf 90' lang='lat' dir='ltr'><strong>dico:</strong></span> <span class='ocrx_word' id='word_1_310' title='bbox 1527 2532 1644 2586; x_wconf 80' lang='lat' dir='ltr'><strong>Non</strong></span> <span class='ocrx_word' id='word_1_311' title='bbox 1672 2533 1861 2602; x_wconf 80' lang='lat' dir='ltr'><strong>prohi-</strong></span> 
     </span>
    </p>
   </div>
   <div class='ocr_carea' id='block_1_41' title="bbox 289 2623 1868 2696">
    <p class='ocr_par' dir='ltr' id='par_1_41' title="bbox 289 2623 1868 2696">
     <span class='ocr_line' id='line_1_41' title="bbox 289 2623 1868 2696; baseline -0.001 -16"><span class='ocrx_word' id='word_1_312' title='bbox 289 2626 430 2680; x_wconf 89' lang='lat' dir='ltr'><strong>bebo</strong></span> <span class='ocrx_word' id='word_1_313' title='bbox 481 2641 512 2680; x_wconf 90' lang='lat' dir='ltr'><strong>a</strong></span> <span class='ocrx_word' id='word_1_314' title='bbox 568 2625 826 2696; x_wconf 86' lang='lat' dir='ltr'><strong>baptismi</strong></span> <span class='ocrx_word' id='word_1_315' title='bbox 873 2623 1179 2678; x_wconf 84' lang='lat' dir='ltr'><strong>initiatione</strong></span> <span class='ocrx_word' id='word_1_316' title='bbox 1231 2633 1285 2678; x_wconf 90' lang='lat' dir='ltr'><strong>et</strong></span> <span class='ocrx_word' id='word_1_317' title='bbox 1336 2633 1682 2679; x_wconf 88' lang='lat' dir='ltr'><strong>sacramento</strong></span> <span class='ocrx_word' id='word_1_318' title='bbox 1726 2624 1868 2678; x_wconf 88' lang='lat' dir='ltr'><strong>labia</strong></span> 
     </span>
    </p>
   </div>
   <div class='ocr_carea' id='block_1_42' title="bbox 291 2716 1872 2786">
    <p class='ocr_par' dir='ltr' id='par_1_42' title="bbox 291 2716 1872 2786">
     <span class='ocr_line' id='line_1_42' title="bbox 291 2716 1872 2786; baseline -0.001 -17"><span class='ocrx_word' id='word_1_319' title='bbox 291 2732 408 2772; x_wconf 76' lang='lat' dir='ltr'><strong>mea</strong></span> <span class='ocrx_word' id='word_1_320' title='bbox 440 2733 458 2772; x_wconf 86' lang='lat'><strong>:</strong></span> <span class='ocrx_word' id='word_1_321' title='bbox 491 2732 676 2771; x_wconf 90' lang='lat' dir='ltr'><strong>verum</strong></span> <span class='ocrx_word' id='word_1_322' title='bbox 725 2732 921 2772; x_wconf 85' lang='lat' dir='ltr'><strong>manus</strong></span> <span class='ocrx_word' id='word_1_323' title='bbox 953 2730 1170 2786; x_wconf 92' lang='lat' dir='ltr'><strong>quoque</strong></span> <span class='ocrx_word' id='word_1_324' title='bbox 1201 2732 1350 2771; x_wconf 90' lang='lat' dir='ltr'><strong>meas</strong></span> <span class='ocrx_word' id='word_1_325' title='bbox 1385 2716 1612 2786; x_wconf 85' lang='lat' dir='ltr'><strong>Spiritui</strong></span> <span class='ocrx_word' id='word_1_326' title='bbox 1654 2731 1872 2772; x_wconf 82' lang='lat' dir='ltr'><strong>accom-</strong></span> 
     </span>
    </p>
   </div>
   <div class='ocr_carea' id='block_1_43' title="bbox 291 2809 1871 2878">
    <p class='ocr_par' dir='ltr' id='par_1_43' title="bbox 291 2809 1871 2878">
     <span class='ocr_line' id='line_1_43' title="bbox 291 2809 1871 2878; baseline 0.001 -16"><span class='ocrx_word' id='word_1_327' title='bbox 291 2810 453 2864; x_wconf 88' lang='lat' dir='ltr'><strong>modo</strong></span> <span class='ocrx_word' id='word_1_328' title='bbox 519 2809 910 2878; x_wconf 85' lang='lat' dir='ltr'><strong>ministrasque</strong></span> <span class='ocrx_word' id='word_1_329' title='bbox 961 2809 1218 2878; x_wconf 73' lang='lat' dir='ltr'><strong>praebeo,</strong></span> <span class='ocrx_word' id='word_1_330' title='bbox 1275 2820 1441 2878; x_wconf 90' lang='lat' dir='ltr'><strong>atque</strong></span> <span class='ocrx_word' id='word_1_331' title='bbox 1500 2809 1686 2863; x_wconf 85' lang='lat' dir='ltr'><strong>anima</strong></span> <span class='ocrx_word' id='word_1_332' title='bbox 1747 2823 1871 2864; x_wconf 88' lang='lat' dir='ltr'><strong>mea</strong></span> 
     </span>
    </p>
   </div>
   <div class='ocr_carea' id='block_1_44' title="bbox 289 2899 1874 2970">
    <p class='ocr_par' dir='ltr' id='par_1_44' title="bbox 289 2899 1874 2970">
     <span class='ocr_line' id='line_1_44' title="bbox 289 2899 1874 2970; baseline -0.001 -14"><span class='ocrx_word' id='word_1_333' title='bbox 289 2901 496 2965; x_wconf 78' lang='lat' dir='ltr'><strong>exsilit,</strong></span> <span class='ocrx_word' id='word_1_334' title='bbox 548 2913 615 2954; x_wconf 85' lang='lat' dir='ltr'><strong>ac</strong></span> <span class='ocrx_word' id='word_1_335' title='bbox 663 2899 832 2955; x_wconf 72' lang='lat' dir='ltr'><strong>Veluti</strong></span> <span class='ocrx_word' id='word_1_336' title='bbox 883 2901 1024 2954; x_wconf 78' lang='lat' dir='ltr'><strong>saltu</strong></span> <span class='ocrx_word' id='word_1_337' title='bbox 1074 2899 1268 2966; x_wconf 78' lang='lat' dir='ltr'><strong>fertur,</strong></span> <span class='ocrx_word' id='word_1_338' title='bbox 1322 2910 1376 2956; x_wconf 88' lang='lat' dir='ltr'><strong>te</strong></span> <span class='ocrx_word' id='word_1_339' title='bbox 1421 2899 1673 2970; x_wconf 81' lang='lat' dir='ltr'><strong>baptismi</strong></span> <span class='ocrx_word' id='word_1_340' title='bbox 1727 2901 1874 2954; x_wconf 91' lang='lat' dir='ltr'><strong>dono</strong></span> 
     </span>
    </p>
   </div>
   <div class='ocr_carea' id='block_1_45' title="bbox 296 2990 1868 3062">
    <p class='ocr_par' dir='ltr' id='par_1_45' title="bbox 296 2990 1868 3062">
     <span class='ocr_line' id='line_1_45' title="bbox 296 2990 1868 3062; baseline 0 -16"><span class='ocrx_word' id='word_1_341' title='bbox 296 2994 555 3062; x_wconf 83' lang='lat' dir='ltr'><strong>perlicere</strong></span> <span class='ocrx_word' id='word_1_342' title='bbox 581 2991 844 3062; x_wconf 76' lang='lat' dir='ltr'><strong>gestiens.</strong></span> <span class='ocrx_word' id='word_1_343' title='bbox 880 2990 958 3045; x_wconf 91' lang='lat' dir='ltr'><strong>Ita</strong></span> <span class='ocrx_word' id='word_1_344' title='bbox 994 2991 1213 3046; x_wconf 87' lang='lat' dir='ltr'><strong>demum</strong></span> <span class='ocrx_word' id='word_1_345' title='bbox 1256 3000 1438 3047; x_wconf 90' lang='lat' dir='ltr'><strong>autem</strong></span> <span class='ocrx_word' id='word_1_346' title='bbox 1480 3000 1531 3047; x_wconf 93' lang='lat' dir='ltr'><strong>te</strong></span> <span class='ocrx_word' id='word_1_347' title='bbox 1569 2991 1868 3062; x_wconf 81' lang='lat' dir='ltr'><strong>perﬁciam,</strong></span> 
     </span>
    </p>
   </div>
   <div class='ocr_carea' id='block_1_46' title="bbox 295 3082 1870 3148">
    <p class='ocr_par' dir='ltr' id='par_1_46' title="bbox 295 3082 1870 3148">
     <span class='ocr_line' id='line_1_46' title="bbox 295 3082 1870 3148; baseline -0.001 -11"><span class='ocrx_word' id='word_1_348' title='bbox 295 3099 359 3139; x_wconf 74' lang='lat' dir='ltr'><strong>ac</strong></span> <span class='ocrx_word' id='word_1_349' title='bbox 395 3085 637 3139; x_wconf 85' lang='lat' dir='ltr'><strong>numeris</strong></span> <span class='ocrx_word' id='word_1_350' title='bbox 667 3083 926 3138; x_wconf 85' lang='lat' dir='ltr'><strong>omnibus</strong></span> <span class='ocrx_word' id='word_1_351' title='bbox 958 3082 1270 3148; x_wconf 86' lang='lat' dir='ltr'><strong>absolvam,</strong></span> <span class='ocrx_word' id='word_1_352' title='bbox 1309 3085 1352 3138; x_wconf 89' lang='lat' dir='ltr'><strong>si</strong></span> <span class='ocrx_word' id='word_1_353' title='bbox 1379 3093 1430 3138; x_wconf 92' lang='lat' dir='ltr'><strong>te</strong></span> <span class='ocrx_word' id='word_1_354' title='bbox 1465 3084 1519 3138; x_wconf 90' lang='lat' dir='ltr'><strong>itt</strong></span> <span class='ocrx_word' id='word_1_355' title='bbox 1545 3084 1870 3140; x_wconf 81' lang='lat' dir='ltr'><strong>Trinitatem</strong></span> 
     </span>
    </p>
   </div>
   <div class='ocr_carea' id='block_1_47' title="bbox 1973 1974 3550 2047">
    <p class='ocr_par' dir='ltr' id='par_1_47' title="bbox 1973 1974 3550 2047">
     <span class='ocr_line' id='line_1_47' title="bbox 1973 1974 3550 2047; baseline 0.001 -16"><span class='ocrx_word' id='word_1_356' title='bbox 1973 1988 2114 2032; x_wconf 86' lang='lat' dir='ltr'><strong>ctam</strong></span> <span class='ocrx_word' id='word_1_357' title='bbox 2155 1985 2320 2047; x_wconf 82' lang='lat' dir='ltr'><strong>atque</strong></span> <span class='ocrx_word' id='word_1_358' title='bbox 2375 1976 2709 2032; x_wconf 70' lang='lat' dir='ltr'><strong>individuam</strong></span> <span class='ocrx_word' id='word_1_359' title='bbox 2764 1974 3091 2031; x_wconf 79' lang='lat' dir='ltr'><strong>Trinitatem</strong></span> <span class='ocrx_word' id='word_1_360' title='bbox 3141 1985 3193 2031; x_wconf 93' lang='lat' dir='ltr'><strong>te</strong></span> <span class='ocrx_word' id='word_1_361' title='bbox 3236 1977 3550 2046; x_wconf 74' lang='lat' dir='ltr'><strong>baptitaho,</strong></span> 
     </span>
    </p>
   </div>
   <div class='ocr_carea' id='block_1_48' title="bbox 1972 2068 3552 2140">
    <p class='ocr_par' dir='ltr' id='par_1_48' title="bbox 1972 2068 3552 2140">
     <span class='ocr_line' id='line_1_48' title="bbox 1972 2068 3552 2140; baseline 0.002 -18"><span class='ocrx_word' id='word_1_362' title='bbox 1972 2068 2136 2138; x_wconf 86' lang='lat' dir='ltr'><strong>cujus</strong></span> <span class='ocrx_word' id='word_1_363' title='bbox 2184 2083 2408 2133; x_wconf 89' lang='lat' dir='ltr'><strong>nomen,</strong></span> <span class='ocrx_word' id='word_1_364' title='bbox 2460 2084 2755 2124; x_wconf 90' lang='lat' dir='ltr'><strong>commune</strong></span> <span class='ocrx_word' id='word_1_365' title='bbox 2785 2069 3048 2125; x_wconf 87' lang='lat' dir='ltr'><strong>divinitas</strong></span> <span class='ocrx_word' id='word_1_366' title='bbox 3093 2079 3197 2125; x_wconf 81' lang='lat' dir='ltr'><strong>est.</strong></span> <span class='ocrx_word' id='word_1_367' title='bbox 3232 2069 3552 2140; x_wconf 78' lang='lat' dir='ltr'><strong>Gegnosces</strong></span> 
     </span>
    </p>
   </div>
   <div class='ocr_carea' id='block_1_49' title="bbox 1974 2163 3549 2234">
    <p class='ocr_par' dir='ltr' id='par_1_49' title="bbox 1974 2163 3549 2234">
     <span class='ocr_line' id='line_1_49' title="bbox 1974 2163 3549 2234; baseline 0.002 -18"><span class='ocrx_word' id='word_1_368' title='bbox 1974 2178 2159 2232; x_wconf 90' lang='lat' dir='ltr'><strong>porro,</strong></span> <span class='ocrx_word' id='word_1_369' title='bbox 2195 2171 2250 2219; x_wconf 91' lang='lat' dir='ltr'><strong>et</strong></span> <span class='ocrx_word' id='word_1_370' title='bbox 2298 2179 2364 2219; x_wconf 80' lang='lat' dir='ltr'><strong>ex</strong></span> <span class='ocrx_word' id='word_1_371' title='bbox 2399 2163 2517 2234; x_wconf 89' lang='lat' dir='ltr'><strong>ipso</strong></span> <span class='ocrx_word' id='word_1_372' title='bbox 2562 2163 2750 2218; x_wconf 88' lang='lat' dir='ltr'><strong>habitu</strong></span> <span class='ocrx_word' id='word_1_373' title='bbox 2799 2178 2865 2219; x_wconf 92' lang='lat' dir='ltr'><strong>ac</strong></span> <span class='ocrx_word' id='word_1_374' title='bbox 2898 2177 3082 2218; x_wconf 90' lang='lat' dir='ltr'><strong>rerum</strong></span> <span class='ocrx_word' id='word_1_375' title='bbox 3137 2166 3342 2234; x_wconf 86' lang='lat' dir='ltr'><strong>specie,</strong></span> <span class='ocrx_word' id='word_1_376' title='bbox 3398 2174 3451 2219; x_wconf 88' lang='lat' dir='ltr'><strong>et</strong></span> <span class='ocrx_word' id='word_1_377' title='bbox 3483 2179 3549 2219; x_wconf 77' lang='lat' dir='ltr'><strong>ex</strong></span> 
     </span>
    </p>
   </div>
   <div class='ocr_carea' id='block_1_50' title="bbox 1974 2253 3550 2328">
    <p class='ocr_par' dir='ltr' id='par_1_50' title="bbox 1974 2253 3550 2328">
     <span class='ocr_line' id='line_1_50' title="bbox 1974 2253 3550 2328; baseline 0.005 -22"><span class='ocrx_word' id='word_1_378' title='bbox 1974 2253 2175 2318; x_wconf 84' lang='lat' dir='ltr'><strong>verbis,</strong></span> <span class='ocrx_word' id='word_1_379' title='bbox 2207 2255 2351 2324; x_wconf 89' lang='lat' dir='ltr'><strong>quod</strong></span> <span class='ocrx_word' id='word_1_380' title='bbox 2388 2253 2606 2310; x_wconf 69' lang='lat' dir='ltr'><strong>Satanae</strong></span> <span class='ocrx_word' id='word_1_381' title='bbox 2639 2259 2921 2312; x_wconf 90' lang='lat' dir='ltr'><strong>renuntias</strong></span> <span class='ocrx_word' id='word_1_382' title='bbox 2971 2268 3024 2312; x_wconf 91' lang='lat' dir='ltr'><strong>et</strong></span> <span class='ocrx_word' id='word_1_383' title='bbox 3070 2256 3288 2312; x_wconf 83' lang='lat' dir='ltr'><strong>Christo</strong></span> <span class='ocrx_word' id='word_1_384' title='bbox 3317 2258 3550 2328; x_wconf 89' lang='lat' dir='ltr'><strong>conjun-</strong></span> 
     </span>
    </p>
   </div>
   <div class='ocr_carea' id='block_1_51' title="bbox 1972 2345 3550 2416">
    <p class='ocr_par' dir='ltr' id='par_1_51' title="bbox 1972 2345 3550 2416">
     <span class='ocr_line' id='line_1_51' title="bbox 1972 2345 3550 2416; baseline 0.003 -16"><span class='ocrx_word' id='word_1_385' title='bbox 1972 2349 2136 2416; x_wconf 77' lang='lat' dir='ltr'><strong>geris.</strong></span> <span class='ocrx_word' id='word_1_386' title='bbox 2198 2345 2317 2402; x_wconf 88' lang='lat' dir='ltr'><strong>Non</strong></span> <span class='ocrx_word' id='word_1_387' title='bbox 2371 2348 2516 2402; x_wconf 89' lang='lat' dir='ltr'><strong>enim</strong></span> <span class='ocrx_word' id='word_1_388' title='bbox 2574 2348 2826 2403; x_wconf 89' lang='lat' dir='ltr'><strong>oratione</strong></span> <span class='ocrx_word' id='word_1_389' title='bbox 2883 2350 3186 2414; x_wconf 81' lang='lat' dir='ltr'><strong>duntaxat,</strong></span> <span class='ocrx_word' id='word_1_390' title='bbox 3243 2351 3338 2405; x_wconf 89' lang='lat' dir='ltr'><strong>sed</strong></span> <span class='ocrx_word' id='word_1_391' title='bbox 3387 2353 3550 2406; x_wconf 85' lang='lat' dir='ltr'><strong>etiam</strong></span> 
     </span>
    </p>
   </div>
   <div class='ocr_carea' id='block_1_52' title="bbox 1976 2440 3554 2514">
    <p class='ocr_par' dir='ltr' id='par_1_52' title="bbox 1976 2440 3554 2514">
     <span class='ocr_line' id='line_1_52' title="bbox 1976 2440 3554 2514; baseline 0.003 -20"><span class='ocrx_word' id='word_1_392' title='bbox 1976 2441 2160 2496; x_wconf 89' lang='lat' dir='ltr'><strong>habitu</strong></span> <span class='ocrx_word' id='word_1_393' title='bbox 2197 2441 2339 2512; x_wconf 88' lang='lat' dir='ltr'><strong>ipso,</strong></span> <span class='ocrx_word' id='word_1_394' title='bbox 2368 2440 2472 2496; x_wconf 94' lang='lat' dir='ltr'><strong>hoc</strong></span> <span class='ocrx_word' id='word_1_395' title='bbox 2502 2450 2606 2507; x_wconf 88' lang='lat' dir='ltr'><strong>est,</strong></span> <span class='ocrx_word' id='word_1_396' title='bbox 2637 2441 2887 2496; x_wconf 90' lang='lat' dir='ltr'><strong>vestibus</strong></span> <span class='ocrx_word' id='word_1_397' title='bbox 2910 2444 3175 2508; x_wconf 87' lang='lat' dir='ltr'><strong>nudatus,</strong></span> <span class='ocrx_word' id='word_1_398' title='bbox 3211 2458 3554 2514; x_wconf 88' lang='lat' dir='ltr'><strong>corporeqne</strong></span> 
     </span>
    </p>
   </div>
   <div class='ocr_carea' id='block_1_53' title="bbox 1974 2531 3555 2599">
    <p class='ocr_par' dir='ltr' id='par_1_53' title="bbox 1974 2531 3555 2599">
     <span class='ocr_line' id='line_1_53' title="bbox 1974 2531 3555 2599; baseline 0.003 -14"><span class='ocrx_word' id='word_1_399' title='bbox 1974 2531 2040 2586; x_wconf 92' lang='lat' dir='ltr'><strong>ad</strong></span> <span class='ocrx_word' id='word_1_400' title='bbox 2085 2547 2342 2587; x_wconf 88' lang='lat' dir='ltr'><strong>occasum</strong></span> <span class='ocrx_word' id='word_1_401' title='bbox 2390 2531 2666 2599; x_wconf 85' lang='lat' dir='ltr'><strong>inversus,</strong></span> <span class='ocrx_word' id='word_1_402' title='bbox 2697 2547 2762 2587; x_wconf 90' lang='lat' dir='ltr'><strong>ac</strong></span> <span class='ocrx_word' id='word_1_403' title='bbox 2819 2548 3018 2589; x_wconf 90' lang='lat' dir='ltr'><strong>manus</strong></span> <span class='ocrx_word' id='word_1_404' title='bbox 3067 2543 3281 2590; x_wconf 90' lang='lat' dir='ltr'><strong>erectas</strong></span> <span class='ocrx_word' id='word_1_405' title='bbox 3325 2535 3555 2598; x_wconf 78' lang='lat' dir='ltr'><strong>habens,</strong></span> 
     </span>
    </p>
   </div>
   <div class='ocr_carea' id='block_1_54' title="bbox 1977 2622 3558 2696">
    <p class='ocr_par' dir='ltr' id='par_1_54' title="bbox 1977 2622 3558 2696">
     <span class='ocr_line' id='line_1_54' title="bbox 1977 2622 3558 2696; baseline 0.004 -20"><span class='ocrx_word' id='word_1_406' title='bbox 1977 2622 2238 2678; x_wconf 88' lang='lat' dir='ltr'><strong>Satanam</strong></span> <span class='ocrx_word' id='word_1_407' title='bbox 2295 2625 2616 2696; x_wconf 87' lang='lat' dir='ltr'><strong>abjurabis,</strong></span> <span class='ocrx_word' id='word_1_408' title='bbox 2681 2641 2991 2696; x_wconf 87' lang='lat' dir='ltr'><strong>rursusque</strong></span> <span class='ocrx_word' id='word_1_409' title='bbox 3067 2626 3132 2682; x_wconf 90' lang='lat' dir='ltr'><strong>ad</strong></span> <span class='ocrx_word' id='word_1_410' title='bbox 3201 2637 3384 2682; x_wconf 90' lang='lat' dir='ltr'><strong>ortum</strong></span> <span class='ocrx_word' id='word_1_411' title='bbox 3448 2636 3558 2683; x_wconf 87' lang='lat' dir='ltr'><strong>tete</strong></span> 
     </span>
    </p>
   </div>
   <div class='ocr_carea' id='block_1_55' title="bbox 1974 2718 3550 2790">
    <p class='ocr_par' dir='ltr' id='par_1_55' title="bbox 1974 2718 3550 2790">
     <span class='ocr_line' id='line_1_55' title="bbox 1974 2718 3550 2790; baseline 0.001 -19"><span class='ocrx_word' id='word_1_412' title='bbox 1974 2726 2322 2776; x_wconf 88' lang='lat' dir='ltr'><strong>convertens.</strong></span> <span class='ocrx_word' id='word_1_413' title='bbox 2377 2733 2686 2788; x_wconf 86' lang='lat' dir='ltr'><strong>manusque</strong></span> <span class='ocrx_word' id='word_1_414' title='bbox 2742 2718 3030 2790; x_wconf 87' lang='lat' dir='ltr'><strong>depressas</strong></span> <span class='ocrx_word' id='word_1_415' title='bbox 3085 2719 3316 2784; x_wconf 86' lang='lat' dir='ltr'><strong>habens,</strong></span> <span class='ocrx_word' id='word_1_416' title='bbox 3377 2718 3550 2774; x_wconf 90' lang='lat' dir='ltr'><strong>Deum</strong></span> 
     </span>
    </p>
   </div>
   <div class='ocr_carea' id='block_1_56' title="bbox 1975 2807 3559 2884">
    <p class='ocr_par' dir='ltr' id='par_1_56' title="bbox 1975 2807 3559 2884">
     <span class='ocr_line' id='line_1_56' title="bbox 1975 2807 3559 2884; baseline 0.003 -23"><span class='ocrx_word' id='word_1_417' title='bbox 1975 2807 2348 2872; x_wconf 80' lang='lat' dir='ltr'><strong>conﬁteberis,</strong></span> <span class='ocrx_word' id='word_1_418' title='bbox 2393 2820 2551 2880; x_wconf 89' lang='lat' dir='ltr'><strong>teque</strong></span> <span class='ocrx_word' id='word_1_419' title='bbox 2587 2809 2654 2865; x_wconf 88' lang='lat' dir='ltr'><strong>ad</strong></span> <span class='ocrx_word' id='word_1_420' title='bbox 2687 2810 2809 2880; x_wconf 84' lang='lat' dir='ltr'><strong>ejus</strong></span> <span class='ocrx_word' id='word_1_421' title='bbox 2855 2822 3039 2882; x_wconf 90' lang='lat' dir='ltr'><strong>partes</strong></span> <span class='ocrx_word' id='word_1_422' title='bbox 3072 2811 3364 2884; x_wconf 81' lang='lat' dir='ltr'><strong>adjunges,</strong></span> <span class='ocrx_word' id='word_1_423' title='bbox 3403 2828 3559 2866; x_wconf 91' lang='lat' dir='ltr'><strong>eum-</strong></span> 
     </span>
    </p>
   </div>
   <div class='ocr_carea' id='block_1_57' title="bbox 1975 2900 3558 2972">
    <p class='ocr_par' dir='ltr' id='par_1_57' title="bbox 1975 2900 3558 2972">
     <span class='ocr_line' id='line_1_57' title="bbox 1975 2900 3558 2972; baseline 0.001 -17"><span class='ocrx_word' id='word_1_424' title='bbox 1975 2915 2084 2972; x_wconf 88' lang='lat' dir='ltr'><strong>que</strong></span> <span class='ocrx_word' id='word_1_425' title='bbox 2127 2900 2405 2957; x_wconf 88' lang='lat' dir='ltr'><strong>adorabis.</strong></span> <span class='ocrx_word' id='word_1_426' title='bbox 2457 2901 2584 2958; x_wconf 68' lang='lat' dir='ltr'><strong>Haac</strong></span> <span class='ocrx_word' id='word_1_427' title='bbox 2632 2913 2812 2959; x_wconf 85' lang='lat' dir='ltr'><strong>autem</strong></span> <span class='ocrx_word' id='word_1_428' title='bbox 2874 2905 2929 2959; x_wconf 90' lang='lat' dir='ltr'><strong>in</strong></span> <span class='ocrx_word' id='word_1_429' title='bbox 2974 2904 3190 2960; x_wconf 89' lang='lat' dir='ltr'><strong>actione</strong></span> <span class='ocrx_word' id='word_1_430' title='bbox 3240 2906 3344 2960; x_wconf 88' lang='lat' dir='ltr'><strong>sita</strong></span> <span class='ocrx_word' id='word_1_431' title='bbox 3406 2915 3558 2960; x_wconf 91' lang='lat' dir='ltr'><strong>sunt.</strong></span> 
     </span>
    </p>
   </div>
   <div class='ocr_carea' id='block_1_58' title="bbox 1977 2991 3564 3064">
    <p class='ocr_par' dir='ltr' id='par_1_58' title="bbox 1977 2991 3564 3064">
     <span class='ocr_line' id='line_1_58' title="bbox 1977 2991 3564 3064; baseline 0.001 -17"><span class='ocrx_word' id='word_1_432' title='bbox 1977 2991 2255 3057; x_wconf 85' lang='lat' dir='ltr'><strong>Secundo,</strong></span> <span class='ocrx_word' id='word_1_433' title='bbox 2294 2992 2476 3058; x_wconf 88' lang='lat' dir='ltr'><strong>crede,</strong></span> <span class='ocrx_word' id='word_1_434' title='bbox 2531 2994 2702 3064; x_wconf 90' lang='lat' dir='ltr'><strong>quod,</strong></span> <span class='ocrx_word' id='word_1_435' title='bbox 2745 2994 3209 3064; x_wconf 89' lang='lat' dir='ltr'><strong>quemadmodum</strong></span> <span class='ocrx_word' id='word_1_436' title='bbox 3261 2995 3316 3049; x_wconf 92' lang='lat' dir='ltr'><strong>in</strong></span> <span class='ocrx_word' id='word_1_437' title='bbox 3368 2993 3564 3049; x_wconf 80' lang='lat' dir='ltr'><strong>Pasto-</strong></span> 
     </span>
    </p>
   </div>
   <div class='ocr_carea' id='block_1_59' title="bbox 1975 3082 3548 3157">
    <p class='ocr_par' dir='ltr' id='par_1_59' title="bbox 1975 3082 3548 3157">
     <span class='ocr_line' id='line_1_59' title="bbox 1975 3082 3548 3157; baseline 0.002 -20"><span class='ocrx_word' id='word_1_438' title='bbox 1975 3083 2054 3140; x_wconf 88' lang='lat' dir='ltr'><strong>ris</strong></span> <span class='ocrx_word' id='word_1_439' title='bbox 2087 3082 2201 3154; x_wconf 68' lang='grc' dir='ltr'><strong>(ιῖ)</strong></span> <span class='ocrx_word' id='word_1_440' title='bbox 2237 3084 2376 3138; x_wconf 89' lang='lat' dir='ltr'><strong>libro</strong></span> <span class='ocrx_word' id='word_1_441' title='bbox 2422 3083 2675 3150; x_wconf 88' lang='lat' dir='ltr'><strong>habetur,</strong></span> <span class='ocrx_word' id='word_1_442' title='bbox 2714 3101 2856 3140; x_wconf 81' lang='lat' dir='ltr'><strong>tinus</strong></span> <span class='ocrx_word' id='word_1_443' title='bbox 2900 3096 2984 3141; x_wconf 89' lang='lat' dir='ltr'><strong>est</strong></span> <span class='ocrx_word' id='word_1_444' title='bbox 3039 3086 3210 3150; x_wconf 83' lang='lat' dir='ltr'><strong>Deus,</strong></span> <span class='ocrx_word' id='word_1_445' title='bbox 3240 3086 3334 3157; x_wconf 91' lang='lat' dir='ltr'><strong>qui</strong></span> <span class='ocrx_word' id='word_1_446' title='bbox 3365 3087 3548 3141; x_wconf 88' lang='lat' dir='ltr'><strong>omnia</strong></span> 
     </span>
    </p>
   </div>
   <div class='ocr_carea' id='block_1_60' title="bbox 299 3173 3554 3277">
    <p class='ocr_par' dir='ltr' id='par_1_60' title="bbox 299 3173 3554 3277">
     <span class='ocr_line' id='line_1_60' title="bbox 299 3173 3554 3277; baseline 0.001 -49"><span class='ocrx_word' id='word_1_447' title='bbox 299 3176 668 3244; x_wconf 72' lang='lat' dir='ltr'><strong>haptiaavdro.</strong></span> <span class='ocrx_word' id='word_1_448' title='bbox 723 3174 939 3230; x_wconf 83' lang='lat' dir='ltr'><strong>Etenim</strong></span> <span class='ocrx_word' id='word_1_449' title='bbox 995 3176 1050 3229; x_wconf 89' lang='lat' dir='ltr'><strong>in</strong></span> <span class='ocrx_word' id='word_1_450' title='bbox 1095 3176 1308 3230; x_wconf 84' lang='lat' dir='ltr'><strong>Patrem</strong></span> <span class='ocrx_word' id='word_1_451' title='bbox 1359 3175 1534 3231; x_wconf 86' lang='lat' dir='ltr'><strong>solum</strong></span> <span class='ocrx_word' id='word_1_452' title='bbox 1586 3175 1871 3246; x_wconf 80' lang='lat' dir='ltr'><strong>baptizari,</strong></span> <span class='ocrx_word' id='word_1_453' title='bbox 1899 3215 1944 3277; x_wconf 66' lang='grc' dir='ltr'><strong>Ο</strong></span> <span class='ocrx_word' id='word_1_454' title='bbox 1978 3176 2188 3230; x_wconf 85' lang='lat' dir='ltr'><strong>creavit</strong></span> <span class='ocrx_word' id='word_1_455' title='bbox 2245 3183 2413 3244; x_wconf 83' lang='lat' dir='ltr'><strong>atque</strong></span> <span class='ocrx_word' id='word_1_456' title='bbox 2482 3173 2736 3243; x_wconf 79' lang='lat' dir='ltr'><strong>perfecit,</strong></span> <span class='ocrx_word' id='word_1_457' title='bbox 2792 3185 2846 3229; x_wconf 88' lang='lat' dir='ltr'><strong>et</strong></span> <span class='ocrx_word' id='word_1_458' title='bbox 2907 3191 2976 3230; x_wconf 79' lang='lat' dir='ltr'><strong>ex</strong></span> <span class='ocrx_word' id='word_1_459' title='bbox 3039 3177 3211 3230; x_wconf 89' lang='lat' dir='ltr'><strong>nihilo</strong></span> <span class='ocrx_word' id='word_1_460' title='bbox 3258 3179 3314 3231; x_wconf 92' lang='lat' dir='ltr'><strong>in</strong></span> <span class='ocrx_word' id='word_1_461' title='bbox 3369 3193 3554 3232; x_wconf 90' lang='lat' dir='ltr'><strong>rerum</strong></span> 
     </span>
    </p>
   </div>
   <div class='ocr_carea' id='block_1_61' title="bbox 294 3267 1868 3338">
    <p class='ocr_par' dir='ltr' id='par_1_61' title="bbox 294 3267 1868 3338">
     <span class='ocr_line' id='line_1_61' title="bbox 294 3267 1868 3338; baseline -0.001 -15"><span class='ocrx_word' id='word_1_462' title='bbox 294 3267 586 3323; x_wconf 61' lang='lat' dir='ltr'><strong>Judaictttn</strong></span> <span class='ocrx_word' id='word_1_463' title='bbox 633 3275 716 3322; x_wconf 86' lang='lat' dir='ltr'><strong>est</strong></span> <span class='ocrx_word' id='word_1_464' title='bbox 749 3285 763 3320; x_wconf 92' lang='lat'><strong>:</strong></span> <span class='ocrx_word' id='word_1_465' title='bbox 793 3269 844 3321; x_wconf 90' lang='lat' dir='ltr'><strong>in</strong></span> <span class='ocrx_word' id='word_1_466' title='bbox 879 3267 1078 3322; x_wconf 85' lang='lat' dir='ltr'><strong>Filium</strong></span> <span class='ocrx_word' id='word_1_467' title='bbox 1124 3284 1368 3338; x_wconf 88' lang='lat' dir='ltr'><strong>quoque,</strong></span> <span class='ocrx_word' id='word_1_468' title='bbox 1418 3268 1660 3322; x_wconf 89' lang='lat' dir='ltr'><strong>nondum</strong></span> <span class='ocrx_word' id='word_1_469' title='bbox 1691 3267 1868 3336; x_wconf 78' lang='lat' dir='ltr'><strong>perfe-</strong></span> 
     </span>
    </p>
   </div>
   <div class='ocr_carea' id='block_1_62' title="bbox 295 3358 1874 3427">
    <p class='ocr_par' dir='ltr' id='par_1_62' title="bbox 295 3358 1874 3427">
     <span class='ocr_line' id='line_1_62' title="bbox 295 3358 1874 3427; baseline -0.002 -12"><span class='ocrx_word' id='word_1_470' title='bbox 295 3370 446 3415; x_wconf 89' lang='lat' dir='ltr'><strong>ctum</strong></span> <span class='ocrx_word' id='word_1_471' title='bbox 482 3375 496 3411; x_wconf 89' lang='lat'><strong>:</strong></span> <span class='ocrx_word' id='word_1_472' title='bbox 530 3368 587 3413; x_wconf 78' lang='lat' dir='ltr'><strong>at</strong></span> <span class='ocrx_word' id='word_1_473' title='bbox 623 3361 790 3413; x_wconf 86' lang='lat' dir='ltr'><strong>etiam</strong></span> <span class='ocrx_word' id='word_1_474' title='bbox 829 3360 883 3412; x_wconf 92' lang='lat' dir='ltr'><strong>in</strong></span> <span class='ocrx_word' id='word_1_475' title='bbox 935 3358 1198 3427; x_wconf 85' lang='lat' dir='ltr'><strong>Spiritqu</strong></span> <span class='ocrx_word' id='word_1_476' title='bbox 1251 3367 1524 3424; x_wconf 86' lang='lat' dir='ltr'><strong>sanctum,</strong></span> <span class='ocrx_word' id='word_1_477' title='bbox 1568 3361 1612 3413; x_wconf 89' lang='lat' dir='ltr'><strong>is</strong></span> <span class='ocrx_word' id='word_1_478' title='bbox 1654 3360 1874 3412; x_wconf 88' lang='lat' dir='ltr'><strong>demum</strong></span> 
     </span>
    </p>
   </div>
   <div class='ocr_carea' id='block_1_63' title="bbox 301 3449 1874 3520">
    <p class='ocr_par' dir='ltr' id='par_1_63' title="bbox 301 3449 1874 3520">
     <span class='ocr_line' id='line_1_63' title="bbox 301 3449 1874 3520; baseline 0 -16"><span class='ocrx_word' id='word_1_479' title='bbox 301 3451 587 3506; x_wconf 83' lang='lat' dir='ltr'><strong>absolutus</strong></span> <span class='ocrx_word' id='word_1_480' title='bbox 617 3459 700 3506; x_wconf 88' lang='lat' dir='ltr'><strong>est</strong></span> <span class='ocrx_word' id='word_1_481' title='bbox 731 3453 1056 3520; x_wconf 89' lang='lat' dir='ltr'><strong>baptismus.</strong></span> <span class='ocrx_word' id='word_1_482' title='bbox 1092 3449 1187 3503; x_wconf 86' lang='lat' dir='ltr'><strong>Sin</strong></span> <span class='ocrx_word' id='word_1_483' title='bbox 1222 3465 1350 3504; x_wconf 88' lang='lat' dir='ltr'><strong>vero</strong></span> <span class='ocrx_word' id='word_1_484' title='bbox 1365 3451 1552 3504; x_wconf 76' lang='lat' dir='ltr'><strong>adhuc</strong></span> <span class='ocrx_word' id='word_1_485' title='bbox 1574 3449 1874 3516; x_wconf 87' lang='lat' dir='ltr'><strong>claudieas,</strong></span> 
     </span>
    </p>
   </div>
   <div class='ocr_carea' id='block_1_64' title="bbox 293 3543 1878 3612">
    <p class='ocr_par' dir='ltr' id='par_1_64' title="bbox 293 3543 1878 3612">
     <span class='ocr_line' id='line_1_64' title="bbox 293 3543 1878 3612; baseline -0.001 -16"><span class='ocrx_word' id='word_1_486' title='bbox 293 3545 440 3597; x_wconf 66' lang='grc' dir='ltr'><strong>νςιυι</strong></span> <span class='ocrx_word' id='word_1_487' title='bbox 473 3543 631 3598; x_wconf 82' lang='lat' dir='ltr'><strong>malis</strong></span> <span class='ocrx_word' id='word_1_488' title='bbox 685 3543 882 3597; x_wconf 84' lang='lat' dir='ltr'><strong>litteris</strong></span> <span class='ocrx_word' id='word_1_489' title='bbox 933 3543 1156 3606; x_wconf 86' lang='lat' dir='ltr'><strong>inustis,</strong></span> <span class='ocrx_word' id='word_1_490' title='bbox 1203 3557 1304 3597; x_wconf 91' lang='lat' dir='ltr'><strong>nec</strong></span> <span class='ocrx_word' id='word_1_491' title='bbox 1337 3544 1634 3612; x_wconf 84' lang='lat' dir='ltr'><strong>quidquam</strong></span> <span class='ocrx_word' id='word_1_492' title='bbox 1671 3556 1700 3594; x_wconf 93' lang='lat' dir='ltr'><strong>a</strong></span> <span class='ocrx_word' id='word_1_493' title='bbox 1743 3557 1878 3612; x_wconf 77' lang='lat' dir='ltr'><strong>pra:-</strong></span> 
     </span>
    </p>
   </div>
   <div class='ocr_carea' id='block_1_65' title="bbox 293 3635 1878 3706">
    <p class='ocr_par' dir='ltr' id='par_1_65' title="bbox 293 3635 1878 3706">
     <span class='ocr_line' id='line_1_65' title="bbox 293 3635 1878 3706; baseline -0.003 -15"><span class='ocrx_word' id='word_1_494' title='bbox 293 3638 436 3691; x_wconf 84' lang='lat' dir='ltr'><strong>senti</strong></span> <span class='ocrx_word' id='word_1_495' title='bbox 467 3635 720 3691; x_wconf 90' lang='lat' dir='ltr'><strong>oratione</strong></span> <span class='ocrx_word' id='word_1_496' title='bbox 754 3643 1005 3701; x_wconf 87' lang='lat' dir='ltr'><strong>sanatus,</strong></span> <span class='ocrx_word' id='word_1_497' title='bbox 1038 3635 1208 3690; x_wconf 91' lang='lat' dir='ltr'><strong>alium</strong></span> <span class='ocrx_word' id='word_1_498' title='bbox 1235 3649 1442 3706; x_wconf 67' lang='lat' dir='ltr'><strong>quaere,</strong></span> <span class='ocrx_word' id='word_1_499' title='bbox 1475 3635 1568 3705; x_wconf 88' lang='lat' dir='ltr'><strong>qui</strong></span> <span class='ocrx_word' id='word_1_500' title='bbox 1606 3646 1657 3689; x_wconf 90' lang='lat' dir='ltr'><strong>te</strong></span> <span class='ocrx_word' id='word_1_501' title='bbox 1701 3635 1878 3704; x_wconf 89' lang='lat' dir='ltr'><strong>bapti-</strong></span> 
     </span>
    </p>
   </div>
   <div class='ocr_carea' id='block_1_66' title="bbox 297 3727 1878 3799">
    <p class='ocr_par' dir='ltr' id='par_1_66' title="bbox 297 3727 1878 3799">
     <span class='ocr_line' id='line_1_66' title="bbox 297 3727 1878 3799; baseline 0 -17"><span class='ocrx_word' id='word_1_502' title='bbox 297 3740 403 3794; x_wconf 67' lang='grc' dir='ltr'><strong>ιρι,</strong></span> <span class='ocrx_word' id='word_1_503' title='bbox 459 3729 547 3784; x_wconf 87' lang='lat' dir='ltr'><strong>vel</strong></span> <span class='ocrx_word' id='word_1_504' title='bbox 595 3736 806 3798; x_wconf 79' lang='lat' dir='ltr'><strong>mergat</strong></span> <span class='ocrx_word' id='word_1_505' title='bbox 852 3730 1057 3798; x_wconf 85' lang='lat' dir='ltr'><strong>potius,</strong></span> <span class='ocrx_word' id='word_1_506' title='bbox 1109 3738 1272 3799; x_wconf 91' lang='lat' dir='ltr'><strong>atque</strong></span> <span class='ocrx_word' id='word_1_507' title='bbox 1312 3729 1364 3782; x_wconf 91' lang='lat' dir='ltr'><strong>in</strong></span> <span class='ocrx_word' id='word_1_508' title='bbox 1418 3729 1576 3798; x_wconf 83' lang='lat' dir='ltr'><strong>aquis</strong></span> <span class='ocrx_word' id='word_1_509' title='bbox 1626 3727 1878 3783; x_wconf 76' lang='lat' dir='ltr'><strong>sntioeet.</strong></span> 
     </span>
    </p>
   </div>
   <div class='ocr_carea' id='block_1_67' title="bbox 292 3820 1879 3891">
    <p class='ocr_par' dir='ltr' id='par_1_67' title="bbox 292 3820 1879 3891">
     <span class='ocr_line' id='line_1_67' title="bbox 292 3820 1879 3891; baseline -0.002 -15"><span class='ocrx_word' id='word_1_510' title='bbox 292 3820 405 3876; x_wconf 80' lang='lat' dir='ltr'><strong>Nec</strong></span> <span class='ocrx_word' id='word_1_511' title='bbox 456 3821 603 3876; x_wconf 90' lang='lat' dir='ltr'><strong>enim</strong></span> <span class='ocrx_word' id='word_1_512' title='bbox 653 3821 784 3875; x_wconf 89' lang='lat' dir='ltr'><strong>mihi</strong></span> <span class='ocrx_word' id='word_1_513' title='bbox 818 3831 976 3876; x_wconf 84' lang='lat' dir='ltr'><strong>vacat</strong></span> <span class='ocrx_word' id='word_1_514' title='bbox 1011 3836 1110 3891; x_wconf 89' lang='lat' dir='ltr'><strong>per</strong></span> <span class='ocrx_word' id='word_1_515' title='bbox 1154 3821 1580 3890; x_wconf 70' lang='lat' dir='ltr'><strong>inaequalitatem</strong></span> <span class='ocrx_word' id='word_1_516' title='bbox 1612 3833 1879 3888; x_wconf 78' lang='lat' dir='ltr'><strong>persona-</strong></span> 
     </span>
    </p>
   </div>
   <div class='ocr_carea' id='block_1_68' title="bbox 296 3912 1880 3983">
    <p class='ocr_par' dir='ltr' id='par_1_68' title="bbox 296 3912 1880 3983">
     <span class='ocr_line' id='line_1_68' title="bbox 296 3912 1880 3983; baseline -0.002 -16"><span class='ocrx_word' id='word_1_517' title='bbox 296 3925 418 3967; x_wconf 86' lang='lat' dir='ltr'><strong>rum</strong></span> <span class='ocrx_word' id='word_1_518' title='bbox 478 3912 964 3983; x_wconf 81' lang='lat' dir='ltr'><strong>diversitatcmqne</strong></span> <span class='ocrx_word' id='word_1_519' title='bbox 1016 3922 1363 3978; x_wconf 89' lang='lat' dir='ltr'><strong>naturarum,</strong></span> <span class='ocrx_word' id='word_1_520' title='bbox 1414 3926 1579 3966; x_wconf 84' lang='lat' dir='ltr'><strong>unam</strong></span> <span class='ocrx_word' id='word_1_521' title='bbox 1624 3912 1880 3966; x_wconf 87' lang='lat' dir='ltr'><strong>divinita-</strong></span> 
     </span>
    </p>
   </div>
   <div class='ocr_carea' id='block_1_69' title="bbox 299 3988 1881 4076">
    <p class='ocr_par' dir='ltr' id='par_1_69' title="bbox 299 3988 1881 4076">
     <span class='ocr_line' id='line_1_69' title="bbox 299 3988 1881 4076; baseline -0.001 -18"><span class='ocrx_word' id='word_1_522' title='bbox 299 4014 404 4058; x_wconf 88' lang='lat' dir='ltr'><strong>tem</strong></span> <span class='ocrx_word' id='word_1_523' title='bbox 445 4020 509 4060; x_wconf 87' lang='lat' dir='ltr'><strong>ae</strong></span> <span class='ocrx_word' id='word_1_524' title='bbox 554 4014 809 4059; x_wconf 86' lang='lat' dir='ltr'><strong>naturam</strong></span> <span class='ocrx_word' id='word_1_525' title='bbox 842 4006 1181 4072; x_wconf 83' lang='lat' dir='ltr'><strong>discindere,</strong></span> <span class='ocrx_word' id='word_1_526' title='bbox 1215 4013 1399 4076; x_wconf 87' lang='lat' dir='ltr'><strong>teque,</strong></span> <span class='ocrx_word' id='word_1_527' title='bbox 1439 3988 1559 4074; x_wconf 87' lang='lat' dir='ltr'><strong>ipso</strong></span> <span class='ocrx_word' id='word_1_528' title='bbox 1589 4019 1881 4076; x_wconf 78' lang='lat' dir='ltr'><strong>regenera-</strong></span> 
     </span>
    </p>
   </div>
   <div class='ocr_carea' id='block_1_70' title="bbox 303 4095 1878 4168">
    <p class='ocr_par' dir='ltr' id='par_1_70' title="bbox 303 4095 1878 4168">
     <span class='ocr_line' id='line_1_70' title="bbox 303 4095 1878 4168; baseline -0.001 -18"><span class='ocrx_word' id='word_1_529' title='bbox 303 4097 473 4152; x_wconf 81' lang='lat' dir='ltr'><strong>tionis</strong></span> <span class='ocrx_word' id='word_1_530' title='bbox 525 4106 791 4168; x_wconf 84' lang='lat' dir='ltr'><strong>tempore,</strong></span> <span class='ocrx_word' id='word_1_531' title='bbox 842 4098 1194 4162; x_wconf 85' lang='lat' dir='ltr'><strong>obtruncare,</strong></span> <span class='ocrx_word' id='word_1_532' title='bbox 1246 4112 1352 4151; x_wconf 93' lang='lat' dir='ltr'><strong>non</strong></span> <span class='ocrx_word' id='word_1_533' title='bbox 1410 4111 1570 4152; x_wconf 89' lang='lat' dir='ltr'><strong>secus</strong></span> <span class='ocrx_word' id='word_1_534' title='bbox 1625 4110 1690 4150; x_wconf 89' lang='lat' dir='ltr'><strong>ac</strong></span> <span class='ocrx_word' id='word_1_535' title='bbox 1733 4095 1878 4150; x_wconf 81' lang='lat' dir='ltr'><strong>fetus</strong></span> 
     </span>
    </p>
   </div>
   <div class='ocr_carea' id='block_1_71' title="bbox 295 4189 1869 4259">
    <p class='ocr_par' dir='ltr' id='par_1_71' title="bbox 295 4189 1869 4259">
     <span class='ocr_line' id='line_1_71' title="bbox 295 4189 1869 4259; baseline 0.001 -19"><span class='ocrx_word' id='word_1_536' title='bbox 295 4191 440 4243; x_wconf 89' lang='lat' dir='ltr'><strong>inter</strong></span> <span class='ocrx_word' id='word_1_537' title='bbox 479 4189 628 4259; x_wconf 85' lang='lat' dir='ltr'><strong>ipsos</strong></span> <span class='ocrx_word' id='word_1_538' title='bbox 660 4198 849 4259; x_wconf 89' lang='lat' dir='ltr'><strong>partus</strong></span> <span class='ocrx_word' id='word_1_539' title='bbox 879 4189 1086 4244; x_wconf 86' lang='lat' dir='ltr'><strong>doloris</strong></span> <span class='ocrx_word' id='word_1_540' title='bbox 1140 4198 1313 4244; x_wconf 89' lang='lat' dir='ltr'><strong>morte</strong></span> <span class='ocrx_word' id='word_1_541' title='bbox 1347 4203 1666 4258; x_wconf 88' lang='lat' dir='ltr'><strong>oppressos,</strong></span> <span class='ocrx_word' id='word_1_542' title='bbox 1702 4198 1869 4257; x_wconf 89' lang='lat' dir='ltr'><strong>atque</strong></span> 
     </span>
    </p>
   </div>
   <div class='ocr_carea' id='block_1_72' title="bbox 295 4281 1868 4351">
    <p class='ocr_par' dir='ltr' id='par_1_72' title="bbox 295 4281 1868 4351">
     <span class='ocr_line' id='line_1_72' title="bbox 295 4281 1868 4351; baseline -0.001 -17"><span class='ocrx_word' id='word_1_543' title='bbox 295 4282 354 4335; x_wconf 88' lang='lat' dir='ltr'><strong>in</strong></span> <span class='ocrx_word' id='word_1_544' title='bbox 402 4283 520 4351; x_wconf 86' lang='lat' dir='ltr'><strong>ipso</strong></span> <span class='ocrx_word' id='word_1_545' title='bbox 555 4284 680 4337; x_wconf 66' lang='lat' dir='ltr'><strong>vitae</strong></span> <span class='ocrx_word' id='word_1_546' title='bbox 713 4294 836 4337; x_wconf 89' lang='lat' dir='ltr'><strong>ortu</strong></span> <span class='ocrx_word' id='word_1_547' title='bbox 887 4282 1225 4337; x_wconf 88' lang='lat' dir='ltr'><strong>iutereuntes</strong></span> <span class='ocrx_word' id='word_1_548' title='bbox 1257 4299 1271 4336; x_wconf 90' lang='lat'><strong>:</strong></span> <span class='ocrx_word' id='word_1_549' title='bbox 1306 4290 1365 4336; x_wconf 93' lang='lat' dir='ltr'><strong>ut</strong></span> <span class='ocrx_word' id='word_1_550' title='bbox 1408 4283 1489 4338; x_wconf 90' lang='lat' dir='ltr'><strong>sic</strong></span> <span class='ocrx_word' id='word_1_551' title='bbox 1541 4296 1643 4336; x_wconf 89' lang='lat' dir='ltr'><strong>nec</strong></span> <span class='ocrx_word' id='word_1_552' title='bbox 1689 4281 1868 4351; x_wconf 77' lang='lat' dir='ltr'><strong>bapti-</strong></span> 
     </span>
    </p>
   </div>
   <div class='ocr_carea' id='block_1_73' title="bbox 300 4373 1879 4444">
    <p class='ocr_par' dir='ltr' id='par_1_73' title="bbox 300 4373 1879 4444">
     <span class='ocr_line' id='line_1_73' title="bbox 300 4373 1879 4444; baseline -0.003 -15"><span class='ocrx_word' id='word_1_553' title='bbox 300 4389 483 4429; x_wconf 81' lang='lat' dir='ltr'><strong>smum</strong></span> <span class='ocrx_word' id='word_1_554' title='bbox 545 4375 667 4427; x_wconf 77' lang='lat' dir='ltr'><strong>habt</strong></span> <span class='ocrx_word' id='word_1_555' title='bbox 687 4389 769 4440; x_wconf 87' lang='lat' dir='ltr'><strong>as,</strong></span> <span class='ocrx_word' id='word_1_556' title='bbox 809 4391 910 4430; x_wconf 85' lang='lat' dir='ltr'><strong>nec</strong></span> <span class='ocrx_word' id='word_1_557' title='bbox 941 4393 970 4429; x_wconf 89' lang='lat' dir='ltr'><strong>a</strong></span> <span class='ocrx_word' id='word_1_558' title='bbox 1019 4375 1290 4444; x_wconf 87' lang='lat' dir='ltr'><strong>baptismo</strong></span> <span class='ocrx_word' id='word_1_559' title='bbox 1330 4373 1683 4444; x_wconf 90' lang='lat' dir='ltr'><strong>prodeuntem</strong></span> <span class='ocrx_word' id='word_1_560' title='bbox 1713 4373 1879 4427; x_wconf 67' lang='lat' dir='ltr'><strong>coale-</strong></span> 
     </span>
    </p>
   </div>
   <div class='ocr_carea' id='block_1_74' title="bbox 297 4466 1874 4538">
    <p class='ocr_par' dir='ltr' id='par_1_74' title="bbox 297 4466 1874 4538">
     <span class='ocr_line' id='line_1_74' title="bbox 297 4466 1874 4538; baseline -0.003 -16"><span class='ocrx_word' id='word_1_561' title='bbox 297 4469 400 4522; x_wconf 84' lang='lat' dir='ltr'><strong>stis</strong></span> <span class='ocrx_word' id='word_1_562' title='bbox 465 4469 618 4537; x_wconf 80' lang='lat' dir='ltr'><strong>regni</strong></span> <span class='ocrx_word' id='word_1_563' title='bbox 684 4484 860 4538; x_wconf 83' lang='lat' dir='ltr'><strong>spem.</strong></span> <span class='ocrx_word' id='word_1_564' title='bbox 932 4467 1066 4522; x_wconf 93' lang='lat' dir='ltr'><strong>lllud</strong></span> <span class='ocrx_word' id='word_1_565' title='bbox 1125 4468 1268 4521; x_wconf 88' lang='lat' dir='ltr'><strong>enim</strong></span> <span class='ocrx_word' id='word_1_566' title='bbox 1331 4466 1630 4536; x_wconf 81' lang='lat' dir='ltr'><strong>perlectum</strong></span> <span class='ocrx_word' id='word_1_567' title='bbox 1694 4467 1874 4528; x_wconf 90' lang='lat' dir='ltr'><strong>habe,</strong></span> 
     </span>
    </p>
   </div>
   <div class='ocr_carea' id='block_1_75' title="bbox 1982 3265 3558 3336">
    <p class='ocr_par' dir='ltr' id='par_1_75' title="bbox 1982 3265 3558 3336">
     <span class='ocr_line' id='line_1_75' title="bbox 1982 3265 3558 3336; baseline 0.001 -15"><span class='ocrx_word' id='word_1_568' title='bbox 1982 3277 2231 3321; x_wconf 88' lang='lat' dir='ltr'><strong>naturam</strong></span> <span class='ocrx_word' id='word_1_569' title='bbox 2261 3265 2545 3336; x_wconf 80' lang='lat' dir='ltr'><strong>produxit,</strong></span> <span class='ocrx_word' id='word_1_570' title='bbox 2573 3279 2746 3335; x_wconf 88' lang='lat' dir='ltr'><strong>eaque</strong></span> <span class='ocrx_word' id='word_1_571' title='bbox 2780 3266 2942 3320; x_wconf 89' lang='lat' dir='ltr'><strong>etiam</strong></span> <span class='ocrx_word' id='word_1_572' title='bbox 2979 3266 3248 3336; x_wconf 76' lang='lat' dir='ltr'><strong>gubernat</strong></span> <span class='ocrx_word' id='word_1_573' title='bbox 3277 3282 3342 3321; x_wconf 89' lang='lat' dir='ltr'><strong>ac</strong></span> <span class='ocrx_word' id='word_1_574' title='bbox 3376 3267 3558 3323; x_wconf 86' lang='lat' dir='ltr'><strong>mode-</strong></span> 
     </span>
    </p>
   </div>
   <div class='ocr_carea' id='block_1_76' title="bbox 1978 3356 3559 3428">
    <p class='ocr_par' dir='ltr' id='par_1_76' title="bbox 1978 3356 3559 3428">
     <span class='ocr_line' id='line_1_76' title="bbox 1978 3356 3559 3428; baseline 0 -14"><span class='ocrx_word' id='word_1_575' title='bbox 1978 3369 2168 3423; x_wconf 90' lang='lat' dir='ltr'><strong>ratur;</strong></span> <span class='ocrx_word' id='word_1_576' title='bbox 2212 3357 2341 3412; x_wconf 89' lang='lat' dir='ltr'><strong>item</strong></span> <span class='ocrx_word' id='word_1_577' title='bbox 2385 3358 2550 3424; x_wconf 86' lang='lat' dir='ltr'><strong>quod,</strong></span> <span class='ocrx_word' id='word_1_578' title='bbox 2608 3356 2765 3426; x_wconf 80' lang='lat' dir='ltr'><strong>juxta</strong></span> <span class='ocrx_word' id='word_1_579' title='bbox 2823 3357 3233 3426; x_wconf 64' lang='lat' dir='ltr'><strong>Apostotum‘,</strong></span> <span class='ocrx_word' id='word_1_580' title='bbox 3281 3359 3394 3413; x_wconf 68' lang='lat' dir='ltr'><strong>haec</strong></span> <span class='ocrx_word' id='word_1_581' title='bbox 3443 3361 3559 3428; x_wconf 88' lang='lat' dir='ltr'><strong>ipsa</strong></span> 
     </span>
    </p>
   </div>
   <div class='ocr_carea' id='block_1_77' title="bbox 1981 3448 3562 3519">
    <p class='ocr_par' dir='ltr' id='par_1_77' title="bbox 1981 3448 3562 3519">
     <span class='ocr_line' id='line_1_77' title="bbox 1981 3448 3562 3519; baseline 0.001 -14"><span class='ocrx_word' id='word_1_582' title='bbox 1981 3459 2236 3506; x_wconf 88' lang='lat' dir='ltr'><strong>creatura</strong></span> <span class='ocrx_word' id='word_1_583' title='bbox 2307 3448 2730 3504; x_wconf 84' lang='lat' dir='ltr'><strong>resurrectionis</strong></span> <span class='ocrx_word' id='word_1_584' title='bbox 2800 3456 3048 3517; x_wconf 75' lang='lat' dir='ltr'><strong>tempore</strong></span> <span class='ocrx_word' id='word_1_585' title='bbox 3115 3465 3148 3502; x_wconf 91' lang='lat' dir='ltr'><strong>a</strong></span> <span class='ocrx_word' id='word_1_586' title='bbox 3210 3453 3562 3519; x_wconf 71' lang='lat' dir='ltr'><strong>corruptionis</strong></span> 
     </span>
    </p>
   </div>
   <div class='ocr_carea' id='block_1_78' title="bbox 1977 3539 3561 3613">
    <p class='ocr_par' dir='ltr' id='par_1_78' title="bbox 1977 3539 3561 3613">
     <span class='ocr_line' id='line_1_78' title="bbox 1977 3539 3561 3613; baseline 0 -15"><span class='ocrx_word' id='word_1_587' title='bbox 1977 3543 2231 3598; x_wconf 78' lang='lat' dir='ltr'><strong>serrilute</strong></span> <span class='ocrx_word' id='word_1_588' title='bbox 2275 3541 2607 3604; x_wconf 81' lang='lat' dir='ltr'><strong>liberabitur,</strong></span> <span class='ocrx_word' id='word_1_589' title='bbox 2655 3553 2720 3595; x_wconf 86' lang='lat' dir='ltr'><strong>ac</strong></span> <span class='ocrx_word' id='word_1_590' title='bbox 2782 3539 3084 3609; x_wconf 80' lang='lat' dir='ltr'><strong>spiritualis</strong></span> <span class='ocrx_word' id='word_1_591' title='bbox 3131 3543 3370 3598; x_wconf 91' lang='lat' dir='ltr'><strong>mundus</strong></span> <span class='ocrx_word' id='word_1_592' title='bbox 3421 3559 3561 3613; x_wconf 74' lang='lat' dir='ltr'><strong>prte-</strong></span> 
     </span>
    </p>
   </div>
   <div class='ocr_carea' id='block_1_79' title="bbox 1980 3633 3557 3704">
    <p class='ocr_par' dir='ltr' id='par_1_79' title="bbox 1980 3633 3557 3704">
     <span class='ocr_line' id='line_1_79' title="bbox 1980 3633 3557 3704; baseline -0.001 -13"><span class='ocrx_word' id='word_1_593' title='bbox 1980 3635 2216 3691; x_wconf 88' lang='lat' dir='ltr'><strong>stantior</strong></span> <span class='ocrx_word' id='word_1_594' title='bbox 2283 3635 2502 3689; x_wconf 85' lang='lat' dir='ltr'><strong>futurus</strong></span> <span class='ocrx_word' id='word_1_595' title='bbox 2551 3643 2673 3698; x_wconf 90' lang='lat' dir='ltr'><strong>est,</strong></span> <span class='ocrx_word' id='word_1_596' title='bbox 2736 3635 2994 3687; x_wconf 89' lang='lat' dir='ltr'><strong>nimirum</strong></span> <span class='ocrx_word' id='word_1_597' title='bbox 3041 3633 3155 3704; x_wconf 83' lang='lat' dir='ltr'><strong>jam</strong></span> <span class='ocrx_word' id='word_1_598' title='bbox 3213 3634 3429 3704; x_wconf 80' lang='lat' dir='ltr'><strong>expleta</strong></span> <span class='ocrx_word' id='word_1_599' title='bbox 3496 3651 3557 3691; x_wconf 89' lang='lat' dir='ltr'><strong>ea</strong></span> 
     </span>
    </p>
   </div>
   <div class='ocr_carea' id='block_1_80' title="bbox 1980 3725 3560 3797">
    <p class='ocr_par' dir='ltr' id='par_1_80' title="bbox 1980 3725 3560 3797">
     <span class='ocr_line' id='line_1_80' title="bbox 1980 3725 3560 3797; baseline 0 -16"><span class='ocrx_word' id='word_1_600' title='bbox 1980 3727 2178 3793; x_wconf 89' lang='lat' dir='ltr'><strong>classe,</strong></span> <span class='ocrx_word' id='word_1_601' title='bbox 2219 3741 2343 3796; x_wconf 76' lang='lat' dir='ltr'><strong>qua:</strong></span> <span class='ocrx_word' id='word_1_602' title='bbox 2366 3725 2547 3780; x_wconf 87' lang='lat' dir='ltr'><strong>adlmc</strong></span> <span class='ocrx_word' id='word_1_603' title='bbox 2577 3725 2945 3791; x_wconf 88' lang='lat' dir='ltr'><strong>desideratur,</strong></span> <span class='ocrx_word' id='word_1_604' title='bbox 2970 3727 3055 3779; x_wconf 91' lang='lat' dir='ltr'><strong>vel</strong></span> <span class='ocrx_word' id='word_1_605' title='bbox 3085 3727 3258 3781; x_wconf 88' lang='lat' dir='ltr'><strong>etiam</strong></span> <span class='ocrx_word' id='word_1_606' title='bbox 3283 3737 3560 3797; x_wconf 87' lang='lat' dir='ltr'><strong>quatenus</strong></span> 
     </span>
    </p>
   </div>
   <div class='ocr_carea' id='block_1_81' title="bbox 1985 3804 3640 3896">
    <p class='ocr_par' dir='ltr' id='par_1_81' title="bbox 1985 3804 3640 3896">
     <span class='ocr_line' id='line_1_81' title="bbox 1985 3804 3640 3896; baseline -0.002 -17"><span class='ocrx_word' id='word_1_607' title='bbox 1985 3835 2117 3881; x_wconf 89' lang='lat' dir='ltr'><strong>tunc</strong></span> <span class='ocrx_word' id='word_1_608' title='bbox 2149 3825 2326 3896; x_wconf 81' lang='lat' dir='ltr'><strong>angeli</strong></span> <span class='ocrx_word' id='word_1_609' title='bbox 2357 3840 2387 3878; x_wconf 90' lang='lat' dir='ltr'><strong>a</strong></span> <span class='ocrx_word' id='word_1_610' title='bbox 2417 3823 2735 3878; x_wconf 89' lang='lat' dir='ltr'><strong>conditione</strong></span> <span class='ocrx_word' id='word_1_611' title='bbox 2775 3821 2840 3877; x_wconf 90' lang='lat' dir='ltr'><strong>ad</strong></span> <span class='ocrx_word' id='word_1_612' title='bbox 2883 3822 3074 3876; x_wconf 90' lang='lat' dir='ltr'><strong>vitium</strong></span> <span class='ocrx_word' id='word_1_613' title='bbox 3116 3839 3258 3895; x_wconf 64' lang='lat' dir='ltr'><strong>aegre</strong></span> <span class='ocrx_word' id='word_1_614' title='bbox 3289 3822 3454 3878; x_wconf 78' lang='lat' dir='ltr'><strong>ﬂexili</strong></span> <span class='ocrx_word' id='word_1_615' title='bbox 3490 3824 3557 3877; x_wconf 87' lang='lat' dir='ltr'><strong>ad</strong></span> <span class='ocrx_word' id='word_1_616' title='bbox 3633 3804 3640 3810; x_wconf 51' lang='grc'><em>’</em></span> 
     </span>
    </p>
   </div>
   <div class='ocr_carea' id='block_1_82' title="bbox 1980 3916 3560 3985">
    <p class='ocr_par' dir='ltr' id='par_1_82' title="bbox 1980 3916 3560 3985">
     <span class='ocr_line' id='line_1_82' title="bbox 1980 3916 3560 3985; baseline -0.003 -11"><span class='ocrx_word' id='word_1_617' title='bbox 1980 3933 2104 3974; x_wconf 91' lang='lat' dir='ltr'><strong>cum</strong></span> <span class='ocrx_word' id='word_1_618' title='bbox 2131 3926 2334 3972; x_wconf 89' lang='lat' dir='ltr'><strong>statum</strong></span> <span class='ocrx_word' id='word_1_619' title='bbox 2365 3917 2826 3981; x_wconf 86' lang='lat' dir='ltr'><strong>imtnutabuntur,</strong></span> <span class='ocrx_word' id='word_1_620' title='bbox 2870 3925 2927 3969; x_wconf 89' lang='lat' dir='ltr'><strong>ut</strong></span> <span class='ocrx_word' id='word_1_621' title='bbox 2961 3916 3109 3968; x_wconf 82' lang='lat' dir='ltr'><strong>nullo</strong></span> <span class='ocrx_word' id='word_1_622' title='bbox 3139 3916 3251 3985; x_wconf 88' lang='lat' dir='ltr'><strong>jam</strong></span> <span class='ocrx_word' id='word_1_623' title='bbox 3289 3916 3449 3970; x_wconf 72' lang='lat' dir='ltr'><strong>modo</strong></span> <span class='ocrx_word' id='word_1_624' title='bbox 3492 3919 3560 3970; x_wconf 89' lang='lat' dir='ltr'><strong>ad</strong></span> 
     </span>
    </p>
   </div>
   <div class='ocr_carea' id='block_1_83' title="bbox 1981 4006 3559 4078">
    <p class='ocr_par' dir='ltr' id='par_1_83' title="bbox 1981 4006 3559 4078">
     <span class='ocr_line' id='line_1_83' title="bbox 1981 4006 3559 4078; baseline -0.003 -14"><span class='ocrx_word' id='word_1_625' title='bbox 1981 4009 2184 4064; x_wconf 90' lang='lat' dir='ltr'><strong>malum</strong></span> <span class='ocrx_word' id='word_1_626' title='bbox 2244 4009 2460 4063; x_wconf 89' lang='lat' dir='ltr'><strong>incitari</strong></span> <span class='ocrx_word' id='word_1_627' title='bbox 2515 4017 2722 4078; x_wconf 86' lang='lat' dir='ltr'><strong>queant</strong></span> <span class='ocrx_word' id='word_1_628' title='bbox 2770 4026 2782 4062; x_wconf 88' lang='lat'><strong>:</strong></span> <span class='ocrx_word' id='word_1_629' title='bbox 2833 4006 2913 4060; x_wconf 90' lang='lat' dir='ltr'><strong>vel</strong></span> <span class='ocrx_word' id='word_1_630' title='bbox 2977 4007 3188 4072; x_wconf 85' lang='lat' dir='ltr'><strong>etiam,</strong></span> <span class='ocrx_word' id='word_1_631' title='bbox 3241 4006 3370 4075; x_wconf 89' lang='lat' dir='ltr'><strong>quia</strong></span> <span class='ocrx_word' id='word_1_632' title='bbox 3428 4015 3559 4060; x_wconf 87' lang='lat' dir='ltr'><strong>tunc</strong></span> 
     </span>
    </p>
   </div>
   <div class='ocr_carea' id='block_1_84' title="bbox 1980 4099 3554 4173">
    <p class='ocr_par' dir='ltr' id='par_1_84' title="bbox 1980 4099 3554 4173">
     <span class='ocr_line' id='line_1_84' title="bbox 1980 4099 3554 4173; baseline -0.003 -18"><span class='ocrx_word' id='word_1_633' title='bbox 1980 4102 2280 4173; x_wconf 89' lang='lat' dir='ltr'><strong>pleniorem</strong></span> <span class='ocrx_word' id='word_1_634' title='bbox 2319 4109 2375 4155; x_wconf 86' lang='lat' dir='ltr'><strong>et</strong></span> <span class='ocrx_word' id='word_1_635' title='bbox 2416 4100 2814 4153; x_wconf 84' lang='lat' dir='ltr'><strong>ahsolutiorem</strong></span> <span class='ocrx_word' id='word_1_636' title='bbox 2866 4099 3155 4153; x_wconf 87' lang='lat' dir='ltr'><strong>scientiam</strong></span> <span class='ocrx_word' id='word_1_637' title='bbox 3198 4113 3554 4168; x_wconf 60' lang='lat' dir='ltr'><strong>consequenn</strong></span> 
     </span>
    </p>
   </div>
   <div class='ocr_carea' id='block_1_85' title="bbox 1983 4189 3554 4259">
    <p class='ocr_par' dir='ltr' id='par_1_85' title="bbox 1983 4189 3554 4259">
     <span class='ocr_line' id='line_1_85' title="bbox 1983 4189 3554 4259; baseline -0.003 -11"><span class='ocrx_word' id='word_1_638' title='bbox 1983 4202 2091 4248; x_wconf 88' lang='lat' dir='ltr'><strong>tur.</strong></span> <span class='ocrx_word' id='word_1_639' title='bbox 2142 4191 2332 4246; x_wconf 84' lang='lat' dir='ltr'><strong>Tertio</strong></span> <span class='ocrx_word' id='word_1_640' title='bbox 2368 4189 2508 4244; x_wconf 82' lang='lat' dir='ltr'><strong>illud</strong></span> <span class='ocrx_word' id='word_1_641' title='bbox 2548 4191 2644 4243; x_wconf 92' lang='lat' dir='ltr'><strong>tibi</strong></span> <span class='ocrx_word' id='word_1_642' title='bbox 2685 4189 2991 4243; x_wconf 87' lang='lat' dir='ltr'><strong>cavendnnt</strong></span> <span class='ocrx_word' id='word_1_643' title='bbox 3034 4201 3140 4257; x_wconf 90' lang='lat' dir='ltr'><strong>est,</strong></span> <span class='ocrx_word' id='word_1_644' title='bbox 3183 4206 3250 4244; x_wconf 93' lang='lat' dir='ltr'><strong>ne</strong></span> <span class='ocrx_word' id='word_1_645' title='bbox 3278 4189 3554 4259; x_wconf 81' lang='lat' dir='ltr'><strong>propriam</strong></span> 
     </span>
    </p>
   </div>
   <div class='ocr_carea' id='block_1_86' title="bbox 1981 4281 3558 4352">
    <p class='ocr_par' dir='ltr' id='par_1_86' title="bbox 1981 4281 3558 4352">
     <span class='ocr_line' id='line_1_86' title="bbox 1981 4281 3558 4352; baseline -0.002 -13"><span class='ocrx_word' id='word_1_646' title='bbox 1981 4286 2148 4341; x_wconf 86' lang='lat' dir='ltr'><strong>ullam</strong></span> <span class='ocrx_word' id='word_1_647' title='bbox 2203 4282 2330 4337; x_wconf 89' lang='lat' dir='ltr'><strong>mali</strong></span> <span class='ocrx_word' id='word_1_648' title='bbox 2377 4281 2743 4336; x_wconf 88' lang='lat' dir='ltr'><strong>substantiam</strong></span> <span class='ocrx_word' id='word_1_649' title='bbox 2783 4282 2970 4335; x_wconf 91' lang='lat' dir='ltr'><strong>animo</strong></span> <span class='ocrx_word' id='word_1_650' title='bbox 3022 4283 3324 4352; x_wconf 84' lang='lat' dir='ltr'><strong>concipias.</strong></span> <span class='ocrx_word' id='word_1_651' title='bbox 3370 4281 3558 4352; x_wconf 75' lang='lat' dir='ltr'><strong>Neque.</strong></span> 
     </span>
    </p>
   </div>
   <div class='ocr_carea' id='block_1_87' title="bbox 1981 4371 3558 4443">
    <p class='ocr_par' dir='ltr' id='par_1_87' title="bbox 1981 4371 3558 4443">
     <span class='ocr_line' id='line_1_87' title="bbox 1981 4371 3558 4443; baseline -0.005 -13"><span class='ocrx_word' id='word_1_652' title='bbox 1981 4376 2130 4430; x_wconf 89' lang='lat' dir='ltr'><strong>enim</strong></span> <span class='ocrx_word' id='word_1_653' title='bbox 2186 4376 2377 4430; x_wconf 81' lang='lat' dir='ltr'><strong>vitium</strong></span> <span class='ocrx_word' id='word_1_654' title='bbox 2438 4373 2597 4443; x_wconf 84' lang='lat' dir='ltr'><strong>quasi</strong></span> <span class='ocrx_word' id='word_1_655' title='bbox 2663 4372 2867 4427; x_wconf 84' lang='lat' dir='ltr'><strong>animal</strong></span> <span class='ocrx_word' id='word_1_656' title='bbox 2924 4371 3200 4442; x_wconf 85' lang='lat' dir='ltr'><strong>quoddam</strong></span> <span class='ocrx_word' id='word_1_657' title='bbox 3261 4374 3558 4427; x_wconf 74' lang='lat' dir='ltr'><strong>subsistit:</strong></span> 
     </span>
    </p>
   </div>
   <div class='ocr_carea' id='block_1_88' title="bbox 1987 4463 3565 4535">
    <p class='ocr_par' dir='ltr' id='par_1_88' title="bbox 1987 4463 3565 4535">
     <span class='ocr_line' id='line_1_88' title="bbox 1987 4463 3565 4535; baseline -0.003 -15"><span class='ocrx_word' id='word_1_658' title='bbox 1987 4482 2174 4521; x_wconf 91' lang='lat' dir='ltr'><strong>verum</strong></span> <span class='ocrx_word' id='word_1_659' title='bbox 2213 4465 2448 4535; x_wconf 79' lang='lat' dir='ltr'><strong>priva-tio</strong></span> <span class='ocrx_word' id='word_1_660' title='bbox 2486 4464 2640 4528; x_wconf 88' lang='lat' dir='ltr'><strong>boni,</strong></span> <span class='ocrx_word' id='word_1_661' title='bbox 2681 4465 2885 4519; x_wconf 84' lang='lat' dir='ltr'><strong>malmn</strong></span> <span class='ocrx_word' id='word_1_662' title='bbox 2922 4474 3024 4520; x_wconf 91' lang='lat' dir='ltr'><strong>est.</strong></span> <span class='ocrx_word' id='word_1_663' title='bbox 3055 4463 3167 4520; x_wconf 85' lang='lat' dir='ltr'><strong>Nec</strong></span> <span class='ocrx_word' id='word_1_664' title='bbox 3195 4481 3325 4520; x_wconf 90' lang='lat' dir='ltr'><strong>vero</strong></span> <span class='ocrx_word' id='word_1_665' title='bbox 3356 4465 3565 4534; x_wconf 78' lang='lat' dir='ltr'><strong>ingeni-</strong></span> 
     </span>
    </p>
   </div>
   <div class='ocr_carea' id='block_1_89' title="bbox 295 4553 3555 4642">
    <p class='ocr_par' dir='ltr' id='par_1_89' title="bbox 295 4553 3555 4642">
     <span class='ocr_line' id='line_1_89' title="bbox 295 4553 3555 4642; baseline -0.002 -29"><span class='ocrx_word' id='word_1_666' title='bbox 295 4561 442 4630; x_wconf 85' lang='lat' dir='ltr'><strong>quod</strong></span> <span class='ocrx_word' id='word_1_667' title='bbox 471 4560 517 4614; x_wconf 86' lang='lat' dir='ltr'><strong>si</strong></span> <span class='ocrx_word' id='word_1_668' title='bbox 545 4576 710 4629; x_wconf 89' lang='lat' dir='ltr'><strong>quam</strong></span> <span class='ocrx_word' id='word_1_669' title='bbox 735 4562 899 4615; x_wconf 88' lang='lat' dir='ltr'><strong>triunt</strong></span> <span class='ocrx_word' id='word_1_670' title='bbox 926 4574 1284 4630; x_wconf 88' lang='lat' dir='ltr'><strong>personarum</strong></span> <span class='ocrx_word' id='word_1_671' title='bbox 1318 4559 1684 4622; x_wconf 83' lang='lat' dir='ltr'><strong>imminueris,</strong></span> <span class='ocrx_word' id='word_1_672' title='bbox 1712 4568 1876 4628; x_wconf 87' lang='lat' dir='ltr'><strong>atque</strong></span> <span class='ocrx_word' id='word_1_673' title='bbox 1903 4581 1956 4642; x_wconf 72' lang='grc' dir='ltr'><strong>ι)</strong></span> <span class='ocrx_word' id='word_1_674' title='bbox 1982 4567 2096 4612; x_wconf 90' lang='lat' dir='ltr'><strong>tum</strong></span> <span class='ocrx_word' id='word_1_675' title='bbox 2129 4567 2232 4620; x_wconf 85' lang='lat' dir='ltr'><strong>est,</strong></span> <span class='ocrx_word' id='word_1_676' title='bbox 2263 4566 2323 4610; x_wconf 89' lang='lat' dir='ltr'><strong>ut</strong></span> <span class='ocrx_word' id='word_1_677' title='bbox 2353 4556 2500 4624; x_wconf 90' lang='lat' dir='ltr'><strong>impii</strong></span> <span class='ocrx_word' id='word_1_678' title='bbox 2525 4556 2794 4626; x_wconf 80' lang='lat' dir='ltr'><strong>garriunt,</strong></span> <span class='ocrx_word' id='word_1_679' title='bbox 2828 4553 2983 4611; x_wconf 65' lang='lat' dir='ltr'><strong>bonae</strong></span> <span class='ocrx_word' id='word_1_680' title='bbox 3015 4555 3090 4610; x_wconf 92' lang='lat' dir='ltr'><strong>illi</strong></span> <span class='ocrx_word' id='word_1_681' title='bbox 3125 4565 3180 4610; x_wconf 88' lang='lat' dir='ltr'><strong>et</strong></span> <span class='ocrx_word' id='word_1_682' title='bbox 3209 4557 3555 4626; x_wconf 72' lang='lat' dir='ltr'><strong>sempiterna:</strong></span> 
     </span>
    </p>
   </div>
   <div class='ocr_carea' id='block_1_90' title="bbox 296 4651 1873 4719">
    <p class='ocr_par' dir='ltr' id='par_1_90' title="bbox 296 4651 1873 4719">
     <span class='ocr_line' id='line_1_90' title="bbox 296 4651 1873 4719; baseline -0.001 -13"><span class='ocrx_word' id='word_1_683' title='bbox 296 4667 327 4706; x_wconf 85' lang='lat' dir='ltr'><strong>a</strong></span> <span class='ocrx_word' id='word_1_684' title='bbox 401 4652 687 4707; x_wconf 79' lang='lat' dir='ltr'><strong>divinitate</strong></span> <span class='ocrx_word' id='word_1_685' title='bbox 749 4653 1060 4708; x_wconf 84' lang='lat' dir='ltr'><strong>deturbaris</strong></span> <span class='ocrx_word' id='word_1_686' title='bbox 1119 4661 1173 4706; x_wconf 89' lang='lat' dir='ltr'><strong>et</strong></span> <span class='ocrx_word' id='word_1_687' title='bbox 1244 4651 1624 4719; x_wconf 82' lang='lat' dir='ltr'><strong>depresseris,</strong></span> <span class='ocrx_word' id='word_1_688' title='bbox 1699 4661 1873 4704; x_wconf 89' lang='lat' dir='ltr'><strong>totum</strong></span> 
     </span>
    </p>
   </div>
   <div class='ocr_carea' id='block_1_91' title="bbox 296 4741 1878 4816">
    <p class='ocr_par' dir='ltr' id='par_1_91' title="bbox 296 4741 1878 4816">
     <span class='ocr_line' id='line_1_91' title="bbox 296 4741 1878 4816; baseline -0.001 -19"><span class='ocrx_word' id='word_1_689' title='bbox 296 4759 550 4814; x_wconf 88' lang='lat' dir='ltr'><strong>quoque,</strong></span> <span class='ocrx_word' id='word_1_690' title='bbox 606 4755 872 4816; x_wconf 85' lang='lat' dir='ltr'><strong>quantum</strong></span> <span class='ocrx_word' id='word_1_691' title='bbox 930 4746 986 4798; x_wconf 91' lang='lat' dir='ltr'><strong>in</strong></span> <span class='ocrx_word' id='word_1_692' title='bbox 1043 4753 1098 4797; x_wconf 90' lang='lat' dir='ltr'><strong>te</strong></span> <span class='ocrx_word' id='word_1_693' title='bbox 1145 4743 1310 4797; x_wconf 87' lang='lat' dir='ltr'><strong>situm</strong></span> <span class='ocrx_word' id='word_1_694' title='bbox 1376 4743 1524 4808; x_wconf 88' lang='lat' dir='ltr'><strong>erit,</strong></span> <span class='ocrx_word' id='word_1_695' title='bbox 1576 4741 1878 4809; x_wconf 72' lang='lat' dir='ltr'><strong>deieceris,</strong></span> 
     </span>
    </p>
   </div>
   <div class='ocr_carea' id='block_1_92' title="bbox 298 4833 1880 4908">
    <p class='ocr_par' dir='ltr' id='par_1_92' title="bbox 298 4833 1880 4908">
     <span class='ocr_line' id='line_1_92' title="bbox 298 4833 1880 4908; baseline -0.001 -20"><span class='ocrx_word' id='word_1_696' title='bbox 298 4835 722 4908; x_wconf 78' lang='lat' dir='ltr'><strong>ignominiaque</strong></span> <span class='ocrx_word' id='word_1_697' title='bbox 786 4835 1080 4900; x_wconf 65' lang='lat' dir='ltr'><strong>adieceris,</strong></span> <span class='ocrx_word' id='word_1_698' title='bbox 1127 4849 1192 4889; x_wconf 89' lang='lat' dir='ltr'><strong>ac</strong></span> <span class='ocrx_word' id='word_1_699' title='bbox 1253 4834 1485 4903; x_wconf 88' lang='lat' dir='ltr'><strong>teipsum</strong></span> <span class='ocrx_word' id='word_1_700' title='bbox 1550 4833 1880 4902; x_wconf 79' lang='lat' dir='ltr'><strong>perfectione</strong></span> 
     </span>
    </p>
   </div>
   <div class='ocr_carea' id='block_1_93' title="bbox 298 4926 1878 4998">
    <p class='ocr_par' dir='ltr' id='par_1_93' title="bbox 298 4926 1878 4998">
     <span class='ocr_line' id='line_1_93' title="bbox 298 4926 1878 4998; baseline -0.003 -15"><span class='ocrx_word' id='word_1_701' title='bbox 298 4929 642 4998; x_wconf 75' lang='lat' dir='ltr'><strong>spoliaveris.</strong></span> <span class='ocrx_word' id='word_1_702' title='bbox 676 4932 782 4988; x_wconf 80' lang='lat' dir='ltr'><strong>Par</strong></span> <span class='ocrx_word' id='word_1_703' title='bbox 809 4931 955 4985; x_wconf 89' lang='lat' dir='ltr'><strong>enim</strong></span> <span class='ocrx_word' id='word_1_704' title='bbox 1015 4938 1098 4982; x_wconf 89' lang='lat' dir='ltr'><strong>est</strong></span> <span class='ocrx_word' id='word_1_705' title='bbox 1134 4927 1547 4990; x_wconf 87' lang='lat' dir='ltr'><strong>detrimentum,</strong></span> <span class='ocrx_word' id='word_1_706' title='bbox 1577 4927 1659 4978; x_wconf 83' lang='lat' dir='ltr'><strong>vel</strong></span> <span class='ocrx_word' id='word_1_707' title='bbox 1698 4926 1878 4994; x_wconf 81' lang='lat' dir='ltr'><strong>bapti-</strong></span> 
     </span>
    </p>
   </div>
   <div class='ocr_carea' id='block_1_94' title="bbox 299 5019 1880 5092">
    <p class='ocr_par' dir='ltr' id='par_1_94' title="bbox 299 5019 1880 5092">
     <span class='ocr_line' id='line_1_94' title="bbox 299 5019 1880 5092; baseline -0.001 -18"><span class='ocrx_word' id='word_1_708' title='bbox 299 5023 406 5075; x_wconf 74' lang='lat' dir='ltr'><strong>stni</strong></span> <span class='ocrx_word' id='word_1_709' title='bbox 442 5031 717 5092; x_wconf 66' lang='lat' dir='ltr'><strong>expertem</strong></span> <span class='ocrx_word' id='word_1_710' title='bbox 771 5024 880 5077; x_wconf 88' lang='lat' dir='ltr'><strong>vita</strong></span> <span class='ocrx_word' id='word_1_711' title='bbox 912 5020 1218 5084; x_wconf 88' lang='lat' dir='ltr'><strong>discedere,</strong></span> <span class='ocrx_word' id='word_1_712' title='bbox 1269 5019 1351 5073; x_wconf 90' lang='lat' dir='ltr'><strong>vel</strong></span> <span class='ocrx_word' id='word_1_713' title='bbox 1399 5034 1567 5073; x_wconf 86' lang='lat' dir='ltr'><strong>unum</strong></span> <span class='ocrx_word' id='word_1_714' title='bbox 1606 5019 1880 5089; x_wconf 89' lang='lat' dir='ltr'><strong>quoddam</strong></span> 
     </span>
    </p>
   </div>
   <div class='ocr_carea' id='block_1_95' title="bbox 300 5109 1879 5184">
    <p class='ocr_par' dir='ltr' id='par_1_95' title="bbox 300 5109 1879 5184">
     <span class='ocr_line' id='line_1_95' title="bbox 300 5109 1879 5184; baseline -0.001 -19"><span class='ocrx_word' id='word_1_715' title='bbox 300 5130 494 5166; x_wconf 88' lang='lat' dir='ltr'><strong>eorum</strong></span> <span class='ocrx_word' id='word_1_716' title='bbox 525 5132 644 5184; x_wconf 68' lang='lat' dir='ltr'><strong>qua:</strong></span> <span class='ocrx_word' id='word_1_717' title='bbox 686 5114 980 5168; x_wconf 85' lang='lat' dir='ltr'><strong>traditione</strong></span> <span class='ocrx_word' id='word_1_718' title='bbox 1021 5113 1355 5181; x_wconf 84' lang='lat' dir='ltr'><strong>accepimus,</strong></span> <span class='ocrx_word' id='word_1_719' title='bbox 1415 5125 1443 5164; x_wconf 92' lang='lat' dir='ltr'><strong>a</strong></span> <span class='ocrx_word' id='word_1_720' title='bbox 1480 5109 1703 5180; x_wconf 88' lang='lat' dir='ltr'><strong>reliquis</strong></span> <span class='ocrx_word' id='word_1_721' title='bbox 1749 5110 1879 5163; x_wconf 90' lang='lat' dir='ltr'><strong>sub-</strong></span> 
     </span>
    </p>
   </div>
   <div class='ocr_carea' id='block_1_96' title="bbox 304 5198 1932 5274">
    <p class='ocr_par' dir='ltr' id='par_1_96' title="bbox 304 5198 1932 5274">
     <span class='ocr_line' id='line_1_96' title="bbox 304 5198 1932 5274; baseline -0.002 -18"><span class='ocrx_word' id='word_1_722' title='bbox 304 5220 547 5264; x_wconf 80' lang='lat' dir='ltr'><strong>movere.</strong></span> <span class='ocrx_word' id='word_1_723' title='bbox 597 5215 761 5274; x_wconf 82' lang='lat' dir='ltr'><strong>atque</strong></span> <span class='ocrx_word' id='word_1_724' title='bbox 808 5205 1036 5258; x_wconf 76' lang='lat' dir='ltr'><strong>inferius</strong></span> <span class='ocrx_word' id='word_1_725' title='bbox 1088 5217 1356 5258; x_wconf 87' lang='lat' dir='ltr'><strong>asserere.</strong></span> <span class='ocrx_word' id='word_1_726' title='bbox 1406 5198 1675 5266; x_wconf 85' lang='lat' dir='ltr'><strong>Quocirca</strong></span> <span class='ocrx_word' id='word_1_727' title='bbox 1721 5200 1877 5255; x_wconf 88' lang='lat' dir='ltr'><strong>nobis</strong></span> <span class='ocrx_word' id='word_1_728' title='bbox 1912 5231 1932 5248; x_wconf 66' lang='grc' dir='ltr'><strong>ς</strong></span> 
     </span>
    </p>
   </div>
   <div class='ocr_carea' id='block_1_97' title="bbox 303 5293 1870 5363">
    <p class='ocr_par' dir='ltr' id='par_1_97' title="bbox 303 5293 1870 5363">
     <span class='ocr_line' id='line_1_97' title="bbox 303 5293 1870 5363; baseline -0.001 -15"><span class='ocrx_word' id='word_1_729' title='bbox 303 5295 536 5348; x_wconf 75' lang='lat' dir='ltr'><strong>ﬁrmiter</strong></span> <span class='ocrx_word' id='word_1_730' title='bbox 565 5304 728 5363; x_wconf 87' lang='lat' dir='ltr'><strong>atque</strong></span> <span class='ocrx_word' id='word_1_731' title='bbox 760 5295 1151 5349; x_wconf 87' lang='lat' dir='ltr'><strong>inviolabiliter</strong></span> <span class='ocrx_word' id='word_1_732' title='bbox 1178 5295 1409 5346; x_wconf 87' lang='lat' dir='ltr'><strong>tenenda</strong></span> <span class='ocrx_word' id='word_1_733' title='bbox 1435 5300 1603 5346; x_wconf 87' lang='lat' dir='ltr'><strong>estea</strong></span> <span class='ocrx_word' id='word_1_734' title='bbox 1631 5293 1870 5357; x_wconf 73' lang='lat' dir='ltr'><strong>traditio,</strong></span> 
     </span>
    </p>
   </div>
   <div class='ocr_carea' id='block_1_98' title="bbox 375 5450 1395 5520">
    <p class='ocr_par' dir='ltr' id='par_1_98' title="bbox 375 5450 1395 5520">
     <span class='ocr_line' id='line_1_98' title="bbox 375 5450 1395 5520; baseline -0.001 -13"><span class='ocrx_word' id='word_1_735' title='bbox 375 5454 395 5484; x_wconf 85' lang='grc'>³</span> <span class='ocrx_word' id='word_1_736' title='bbox 420 5453 579 5508; x_wconf 83' lang='lat' dir='ltr'><strong>Joau.</strong></span> <span class='ocrx_word' id='word_1_737' title='bbox 615 5470 726 5520; x_wconf 76' lang='lat' dir='ltr'><strong>nx,</strong></span> <span class='ocrx_word' id='word_1_738' title='bbox 757 5453 849 5509; x_wconf 72' lang='lat'><strong>22.</strong></span> <span class='ocrx_word' id='word_1_739' title='bbox 927 5452 948 5484; x_wconf 76' lang='lat'><strong>‘</strong></span> <span class='ocrx_word' id='word_1_740' title='bbox 969 5451 1129 5507; x_wconf 79' lang='lat' dir='ltr'><strong>Rom.</strong></span> <span class='ocrx_word' id='word_1_741' title='bbox 1157 5467 1276 5515; x_wconf 85' lang='lat' dir='ltr'><strong>vttt,</strong></span> <span class='ocrx_word' id='word_1_742' title='bbox 1303 5450 1395 5506; x_wconf 70' lang='lat' dir='ltr'><strong>2t.</strong></span> 
     </span>
    </p>
   </div>
   <div class='ocr_carea' id='block_1_99' title="bbox 373 5606 1884 5685">
    <p class='ocr_par' dir='ltr' id='par_1_99' title="bbox 373 5606 1884 5685">
     <span class='ocr_line' id='line_1_99' title="bbox 373 5606 1884 5685; baseline 0 -21"><span class='ocrx_word' id='word_1_743' title='bbox 373 5610 484 5685; x_wconf 71' lang='lat' dir='ltr'><strong>(l2)</strong></span> <span class='ocrx_word' id='word_1_744' title='bbox 511 5611 737 5678; x_wconf 79' lang='lat' dir='ltr'><strong>Quanta:</strong></span> <span class='ocrx_word' id='word_1_745' title='bbox 758 5610 886 5685; x_wconf 88' lang='lat' dir='ltr'><strong>olim</strong></span> <span class='ocrx_word' id='word_1_746' title='bbox 906 5609 1240 5685; x_wconf 81' lang='lat' dir='ltr'><strong>auctoritatis</strong></span> <span class='ocrx_word' id='word_1_747' title='bbox 1265 5606 1427 5661; x_wconf 82' lang='lat' dir='ltr'><strong>fuerit</strong></span> <span class='ocrx_word' id='word_1_748' title='bbox 1445 5607 1536 5662; x_wconf 91' lang='lat' dir='ltr'><strong>hic</strong></span> <span class='ocrx_word' id='word_1_749' title='bbox 1571 5609 1706 5685; x_wconf 77' lang='lat' dir='ltr'><strong>liber</strong></span> <span class='ocrx_word' id='word_1_750' title='bbox 1729 5615 1884 5685; x_wconf 72' lang='lat' dir='ltr'><strong>patet</strong></span> 
     </span>
    </p>
   </div>
   <div class='ocr_carea' id='block_1_100' title="bbox 303 5679 1879 5749">
    <p class='ocr_par' dir='ltr' id='par_1_100' title="bbox 303 5679 1879 5749">
     <span class='ocr_line' id='line_1_100' title="bbox 303 5679 1879 5749; baseline -0.004 -11"><span class='ocrx_word' id='word_1_751' title='bbox 303 5679 393 5739; x_wconf 60' lang='lat' dir='ltr'><strong>ex&#39;</strong></span> <span class='ocrx_word' id='word_1_752' title='bbox 422 5679 719 5737; x_wconf 80' lang='lat' dir='ltr'><strong>Athanasio</strong></span> <span class='ocrx_word' id='word_1_753' title='bbox 767 5684 857 5749; x_wconf 90' lang='lat' dir='ltr'><strong>qui</strong></span> <span class='ocrx_word' id='word_1_754' title='bbox 916 5681 969 5732; x_wconf 92' lang='lat' dir='ltr'><strong>in</strong></span> <span class='ocrx_word' id='word_1_755' title='bbox 1021 5679 1302 5747; x_wconf 87' lang='lat' dir='ltr'><strong>epistolam</strong></span> <span class='ocrx_word' id='word_1_756' title='bbox 1351 5692 1514 5749; x_wconf 89' lang='lat' dir='ltr'><strong>quam</strong></span> <span class='ocrx_word' id='word_1_757' title='bbox 1576 5679 1764 5749; x_wconf 84' lang='lat' dir='ltr'><strong>scribit</strong></span> <span class='ocrx_word' id='word_1_758' title='bbox 1813 5681 1879 5731; x_wconf 89' lang='lat' dir='ltr'><strong>ad</strong></span> 
     </span>
    </p>
   </div>
   <div class='ocr_carea' id='block_1_101' title="bbox 303 5747 1878 5818">
    <p class='ocr_par' dir='ltr' id='par_1_101' title="bbox 303 5747 1878 5818">
     <span class='ocr_line' id='line_1_101' title="bbox 303 5747 1878 5818; baseline -0.005 -11"><span class='ocrx_word' id='word_1_759' title='bbox 303 5769 466 5807; x_wconf 87' lang='lat' dir='ltr'><strong>avum</strong></span> <span class='ocrx_word' id='word_1_760' title='bbox 514 5747 843 5806; x_wconf 80' lang='lat' dir='ltr'><strong>monachum</strong></span> <span class='ocrx_word' id='word_1_761' title='bbox 881 5763 1004 5804; x_wconf 92' lang='lat' dir='ltr'><strong>cum</strong></span> <span class='ocrx_word' id='word_1_762' title='bbox 1051 5749 1327 5818; x_wconf 82' lang='lat' dir='ltr'><strong>Sapientia</strong></span> <span class='ocrx_word' id='word_1_763' title='bbox 1358 5747 1667 5818; x_wconf 87' lang='lat' dir='ltr'><strong>Salomonis</strong></span> <span class='ocrx_word' id='word_1_764' title='bbox 1693 5759 1757 5818; x_wconf 66' lang='lat' dir='ltr'><strong>et</strong></span> <span class='ocrx_word' id='word_1_765' title='bbox 1777 5749 1878 5800; x_wconf 83' lang='lat' dir='ltr'><strong>Sa-</strong></span> 
     </span>
    </p>
   </div>
   <div class='ocr_carea' id='block_1_102' title="bbox 302 5816 1887 5895">
    <p class='ocr_par' dir='ltr' id='par_1_102' title="bbox 302 5816 1887 5895">
     <span class='ocr_line' id='line_1_102' title="bbox 302 5816 1887 5895; baseline -0.003 -17"><span class='ocrx_word' id='word_1_766' title='bbox 302 5824 508 5895; x_wconf 80' lang='lat' dir='ltr'><strong>pientia</strong></span> <span class='ocrx_word' id='word_1_767' title='bbox 562 5821 852 5887; x_wconf 82' lang='lat' dir='ltr'><strong>Sidrachi,</strong></span> <span class='ocrx_word' id='word_1_768' title='bbox 889 5829 942 5876; x_wconf 85' lang='lat' dir='ltr'><strong>et</strong></span> <span class='ocrx_word' id='word_1_769' title='bbox 991 5816 1206 5885; x_wconf 71' lang='lat' dir='ltr'><strong>Esther,</strong></span> <span class='ocrx_word' id='word_1_770' title='bbox 1254 5828 1305 5872; x_wconf 86' lang='lat' dir='ltr'><strong>et</strong></span> <span class='ocrx_word' id='word_1_771' title='bbox 1355 5817 1561 5885; x_wconf 79' lang='lat' dir='ltr'><strong>Jndith,</strong></span> <span class='ocrx_word' id='word_1_772' title='bbox 1609 5833 1672 5873; x_wconf 87' lang='lat' dir='ltr'><strong>ac</strong></span> <span class='ocrx_word' id='word_1_773' title='bbox 1717 5816 1887 5874; x_wconf 84' lang='lat' dir='ltr'><strong>Tobia</strong></span> 
     </span>
    </p>
   </div>
   <div class='ocr_carea' id='block_1_103' title="bbox 1984 4646 3557 4718">
    <p class='ocr_par' dir='ltr' id='par_1_103' title="bbox 1984 4646 3557 4718">
     <span class='ocr_line' id='line_1_103' title="bbox 1984 4646 3557 4718; baseline -0.003 -13"><span class='ocrx_word' id='word_1_774' title='bbox 1984 4658 2192 4705; x_wconf 72' lang='lat' dir='ltr'><strong>natura:</strong></span> <span class='ocrx_word' id='word_1_775' title='bbox 2252 4648 2445 4702; x_wconf 92' lang='lat' dir='ltr'><strong>vitium</strong></span> <span class='ocrx_word' id='word_1_776' title='bbox 2503 4648 2714 4704; x_wconf 92' lang='lat' dir='ltr'><strong>honore</strong></span> <span class='ocrx_word' id='word_1_777' title='bbox 2769 4658 3120 4718; x_wconf 79' lang='lat' dir='ltr'><strong>cxacquantes</strong></span> <span class='ocrx_word' id='word_1_778' title='bbox 3177 4647 3261 4717; x_wconf 86' lang='lat' dir='ltr'><strong>(si</strong></span> <span class='ocrx_word' id='word_1_779' title='bbox 3337 4646 3557 4717; x_wconf 88' lang='lat' dir='ltr'><strong>quidem</strong></span> 
     </span>
    </p>
   </div>
   <div class='ocr_carea' id='block_1_104' title="bbox 1981 4739 3551 4812">
    <p class='ocr_par' dir='ltr' id='par_1_104' title="bbox 1981 4739 3551 4812">
     <span class='ocr_line' id='line_1_104' title="bbox 1981 4739 3551 4812; baseline -0.004 -14"><span class='ocrx_word' id='word_1_780' title='bbox 1981 4755 2272 4812; x_wconf 89' lang='lat' dir='ltr'><strong>utrumque</strong></span> <span class='ocrx_word' id='word_1_781' title='bbox 2301 4741 2495 4795; x_wconf 88' lang='lat' dir='ltr'><strong>horum</strong></span> <span class='ocrx_word' id='word_1_782' title='bbox 2527 4741 2779 4811; x_wconf 88' lang='lat' dir='ltr'><strong>principii</strong></span> <span class='ocrx_word' id='word_1_783' title='bbox 2811 4757 3004 4810; x_wconf 76' lang='lat' dir='ltr'><strong>expers</strong></span> <span class='ocrx_word' id='word_1_784' title='bbox 3053 4749 3220 4812; x_wconf 90' lang='lat' dir='ltr'><strong>atque</strong></span> <span class='ocrx_word' id='word_1_785' title='bbox 3251 4739 3551 4810; x_wconf 83' lang='lat' dir='ltr'><strong>ingenitum</strong></span> 
     </span>
    </p>
   </div>
   <div class='ocr_carea' id='block_1_105' title="bbox 1981 4832 3556 4904">
    <p class='ocr_par' dir='ltr' id='par_1_105' title="bbox 1981 4832 3556 4904">
     <span class='ocr_line' id='line_1_105' title="bbox 1981 4832 3556 4904; baseline -0.004 -14"><span class='ocrx_word' id='word_1_786' title='bbox 1981 4839 2100 4904; x_wconf 89' lang='lat' dir='ltr'><strong>est)</strong></span> <span class='ocrx_word' id='word_1_787' title='bbox 2138 4853 2152 4888; x_wconf 92' lang='lat'><strong>:</strong></span> <span class='ocrx_word' id='word_1_788' title='bbox 2187 4849 2287 4888; x_wconf 89' lang='lat' dir='ltr'><strong>nec</strong></span> <span class='ocrx_word' id='word_1_789' title='bbox 2323 4848 2516 4888; x_wconf 90' lang='lat' dir='ltr'><strong>rursus</strong></span> <span class='ocrx_word' id='word_1_790' title='bbox 2548 4834 2810 4901; x_wconf 77' lang='lat' dir='ltr'><strong>genitum.</strong></span> <span class='ocrx_word' id='word_1_791' title='bbox 2857 4833 3071 4888; x_wconf 82' lang='lat' dir='ltr'><strong>Etenim</strong></span> <span class='ocrx_word' id='word_1_792' title='bbox 3115 4847 3238 4888; x_wconf 88' lang='lat' dir='ltr'><strong>cum</strong></span> <span class='ocrx_word' id='word_1_793' title='bbox 3273 4832 3458 4887; x_wconf 92' lang='lat' dir='ltr'><strong>omnia</strong></span> <span class='ocrx_word' id='word_1_794' title='bbox 3491 4847 3556 4887; x_wconf 83' lang='lat' dir='ltr'><strong>ex</strong></span> 
     </span>
    </p>
   </div>
   <div class='ocr_carea' id='block_1_106' title="bbox 1986 4921 3564 4993">
    <p class='ocr_par' dir='ltr' id='par_1_106' title="bbox 1986 4921 3564 4993">
     <span class='ocr_line' id='line_1_106' title="bbox 1986 4921 3564 4993; baseline -0.001 -15"><span class='ocrx_word' id='word_1_795' title='bbox 1986 4923 2098 4978; x_wconf 90' lang='lat' dir='ltr'><strong>Deo</strong></span> <span class='ocrx_word' id='word_1_796' title='bbox 2131 4924 2262 4990; x_wconf 90' lang='lat' dir='ltr'><strong>sint,</strong></span> <span class='ocrx_word' id='word_1_797' title='bbox 2293 4939 2413 4993; x_wconf 93' lang='lat' dir='ltr'><strong>quo-</strong></span> <span class='ocrx_word' id='word_1_798' title='bbox 2453 4924 2618 4977; x_wconf 89' lang='lat' dir='ltr'><strong>modo</strong></span> <span class='ocrx_word' id='word_1_799' title='bbox 2657 4924 2858 4977; x_wconf 84' lang='lat' dir='ltr'><strong>malum</strong></span> <span class='ocrx_word' id='word_1_800' title='bbox 2916 4938 2982 4978; x_wconf 81' lang='lat' dir='ltr'><strong>ex</strong></span> <span class='ocrx_word' id='word_1_801' title='bbox 3015 4923 3159 4978; x_wconf 90' lang='lat' dir='ltr'><strong>bono</strong></span> <span class='ocrx_word' id='word_1_802' title='bbox 3205 4935 3326 4977; x_wconf 86' lang='lat' dir='ltr'><strong>esse</strong></span> <span class='ocrx_word' id='word_1_803' title='bbox 3356 4921 3564 4991; x_wconf 80' lang='lat' dir='ltr'><strong>queat?</strong></span> 
     </span>
    </p>
   </div>
   <div class='ocr_carea' id='block_1_107' title="bbox 1988 5015 3557 5087">
    <p class='ocr_par' dir='ltr' id='par_1_107' title="bbox 1988 5015 3557 5087">
     <span class='ocr_line' id='line_1_107' title="bbox 1988 5015 3557 5087; baseline 0 -17"><span class='ocrx_word' id='word_1_804' title='bbox 1988 5016 2184 5072; x_wconf 85' lang='lat' dir='ltr'><strong>Verum</strong></span> <span class='ocrx_word' id='word_1_805' title='bbox 2228 5016 2692 5086; x_wconf 86' lang='lat' dir='ltr'><strong>quemadmodum</strong></span> <span class='ocrx_word' id='word_1_806' title='bbox 2732 5015 2879 5072; x_wconf 90' lang='lat' dir='ltr'><strong>Deus</strong></span> <span class='ocrx_word' id='word_1_807' title='bbox 2920 5032 3124 5087; x_wconf 89' lang='lat' dir='ltr'><strong>corpus</strong></span> <span class='ocrx_word' id='word_1_808' title='bbox 3151 5016 3371 5087; x_wconf 88' lang='lat' dir='ltr'><strong>quidem</strong></span> <span class='ocrx_word' id='word_1_809' title='bbox 3402 5030 3557 5071; x_wconf 88' lang='lat' dir='ltr'><strong>crea-</strong></span> 
     </span>
    </p>
   </div>
   <div class='ocr_carea' id='block_1_108' title="bbox 1979 5110 3557 5175">
    <p class='ocr_par' dir='ltr' id='par_1_108' title="bbox 1979 5110 3557 5175">
     <span class='ocr_line' id='line_1_108' title="bbox 1979 5110 3557 5175; baseline -0.001 -11"><span class='ocrx_word' id='word_1_810' title='bbox 1979 5111 2078 5175; x_wconf 89' lang='lat' dir='ltr'><strong>vit,</strong></span> <span class='ocrx_word' id='word_1_811' title='bbox 2107 5125 2216 5165; x_wconf 91' lang='lat' dir='ltr'><strong>non</strong></span> <span class='ocrx_word' id='word_1_812' title='bbox 2252 5117 2437 5164; x_wconf 83' lang='lat' dir='ltr'><strong>autem</strong></span> <span class='ocrx_word' id='word_1_813' title='bbox 2479 5110 2731 5164; x_wconf 91' lang='lat' dir='ltr'><strong>morbum</strong></span> <span class='ocrx_word' id='word_1_814' title='bbox 2766 5129 2780 5164; x_wconf 90' lang='lat'><strong>:</strong></span> <span class='ocrx_word' id='word_1_815' title='bbox 2812 5110 2891 5165; x_wconf 90' lang='lat' dir='ltr'><strong>sic</strong></span> <span class='ocrx_word' id='word_1_816' title='bbox 2923 5113 3091 5166; x_wconf 85' lang='lat' dir='ltr'><strong>etiam</strong></span> <span class='ocrx_word' id='word_1_817' title='bbox 3126 5111 3364 5164; x_wconf 86' lang='lat' dir='ltr'><strong>animam</strong></span> <span class='ocrx_word' id='word_1_818' title='bbox 3399 5125 3520 5164; x_wconf 79' lang='lat' dir='ltr'><strong>crca</strong></span> <span class='ocrx_word' id='word_1_819' title='bbox 3544 5137 3557 5146; x_wconf 84' lang='lat'><strong>-</strong></span> 
     </span>
    </p>
   </div>
   <div class='ocr_carea' id='block_1_109' title="bbox 1973 5200 3558 5272">
    <p class='ocr_par' dir='ltr' id='par_1_109' title="bbox 1973 5200 3558 5272">
     <span class='ocr_line' id='line_1_109' title="bbox 1973 5200 3558 5272; baseline -0.001 -16"><span class='ocrx_word' id='word_1_820' title='bbox 1973 5203 2072 5267; x_wconf 88' lang='lat' dir='ltr'><strong>vit,</strong></span> <span class='ocrx_word' id='word_1_821' title='bbox 2124 5216 2232 5256; x_wconf 92' lang='lat' dir='ltr'><strong>non</strong></span> <span class='ocrx_word' id='word_1_822' title='bbox 2277 5210 2458 5255; x_wconf 89' lang='lat' dir='ltr'><strong>autem</strong></span> <span class='ocrx_word' id='word_1_823' title='bbox 2512 5210 2821 5272; x_wconf 90' lang='lat' dir='ltr'><strong>peccatum.</strong></span> <span class='ocrx_word' id='word_1_824' title='bbox 2860 5200 3062 5258; x_wconf 81' lang='lat' dir='ltr'><strong>Verum</strong></span> <span class='ocrx_word' id='word_1_825' title='bbox 3115 5202 3298 5257; x_wconf 88' lang='lat' dir='ltr'><strong>anima</strong></span> <span class='ocrx_word' id='word_1_826' title='bbox 3354 5206 3420 5257; x_wconf 89' lang='lat' dir='ltr'><strong>ab</strong></span> <span class='ocrx_word' id='word_1_827' title='bbox 3473 5217 3558 5266; x_wconf 88' lang='lat' dir='ltr'><strong>eo,</strong></span> 
     </span>
    </p>
   </div>
   <div class='ocr_carea' id='block_1_110' title="bbox 1974 5291 3542 5363">
    <p class='ocr_par' dir='ltr' id='par_1_110' title="bbox 1974 5291 3542 5363">
     <span class='ocr_line' id='line_1_110' title="bbox 1974 5291 3542 5363; baseline 0.001 -19"><span class='ocrx_word' id='word_1_828' title='bbox 1974 5292 2121 5363; x_wconf 86' lang='lat' dir='ltr'><strong>quod</strong></span> <span class='ocrx_word' id='word_1_829' title='bbox 2172 5291 2477 5347; x_wconf 81' lang='lat' dir='ltr'><strong>secundum</strong></span> <span class='ocrx_word' id='word_1_830' title='bbox 2535 5301 2786 5347; x_wconf 81' lang='lat' dir='ltr'><strong>naturam</strong></span> <span class='ocrx_word' id='word_1_831' title='bbox 2839 5303 2980 5361; x_wconf 89' lang='lat' dir='ltr'><strong>erat,</strong></span> <span class='ocrx_word' id='word_1_832' title='bbox 3029 5302 3342 5350; x_wconf 73' lang='lat' dir='ltr'><strong>transversa</strong></span> <span class='ocrx_word' id='word_1_833' title='bbox 3400 5305 3542 5360; x_wconf 84' lang='lat' dir='ltr'><strong>acta,</strong></span> 
     </span>
    </p>
   </div>
   <div class='ocr_carea' id='block_1_111' title="bbox 1985 5609 3563 5687">
    <p class='ocr_par' dir='ltr' id='par_1_111' title="bbox 1985 5609 3563 5687">
     <span class='ocr_line' id='line_1_111' title="bbox 1985 5609 3563 5687; baseline 0.003 -24"><span class='ocrx_word' id='word_1_834' title='bbox 1985 5623 2132 5687; x_wconf 35' lang='lat' dir='ltr'><strong>eum.</strong></span> <span class='ocrx_word' id='word_1_835' title='bbox 2177 5617 2454 5687; x_wconf 75' lang='lat' dir='ltr'><strong>aggregat.</strong></span> <span class='ocrx_word' id='word_1_836' title='bbox 2492 5609 2746 5687; x_wconf 47' lang='lat' dir='ltr'><strong>ﬁnitiuus</strong></span> <span class='ocrx_word' id='word_1_837' title='bbox 2823 5613 2985 5687; x_wconf 82' lang='lat' dir='ltr'><strong>etiam</strong></span> <span class='ocrx_word' id='word_1_838' title='bbox 3031 5613 3085 5668; x_wconf 89' lang='lat' dir='ltr'><strong>in</strong></span> <span class='ocrx_word' id='word_1_839' title='bbox 3129 5614 3563 5687; x_wconf 79' lang='lat' dir='ltr'><strong>suoSymbolo,</strong></span> 
     </span>
    </p>
   </div>
   <div class='ocr_carea' id='block_1_112' title="bbox 1988 5677 3568 5761">
    <p class='ocr_par' dir='ltr' id='par_1_112' title="bbox 1988 5677 3568 5761">
     <span class='ocr_line' id='line_1_112' title="bbox 1988 5677 3568 5761; baseline 0.005 -31"><span class='ocrx_word' id='word_1_840' title='bbox 1988 5677 2133 5760; x_wconf 80' lang='lat' dir='ltr'><strong>quod</strong></span> <span class='ocrx_word' id='word_1_841' title='bbox 2165 5677 2499 5761; x_wconf 61' lang='lat' dir='ltr'><strong>eistatinter</strong></span> <span class='ocrx_word' id='word_1_842' title='bbox 2527 5681 2839 5761; x_wconf 83' lang='lat' dir='ltr'><strong>Hieronymi</strong></span> <span class='ocrx_word' id='word_1_843' title='bbox 2874 5699 3035 5761; x_wconf 85' lang='lat' dir='ltr'><strong>opera</strong></span> <span class='ocrx_word' id='word_1_844' title='bbox 3067 5692 3216 5741; x_wconf 80' lang='lat' dir='ltr'><strong>tonio</strong></span> <span class='ocrx_word' id='word_1_845' title='bbox 3251 5677 3341 5749; x_wconf 75' lang='grc' dir='ltr'><strong>ιγζ</strong></span> <span class='ocrx_word' id='word_1_846' title='bbox 3375 5677 3568 5761; x_wconf 59' lang='lat' dir='ltr'><strong>quam;</strong></span> 
     </span>
    </p>
   </div>
   <div class='ocr_carea' id='block_1_113' title="bbox 1993 5756 3564 5816">
    <p class='ocr_par' dir='ltr' id='par_1_113' title="bbox 1993 5756 3564 5816">
     <span class='ocr_line' id='line_1_113' title="bbox 1993 5756 3564 5816; baseline 0.006 -15"><span class='ocrx_word' id='word_1_847' title='bbox 1993 5756 2074 5802; x_wconf 85' lang='lat' dir='ltr'><strong>vis</strong></span> <span class='ocrx_word' id='word_1_848' title='bbox 2106 5764 2210 5802; x_wconf 91' lang='lat' dir='ltr'><strong>non</strong></span> <span class='ocrx_word' id='word_1_849' title='bbox 2245 5756 2589 5816; x_wconf 89' lang='lat' dir='ltr'><strong>canonicam,</strong></span> <span class='ocrx_word' id='word_1_850' title='bbox 2635 5756 3059 5810; x_wconf 83' lang='lat' dir='ltr'><strong>ecclesiasticam</strong></span> <span class='ocrx_word' id='word_1_851' title='bbox 3115 5767 3292 5810; x_wconf 87' lang='lat' dir='ltr'><strong>tamen</strong></span> <span class='ocrx_word' id='word_1_852' title='bbox 3331 5759 3564 5810; x_wconf 81' lang='lat' dir='ltr'><strong>auctori-</strong></span> 
     </span>
    </p>
   </div>
   <div class='ocr_carea' id='block_1_114' title="bbox 1995 5817 2722 5887">
    <p class='ocr_par' dir='ltr' id='par_1_114' title="bbox 1995 5817 2722 5887">
     <span class='ocr_line' id='line_1_114' title="bbox 1995 5817 2722 5887; baseline 0.01 -14"><span class='ocrx_word' id='word_1_853' title='bbox 1995 5826 2160 5887; x_wconf 71' lang='lat' dir='ltr'><strong>tatept</strong></span> <span class='ocrx_word' id='word_1_854' title='bbox 2197 5817 2325 5875; x_wconf 89' lang='lat' dir='ltr'><strong>huic</strong></span> <span class='ocrx_word' id='word_1_855' title='bbox 2351 5819 2486 5876; x_wconf 91' lang='lat' dir='ltr'><strong>libro</strong></span> <span class='ocrx_word' id='word_1_856' title='bbox 2517 5824 2722 5880; x_wconf 81' lang='lat' dir='ltr'><strong>tribuit.</strong></span> 
     </span>
    </p>
   </div>
  </div>
