3958 6204
583 359 716 422 1209

1988 364 2370 425 ADDENDA.
3758 359 3838 428 illi]

579 473 714 526 vitio
758 470 956 528 iniecta
1007 478 1114 528 est.
1167 471 1322 538 Quod
1353 481 1538 528 autem
1573 481 1691 528 erat
1721 472 1854 528 illud
1912 474 2141 541 bonum,
2189 477 2234 535 Α
2265 472 2471 529 dictum
2497 482 2601 541 est,
2624 473 2718 542 qui
2747 471 3194 527 humanitatem
3234 467 3465 526 Christi
3499 470 3692 527 mentis
3714 487 3842 543 ειρσο

583 579 695 632 quo
721 563 955 630 primum
986 572 1106 616 erat
1131 564 1371 618 ornata?
1399 564 1664 619 nimirum
1689 565 1834 634 quod
1872 564 1980 621 Deo
2015 566 2155 620 indi-

582 658 735 711 vulse
770 656 927 711 aﬁixa
959 667 1099 717 erat,
1133 671 1387 726 nexuque
1421 656 1706 714 cbaritatis
1731 657 1780 712 ei
1813 656 2109 727 conjuncta
2141 673 2154 710 :

580 766 610 804 a
643 766 750 818 qua
804 757 1161 819 posteaquam
1198 749 1427 811 excidit,
1466 748 1637 804 variis
1669 757 1723 804 et
1768 749 2159 819 multiplicibus

583 841 794 897 morbis
848 840 1172 896 labefactata
1230 848 1334 896 est.
1385 839 1560 908 Quam
1603 849 1785 896 autem
1832 841 1903 896 ob
1937 857 2157 897 causam

582 934 809 986 omnino
858 933 988 988 mali
1033 949 1205 1003 capax
1259 942 1442 988 creata
1498 933 1628 988 est?
1673 942 1898 1003 propter
1943 933 2156 988 arbitrii

581 1027 915 1092 libertatem,
950 1042 1073 1098 qua:
1123 1035 1336 1082 natura
1369 1026 1586 1083 ratione
1636 1027 1878 1097 prteditte
1923 1028 2160 1082 maxime

580 1119 958 1175 conveniebat.
1024 1119 1190 1189 Ergo,
1244 1131 1302 1175 ut
1349 1121 1462 1190 jam
1515 1137 1543 1174 a
1592 1121 1750 1174 nobis
1789 1119 1993 1176 dictum
2051 1130 2157 1186 est,

581 1211 786 1266 malum
821 1226 929 1266 non
978 1212 1099 1266 viva
1150 1221 1203 1267 et
1251 1212 1491 1267 animata
1529 1211 1771 1267 essentia
1813 1219 1918 1278 est,
1969 1227 2155 1268 verum

580 1300 798 1356 ali‘ectio
840 1303 1040 1357 anima:
1072 1303 1258 1357 virtuti
1289 1303 1590 1367 contraria,
1634 1319 1759 1374 quae
1792 1316 2016 1376 propter
2071 1320 2158 1360 rc-

580 1407 797 1447 cessum
854 1408 917 1448 ac
964 1394 1370 1462 prolapsionem
1425 1409 1455 1448 a
1523 1395 1664 1450 bono
1731 1396 2056 1452 socordibus
2107 1405 2162 1451 et

586 1486 817 1556 torpidis
872 1487 1187 1542 hominibus
1213 1485 1534 1542 innascitur.
1594 1486 1868 1554 Quocirca
1921 1503 2028 1543 non
2077 1497 2159 1543 est

584 1579 730 1646 quod
777 1579 1119 1633 extrinsecus
1165 1579 1367 1633 malum
1427 1581 1862 1650 circumspicias,
1913 1590 2008 1636 aut
2041 1581 2156 1651 pri-

580 1685 805 1723 litteram
866 1669 1165 1740 quamdam
1215 1669 1589 1739 improbitatis
1647 1681 1902 1727 naturam
1967 1672 2155 1744 imagi-

581 1761 771 1826 neris,
831 1777 1022 1816 verum
1084 1778 1531 1833 unumquemque
1572 1773 1820 1818 nostrum
1881 1764 1984 1819 sibi
2039 1765 2156 1820 vitii

580 1864 864 1908 auctorem
894 1863 1060 1925 atque
1084 1854 1446 1910 architectum
1476 1870 1598 1911 esse
1647 1856 1910 1923 itttelligc.
1952 1855 2154 1911 Eorum

577 1946 745 2012 enim,
781 1962 902 2016 qmr
946 1947 1102 2011 ﬁunt,
1141 1947 1244 2002 alia
1286 1964 1317 2003 a
1361 1947 1755 2002 naturanobis
1782 1949 2066 2012 eveniunt,
2099 1957 2156 2002 ut

579 2051 834 2093 senectus
864 2048 920 2092 et
958 2039 1250 2096 inﬁrmitas
1283 2059 1296 2095 :
1331 2040 1434 2094 alia
1473 2049 1676 2094 temere
1707 2039 1984 2104 accidunt,
2010 2040 2157 2094 velut

585 2129 796 2184 fortuiti
851 2140 908 2184 et
959 2129 1240 2200 improvisi
1289 2145 1490 2196 casus,
1543 2138 1605 2184 ut
1682 2129 1727 2184 si
1777 2129 1901 2200 quis
1937 2139 2154 2201 puteum

582 2221 794 2275 fodiens
820 2220 1138 2276 thesaurum
1171 2221 1451 2292 reperiat:
1478 2222 1582 2276 alia
1609 2221 1848 2292 denique
1881 2223 1933 2274 in
1969 2230 2157 2276 nostro

579 2315 809 2368 arbitrio
868 2314 1045 2384 posita
1113 2325 1288 2378 sunt,
1368 2324 1427 2370 ut
1479 2315 1618 2370 iram
1672 2329 1736 2370 ac
1801 2315 2154 2384 cupiditatem

578 2402 976 2474 libidinemque
1012 2403 1400 2474 comprimere,
1427 2405 1509 2458 vel
1544 2404 1736 2460 iisdem
1771 2405 2154 2460 succumbere.

577 2495 826 2562 Quarum
869 2499 1035 2566 igitur
1086 2513 1272 2552 rerum
1309 2497 1600 2553 arbitrium
1631 2514 1796 2568 penes
1845 2511 1894 2552 te
1944 2505 2027 2553 est
2062 2499 2156 2552 ba-

580 2605 700 2644 rum
736 2607 933 2647 causas
956 2593 1200 2648 exterius
1223 2606 1290 2646 ne
1335 2593 1672 2663 conquiras?
1704 2608 1888 2646 rerum
1929 2592 2036 2646 hoc
2064 2606 2158 2660 pro

577 2693 726 2740 certo
757 2685 956 2740 habeas
1006 2687 1081 2750 id,
1134 2688 1280 2755 quod
1311 2687 1532 2759 preprie
1556 2686 1759 2741 malum
1785 2695 1886 2747 est,
1926 2700 1954 2738 a
1990 2683 2159 2738 libera

579 2785 636 2828 et
674 2776 982 2831 voluntaria
1020 2793 1050 2831 a
1089 2779 1234 2834 bono
1284 2779 1574 2834 aversione
1617 2778 1884 2848 originem
1935 2777 2158 2831 duci-re.

581 2863 791 2930 Quarto
825 2866 988 2922 crede
1023 2866 1222 2920 Filium
1259 2868 1350 2922 Dei
1384 2879 1604 2937 propter
1635 2877 1686 2920 te
1723 2866 1918 2920 Filium
1943 2880 2160 2934 quoque

582 2954 822 3008 hominis
845 2955 1108 3009 extremis
1138 2955 1356 3016 diebus,
1385 2965 1444 3009 ut
1465 2958 1540 3009 ait
1564 2955 1860 3024 Apostolus
1884 2956 1926 3019 ⁸,
1959 2954 2158 3007 factum

579 3060 722 3100 esse.
753 3044 888 3100 Nam
922 3045 959 3100 ii
996 3045 1134 3110 dies.
1161 3047 1255 3117 qui
1296 3047 1537 3102 medium
1589 3056 1805 3116 tempus
1851 3047 2158 3114 excipiunt,

577 3138 806 3193 cxtrcmi
846 3138 1128 3204 dicuntur,
1167 3139 1634 3210 quemadmodum
1674 3139 1857 3209 primi,
1897 3138 1991 3208 qui
2045 3154 2159 3193 me-

581 3230 733 3284 dium
758 3231 1111 3286 antecedunt.
1145 3232 1324 3302 Atque
1353 3232 1524 3287 etiam
1557 3232 1665 3286 alio
1695 3231 1860 3286 modo
1884 3241 2161 3286 extremos
2185 3221 2228 3284 C

579 3320 696 3376 dies
725 3337 821 3376 eos
865 3331 1048 3388 vocat,
1078 3323 1170 3394 qui
1213 3325 1265 3378 in
1315 3323 1572 3390 temporis
1604 3324 1771 3386 illius,
1813 3323 1956 3393 qqu
2001 3322 2158 3393 legali

577 3411 750 3466 cultui
793 3414 1158 3469 constitutum
1209 3422 1348 3478 erat,
1399 3415 1505 3469 ﬁne
1549 3415 1923 3471 exstiterunt:
1955 3415 2021 3470 de
2051 3431 2160 3486 quo

581 3501 721 3555 idem
778 3519 1000 3573 quoque
1056 3505 1354 3578 Apostolus
1417 3508 1494 3562 ait
1541 3525 1554 3559 :
1605 3508 1960 3578 Posteaquam
2025 3509 2159 3562 venit

576 3592 849 3660 plenitudo
881 3599 1151 3665 temporis,
1191 3601 1334 3654 misit
1362 3599 1500 3653 Deus
1532 3599 1735 3654 Filium
1771 3617 1924 3654 suum
1957 3601 2160 3670 factum

578 3699 644 3738 ea:
699 3686 917 3740 muliere
939 3687 981 3743 ‘.
1032 3687 1296 3744 lnell‘abili
1345 3692 1529 3756 modo,
1573 3693 1702 3760 quia
1755 3692 1874 3747 sine
1913 3693 2014 3746 viri
2073 3708 2161 3748 se-

584 3775 748 3840 mine,
783 3783 838 3829 et
869 3792 1033 3846 supra
1071 3789 1282 3838 naturae
1309 3791 1552 3849 captum.
1580 3782 1730 3836 Citra
1765 3785 1902 3838 ullas
1935 3787 2157 3840 sordes:

579 3866 1061 3942 quia-incorrupte
1101 3876 1156 3923 et
1202 3885 1358 3938 pure.
1405 3870 1509 3926 Ubi
1557 3873 1702 3925 enim
1734 3882 1818 3927 est
1851 3872 2019 3935 Deus,
2052 3876 2162 3929 illic

581 3959 718 4013 nihil
775 3959 1059 4016 sordidum
1102 3973 1157 4016 ct
1204 3963 1478 4032 impurum
1515 3973 1619 4018 est.
1667 3964 1845 4034 Atque
1901 3977 1982 4020 est
2016 3975 2160 4021 totus

582 4051 722 4106 Dens
755 4067 878 4108 cum
907 4069 1106 4121 ,carne
1141 4071 1262 4120 sua,
1322 4065 1378 4109 et
1408 4064 1556 4112 totus
1605 4057 1770 4110 homo
1805 4073 1930 4112 cum
1960 4059 2163 4114 divini-

581 4153 711 4198 tate.
765 4142 937 4198 Porro
987 4160 1111 4201 cum
1149 4146 1402 4201 eumdem
1452 4157 1627 4204 totum
1667 4149 1836 4204 Deum
1883 4159 1936 4204 et
1988 4159 2162 4205 totum

581 4233 858 4288 hominem
899 4249 1021 4290 esse
1064 4235 1160 4298 ait,
1197 4253 1362 4291 unam
1411 4248 1575 4310 atque
1623 4239 2009 4296 indivisibilem
2041 4258 2164 4299 esse

580 4323 754 4393 ipsius
790 4325 1105 4396 hypostasin
1141 4330 1404 4385 ostendit.
1444 4331 1523 4386 Ac
1559 4341 1708 4386 lotus
1749 4333 1971 4402 quidem
2008 4333 2152 4389 Deus

579 4414 856 4485 perfectus
895 4427 1001 4481 est,
1047 4435 1157 4475 non
1210 4431 1390 4477 tamen
1445 4422 1498 4476 in
1555 4430 1729 4478 totum
1783 4424 1926 4479 Deus
1964 4425 2163 4496 (neque

579 4510 726 4562 enim
757 4508 936 4565 solum
977 4508 1139 4568 Deus-
1166 4523 1269 4581 cst,
1303 4515 1398 4569 sed
1446 4515 1612 4570 etiam
1661 4517 1846 4588 homo)
1882 4537 1895 4572 :
1928 4529 1982 4575 et
2014 4529 2162 4575 tutus

2265 575 2375 622 tem
2417 582 2541 622 esse
2580 566 2908 638 nugabatnr.
2960 565 3264 631 Quonam
3329 570 3529 616 autem
3577 565 3725 617 modo
3755 564 3844 622 Deus

2269 659 2542 728 perlectus
2590 671 2644 713 et
2694 659 2860 713 homo
2895 657 3249 728 perfectus.
3307 664 3368 710 et
3426 656 3845 715 consubstantialis

2264 751 2407 806 Patri
2441 767 2506 806 ac
2535 751 2697 805 nobis
2725 750 2990 806 Christus
3027 748 3159 803 dici
3199 748 3608 816 constituique
3637 755 3845 818 posset,si

2263 845 2447 913 aliqua
2479 852 2688 898 tantum
2725 843 2927 896 divina:
2958 849 3214 894 natura:
3254 854 3401 910 pars
3446 839 3615 894 alicui
3659 839 3846 895 humana

2263 938 2405 1006 parti
2445 937 2598 991 unita
2649 943 2818 999 esset,
2865 949 2930 990 ac
2965 948 3102 988 non
3144 942 3274 987 tota
3311 931 3636 986 divinitatis
3674 933 3845 987 essentia

2261 1045 2386 1083 cum
2447 1039 2561 1083 tota
2614 1035 2811 1082 natura
2863 1025 3136 1079 humana
3213 1023 3539 1094 conjuncta
3606 1033 3656 1077 et
3711 1025 3846 1076 unita?

2263 1121 2328 1176 Et
2385 1121 2645 1191 quoniam
2693 1119 2950 1174 Christus
2999 1115 3368 1171 secundum
3435 1114 3558 1169 inec
3606 1115 3702 1168 tria
3739 1116 3846 1168 homo

2261 1213 2440 1270 factus
2488 1222 2607 1276 est,
2661 1213 2764 1266 hoc
2806 1219 2934 1278 est,
3005 1207 3366 1265 secundum
3447 1215 3720 1272 mentem,
3769 1209 3844 1260 ani-

2264 1321 2441 1370 mam,
2498 1313 2552 1359 et
2618 1318 2861 1373 corpus:
2895 1301 3253 1356 secundum
3304 1299 3518 1354 eadem
3577 1309 3636 1352 tu
3689 1313 3846 1368 quoque

2260 1397 2398 1453 deus
2461 1397 2747 1461 elﬁceris,
2803 1395 3035 1450 tametsi
3110 1393 3222 1447 ille
3297 1402 3557 1458 natura,
3618 1400 3668 1445 tu
3717 1403 3842 1444 autrta

2261 1489 2435 1560 gratia
2473 1497 2528 1543 et
2556 1488 2871 1558 adoptione.
2907 1485 3123 1556 Neque
3165 1485 3335 1540 enim
3382 1484 3480 1538 ille
3527 1499 3592 1537 ex
3619 1493 3754 1551 parte
3779 1481 3844 1533 bu-

2263 1583 2578 1637 manitatem
2619 1580 2952 1650 assumpsit;
3007 1595 3133 1635 nec
3170 1587 3240 1632 tu
3293 1593 3367 1632 ex
3407 1585 3570 1646 parte
3618 1575 3739 1630 deus
3763 1576 3840 1626 rm.

2261 1677 2406 1732 ceris
2438 1692 2452 1729 :
2485 1674 2651 1744 idque
2699 1689 2767 1728 ex
2824 1673 3250 1740 assumptione
3308 1670 3535 1736 liquido
3578 1675 3732 1738 patet.
3770 1665 3841 1719 Deo

2261 1767 2407 1822 enim
2457 1775 2574 1822 toto
2611 1766 2821 1822 homini
2880 1765 2982 1821 toti
3029 1764 3244 1829 nnito,
3304 1762 3428 1827 ille,
3470 1760 3681 1830 quidem
3728 1758 3836 1827 plere

2260 1858 2606 1928 perfectoque
2647 1860 2815 1914 homo
2865 1857 3054 1913 iactus
3105 1866 3207 1912 est
3235 1896 3254 1918 ,
3295 1855 3396 1909 hic
3428 1861 3613 1907 autem
3657 1848 3836 1920 perfecte

2259 1950 2598 2006 divinitatem
2636 1963 2720 2005 est
2751 1960 3132 2006 consecutus.
3181 1945 3673 2014 Quemadmodum
3713 1941 3830 2011 igitur

2259 2041 2525 2101 Dominus
2555 2059 2752 2114 corpus
2788 2044 3025 2097 induens
3073 2043 3264 2095 homo
3293 2039 3491 2094 factus
3521 2045 3603 2091 est
3635 2035 3744 2090 :sic
3766 2047 3828 2085 nos

2261 2140 2510 2196 homines
2535 2138 2807 2192 aChristo
2837 2137 2914 2189 dii
2956 2135 3285 2197 emt'illltll‘,
3319 2149 3428 2202 per
3459 2130 3625 2200 ipsius
3663 2140 3821 2181 carum

2261 2230 2554 2299 assutnpti.
2610 2228 2675 2283 Et
2721 2225 3212 2298 quemadmodum
3264 2233 3532 2278 naturam
3579 2227 3776 2274 nostram
3805 2233 3821 2265 a

2259 2332 2434 2378 morte
2472 2322 2761 2376 excitatam
2791 2335 2938 2385 esse,
2962 2329 3022 2374 et
3063 2319 3126 2373 in
3181 2317 3404 2373 coelum
3440 2313 3817 2369 ascendissent-

2259 2431 2366 2484 que
2395 2413 2458 2468 ad
2510 2413 2684 2468 Patris
2734 2413 3014 2468 dexteram
3053 2414 3274 2468 sedere
3298 2411 3566 2471 dicimus,
3598 2421 3695 2459 non
3720 2399 3815 2470 quod

2262 2507 2573 2576 s'ngulatim
2635 2520 2830 2561 omnes
2878 2504 2948 2559 ad
3005 2505 3195 2560 vitam
3253 2503 3544 2565 redierint,
3594 2508 3734 2566 atque
3770 2493 3810 2545 al

2263 2599 2436 2654 l‘atris
2522 2599 2799 2653 dexteram
2895 2597 3190 2664 sedeant,
3290 2595 3395 2650 sed
3490 2591 3612 2661 quia
3689 2582 3810 2641 omnis

2262 2700 2446 2746 nostra
2480 2699 2674 2744 natura
2707 2691 2761 2743 in
2792 2687 2991 2745 Christi
3023 2687 3355 2761 ,bypostasi
3417 2682 3671 2744 revixerit,
3695 2686 3805 2743 atque

2263 2784 2326 2835 ad
2375 2781 2551 2838 Patris
2591 2784 2871 2836 dexteram
2911 2781 3108 2836 sedeat
3161 2781 3273 2852 (ait
3309 2778 3518 2849 quippe
3542 2769 3803 2842 Apostolus:

2261 2872 2705 2928 Cottresuscimuit
2731 2891 2851 2938 nos,
2873 2881 2926 2926 et
2958 2874 3262 2927 consedere
3285 2871 3418 2942 fecit
3452 2883 3566 2922 cunt
3583 2862 3748 2918 Christo
3761 2857 3798 2918 ’ἢ

2260 2967 2450 3022 eodem
2501 2967 2662 3020 modo
2707 2974 2762 3020 et
2803 2967 2857 3019 in
2909 2965 3145 3020 Christo
3196 2963 3551 3018 divinitatem
3594 2950 3799 3017 accepisse

2262 3057 2527 3123 dicimur,
2551 3069 2746 3111 natura
2773 3039 2981 3112 scilicet
3012 3066 3218 3112 nostra
3247 3070 3320 3110 ex
3357 3068 3448 3116 eo,
3488 3046 3618 3119 quod
3641 3059 3665 3096 a
3689 3037 3795 3093 Chri-

2264 3159 2349 3204 sto
2407 3160 2690 3219 assumpta
2736 3157 2853 3213 est,
2899 3149 3203 3204 divinitate
3229 3137 3582 3202 'cousecuta.
3626 3136 3790 3186 Tatium

2263 3241 2429 3310 igitur
2467 3243 2731 3296 Dominus
2763 3242 2926 3298 homo
2961 3241 3151 3297 factus
3184 3251 3298 3307 est,
3327 3243 3588 3308 quantum
3611 3239 3710 3296 P3“
3869 3235 3873 3260 ἦ

2263 3346 2483 3406 sutupta
2515 3335 2676 3390 Deus.
2718 3335 2921 3400 Quinto
2945 3338 3113 3391 crede
3143 3350 3281 3392 eum
3308 3332 3465 3403 juxta
3496 3325 3632 3381 lsaize
3659 3326 3785 3370 rauci-

2263 3427 2416 3481 nium
2449 3441 2548 3495 pro
2590 3425 2972 3495 iniquitatibus
3012 3427 3209 3496 pepuli
3243 3425 3313 3480 ad
3369 3428 3589 3476 mortem
3627 3411 3779 3464 ductum

2265 3515 2436 3570 fuisse
2469 3516 2512 3580 ³,
2557 3526 2612 3571 et
2662 3516 2950 3580 revixisse,
2985 3530 3050 3570 ac
3103 3517 3340 3572 demum
3377 3513 3432 3564 in
3466 3504 3644 3562 coelum
3677 3509 3778 3551 recc.

2264 3618 2414 3678 ptum
2449 3625 2592 3669 esse.
2631 3619 2689 3662 ut
2714 3624 2908 3662 omnes
2955 3609 3022 3662 ad
3072 3609 3358 3678 seipsum,
3409 3587 3776 3670 quemadmodum

2220 3734 2222 3737 -
2264 3717 2322 3756 se
2369 3701 2638 3757 iacturum
2687 3703 2912 3772 recepit,
2959 3703 3217 3756 trahat’.
3259 3700 3433 3754 Sesto
3473 3683 3776 3772 etspem-_ﬂ

2268 3793 2422 3846 ﬁrma
2455 3791 2558 3846 ﬁde
2585 3801 2708 3847 tene
2734 3770 2860 3848 cum
2883 3802 3183 3848 venturum
3225 3806 3375 3855 esse,
3405 3794 3461 3842 et
3486 3793 3537 3838 ut
3578 3770 3772 3863 ³Ρ⁰⁵¹⁰¹Ὗ

2265 3897 2387 3935 rum
2428 3881 2572 3936 Petri
2599 3892 2652 3938 et
2696 3883 2850 3937 Pauli
2902 3884 3084 3939 verbis
3119 3894 3251 3939 utar
3292 3872 3771 3957 ‘°,judicaturum‘n-

2266 3990 2364 4029 vos
2397 3983 2452 4028 et
2488 3984 2758 4036 mortuos,
2800 3976 2906 4031 hoc
2946 3987 3051 4040 est,
3089 3987 3207 4032 tam
3244 3984 3343 4030 eos
3389 3969 3478 4040 qui
3514 3963 3666 4047 adhth
3691 3959 3767 4047 i‘l‘

2267 4064 2388 4119 luce
2418 4065 2689 4128 fruentur,
2710 4081 2873 4138 quam
2901 4081 2992 4121 eos
3009 4066 3105 4136 qui
3135 4069 3258 4136 jam
3287 4064 3392 4116 vita
3424 4052 3579 4111 functi
3604 4043 3760 4143 iueriltl‘

2267 4157 2349 4212 vel
2373 4157 2705 4226 tamjustos,
2733 4173 2896 4227 quam
2929 4167 3256 4227 peccatores
3295 4173 3311 4210 :
3342 4151 3426 4206 vel
3463 4158 3559 4200 tam
3597 4138 3759 4227 animas

2265 4265 2426 4318 quam
2460 4265 2694 4319 corpora
2733 4226 2756 4304 :7
2780 4226 3072 4304 venturum
3099 4260 3313 4309 autem.
3353 4255 3456 4298 non
3481 4237 3580 4307 im“
3608 4226 3757 4319 “mf”?

2267 4308 2774 4412 (quianatu-ralibus
2799 4342 2979 4398 carnis
3006 4308 3306 4397 affectibus
3325 4329 3578 4391 obnoxius
3597 4308 3757 4414 ampli?“

2265 4406 2372 4486 si...
2417 4434 2542 4496 erit,
2597 4434 2742 4488 velut
2781 4433 2932 4499 fami,
2979 4433 3098 4498 siti,
3155 4406 3753 4500 fatigatiOtti,08Wi5‘l”°

2265 4524 2385 4593 ejus
2427 4525 2642 4594 generis
2690 4525 3146 4596 inﬁrmitatibus),
3181 4539 3292 4580 non
3342 4510 3670 4580 incormem

582 4608 744 4661 homo
780 4607 1077 4677 perfectus,
1125 4626 1233 4667 non
1273 4619 1454 4667 tamen
1509 4612 1563 4666 in
1599 4623 1774 4668 totum
1825 4615 1987 4670 homo
2017 4631 2031 4670 :
2062 4633 2163 4672 nec
2194 4591 2237 4646 θ
2269 4590 2392 4671 men
2431 4590 2595 4687 —(quia
2640 4618 2914 4673 naturales
2945 4590 3199 4688 corporis
3236 4608 3574 4687 proprietates
3609 4590 3748 4688 παρ’

579 4703 724 4756 enim
761 4703 939 4760 solum
975 4705 1162 4768 homo,
1199 4707 1295 4762 sed
1327 4707 1491 4761 etiam
1529 4707 1672 4764 Deus
1709 4722 1815 4766 est.
1857 4709 1982 4766 llaec
2012 4713 2158 4766 enim

580 4811 707 4860 vox,
739 4805 929 4865 totum,
976 4808 1228 4854 naturam
1253 4800 1532 4866 declarat;
1563 4810 1706 4856 totus
1749 4813 1956 4868 autem,
1985 4803 2161 4875 hypo-

579 4891 752 4946 stasin
784 4890 1015 4956 indicat,
1049 4907 1155 4946 non
1187 4907 1350 4948 secus
1378 4904 1545 4962 atque
1587 4893 1704 4948 hanc
1746 4895 1941 4960 dictio,
1980 4895 2152 4960 aliud,

578 4992 835 5039 naturam
873 4985 1136 5051 ostendit,
1173 4985 1339 5049 alius,
1369 4995 1576 5050 autem,
1608 4986 1954 5057 hypostasin.
1985 4985 2154 5052 Quin-

579 5075 743 5132 etiam
777 5088 925 5133 totus
970 5087 1145 5134 totum
1199 5079 1478 5136 hominem
1529 5083 1851 5150 assumpsit,
1899 5080 2008 5135 hoc
2051 5088 2154 5144 est,

553 5185 781 5248 corpus
827 5182 882 5228 ct
937 5173 1181 5228 animam
1232 5182 1424 5229 mento
1473 5183 1638 5244 atque
1694 5173 2049 5244 intelligentia
2105 5181 2159 5226 et

582 5264 802 5320 ratione
833 5266 1115 5334 praeditam
1150 5283 1167 5324 :
1199 5280 1262 5321 ac
1289 5275 1437 5321 totus
1473 5267 1570 5320 toti
1605 5266 1794 5320 uuitus
1824 5274 1929 5332 est,
1963 5274 2024 5318 ut
2058 5263 2156 5320 toti

488 5409 493 5416 .
583 5358 792 5413 homini
825 5359 1056 5414 salutem
1094 5358 1336 5413 all'erret.
1372 5359 1592 5428 Alioqui
1625 5373 1752 5428 pars
1783 5373 1845 5412 ea
1895 5357 2154 5420 hominis,

581 5464 704 5520 qua
730 5451 799 5505 ab
838 5465 905 5504 eo
949 5459 1230 5519 assumpta
1280 5465 1386 5505 non
1417 5449 1634 5517 fuisset,
1675 5451 2000 5505 incurabilis
2039 5465 2156 5503 ma-

583 5551 759 5598 neret.
792 5540 908 5597 [loc
951 5552 1135 5597 autem
1170 5542 1450 5613 Theologo
1487 5552 1709 5613 propter
1755 5542 2152 5613 Apollinarium

707 5718 864 5773 noun.
900 5735 943 5784 ι,
970 5719 1007 5773 2
1033 5734 1185 5787 seqq.
1265 5718 1284 5748 ‘
1308 5716 1484 5772 Galal.
1519 5734 1590 5782 IV,
1622 5717 1674 5770 4.

585 5792 638 5860 i;
672 5789 690 5844 l
719 5791 861 5846 Petr.
892 5807 964 5860 tv,
998 5792 1050 5847 5.
1129 5789 1164 5823 ¹¹
1206 5788 1434 5845 Zacltar.
1472 5805 1589 5855 X'll,
1624 5790 1704 5844 l0.

2255 4986 2636 5058 incorporeus,
2659 4987 2814 5056 juxta
2842 4985 3164 5042 Zachariam
3200 4985 3458 5040 dicentem
3484 4985 3496 5022 ε

1821 5719 1840 5750 ⁷
1884 5716 2077 5786 Ephes.
2128 5732 2186 5776 tt,
2221 5716 2274 5771 6.
2349 5712 2371 5743 ⁸
2411 5715 2519 5772 lsa.
2556 5731 2682 5779 ιλιι,
2713 5714 2766 5770 5.

1788 5792 1829 5822 ’³
1867 5792 2036 5860 Apoc.
2089 5805 2124 5855 t,
2159 5789 2210 5841 7.

2261 4724 2424 4778 quam
2471 4709 2754 4779 abjecerit,
2794 4708 2940 4765 velut
2977 4709 3250 4780 triplicem
3287 4672 3748 4785 dintensioﬁfmr_f°::

2263 4762 2429 4870 main,
2457 4811 2512 4855 et
2539 4762 2928 4871 quantitatem,
2957 4811 3011 4856 et
3052 4762 3249 4857 caetera
3304 4762 3742 4894 bttl“‘"‘°di')_:.u:(::

2259 4895 2330 4950 ab
2367 4896 2475 4960 bis,
2506 4909 2536 4950 a
2565 4895 2765 4966 quibus
2810 4895 3062 4949 conﬁxus
3105 4905 3209 4959 est,
3240 4891 3494 4945 videatur.
3527 4867 3646 4959 νεῖυξ
3673 4863 3734 4983 ξὀἲ

2259 4986 2610 5022 ί..η...‹ηη.-οηε
2667 4987 2812 5022 :m-m
2842 4985 3163 5022 7.-|nhnl-iorn
3200 4985 3458 5022 Aippnmm
3484 4985 3496 5022 :
3525 4957 3717 5022 Re-‘Pm‘u

3564 4973 3604 5012 εἱ

2265 5080 2335 5132 ad
2384 5047 2486 5145 tne,
2538 5080 2590 5132 in
2625 5047 2780 5148 quem
2829 5086 3161 5148 pupugertntt
3191 5078 3257 5130 “.
3287 5071 3352 5126 Ει
3390 5047 3620 5166 1³³⁸2,ξῇ
3641 5047 3728 5166 Ἱῖἒ

2265 5171 2342 5225 ait
2387 5169 2626 5226 JOannes
2668 5170 2722 5224 in
2776 5169 3107 5241 Apocﬂli'PSi
3142 5188 3156 5226 ³
3193 5167 3322 5223 Ec“
3368 5139 3730 5260 ‘9"di"',".-..:::

2266 5261 2513 5325 nubibus,
2538 5271 2586 5315 et
2631 5228 2971 5316 videbit-eum
2991 5228 3170 5316 omnis
3210 5254 3413 5314 oculi“:
3443 5252 3485 5342 ξι

2264 5365 2593 5424 pupugeruut
2621 5356 2684 5408 ".
2730 5354 2848 5408 Erit
2893 5355 3077 5425 itaque
3123 5365 3316 5422 corpus
3348 5336 3464 5438 illud

2267 5462 2330 5500 ac
2353 5445 2614 5511 divinius,
2653 5455 2712 5500 ut
2744 5456 2798 5500 ct
2833 5447 3002 5501 videri
3034 5454 3216 5516 queat,
3240 5450 3291 5496 ct
3319 5412 3716 5533 interim

2266 5538 2340 5592 tie
2374 5537 2612 5592 alienum
2637 5545 2839 5606 manet,
2873 5546 3059 5608 utpote
3093 5552 3200 5592 non
3245 5534 3345 5604 jam
3373 5528 3504 5577 caro.
3526 5497 3657 5560 59‘1""

2872 5715 2893 5746 ’
2934 5713 3093 5770 Joan.
3124 5729 3217 5780 xtl,
3246 5706 3326 5764 52.
3398 5697 3434 5730 ¹⁰
3471 5678 3628 5744 "Tm"
3661 5667 3709 5708 m
