3958 6204
281 291 420 354 13m

275 503 422 556 dam
469 503 735 558 rationem
764 503 993 557 habens.
1022 499 1267 569 Septimo
1303 507 1644 554 mortuorum
1693 515 1876 553 resur-

276 594 590 648 rectionem
643 603 919 662 exspecta.
950 589 1156 646 Octavo
1202 590 1506 659 judicium;
1542 589 1648 644 hoc
1693 599 1871 643 autem

273 691 382 738 est
411 685 691 755 proprium
727 685 953 738 interna:
981 682 1329 737 conat-ieulia:
1364 681 1576 750 pondus
1605 689 1698 736 aut
1737 680 1871 735 levi-

284 781 405 834 tas,
436 787 503 828 ac
533 774 666 844 legis
696 773 858 837 libra,
887 773 1120 842 vitasque
1151 779 1353 826 nostra:
1383 769 1450 824 ad
1485 786 1604 827 eam
1638 770 1872 826 exactio.

283 863 462 919 Nono
489 865 932 932 retributionem,
969 879 1097 934 qua,
1122 864 1272 934 justa
1314 878 1571 919 mensura
1601 875 1654 919 et
1681 864 1875 919 unius-

276 956 566 1026 cujusque
595 957 830 1011 homiuis
855 957 1114 1026 operibus
1150 956 1510 1025 respondente
1539 970 1748 1010 merces
1775 971 1874 1011 sua

278 1049 497 1117 cuique
541 1049 925 1103 constituetur.
965 1047 1089 1104 llaec
1141 1063 1306 1119 porro
1335 1047 1642 1113 retributio,
1685 1049 1751 1103 iis
1784 1049 1874 1118 qui

281 1140 482 1195 animo
511 1149 566 1196 et
603 1150 782 1196 mente
819 1141 1031 1211 purgati
1075 1140 1298 1206 fuerint,
1336 1142 1427 1196 lux
1465 1140 1644 1196 futura
1678 1149 1783 1208 est,
1822 1141 1874 1196 id

281 1243 405 1294 est,
432 1231 530 1288 Dei
576 1237 988 1305 contemplatio.
1017 1250 1178 1303 quam
1224 1235 1488 1290 ctelorum
1534 1250 1752 1305 quoque
1788 1247 1876 1287 re-

284 1335 460 1390 gnum
494 1323 842 1377 nominamus
872 1337 886 1374 :
915 1322 981 1376 iis
999 1330 1206 1391 autem,
1233 1323 1326 1392 qui
1347 1333 1579 1378 mentem
1607 1322 1753 1377 vitiis
1777 1321 1877 1377 ob-

285 1423 556 1467 czecatam
610 1413 924 1478 habuerint,
973 1416 1167 1486 caligo,
1222 1416 1324 1469 hoc
1372 1424 1476 1480 est,
1520 1415 1778 1470 alienatio
1823 1424 1876 1466 et

288 1506 515 1560 aversio
549 1520 577 1558 a
610 1505 738 1562 Deo.
773 1505 885 1562 Erit
919 1515 1100 1562 autem
1139 1507 1531 1576 Contemplatio
1573 1506 1685 1560 hzec
1713 1517 1876 1575 atque

287 1595 514 1649 aversio
549 1597 614 1650 ad
659 1597 878 1650 modum
917 1605 975 1650 et
1024 1597 1434 1666 proportionem
1483 1595 1566 1650 vel
1621 1595 1876 1666 puritatis

291 1696 503 1741 nostrae
527 1686 606 1740 vel
645 1687 1019 1743 obscuritatis.
1057 1687 1277 1742 Decimo
1309 1702 1473 1757 super
1509 1688 1612 1743 hoc
1653 1687 1874 1757 dogma-

1269 290 1588 350 NICETAS
1631 288 1713 350 IN
1753 287 1978 352 ORAT.
2018 290 2189 350 XLII
2232 291 2294 352 S.
2330 292 2561 353 GREG.

276 427 542 473 carnem.
577 425 626 466 et
649 410 725 475 id,
769 409 912 481 quod
945 423 1170 478 corpore
1205 416 1380 470 vacat,
1415 407 1646 462 mediam
1679 422 1872 478 quam.
1905 427 1950 484 Δ
1977 415 2142 476 atque
2225 423 2310 472 ea,
2395 425 2518 479 quze
2615 408 2878 478 impressa
2967 407 3144 478 sigillo

3417 289 3555 354 130?.

3247 417 3556 461 SOI‘VﬂlIllll‘.

2046 498 2161 553 Col.
2195 498 2299 553 426
2325 502 2390 554 Α.
2422 498 2682 555 (Σωτενιιηι
2712 500 2846 554 illud
2880 516 2945 553 ex
2973 516 3052 553 me
3086 500 3347 571 intelligas
3380 501 3555 563 velint,

1978 603 2082 647 etc.
2116 591 2268 658 Quod
2323 603 2444 660 post
2487 593 2818 662 baptismum
2868 601 2993 647 ante
3038 589 3208 647 altare
3246 593 3557 659 collocatis,

1980 685 2177 740 futurte
2223 685 2348 739 vita:
2376 686 2640 756 gloriam,
2677 695 2731 740 et
2771 685 3226 756 prOpiuquitatem
3272 687 3336 740 ad
3383 685 3548 740 Dcum

1981 777 2201 832 iudicat.
2231 774 2540 832 Psalmodia
2578 789 2785 842 autem,
2821 778 3000 831 laetum
3033 793 3094 831 ac
3131 775 3377 830 festivum
3409 777 3554 831 illius

1978 870 2162 924 surculi
2222 884 2438 926 sonum.
2481 867 2783 940 Lampades
2810 885 2940 924 vero
2983 869 3127 924 illam
3165 870 3430 923 lmuiumn
3463 887 3556 940 ge-

1978 957 2428 1022 stationem,cum
2454 958 2726 1028 quajuxta
2749 957 3129 1030 Evangelicam
3157 959 3464 1028 parabolam
3492 961 3558 1024 ’³,

1976 1045 2197 1102 Christo
2229 1064 2431 1117 sponso
2466 1065 2817 1105 occurremus
2841 1092 2855 1116 ,
2893 1051 3036 1104 velut
3059 1065 3269 1120 sponsae
3315 1050 3554 1121 virgines

1979 1139 2158 1194 claras
2186 1137 2308 1194 fidei
2341 1141 2617 1211 lampades
2647 1143 2931 1204 habentes,
2962 1158 3026 1198 ac
3061 1145 3341 1208 copiosum
3384 1143 3556 1196 hono-

1982 1241 2101 1282 rttm
2138 1243 2366 1298 operum
2397 1231 2599 1286 oleum.
2625 1229 2810 1301 Neque
2838 1232 2980 1285 enim
3019 1230 3243 1285 thalami
3280 1231 3427 1285 illius
3455 1248 3556 1284 titt-

1977 1321 2161 1390 ptialis
2185 1323 2386 1387 aditus,
2421 1334 2513 1377 aut
2562 1323 2798 1392 superbo
2841 1323 3050 1376 homini
3090 1332 3145 1377 et
3171 1323 3553 1389 coutctnptori.

1979 1421 2072 1466 aut
2105 1412 2266 1468 inerti
2299 1422 2351 1467 et
2386 1413 2674 1484 nogl’igcnti
2724 1413 2949 1482 patebit,
2983 1426 3076 1466 aut
3110 1413 3342 1482 tlel'tique
3365 1411 3436 1474 ei,
3466 1413 3558 1482 qui

1979 1519 2085 1558 non
2128 1521 2191 1560 ea
2225 1519 2346 1576 qtne
2374 1507 2591 1576 nuptias
2621 1508 2800 1573 deret,
2827 1506 3114 1576 elegantia,
3151 1512 3340 1560 'verutn
3375 1506 3562 1574 segui~

1981 1605 2060 1651 ter
2094 1609 2146 1651 et
2172 1598 2392 1653 sordide
2421 1601 2651 1654 vestitus
2703 1599 2868 1654 fuerit
2907 1617 2919 1653 :
2951 1592 3247 1670 quamlibet
3296 1596 3440 1663 quis,
3477 1594 3563 1647 iu-

1979 1695 2093 1741 star
2123 1688 2270 1744 illius
2305 1687 2531 1759 nuptiali
2565 1699 2712 1744 veste
2751 1689 2972 1742 minime
3001 1687 3178 1742 induti
3218 1686 3285 1751 “,
3319 1686 3558 1754 seipsuut

291 1786 414 1834 tum
445 1777 802 1833 fundamento
836 1780 978 1834 bona
1009 1793 1172 1850 opera
1209 1787 1491 1835 construe.
1518 1777 1675 1842 Nam,
1703 1787 1760 1834 ut
1790 1789 1870 1834 est
1907 1801 1948 1856 Β
1979 1777 2149 1844 fallat,
2180 1794 2245 1834 ae
2279 1795 2375 1851 spe
2407 1782 2685 1851 animique
2719 1781 3044 1848 cogitatione
3092 1779 3147 1833 iu
3200 1781 3300 1834 hac
3328 1779 3437 1832 vita
3469 1793 3560 1831 se-

290 1869 442 1940 apud
510 1870 726 1926 Domini
777 1871 999 1927 fratrem
1053 1871 1344 1937 Jacobum,
1413 1871 1872 1942 quemadmodum

291 1976 496 2030 corpus
528 1962 646 2017 sine
688 1963 884 2032 spiritu
921 1969 1196 2017 mortuum
1235 1971 1338 2026 est,
1376 1963 1449 2018 ita
1489 1974 1542 2020 et
1574 1964 1706 2020 lides
1756 1967 1877 2021 sine

298 2053 564 2123 operibus
597 2063 813 2108 mortua
840 2065 945 2110 est.
980 2053 1160 2123 Atque
1188 2055 1304 2108 haec
1331 2063 1482 2119 sunt,
1513 2071 1634 2125 qua:
1659 2055 1728 2110 de
1752 2055 1878 2111 fidei

297 2157 503 2204 nostrae
534 2153 796 2222 mysterio
825 2150 878 2205 in
909 2149 1099 2220 vulgus
1125 2149 1302 2206 efferri
1335 2150 1418 2207 fas
1446 2157 1548 2206 est.
1572 2150 1644 2204 Ea
1675 2157 1880 2215 autem,

293 2255 420 2307 qua:
467 2241 833 2297 reconditiora
904 2243 1186 2312 magisque
1244 2243 1476 2313 mystica
1531 2251 1678 2305 sunt,
1738 2241 1880 2296 intra

297 2329 596 2387 Ecclesiam
646 2343 770 2403 post
804 2334 1136 2404 baptismum
1173 2335 1425 2390 addisces
1459 2351 1474 2388 :
1509 2349 1630 2404 quze
1665 2343 1722 2389 et
1761 2333 1878 2405 ipsa

296 2424 441 2488 apud
486 2424 741 2493 profanos
816 2425 1064 2484 homines
1111 2437 1250 2483 tecta
1313 2437 1367 2483 ct
1435 2430 1648 2484 occulta
1716 2429 1881 2483 habe-

301 2511 406 2576 bis,
487 2521 674 2584 atque,
761 2516 1020 2573 inviolata
1109 2517 1430 2585 custodies,
1525 2535 1634 2574 non
1723 2519 1882 2574 aliter

373 2675 419 2708 "
456 2673 648 2729 Matth.
703 2692 840 2743 xxv,
881 2679 900 2732 l
939 2694 1094 2750 seqq.
1174 2681 1220 2712 "
1263 2677 1456 2735 Matth.
1494 2696 1629 2746 nn,
1673 2682 1757 2736 l2.

353 2857 756 2876 ψ’*

761 2861 1101 2876 ——_

1107 2861 1218 2876 .-

1985 1872 2162 1941 ipsum
2192 1887 2315 1928 cum
2352 1884 2541 1928 ornate
2591 1873 2979 1944 splendideque
3010 1871 3218 1926 vestitis
3243 1871 3558 1924 admisceat.

1986 1965 2348 2036 Posteaquam
2399 1976 2578 2020 autem
2632 1961 2876 2020 divinum
2952 1965 3252 2020 thalamum
3329 1960 3562 2030 ingrcssi

1989 2057 2278 2121 fuerimus,
2319 2066 2431 2112 tum
2482 2058 2801 2113 sublimiora
2836 2066 2889 2112 et
2939 2054 3261 2126 perfectiora
3306 2051 3562 2122 mysteria

1986 2149 2414 2218 nobissponsus
2445 2149 2670 2218 aperiet.
2699 2147 2814 2202 lloc
2857 2147 3004 2202 enim
3040 2151 3122 2200 est
3149 2139 3238 2198 illa
3280 2142 3431 2213 puris
3463 2145 3565 2194 ho-

1986 2241 2230 2297 minibus
2261 2257 2356 2313 spe
2393 2252 2655 2312 concepta
2690 2251 2746 2297 et
2778 2249 3088 2311 exspectata
3130 2238 3362 2294 societas
3401 2244 3563 2304 atque

1986 2336 2288 2400 convictus,
2321 2351 2429 2406 quo
2461 2337 2670 2390 utinam
2721 2335 2869 2405 digni
2920 2333 3240 2395 habeantur,
3279 2338 3388 2384 tam
3436 2343 3558 2388 nos,

1985 2427 2076 2499 qui
2117 2428 2231 2484 haec
2276 2429 2559 2494 docemus,
2594 2441 2755 2500 quam
2799 2443 2916 2491 vos,
2965 2425 3058 2496 qui
3107 2421 3338 2480 discitis.
3391 2422 3562 2476 Amen

1867 2848 3530 2878 Wu-

977 3023 1103 3112 IN
1179 3019 1906 3116 OBATIONEM
1977 3026 2165 3129 XI,
2237 3021 2543 3116 OLIM
2617 3022 2882 3112 XLI.

380 3212 617 3274 Niceten
649 3213 1137 3292 Expositionem
1175 3215 1237 3275 in
1277 3223 1436 3275 orat.
1474 3216 1588 3284 XI,
1628 3232 1772 3292 quae
1803 3223 1901 3274 est
1937 3216 2003 3276 in
2052 3220 2333 3275 sanctam
2367 3212 3210 3292 ResurrectionemiGrteee-
3244 3220 3308 3272 et
3339 3211 3562 3292 Latine

297 3289 424 3370 jam
464 3289 764 3355 dedimus
807 3299 954 3372 post
1003 3293 1346 3354 Orationes
1382 3295 1446 3354 S.
1483 3289 1782 3370 Gregorii
1827 3292 2238 3365 Nazianzeni,
2284 3290 2665 3370 Patrologta
2719 3297 2875 3350 tom.
2924 3291 3223 3364 XXXVI,
3255 3291 3383 3352 col.
3418 3289 3560 3354 953.

322 3490 2711 3528 ῌ--ι--ι--ᾝ--Ψ-

871 3654 996 3744 IN
1074 3649 1796 3746 ORATIONEM
1871 3657 2159 3778 XLV,
2246 3653 2556 3749 OLIM
2630 3658 2948 3748 XLII.

818 4028 1367 4087 ARGUMENTUM.

375 4123 527 4177 lianc
583 4123 898 4184 orationem.
937 4124 1203 4179 elaborate
1252 4125 1644 4192 conscriptam,
1687 4124 1882 4177 Arian-

308 4216 358 4269 si
380 4215 519 4284 (l3),
553 4215 693 4284 quod
723 4215 920 4268 avitum
952 4215 1120 4283 ipsius
1159 4216 1417 4284 praedium
1450 4225 1589 4278 erat,
1628 4216 1682 4269 in
1712 4215 1884 4267 lucem

307 4306 500 4372 emisit,
531 4305 712 4359 multis
747 4316 864 4375 post
886 4308 1064 4370 annis,
1092 4324 1251 4376 quam
1275 4307 1649 4376 pracedentem
1676 4307 1883 4360 oratio-

312 4415 424 4452 nem
446 4397 730 4460 habuerat.
759 4414 880 4452 cum
910 4400 1027 4468 jam
1055 4398 1513 4470 Constantinopoli
1545 4401 1878 4462 excessisset.

309 4507 366 4544 ac
387 4491 762 4559 patriarcltatn
793 4490 1114 4545 abdicasset.
1146 4488 1286 4544 Nam
1321 4508 1440 4545 cum
1467 4491 1564 4546 Dei
1593 4491 1807 4548 lenitate
1835 4498 1883 4545 et

309 4583 564 4652 patientia
592 4582 824 4653 plerique
852 4583 1270 4653 oﬁ'enderentur,
1303 4583 1442 4653 quod
1471 4583 1632 4638 bonos
1671 4584 1809 4638 viros
1828 4583 1883 4638 in

311 4691 523 4730 inter-ore
568 4693 630 4730 ac
661 4677 882 4732 tristitia
911 4678 1098 4740 vivere,
1132 4677 1392 4745 improbos
1423 4685 1607 4730 contra
1657 4677 1885 4730 secunda

309 4769 479 4819 omnia
525 4767 716 4822 habere
766 4770 1110 4837 permitteret,
1161 4769 1555 4838 periculumque
1606 4777 1762 4832 esset,
1821 4785 1884 4822 ne

309 4856 566 4920 paulatim
607 4873 672 4910 ea:
725 4859 930 4914 incuria
975 4860 1045 4914 ad
1081 4861 1496 4929 desperationem
1556 4859 1882 4922 laberentur,

308 4961 462 5013 eoque
505 4947 768 5012 paulatim
811 4961 1042 5018 ruerent,
1075 4960 1254 5007 utnec
1299 4952 1756 5013 resurrectionem,
1792 4967 1886 5005 nec

307 5037 585 5103 iudicium.
637 5055 730 5094 nec
784 5044 1006 5109 pra'mia
1059 5043 1174 5098 ulla
1231 5054 1322 5097 aut
1375 5045 1637 5113 supplicia
1698 5043 1883 5112 futura

309 5130 566 5184 crederent
597 5145 617 5183 :
645 5146 710 5186 ea:
751 5134 1152 5187 resurrectionis
1193 5135 1329 5204 [esto
1363 5134 1691 5189 commodam
1726 5149 1882 5188 occa-

309 5221 503 5274 sionem
552 5231 762 5288 nactus,
794 5236 1102 5292 praesentem
1141 5226 1438 5280 doctrinam
1483 5226 1746 5290 instituit,
1786 5225 1886 5278 dn-

310 5314 416 5367 bins
461 5322 510 5367 et
549 5313 868 5384 fluctuantes
911 5334 1096 5372 eorum
1141 5319 1428 5375 sententias
1469 5319 1568 5373 hac
1601 5318 1665 5374 de
1705 5333 1882 5373 resur-

372 5472 484 5546 (}3)
510 5472 758 5546 driauzi.
777 5473 833 5528 In
851 5473 1072 5546 Regine
1086 5476 1274 5530 codice
1301 5476 1557 5530 mendose
1590 5476 1787 5544 legitur
1817 5477 1875 5529 ὲν

309 5539 633 5615 Νᾳζιανζῷ,
681 5558 856 5615 neque
908 5539 1054 5599 enim
1106 5547 1366 5614 prmdiutn
1430 5539 1714 5615 paternum
1754 5562 1872 5600 eavu

312 5613 493 5683 urbem
524 5612 880 5683 vocassetiqln
922 5630 1043 5668 meo
1072 5612 1252 5668 autem
1283 5612 1577 5683 exemplari
1613 5617 1872 5683 scriptum

309 5692 416 5734 erat
457 5681 742 5754 ‘ACtaqui.
772 5681 972 5738 Verum
1011 5686 1194 5740 nescio
1231 5684 1354 5753 quis
1380 5681 1611 5738 litteram
1646 5705 1673 5736 ν
1709 5681 1871 5754 supra

312 5752 612 5822 supposuit.
649 5753 813 5825 Aiqui
845 5754 958 5812 haec
987 5755 1166 5813 littera
1197 5752 1536 5826 nequaquam
1572 5752 1872 5826 adjicienda

1908 4027 1953 4082 C
1988 4033 2214 4087 rectione
2247 4035 2490 4088 oratione
2516 4033 2913 4095 constabiliens.
2939 4044 3100 4104 atque
3123 4036 3222 4090 hoc
3245 4037 3374 4105 ﬁdei
3403 4049 3564 4107 caput

1986 4124 2286 4192 plenissime
2343 4133 2394 4178 et
2450 4125 2740 4179 certissime
2797 4125 3027 4194 probans
3053 4141 3073 4182 :
3099 4127 3362 4198 simulque
3405 4131 3564 4184 etiam

1984 4216 2090 4271 uim
2120 4216 2238 4286 festi
2277 4216 2612 4286 gratiamque
2650 4218 2974 4284 prwdicans,
3002 4218 3353 4291 laudibusque
3384 4239 3566 4287 prose-

1984 4324 2166 4377 quens,
2198 4324 2261 4362 ac
2283 4324 2375 4378 per
2391 4324 2661 4380 anagogen
2682 4325 2801 4363 cum
2826 4310 3019 4365 Veteris
3047 4310 3368 4368 Testamenti
3386 4315 3564 4370 littera

1987 4416 2130 4454 nocte
2169 4398 2295 4468 legis
2328 4399 2573 4466 spiritum
2604 4401 2975 4465 commiseeus,
3008 4411 3164 4467 atque
3193 4404 3373 4458 omnia
3406 4404 3563 4474 hujus

1986 4491 2106 4560 festi
2133 4491 2402 4562 mysteria.
2429 4507 2545 4561 qua:
2559 4492 2702 4561 apud
2724 4491 2975 4548 Hebraeos
2994 4494 3347 4560 celebrantur,
3369 4497 3560 4566 singil—

1985 4586 2139 4640 latim
2165 4601 2451 4655 exponens.

2053 4678 2171 4733 Col.
2203 4679 2310 4733 623
2333 4680 2396 4732 Α.
2433 4676 2600 4745 Super
2632 4677 2932 4732 custodiam
2965 4693 3134 4732 meam
3157 4677 3332 4741 stabo,
3364 4678 3559 4747 inquit,

1985 4780 2089 4827 etc.
2128 4771 2382 4827 llahacnc
2411 4771 2675 4841 propheta
2709 4771 3012 4840 permultos
3038 4785 3162 4825 esse
3195 4771 3434 4832 videbat.
3461 4770 3558 4839 qui

1984 4879 2048 4918 ex
2086 4864 2419 4934 providentia
2472 4862 2560 4917 Dei
2591 4862 2910 4918 oll'ensiunis
2945 4863 3294 4920 occasionem
3343 4863 3560 4931 accipe-

1986 4961 2123 5013 rent.
2156 4953 2476 5023 cogitantes,
2507 4953 2599 5022 qui
2632 4953 2804 5017 lleret,
2865 4961 2924 5006 ut
2967 4953 3164 5021 impios
3210 4951 3558 5020 numinisque

1985 5052 2381 5112 contemptores
2421 5050 2477 5096 et
2503 5041 2796 5098 sceleratos
2833 5041 2997 5111 justis
3031 5039 3345 5096 hominibus
3374 5051 3427 5094 ct
3456 5041 3558 5094 im-

1984 5136 2356 5192 bccilliorihus
2386 5135 2731 5196 iusultare,et
2763 5135 2928 5190 veluti
2961 5149 3082 5190 sese
3118 5133 3348 5188 invicem
3383 5132 3558 5188 clluso

1983 5243 2047 5281 ac
2091 5237 2344 5296 protervo
2369 5241 2466 5281 ore
2508 5225 2790 5296 aspernari
2823 5226 3048 5279 sineret.
3093 5222 3299 5278 Idcirco
3345 5223 3558 5292 judicia

1983 5318 2165 5373 divina
2215 5317 2451 5388 attingit,
2503 5327 2666 5388 atque
2721 5332 2785 5373 ca
2833 5333 2953 5387 quae
2983 5315 3187 5387 inquiri
3240 5315 3394 5372 nefas
3448 5325 3554 5381 est,

1983 5489 2134 5540 erat,
2191 5477 2281 5531 sed
2311 5476 2462 5546 prius
2499 5477 2532 5543 ζ
2573 5477 2625 5532 in
2681 5496 2714 5532 σ
2758 5477 3206 5532 convcrtondum.
3254 5474 3552 5546 Azizinzum

1983 5551 2126 5602 cnim
2164 5543 2325 5603 locus
2348 5556 2464 5601 erat
2509 5563 2615 5602 non
2661 5549 2889 5603 multum
2928 5563 2958 5600 a
2993 5546 3263 5602 Nazianzo
3305 5543 3552 5605 dissitus,

1984 5617 2036 5672 in
2073 5635 2182 5688 quo
2217 5617 2398 5688 villam
2448 5617 2680 5688 habebat
2723 5619 3038 5688 Gregorius.
3090 5613 3554 5688 quietnadmodum

1983 5685 2210 5748 testatur
2241 5687 2536 5759 Gregorius
2564 5685 2858 5760 presbvtcr'
2885 5689 2938 5744 in
2973 5685 3142 5758 ipsius
3173 5685 3314 5740 Vita.
