4032 6198
553 231 686 294 1303

1961 241 2378 316 ADDENDA...

3647 244 3749 314 1301

549 340 769 396 curiose
797 340 1125 414 investigare
1151 350 1401 408 conatur,
1435 344 1518 401 his
1543 345 1720 401 verbis
1749 355 1938 402 utens:
1967 347 2139 419 Super
2169 361 2212 415 Α
2250 352 2454 409 Deinde
2509 369 2638 409 vero
2696 370 2791 426 per
2851 353 3279 424 descriptionem
3313 395 3329 419 ,
3387 353 3511 424 quid
3566 352 3748 407 viderit.

551 433 854 486 custodiam
913 450 1081 488 meam
1127 435 1317 498 stabo.
1347 445 1396 490 et
1426 446 1630 504 petram
1683 439 2029 494 conscendam
2082 450 2133 494 et

552 529 972 594 contentol'tbor,
1013 538 1072 583 ut
1114 529 1322 583 rideant
1355 532 1481 601 quid
1518 533 1573 584 in
1607 549 1687 586 me
1731 533 1982 604 loquatur
2021 533 2134 589 Do-

553 623 752 687 minus,
785 633 832 676 et
855 622 980 690 quid
1005 623 1344 689 respondeam
1377 624 1446 676 ad
1469 625 1898 696 redargutionem
1931 627 2030 680 mei
2065 628 2131 682 ".

556 713 763 767 Sensus
801 721 980 766 autem
1012 714 1303 768 verborum
1346 713 1626 786 Prophcttn
1658 727 1742 772 est
1776 717 2090 787 huiusmodi
2118 735 2133 773 :

553 805 808 859 Animum
860 807 928 860 ab
967 807 1116 861 omni
1173 807 1449 862 mundana
1496 824 1628 876 cura
1682 825 1875 880 purum
1910 820 1960 865 et
1997 811 2138 866 inte-

555 911 712 967 grum
743 897 959 962 tuebor,
995 907 1049 951 et
1079 898 1130 952 in
1157 899 1529 954 firmissimam
1568 901 1862 970 quamdam
1901 916 1964 955 ac
1991 901 2138 956 velut

557 988 611 1040 in
653 987 872 1042 sublimi
909 989 1028 1044 loco
1078 990 1310 1059 positam
1388 993 1716 1062 cogitatione
1785 993 2135 1048 securitatem

557 1078 880 1144 convolaho,
912 1089 1074 1148 atque
1099 1080 1274 1148 illinc,
1318 1086 1476 1152 quasi
1502 1099 1568 1137 ex
1601 1084 1802 1140 montis
1832 1084 2137 1148 cacumine,

557 1170 735 1225 acidis
781 1172 980 1226 mentis
1033 1172 1356 1242 inspiciam.
1405 1189 1673 1246 quosnam
1729 1177 1795 1231 ad
1855 1191 1942 1232 me
1995 1176 2139 1232 Deus

557 1275 847 1314 sermones
882 1261 1170 1316 habiturus
1199 1263 1289 1325 sit,
1317 1263 1557 1332 quidque
1591 1263 1707 1332 ipse
1739 1263 1984 1318 dicturus
2012 1264 2139 1329 sim,

563 1353 608 1410 si
633 1367 932 1422 coarguere
971 1368 1058 1407 me
1094 1352 1237 1408 Deus
1285 1353 1604 1418 instituerit,
1640 1363 1698 1409 ut
1731 1354 1824 1424 qui
1855 1370 1962 1410 non
2007 1355 2142 1411 satis

561 1455 719 1498 caute
749 1459 816 1498 ac
849 1444 1143 1515 prudenter
1174 1445 1289 1498 lucc
1317 1445 1480 1499 verba
1514 1445 1820 1499 extulerim.
1851 1445 2030 1511 Quare
2058 1460 2142 1500 re-

560 1536 728 1606 spicis
764 1537 828 1590 ad
873 1537 1321 1606 contemptores?
1351 1535 1606 1596 Tacebis.
1639 1553 1760 1592 eum
1802 1536 2029 1590 devorat
2057 1536 2143 1604 iu-

562 1638 683 1685 stus
735 1629 1004 1698 impium?
1047 1630 1228 1699 Atque
1281 1631 1394 1685 haec
1445 1639 1576 1685 sunt
1626 1629 1906 1701 Pmphetae
1956 1632 2141 1693 verba,

2237 442 2478 512 quidque
2529 445 2819 511 audiverit,
2858 454 3064 499 narrat.
3095 442 3236 499 Nam
3301 451 3356 498 et
3391 459 3653 514 personam
3685 445 3752 499 tle-

2237 533 2452 600 scribit,
2506 536 2634 606 quia
2679 537 2798 604 vir;
2860 547 2916 592 et
2965 537 3194 603 locum,
3232 537 3364 606 quia
3421 535 3474 589 in
3532 535 3753 600 nubibus;

2238 628 2516 693 modum,
2569 630 2696 700 quia
2759 631 3179 696 conscendens;
3241 637 3298 685 et
3356 628 3753 694 magnitudinem,

2237 721 2367 792 quia
2396 722 2687 787 sublimis;
2721 721 2950 778 formam
2978 722 3128 786 item,
3163 720 3296 790 quia
3329 719 3518 789 angelo
3571 719 3754 782 similis;

2240 814 2524 880 amictum,
2586 815 2716 884 quia
2779 813 2981 884 fulguri
3040 811 3280 877 similis;
3340 810 3608 871 habitum.
3658 810 3753 878 quia

2241 921 2462 959 manum
2495 906 2725 969 extulit;
2765 919 2976 968 vocem,
3046 904 3176 973 quia
3210 902 3457 956 buccinae
3487 915 3584 952 non
3630 901 3759 954 dissi.

2243 997 2422 1064 milis;
2469 1012 2535 1052 ac
2563 997 2800 1067 denique
2852 1011 3138 1052 sermones
3167 1009 3313 1064 quos
3365 993 3456 1047 ille
3495 993 3758 1062 prolocutus

2241 1096 2346 1152 est,
2365 1088 2457 1158 qui
2485 1105 2542 1143 se
2561 1089 3004 1158 conspiciendum
3026 1087 3283 1158 praebuit.
3299 1087 3682 1156 Angelus‘porro
3696 1083 3760 1135 hic

2245 1188 2350 1243 est,
2385 1196 2492 1234 non
2524 1190 2703 1234 autem
2737 1179 2986 1236 Christus
3009 1219 3023 1245 ,
3066 1188 3128 1234 ut
3160 1177 3390 1248 quidam
3417 1175 3762 1231 existimarunt.

2245 1268 2380 1324 Nam
2443 1270 2490 1324 si
2527 1269 2784 1328 Christus
2844 1271 3060 1335 fuisset,
3111 1269 3404 1325 dicendum
3461 1267 3560 1336 ipsi
3592 1264 3763 1319 fuerat:

2245 1360 2383 1428 Quia
2413 1377 2516 1432 ego
2546 1378 2576 1417 a
2610 1362 2843 1419 mortuis
2873 1363 3107 1418 surrexi.
3153 1361 3320 1431 Atqui
3359 1359 3496 1415 dixit
3528 1356 3764 1414 :Christus

2245 1469 2308 1506 ex
2345 1453 2599 1509 mortuis.
2645 1452 2724 1508 Ex
2763 1469 2872 1524 quo
2903 1454 3194 1522 perspicue
3246 1460 3460 1508 constat
3493 1463 3604 1503 cum
3633 1448 3762 1500 alium

2248 1545 2418 1600 fuisse
2461 1560 2626 1614 quam
2687 1544 2991 1601 Christum.
3045 1543 3170 1599 Jam
3230 1544 3375 1598 idetn
3424 1554 3624 1612 quoque
3667 1551 3766 1591 voce

2169 1693 2190 1702 _
2248 1651 2449 1706 magna
2489 1636 2766 1691 clamavit.
2794 1638 2976 1706 Atque
3014 1635 3302 1707 explicans
3325 1633 3620 1703 Theologus
3647 1629 3765 1699 quis-

570 1725 682 1777 ha'c
712 1723 1025 1778 verborum"
1053 1724 1347 1778 sententia.
1383 1721 1693 1794 Theologus
1725 1739 1907 1793 porro,
1941 1723 2146 1779 oratio-
2179 1717 2220 1774 Β
2253 1743 2378 1782 nam
2432 1730 2478 1781 is
2511 1735 2677 1792 esset,
2714 1727 2810 1797 qui
2842 1727 3138 1782 clamorem
3191 1724 3504 1787 sustulerat,
3534 1729 3666 1790 optat
3690 1718 3765 1772 sibi

568 1829 688 1868 nem
723 1814 1033 1879 exordiens,
1061 1814 1209 1870 illius
1253 1815 1419 1870 verba
1460 1815 1525 1870 ad
1566 1831 1808 1886 praesens
1853 1831 2146 1886 argumen-

565 1912 680 1958 tum
715 1905 1015 1975 adaptavit.
1053 1905 1378 1976 Quanquam
1417 1908 1521 1962 hoc
1572 1908 1822 1971 interest,
1855 1908 1999 1977 quod
2040 1905 2148 1960 Ha-

565 1997 736 2054 bacuc
766 2012 862 2067 per
893 1998 1205 2053 custodiam
1244 1999 1444 2054 mentis
1493 1999 1829 2070 vigilantiam
1879 2000 2146 2072 intelligit,

568 2104 665 2157 per
690 2097 897 2157 petram
953 2099 1160 2153 autem,
1197 2091 1513 2147 firmitatem
1558 2100 1612 2146 et
1657 2093 2044 2146 constantiam.
2080 2093 2151 2145 At

566 2184 726 2239 divus
761 2183 1063 2255 Gregorius
1110 2185 1506 2241 sacerdotalem
1542 2195 1887 2254 potestatem.
1922 2195 1978 2241 et
2015 2202 2151 2242 con-

568 2276 974 2345 tetuplationem
997 2276 1100 2332 sibi
1132 2276 1411 2341 donatam,
1449 2277 1756 2333 custodiam
1778 2285 1959 2332 vocat.
1992 2276 2135 2332 Pon-

569 2367 748 2424 tiﬁces
778 2369 948 2434 enim,
975 2369 1067 2439 qui
1102 2367 1195 2424 Dei
1227 2378 1283 2425 et
1317 2369 1599 2424 hominum
1637 2370 1965 2426 mediatores
2003 2379 2152 2436 sunt,

571 2475 663 2515 res
715 2460 1027 2530 huiusmodi
1093 2476 1338 2531 qua'rere
1394 2470 1449 2517 et
1476 2460 1834 2530 contemplari
1887 2476 1989 2516 suo
2030 2461 2156 2531 jure

575 2561 828 2622 possunt.
861 2552 1132 2609 Caeterum
1167 2554 1260 2624 qui
1289 2552 1612 2622 Gregorium
1660 2567 1757 2623 per
1787 2552 2076 2618 visionem,
2102 2553 2154 2608 id

576 2643 725 2712 quod
753 2657 896 2698 nunc
945 2653 1152 2708 narrat,
1198 2644 1484 2714 aspexisse
1522 2643 1699 2706 aiunt.
1735 2643 1895 2714 longe
1944 2644 2075 2698 mihi
2125 2659 2155 2700 a

579 2734 812 2788 veritate
851 2735 1111 2789 aberrare
1152 2735 1424 2789 videntur.
1463 2737 1582 2804 ipse
1628 2735 1776 2789 enim
1824 2736 1897 2788 ait
1929 2734 2031 2789 sibi
2071 2749 2158 2790 res

580 2825 898 2894 huiusmodi
950 2825 1298 2895 inquirendi,
1369 2835 1533 2896 atque
1583 2835 1697 2881 tum
1754 2837 1934 2882 mente
1987 2827 2160 2881 infor-

579 2917 788 2983 maudi,
827 2925 938 2971 tum
968 2920 1134 2972 etiam
1163 2918 1346 2973 verbis
1382 2918 1696 2981 enarrandi,
1724 2933 1754 2972 a
1786 2917 1990 2988 Spiritu
2027 2933 2158 2973 san-

577 3021 664 3066 cto
699 3009 897 3065 factam
930 3025 1050 3066 esse
1091 3020 1444 3083 potestatem.
1500 3010 1673 3068 Stabo
1700 3011 1868 3082 igitur
1900 3011 1954 3066 in
2005 3019 2157 3080 pote-

577 3111 718 3157 state
759 3102 890 3156 mihi
937 3104 1086 3170 data,
1111 3111 1277 3173 atque
1324 3103 1608 3174 inspiciam
1634 3142 1650 3168 ,
1684 3120 1780 3160 seu
1823 3103 2158 3172 contempla-

581 3194 698 3256 hur.
729 3195 989 3264 quidnam
1017 3196 1192 3251 oculis
1238 3211 1362 3252 sese
1391 3194 1573 3263 olIert,
1605 3211 1668 3251 ac
1710 3211 1904 3251 rursus
1950 3209 2156 3265 cogno-

579 3301 750 3350 scam,
787 3288 918 3356 quid
943 3287 1181 3343 dicetur.
1221 3286 1354 3343 Nam
1389 3287 1848 3359 quemadmodum
1899 3286 1975 3347 id.
2011 3286 2154 3356 quod

579 3379 843 3442 cernitur.
882 3380 1053 3436 visum
1093 3381 1369 3451 requirit,
1401 3382 1497 3446 ita,
1541 3380 1687 3451 quod
1732 3395 1827 3434 ore
1861 3378 2152 3449 profertur,

581 3472 896 3541 cognitione
929 3487 1067 3542 Opus
1093 3474 1276 3529 habet.

654 3563 844 3617 Ρεειιι
877 3579 1186 3620 εκροειτιο.
1223 3565 1404 3634 Super
1435 3566 1761 3620 custodiam.
1804 3563 2058 3620 Custodia
2080 3575 2156 3618 est

580 3657 778 3710 animat
809 3659 1222 3726 uniuscujusque
1264 3658 1494 3712 hominis
1524 3657 1788 3721 modulus,
1821 3657 1978 3726 juxta
2009 3673 2159 3725 quem

581 3758 727 3798 certa
770 3748 1106 3813 proportione
1137 3747 1346 3800 divinas
1390 3750 1615 3802 uisiones
1650 3753 1892 3816 suscipit.
1934 3747 2074 3800 Nam
2115 3747 2160 3798 si

584 3837 701 3904 quis
737 3837 898 3890 altius
929 3853 1020 3904 per
1047 3839 1542 3907 contemplationem
1573 3856 1627 3892 se
1653 3838 1966 3908 porrexerit.
2012 3838 2163 3889 ober-

587 3929 739 3982 rnrit.
833 3929 1163 3984 P0tc5tatem
1221 3940 1276 3984 et
1327 3930 1779 4000 speculationem.
1843 3928 2159 3982 Potestntem

584 4020 740 4085 dixit,
773 4023 1024 4090 quoniam
1057 4024 1223 4075 omnis
1255 4023 1437 4075 animo
1477 4022 1546 4074 ad
1579 4022 1814 4075 divinam
1840 4019 2162 4088 simplicita-

588 4122 690 4164 tem
719 4124 914 4174 evecta.
937 4121 986 4166 et
1017 4129 1134 4166 cunt
1163 4115 1290 4184 ipsis
1322 4114 1515 4169 divinis
1542 4113 1830 4168 uisionibus
1865 4113 2164 4166 immediate

587 4201 951 4268 congrediens,
977 4202 1282 4268 hujusmodi
1329 4203 1642 4272 spectaculis
1673 4204 1831 4257 libere
1863 4212 1912 4255 et
1936 4219 2032 4272 pro
2065 4219 2162 4271 po-

590 4301 778 4345 testate
811 4295 980 4346 utitur
1011 4311 1029 4348 :
1071 4306 1225 4366 atque
1264 4298 1332 4350 ad
1362 4298 1690 4352 audientium
1721 4307 1932 4365 captum
1963 4305 2011 4350 et
2038 4312 2164 4365 pro-

589 4383 879 4448 portionem
909 4401 1021 4438 sese
1042 4387 1342 4450 demittens,
1377 4397 1425 4442 et
1461 4405 1522 4441 ea
1551 4387 1826 4456 informat,
1854 4404 1971 4457 qua:
2017 4387 2164 4440 nulla

591 4474 764 4540 forma
783 4477 1008 4543 exprimi
1040 4488 1252 4546 queunt,
1273 4487 1322 4531 et
1348 4495 1411 4531 ea
1441 4479 1612 4547 ﬁngit,
1639 4493 1755 4547 qua:
1788 4477 1937 4530 nulla
1959 4478 2164 4530 ratione

589 4569 720 4636 [iugi
747 4570 1097 4636 constituique
1120 4582 1358 4638 possunt.
1390 4569 1817 4638 Speculationem
1847 4579 2021 4623 autem
2064 4575 2166 4621 att-

591 4662 750 4722 ttidit.
773 4664 898 4732 quia
920 4665 1100 4717 animo
1137 4665 1364 4717 visiones
1393 4664 1597 4717 diuinas
1629 4677 1955 4731 nequaquam
1983 4662 2169 4715 uolun-

594 4764 700 4807 tate
729 4756 962 4816 metitur,
986 4771 1161 4808 verum
1184 4755 1502 4810 intellectiva
1527 4757 1575 4810 ei
1598 4765 1646 4809 et
1671 4754 1950 4824 facultate,
1973 4755 2168 4823 ipsius-

591 4864 689 4918 que
719 4848 1050 4916 purgationis
1081 4848 1317 4902 modu!o.

661 4937 781 4991 Col.
819 4937 926 4991 625
959 4939 1022 4991 Α.
1065 4936 1131 4991 Et
1159 4939 1301 5001 steti,
1331 4955 1395 4992 ac
1419 4939 1720 5007 speculatus
1761 4955 1878 4993 sum
1909 4955 1927 4991 :
1967 4947 2014 4992 et
2053 4954 2168 4992 ecce

592 5030 692 5092 uir,
740 5037 846 5083 etc.
899 5030 1189 5099 Postquam
1247 5029 1383 5083 dixit
1413 5048 1428 5083 :
1460 5028 1622 5084 Stabo
1665 5032 1717 5083 in
1749 5030 1992 5083 custodia
2029 5045 2166 5093 mea,

594 5138 718 5174 cum
753 5123 1027 5184 ilabacuc,
1054 5131 1103 5176 et
1122 5121 1456 5190 speculabor,
1488 5138 1633 5176 nunc
1661 5123 1896 5176 ostendit
1918 5137 2002 5190 se,
2019 5122 2165 5188 quod

596 5224 969 5279 proposuerat,
1008 5215 1222 5270 fecisse.
1276 5215 1470 5269 Libero
1517 5216 1658 5269 enim
1684 5254 1699 5278 ,
1749 5214 1948 5284 inquit,
1983 5226 2032 5268 et
2070 5230 2169 5284 pro

600 5309 866 5362 arbitratu
914 5310 1362 5381 contemplationi
1419 5311 1662 5364 animum
1697 5311 1892 5378 adieci.
1955 5307 2019 5362 Et
2046 5307 2169 5363 steti

600 5400 651 5450 in
685 5401 905 5454 sublimi
969 5403 1121 5463 loco.
1176 5418 1240 5456 ex
1274 5418 1382 5471 quo
1440 5418 1658 5472 possem
1716 5417 1800 5456 res
1855 5399 2169 5470 huiusmodi

603 5488 798 5541 intueri
832 5506 844 5541 :
884 5499 1042 5558 atque
1087 5506 1148 5544 ca
1181 5491 1312 5556 vidi,
1341 5507 1461 5560 quia
1512 5505 1655 5545 nunc
1687 5491 2165 5544 commemorabo.

674 5651 716 5683 ’³
758 5650 939 5704 lialiac
1000 5665 1058 5714 ιι,
1089 5653 1134 5703 l.
1205 5647 1572 5715 "Joannvut,
1618 5651 1700 5705 l2.

2184 3063 2232 3126 C

1779 5651 1820 5683 ¹⁷
1864 5649 2093 5704 Mal-ach.
2126 5663 2198 5714 tv,
2230 5647 2286 5701 εὶ.

2249 1832 2470 1886 quoque
2496 1832 2685 1873 vocem
2727 1817 2987 1888 angelica:
3023 1833 3215 1888 parem
3263 1816 3402 1871 dari.
3434 1816 3669 1882 Quocirca
3691 1827 3766 1865 an-

2252 1909 2431 1979 gelum
2462 1925 2584 1965 esse
2629 1923 2853 1965 necesse
2882 1917 2988 1972 est,
3023 1909 3118 1979 qui
3155 1910 3262 1964 hoc
3295 1909 3412 1962 loco
3435 1923 3526 1977 per
3553 1902 3764 1959 orationis

2253 2005 2569 2075 ligmentum
2618 2011 2842 2072 apparet
2880 2017 2945 2057 ac
2987 2001 3154 2055 verba
3209 1999 3360 2055 facit.
3423 2001 3593 2052 Virum
3639 2008 3762 2065 porro

2253 2113 2376 2152 cum
2420 2096 2665 2152 nominat
2710 2095 3044 2167 Gregorius,
3075 2095 3342 2166 quoniam
3377 2091 3589 2161 angelus
3633 2086 3764 2141 baud-

2254 2202 2558 2258 quaquam.
2597 2196 2659 2241 ut
2711 2198 2906 2241 natura
2957 2202 3056 2242 sua
3088 2193 3202 2251 est,
3235 2198 3492 2255 apparere
3522 2178 3762 2234 soletzre-

2257 2295 2377 2334 rum
2437 2279 2492 2334 in
2549 2277 2828 2334 hominem
2907 2279 3360 2332 transfer-matus.
3421 2271 3567 2338 Quod
3624 2277 3759 2322 autem

2257 2373 2438 2443 ipsum
2472 2371 2647 2432 nubes
2690 2371 3079 2426 conscendisse
3133 2369 3340 2440 inquit,
3374 2366 3474 2422 hoc
3504 2379 3563 2420 ea
3604 2361 3762 2416 ratione

2257 2461 2414 2527 dicit,
2450 2461 2580 2533 quia
2617 2461 2752 2516 levis
2784 2469 2839 2515 et
2864 2461 3119 2516 sublimis
3144 2459 3467 2529 angelorum
3502 2462 3670 2509 natura
3689 2457 3762 2508 est.

2258 2569 2356 2623 per
2387 2568 2569 2608 aerem
2623 2553 2760 2607 mira
2789 2553 3067 2607 celeritate
3105 2566 3360 2606 currens.
3412 2546 3478 2603 Ut
3503 2557 3657 2601 autem
3679 2556 3762 2611 pcr-

2259 2644 2450 2715 spicue
2483 2644 2732 2701 ostendat
2762 2643 3068 2716 Gregorius
3099 2645 3312 2707 virum,
3343 2643 3410 2698 de
3431 2656 3532 2710 quo
3561 2636 3761 2706 loquitur.

2259 2738 2513 2808 angelum
2553 2753 2697 2805 esse,
2733 2737 3032 2806 subiungit,
3088 2737 3365 2806 Aspcctus
3391 2734 3523 2802 eius,
3563 2739 3612 2782 ut
3647 2740 3758 2792 aspc-

2262 2837 2383 2883 ctus
2419 2830 2619 2900 angeli.
2682 2828 2838 2885 llunc
2886 2843 3052 2899 porro
3096 2828 3267 2883 talem
3319 2822 3562 2896 depingit,
3599 2816 3758 2888 qualem

2264 2917 2520 2974 mulieres
2588 2919 2643 2972 in
2741 2918 2993 2988 sepulcro
3078 2923 3504 2988 censpesernut,
3561 2907 3755 2962 nimirum

2265 3009 2551 3065 candidam
2630 3019 2832 3066 vestem
2873 3018 3205 3081 gestantem.
3262 3008 3399 3076 Quin
3456 3003 3610 3073 maius
3640 2998 3757 3050 etiam

2265 3099 2521 3168 quiddam
2549 3099 2775 3155 iudicat.
2815 3099 2950 3154 Nam
3002 3100 3266 3154 amictum
3301 3095 3492 3164 fulguri
3526 3094 3757 3157 comparat,

2264 3197 2320 3244 et
2347 3189 2566 3258 quidem
2623 3190 2881 3246 ocissime
2935 3191 3302 3259 percurrenti.
3337 3187 3591 3254 Quidnam
3629 3187 3758 3232 autem

2267 3278 2371 3336 sibi
2417 3282 2553 3346 vult,
2605 3297 2730 3337 eum
2794 3282 2872 3337 ait
2920 3297 3044 3336 cum
3085 3282 3366 3336 Orientem
3421 3289 3592 3332 \ersus
3620 3278 3758 3324 manus

2268 3375 2593 3430 sustulisse?
2625 3373 2881 3438 fortasse,
2921 3386 2981 3429 ut
3015 3391 3111 3446 per
3139 3373 3442 3434 Orientem,
3470 3367 3642 3423 Clu-isti
3667 3360 3759 3411 divi-

2267 3467 2489 3522 nitatcm
2523 3469 2814 3537 exprimat.
2851 3467 2986 3522 Nam
3019 3477 3071 3522 et
3098 3467 3313 3523 Lumen
3370 3453 3698 3532 spirituale".
3724 3456 3759 3502 el

2268 3559 2360 3614 50'
2390 3561 2696 3630 Ῑιιεῑίιῖωη,
2743 3571 2798 3617 et
2842 3559 3100 3616 Oriens“
3137 3561 3193 3615 in
3255 3559 3522 3627 Scriptura
3574 3547 3759 3606 Christus

2270 3653 2582 3710 nominatus
2615 3665 2720 3710 est.
2771 3655 2946 3725 Atque
2988 3656 3151 3710 etiam
3212 3653 3377 3708 David
3419 3649 3655 3704 Orientem
3686 3635 3760 3688 ι)εο

2267 3746 2510 3815 assignat
2564 3747 2647 3802 his
2711 3749 2889 3802 verbis
2928 3747 3196 3802 :Psallite
3245 3746 3480 3804 Domino,
3508 3739 3588 3807 qui
3631 3742 3760 3786 σειρη-

2269 3838 2346 3890 dit
2382 3855 2537 3907 super
2602 3840 2786 3892 cwlum
2829 3841 2944 3894 caeli
3001 3840 3070 3893 ad
3131 3839 3398 3894 Orientem
3433 3835 3492 3888 ".
3520 3827 3603 3883 Vel
3641 3821 3755 3876 cliti!"

2273 3929 2504 3986 fortasse
2567 3939 2627 3983 ut
2693 3930 2998 3997 paradisum
3065 3931 3130 3984 ad
3189 3929 3461 3985 Orientem
3513 3915 3756 3977 consitum.

2271 4035 2335 4074 ac
2388 4035 2482 4090 per
2521 4021 2650 4075 Aglze
2693 4021 3178 4090 transgressionem
3237 4023 3474 4076 clausum
3512 4020 3670 4067 rursus
3694 4010 3757 4069 Ρθτ

2271 4110 2474 4166 Christi
2506 4112 2962 4168 resurrectionem
2991 4111 3327 4181 patefactum
3349 4123 3463 4165 esse
3477 4099 3754 4193 demonstret.

2273 4203 2535 4274 Angelnm
2573 4214 2756 4257 autem
2814 4203 3022 4258 inducit
3081 4203 3310 4257 tunitrui
3344 4201 3444 4255 ritu
3468 4237 3480 4256 ,
3517 4191 3589 4246 vel
3627 4191 3755 4256 poliui

2275 4297 2518 4350 buccina:
2558 4295 2732 4349 instar
2779 4295 3126 4357 clamantem,
3174 4305 3239 4349 ut
3270 4295 3338 4348 ab
3386 4285 3753 4343 omnibuscﬂu'

2273 4387 2454 4441 diatur
2491 4404 2506 4441 :
2546 4394 2730 4455 utpote
2773 4386 2868 4456 qui
2904 4384 3163 4441 omnibus
3195 4383 3393 4438 salutis
3435 4390 3526 4450 per
3551 4367 3754 4457 Christum

2276 4486 2509 4547 accepta:
2552 4479 2806 4532 nuntium
2841 4476 3053 4532 aderat.
3089 4476 3277 4530 Dicere
3303 4474 3459 4528 etiam
3487 4463 3596 4536 quis
3637 4455 3755 4547 p025“

2280 4571 2385 4624 huc
2417 4569 2752 4640 Theologum
2803 4581 3081 4636 spectasse
3101 4609 3115 4634 ,
3171 4577 3228 4622 ut
3270 4581 3362 4636 per
3387 4563 3480 4617 has
3511 4564 3670 4609 omnes
3692 4544 3754 4640 tle"

2279 4637 3078 4731 scriptionesformidabilem
3145 4657 3394 4728 angelum
3459 4637 3752 4735 reprmseulci-

2279 4753 2597 4821 Huiusmodi
2656 4765 2890 4821 namque
2924 4767 3047 4804 cum
3097 4748 3354 4807 ostendit.
3389 4754 3491 4796 tum
3519 4752 3545 4792 a
3571 4727 3755 4824 subltttl'j

2277 4818 2406 4907 tate,
2447 4856 2558 4898 tttnt
2595 4858 2624 4897 a
2671 4818 3068 4911 magnitudine,
3111 4856 3140 4893 a
3174 4841 3344 4893 forma
3372 4836 3487 4888 item
3519 4834 3565 4878 et
3601 4818 3750 4908 amictu

2277 4951 2340 4989 ac
2373 4949 2524 4988 voce.
2574 4933 2775 4987 Adhaee
2811 4928 3163 4984 multitudine
3211 4925 3509 4995 angelorum
3549 4920 3651 4964 cum

2277 5037 2422 5083 ctum
2453 5025 2770 5089 introducit,
2799 5023 2938 5077 idem
2957 5022 3209 5077 videlicet
3234 5014 3424 5074 Christi
3446 4998 3752 5089 resurrer1_|0"'

2277 5121 2545 5182 tribuens,
2582 5117 2806 5187 quodin
2834 5115 3009 5184 ipsius
3040 5112 3316 5168 nativitate
3347 5100 3630 5166 contigerat.

2278 5209 2421 5263 enim
2456 5178 2684 5276 angelus
2725 5178 2938 5260 Domini
2999 5203 3307 5273 pastoribus
3359 5192 3517 5250 astitit
3561 5178 3750 5276 magtmi':

2282 5301 2414 5356 illud
2452 5301 2710 5370 gaudium
2741 5297 3096 5357 annuntians,
3155 5305 3207 5349 et
3263 5296 3472 5356 repente
3524 5264 3750 5370 facitis:

2281 5411 2404 5448 cum
2439 5393 2632 5460 angelo
2665 5389 2958 5446 multitudo
2994 5389 3196 5443 militia:
3238 5377 3464 5439 ccclesiis
3487 5360 3752 5460 lamlault‘ﬂI

2283 5485 2457 5539 Deum
2638 5481 3102 5544 dicentium,etc.
3163 5471 3388 5532 Proinde
3441 5472 3568 5518 nunc
3593 5445 3753 5519 quodne

2367 5646 2406 5676 "‘
2436 5643 2566 5700 Luc.
2608 5661 2644 5711 t,
2667 5643 2757 5699 78.
2838 5641 2880 5673 "
2917 5639 3058 5695 Psal.
3092 5655 3260 5702 vau,
3293 5631 3375 5688 5i.
