4032 6198
283 321 421 386 1305

1265 328 1580 390 NICETAS
1623 329 1702 389 lN
1741 329 1961 402 ORAT.
2002 332 2168 393 XLII
2209 334 2267 395 S.
2309 333 2535 396 GREG.

3386 333 3522 400 1306

278 440 503 508 angelus
533 437 950 494 resurrectionis
976 439 1224 494 nuntium
1253 442 1505 500 deferens
1538 445 1838 507 inducitur,
1873 447 1914 503 A
1951 450 2129 512 rediit,
2163 450 2214 504 id
2252 451 2427 507 estad
2471 448 2774 505 divinitatis
2824 464 2939 506 suae
2992 448 3408 520 amplitudinem
3463 463 3518 509 et

278 539 334 586 et
377 529 690 600 angelorum
717 531 995 586 exercitus
1024 531 1300 587 Christum
1340 550 1368 589 a
1413 536 1645 592 mortuis
1685 550 1843 592 revo-

277 634 459 679 catum
499 623 911 678 concelebrans.
974 624 1144 680 Porro
1203 627 1303 682 has
1365 643 1556 684 omnes
1608 645 1768 684 voces
1814 645 1842 685 a

277 716 554 788 prophetis
586 724 864 771 mutuatus
890 728 972 773 est
1010 717 1340 789 Theologus.
1381 718 1516 775 Nam
1563 730 1617 776 et
1657 721 1840 776 Daniel

275 810 360 864 his
397 809 579 864 verbis
607 810 780 864 utitur
817 828 831 863 :
868 809 1000 864 Ecce
1025 814 1169 865 stetit
1199 830 1380 867 coram
1404 831 1484 868 me
1516 825 1574 868 ut
1603 825 1845 882 aspectus

273 901 372 955 viri
390 901 458 954 ¹⁰.
490 899 554 954 Et
583 916 779 956 rursus
815 920 830 955 :
877 899 1011 955 Ecce
1042 905 1120 957 vir
1149 906 1374 960 amictus
1409 923 1564 960 sacra
1605 906 1764 967 stola.
1797 916 1846 960 et

273 994 444 1048 rultus
468 993 584 1058 eius
610 995 746 1048 sicut
787 1005 1030 1061 aspectus
1057 996 1305 1066 fulguris,
1339 1007 1389 1051 et
1422 1015 1523 1053 vox
1549 1015 1847 1053 sermonum

271 1090 420 1142 illius
480 1097 537 1141 ut
588 1103 688 1142 vox
746 1088 1107 1144 multitudinis
1164 1091 1438 1159 popularis
1460 1092 1527 1145 ".
1590 1089 1656 1145 Et
1707 1093 1846 1162 apud

269 1181 484 1234 Nahum
528 1179 608 1236 sic
641 1178 905 1248 scriptum
952 1180 1182 1234 habetur
1215 1200 1228 1235 :
1256 1183 1506 1246 Aspectus
1565 1200 1744 1237 eorum
1794 1194 1850 1236 ut

271 1271 545 1342 lampades
577 1271 731 1341 ignis,
758 1281 805 1324 et
839 1271 977 1324 sicut
1005 1272 1224 1342 fulgura
1254 1274 1702 1329 (liscui-rentia".
1749 1275 1851 1329 Po-

272 1375 482 1418 stremo
517 1363 584 1416 de
612 1377 744 1416 voce
786 1362 852 1415 ad
900 1364 1043 1418 hunc
1092 1365 1313 1418 modum
1340 1363 1583 1420 Joannes
1613 1366 1850 1421 Theolo-

271 1473 372 1524 gus
399 1456 642 1523 loquitur
690 1453 806 1509 :Et
855 1455 1039 1508 audivi
1078 1473 1250 1511 vacem
1314 1475 1560 1529 magnam
1607 1469 1721 1528 post
1770 1476 1850 1513 me

273 1557 526 1615 tanquam
564 1564 736 1601 vocem
761 1548 967 1603 tuba'”.
997 1547 1156 1602 Nunc
1186 1549 1316 1618 quid
1350 1551 1578 1619 angelus
1630 1550 1845 1616 clamet,

271 1640 600 1694 audiamus:
636 1637 806 1694 Hodie
853 1641 1004 1695 salus
1054 1642 1389 1696 mundotam
1419 1643 1646 1705 visibili,
1675 1657 1839 1710 quam

269 1733 550 1788 invisibili.
585 1731 724 1799 Quid
776 1748 907 1788 vero
967 1733 1260 1789 invisibilis
1302 1750 1522 1804 quoque
1582 1735 1840 1799 mundus,

1946 542 2404 611 diguitatem,qua
2429 549 2647 611 propter
2674 540 3136 610 dispensatimxem
3163 541 3227 595 ad
3260 543 3516 614 exiguum

1951 649 2162 703 tempus
2213 635 2484 704 spoliatus
2533 643 2697 703 atque
2727 632 3040 688 exinanitus
3097 632 3292 687 fuerat.
3349 633 3511 688 Rece-

1947 739 2074 797 ptus
2126 729 2271 782 enim
2330 727 2396 782 ad
2461 727 2712 782 dextram
2760 723 2940 780 Patris
2999 726 3266 780 consedit.
3325 724 3519 780 Redite

1949 820 2114 883 igitur
2145 833 2239 872 vos
2268 833 2485 888 quoque
2515 817 2580 871 ad
2609 827 2844 872 veterem
2877 817 3218 885 splendorem
3254 826 3308 870 et
3341 816 3517 884 digni-

1950 921 2136 978 tatem,
2175 927 2239 966 ac
2276 911 2474 966 divina:
2504 909 2758 979 imaginis
2784 908 2973 963 decus.
3003 909 3155 974 Quod
3188 919 3365 962 autem
3403 909 3514 964 ait:

1948 1005 2025 1060 Ex
2068 1003 2343 1066 mortuis,
2407 1002 2729 1072 simpliciter
2797 1017 2922 1056 eum
2981 1000 3284 1053 redivivum
3350 1015 3517 1068 appa-

1949 1097 2129 1151 ruisse
2168 1093 2472 1165 signillcat;
2501 1094 2647 1164 quod
2673 1107 2803 1148 vero
2827 1091 3110 1162 sequitur:
3136 1091 3208 1145 Ex
3240 1091 3515 1159 sepulcro,

1951 1185 2164 1239 vincula
2191 1199 2409 1254 quoque
2449 1198 2631 1238 rerum
2668 1183 2734 1237 ad
2787 1182 3094 1252 sepulcrum
3131 1179 3516 1250 pertinentium

1948 1294 2072 1332 eum
2109 1275 2436 1346 perfregisse
2473 1275 2696 1336 iudicat,
2735 1283 2789 1330 et
2824 1275 3140 1329 advolutum
3167 1262 3518 1327 m'ouumcuto

1951 1369 2180 1435 lapidem
2244 1367 2610 1422 submovisse.
2691 1364 2956 1431 Quocirca
3018 1365 3183 1420 etiam
3271 1373 3394 1430 apte
3463 1371 3520 1416 et

1949 1467 2310 1529 congruenter
2337 1466 2465 1526 post
2506 1456 2618 1510 haec
2672 1454 2835 1508 verba
2876 1471 2890 1508 :
2928 1453 3002 1506 Ex
3059 1453 3331 1522 sepulcro,
3384 1450 3518 1506 sub-

1944 1553 2151 1622 juuxit.
2188 1552 2225 1602 Α
2263 1548 2467 1618 peccati
2497 1545 2732 1602 vinculis
2769 1544 3066 1599 solvimini.
3097 1543 3307 1598 Idcirco
3335 1553 3516 1596 autem

1952 1642 2146 1712 plurali
2176 1655 2403 1694 numero
2431 1638 2602 1692 dixit:
2630 1637 2704 1690 Ex
2735 1635 2986 1700 mortuis,
3023 1644 3076 1687 et
3110 1632 3220 1687 :Ex
3245 1632 3517 1701 sepulcro,

1949 1735 2077 1806 quia
2119 1734 2272 1788 solus
2307 1747 2371 1786 ex
2405 1730 2591 1784 multis
2635 1728 2865 1782 mortuis
2901 1742 3190 1796 resurgens
3239 1740 3344 1779 non
3401 1739 3521 1777 am-

271 1825 374 1880 hoc
397 1835 481 1880 est
507 1825 708 1894 angeli,
731 1825 907 1879 salute
944 1841 1084 1894 opus
1117 1825 1468 1882 habuerunt?
1499 1827 1636 1882 Nam
1669 1797 1839 1883 Luci;
1876 1797 1919 1852 Β
1951 1797 2093 1896 plius
2149 1822 2402 1877 moritur.
2474 1821 2700 1882 Adlnec,
2756 1827 2927 1889 porta
2969 1816 3194 1876 inferni.
3248 1814 3522 1871 contrario

272 1916 374 1980 ter,
414 1927 468 1971 et
500 1919 675 1986 ipsius
720 1919 993 1988 gregales,
1048 1934 1146 1973 nec
1181 1918 1249 1973 ad
1295 1921 1572 1976 meliorem
1607 1930 1842 1976 mentem

277 2009 570 2072 redierunt,
628 2024 729 2065 nec
774 2010 1004 2066 salutem
1052 2011 1333 2066 consecuti
1408 2024 1584 2068 sunt:
1645 2013 1843 2083 reliqui

274 2110 456 2154 autem
491 2101 691 2171 angeli,
731 2101 825 2170 qui
879 2116 909 2156 a
951 2100 1062 2154 θυι)
1097 2117 1202 2156 non
1244 2102 1616 2166 desciverunt,
1667 2105 1845 2160 salute

277 2194 412 2249 nihil
445 2193 707 2265 indigent.
738 2197 999 2260 Quaanam
1026 2194 1190 2263 igitur
1217 2196 1365 2250 salus
1395 2194 1653 2250 invisibili
1680 2212 1810 2250 mun
1828 2227 1841 2235 -

275 2287 346 2341 do
395 2287 556 2340 allata
611 2287 736 2340 est?
789 2283 1047 2339 Nonnulli
1120 2285 1224 2340 hoc
1291 2289 1410 2342 loco
1463 2303 1558 2358 per
1609 2290 1841 2344 salutem

277 2377 703 2432 incolumitatem
752 2384 808 2430 et
854 2376 1219 2445 integritatem
1273 2376 1672 2446 intellexerunt,
1722 2395 1846 2449 qua:

275 2468 496 2538 quidem
537 2474 666 2520 tunc
715 2463 876 2519 nobis
922 2465 1174 2535 contigit,
1230 2480 1353 2520 cum
1395 2482 1490 2536 per
1555 2479 1841 2538 peccatum

272 2556 539 2626 Oppressi,
576 2573 768 2612 rursus
796 2571 891 2624 per
919 2555 1120 2611 Christi
1153 2559 1602 2614 resurrectionem
1629 2561 1845 2614 incolu-

279 2648 454 2702 mitati
512 2648 752 2704 restituti
784 2665 1014 2716 sumus;
1049 2650 1261 2718 angelis
1292 2659 1500 2718 autem,
1535 2653 1663 2721 quia
1693 2652 1844 2722 juxta

272 2739 644 2809 evangelicam
701 2741 1014 2808 parabolam
1052 2741 1270 2795 inventa
1313 2757 1433 2804 ove,
1467 2759 1590 2813 quae
1622 2744 1846 2800 aberra-

276 2841 455 2893 verat,
489 2840 586 2885 aut
618 2832 903 2895 drachma,
924 2847 1044 2902 qua:
1071 2831 1274 2887 amissa
1309 2830 1507 2895 fuerat,
1541 2835 1684 2902 quod
1731 2849 1848 2889 cm-

277 2922 510 2977 lestibus
553 2921 726 2992 copiis
754 2921 962 2989 deerat,
997 2922 1270 2994 expletum
1307 2931 1411 2978 est.
1449 2923 1636 2993 Angeli
1665 2933 1843 2979 autem

275 3017 366 3084 qui
407 3017 563 3086 prius
617 3016 758 3070 hanc
811 3015 1076 3069 rationem
1133 3015 1428 3074 habebant,
1469 3024 1530 3070 ut
1561 3017 1847 3072 diliiculter

1951 1917 2134 1980 modo,
2171 1925 2336 1983 atque
2377 1913 2526 1977 prius
2575 1911 2845 1975 solebant,
2884 1909 3224 1978 aperiuntur,
3269 1905 3522 1962 videlicet

1951 2024 2059 2062 non
2095 2016 2149 2061 ut
2193 2018 2536 2060 mortuorum
2563 2003 2761 2058 anima:
2793 2000 3122 2067 inferantur,
3157 1999 3248 2054 sed
3292 2010 3354 2052 ut
3389 1998 3521 2053 elic-

1950 2108 2138 2154 rantur
2169 2108 2222 2152 et
2259 2098 2615 2151 extrahantur
2646 2115 2659 2152 :
2695 2095 2762 2149 Et
2810 2111 2952 2149 mors
2997 2095 3330 2163 opprimitur.
3383 2091 3518 2146 Nam

1951 2207 2075 2245 cum
2113 2205 2258 2243 n.ors
2295 2203 2500 2258 corpus
2539 2203 2569 2240 a
2601 2195 2830 2255 peccato
2865 2187 3122 2246 liberum,
3157 2193 3210 2238 et
3243 2182 3518 2238 viviticum

1947 2282 2307 2350 degustasset,
2345 2296 2444 2335 nec
2481 2279 2532 2333 iu
2587 2294 2653 2333 eo
2682 2288 2988 2348 peccatum,
3045 2293 3154 2346 quo
3182 2276 3296 2343 ipsa
3329 2275 3518 2337 alitur,

1948 2372 2286 2434 offendisset,
2337 2371 2552 2425 sublata
2608 2381 2661 2425 et
2690 2369 2957 2424 exSIincta
3007 2377 3114 2432 est,
3169 2377 3225 2421 et
3271 2381 3394 2436 qua:
3443 2363 3512 2418 ab

1949 2467 2156 2519 Adamo
2187 2464 2253 2518 ad
2286 2463 2535 2517 Messiam
2575 2477 2750 2530 usque
2789 2467 3126 2528 regnaverat,
3171 2457 3362 2512 eadem
3396 2465 3520 2524 post

1947 2557 2227 2613 Christum
2256 2554 2582 2624 corporibus
2617 2553 2820 2607 nostris
2855 2567 2962 2605 non
3001 2549 3238 2619 amplius
3272 2548 3523 2601 domina-

1949 2662 2057 2705 tur.
2093 2650 2348 2705 Christus
2397 2649 2541 2702 enim
2575 2662 2605 2700 a
2640 2645 2870 2699 mortuis
2911 2644 3182 2699 excitatus
3239 2642 3378 2694 viam
3433 2655 3520 2692 rc-

1951 2741 2318 2798 surrcctionis
2347 2739 2412 2793 ad
2453 2733 2927 2793 immortalitatem
2983 2730 3349 2788 morientibus
3376 2743 3520 2784 novo

1949 2850 2102 2889 more
2130 2831 2405 2903 patefecit.
2431 2829 2546 2885 lloe
2579 2837 2760 2884 autem
2789 2827 3048 2882 dilferunt
3079 2839 3227 2878 mors
3249 2831 3302 2877 et
3341 2819 3519 2876 inier-

1950 2944 2073 2992 nus,
2107 2926 2251 2995 quod
2287 2925 2380 2978 illa
2433 2937 2688 2993 corpora.
2729 2921 2818 2974 hic
2849 2918 3061 2973 animas
3110 2917 3352 2970 detineat
3398 2929 3412 2966 :
3449 2911 3518 2965 Et

1947 3026 2091 3071 vetus
2123 3017 2295 3068 Adam
2334 3014 2616 3084 abjicitur,
2673 3021 2723 3066 et
2749 3027 2910 3064 novus
2945 3007 3240 3079 perﬁcitur.
3277 3005 3404 3060 Haec
3447 3003 3517 3057 ab

276 3107 498 3176 quidem
528 3117 582 3160 et
628 3122 768 3177 aegre
818 3112 885 3160 ad
937 3107 1139 3161 malum
1175 3107 1379 3162 moveri
1435 3119 1678 3176 possent,
1723 3120 1915 3189 postc
1949 3110 2208 3178 Apostolo
2267 3107 2525 3176 sumpsit,
2589 3105 2681 3174 qui
2751 3101 3001 3173 Ephesiis
3057 3099 3326 3160 scribens,
3381 3097 3458 3150 ait
3499 3111 3514 3146 :

274 3194 480 3250 Christi
516 3197 976 3250 resurrectionem
1017 3195 1069 3249 id
1102 3196 1382 3250 consecuti
1433 3205 1563 3252 sunt
1587 3236 1602 3259 ,
1641 3206 1700 3250 ut
1727 3198 1839 3266 jam

277 3305 344 3342 ne
376 3288 578 3342 moveri
611 3287 828 3358 quidem
863 3290 928 3342 ad
980 3288 1182 3342 malum
1217 3299 1443 3358 queant,
1501 3304 1608 3342 nou
1648 3301 1839 3342 natura

275 3394 396 3443 sua,
423 3377 516 3432 sed
558 3377 753 3448 gratia.
812 3380 993 3448 Atque
1048 3379 1122 3433 ita
1161 3379 1270 3432 illis
1299 3380 1448 3433 salus
1479 3395 1603 3434 esse
1667 3381 1842 3449 possit

275 3469 391 3541 ipsa
425 3478 600 3524 status
629 3469 1011 3536 c0niirmatio,
1059 3483 1169 3523 non
1215 3468 1326 3538 jam
1373 3471 1742 3524 metuentibus
1776 3486 1844 3523 ne

275 3565 327 3617 in
363 3564 600 3618 deterius
626 3573 937 3625 mutentur,
972 3573 1135 3630 atque
1171 3576 1290 3616 eam
1337 3561 1408 3616 ob
1461 3576 1681 3633 causam
1720 3576 1844 3630 per-

271 3664 418 3711 eant.
463 3653 557 3709 Vel
610 3653 841 3709 fortasse
883 3655 1099 3708 duobus
1131 3654 1345 3708 mundis
1381 3656 1608 3708 salutem
1633 3662 1841 3722 partam

273 3761 394 3800 esse
418 3745 635 3808 asserit,
668 3744 926 3812 invisibili
966 3753 1169 3804 autem,
1199 3754 1256 3796 ut
1282 3759 1400 3797 eam
1443 3745 1594 3813 prius
1619 3760 1842 3814 quoque

279 3838 525 3903 habenti,
562 3837 760 3892 visibili
788 3849 993 3901 aurem,
1047 3849 1100 3891 ut
1153 3852 1300 3890 nunc
1331 3852 1449 3889 eam
1476 3853 1568 3905 per
1593 3853 1842 3891 resurre-

277 3929 509 3985 etiouem
539 3938 862 3992 consecuta,
921 3938 980 3983 ut
1038 3929 1119 3983 sic
1157 3929 1244 3983 hic
1275 3929 1564 3982 verborum
1623 3945 1840 3992 sensus,

276 4022 422 4090 quod
459 4037 568 4076 non
603 4022 716 4092 jam
763 4021 936 4090 angeli
975 4021 1152 4076 soluat
1201 4021 1378 4075 salute
1431 4021 1714 4086 fruuntur,
1746 4022 1840 4077 sed

273 4114 452 4183 angeli
511 4121 676 4184 atque
739 4111 1016 4176 homines.
1069 4113 1283 4168 diversa
1337 4122 1514 4167 tamen
1575 4115 1840 4169 ratione:

274 4207 354 4261 illi
387 4205 556 4270 enim,
584 4207 713 4276 quia
741 4204 988 4261 ordinem
1036 4221 1198 4260 suum
1232 4205 1572 4260 servaverint
1608 4224 1622 4260 :
1662 4207 1844 4258 homi-

271 4313 374 4353 nes
421 4307 628 4364 autem,
667 4299 794 4368 quia
828 4314 924 4368 per
958 4297 1161 4350 Christi
1199 4296 1654 4350 resurrectionem
1688 4312 1845 4351 revo-

271 4388 378 4442 cati
397 4397 449 4442 et
476 4388 640 4442 erecti
672 4397 816 4442 sunt.
853 4385 1004 4452 Quod
1029 4386 1074 4440 si
1108 4401 1212 4439 nou
1237 4387 1590 4455 undequaquc
1610 4387 1844 4439 mundus

1950 3199 2139 3252 Edocti
2185 3200 2306 3253 estis
2358 3199 2614 3265 deponere
2647 3204 2862 3250 veterem
2893 3193 3178 3256 hominem,
3233 3205 3295 3242 ac
3326 3202 3517 3240 novum

1946 3289 2246 3344 induere“.
2289 3287 2409 3354 Quo
2434 3290 2554 3341 loco
2586 3302 2680 3355 per
2711 3294 2946 3338 veterem
2980 3280 3255 3336 hominem
3291 3279 3382 3347 qui
3423 3277 3518 3330 de-

1947 3383 2191 3453 ponitur.
2230 3382 2398 3436 vitam
2439 3379 2761 3432 sceleratam
2819 3374 3105 3443 intelligit;
3162 3386 3258 3441 per
3314 3384 3513 3422 novum

1946 3485 2152 3538 autem,
2193 3473 2287 3542 qui
2355 3471 2635 3540 perlicitur
2663 3506 2678 3527 ,
2736 3483 2855 3520 eam
2894 3467 3014 3518 vitae
3075 3465 3361 3522 rationem,
3395 3474 3519 3528 qua

1946 3565 2202 3620 omnibus
2221 3562 2437 3617 virtutis
2459 3559 2698 3616 numeris
2727 3557 3051 3612 absolvitur.
3084 3553 3320 3625 Cyrillus
3338 3560 3516 3604 tamen

1948 3674 2040 3726 per
2069 3671 2268 3711 novum
2297 3653 2574 3710 hominem
2613 3662 2666 3705 et
2698 3665 2897 3706 novum
2937 3648 3202 3701 Adamum
3235 3642 3516 3698 Christum

1946 3750 2243 3818 signiﬁcari
2290 3756 2462 3819 putat,
2496 3761 2658 3816 quem
2700 3745 2784 3812 pie
2831 3751 2996 3811 atque
3044 3739 3253 3808 integre
3286 3733 3520 3789 vivendo

1947 3842 2252 3897 induimus.
2314 3841 2394 3895 Ad
2452 3854 2614 3909 quem
2681 3849 2953 3897 sensum,
3013 3845 3136 3901 qua:
3194 3835 3517 3898 sequentur,

1947 3935 2229 3989 commode
2255 3932 2560 3987 referentur
2593 3949 2606 3985 :
2640 3927 2700 3984 Si
2728 3944 2832 3998 qua
2870 3927 2922 3978 in
2953 3920 3166 3982 Christo
3212 3936 3343 3972 nora
3371 3934 3520 3971 crea-

1949 4039 2096 4088 tura.
2133 4025 2472 4088 renovemini,
2535 4023 2588 4077 id
2626 4033 2729 4085 est,
2762 4020 2965 4074 Omnes
3010 4015 3102 4084 qui
3134 4012 3352 4081 ﬂagitiis
3391 4026 3519 4064 cor-

1951 4118 2093 4185 rupti
2131 4114 2288 4180 estis,
2330 4123 2382 4169 et
2436 4119 2762 4167 vetustatem
2815 4106 3091 4176 peccando
3146 4100 3518 4160 contraxistis,

1948 4225 2011 4263 ac
2048 4207 2242 4262 deinde
2266 4221 2398 4259 nova
2436 4212 2687 4258 creatura
2723 4215 2816 4266 per
2861 4196 3189 4262 baptismum
3227 4191 3353 4248 facti
3387 4192 3519 4248 estis

1949 4315 2044 4370 per
2103 4296 2450 4367 quotidianas
2522 4294 2784 4346 virtutum
2859 4290 3270 4361 progressioncs
3356 4297 3519 4356 atque

1949 4393 2284 4444 incrementa
2321 4385 2687 4442 reuovemini.

270 4478 506 4534 visibilis
551 4479 780 4534 salutem
815 4478 1024 4546 accepit
1065 4477 1345 4545 (quoniam
1407 4493 1474 4532 ne
1504 4493 1696 4533 oumes
1723 4477 1848 4548 qui-
1881 4461 1922 4514 Ῐ)
2021 4482 2283 4536 Ρεειιυε.
2319 4498 2338 4530 α
2365 4477 2434 4531 Et
2460 4479 2603 4538 steti,
2629 4485 2678 4531 et
2710 4475 3009 4543 speculatus
3040 4492 3176 4529 sum.
3213 4493 3229 4525 ι
3273 4473 3515 4537 Verbum,

270 4571 395 4625 dem
427 4570 679 4626 homines
709 4571 811 4626 ﬁde
843 4571 1050 4640 prtediti
1071 4579 1335 4633 sunt,uec
1358 4585 1547 4625 omnes
1576 4581 1841 4640 praecepta

272 4663 534 4733 servant),
581 4680 687 4719 non
738 4674 821 4719 est
877 4674 1182 4732 propterea,
1238 4677 1333 4715 cur
1397 4661 1525 4715 illud
1578 4669 1840 4732 tanquam

273 4752 470 4808 falsum
521 4755 780 4824 explodas
818 4772 830 4808 :
867 4753 1037 4810 Hodie
1063 4755 1214 4809 salus
1257 4755 1460 4808 mundo
1491 4755 1718 4810 visibili.
1753 4758 1842 4811 Si-

271 4847 494 4916 quidem
549 4850 615 4902 ad
675 4847 977 4902 Salvatoris
1010 4863 1236 4917 scopum
1271 4847 1552 4900 relerenda
1605 4857 1687 4902 est
1723 4849 1837 4904 haec

269 4941 470 4995 oratio.
498 4941 662 5011 Atqui
687 4950 952 5011 quantum
980 4943 1046 4995 ad
1076 4943 1196 5010 ejus
1224 4941 1553 4995 voluntatem
1581 4949 1635 4994 et
1663 4941 1841 4996 inten-

269 5031 476 5086 tionem
536 5033 823 5088 universus
874 5034 1113 5086 mundus
1165 5033 1394 5086 salutem
1455 5032 1682 5102 accepit.
1736 5032 1841 5087 Pro

271 5124 530 5179 omnibus
553 5126 696 5179 enim
727 5126 987 5180 Christus
1021 5135 1271 5180 mortuus
1308 5133 1410 5185 est,
1438 5131 1494 5178 et
1515 5127 1838 5180 resurrexit.

275 5215 331 5270 Si
364 5226 546 5270 autem
575 5217 654 5272 rei
685 5216 936 5273 eventum
973 5229 1302 5288 spectemus,
1333 5218 1366 5270 ii
1405 5217 1504 5271 soli
1544 5217 1636 5286 qui
1669 5219 1817 5272 creti

274 5308 497 5366 derunt,
527 5315 583 5360 et
613 5310 867 5364 mandata
902 5317 1291 5374 servaverunt,
1326 5309 1559 5363 salutem
1598 5310 1843 5363 assecuti

273 5403 426 5448 sunt.
457 5395 562 5450 Sed
612 5398 913 5463 videamus,
937 5415 1057 5467 qua:
1108 5408 1453 5467 sequuntur:
1492 5399 1747 5455 Christus
1781 5414 1846 5453 ex

275 5488 529 5554 mortuis,
559 5491 750 5560 supple
797 5492 1064 5545 Surrexit.
1103 5491 1210 5547 Vos
1245 5507 1464 5561 quoque
1495 5492 1660 5562 igitur
1682 5491 1846 5547 simul

281 5593 312 5632 a
347 5590 702 5648 peccatorum
743 5592 919 5637 morte
963 5583 1249 5652 resurgite.
1297 5583 1550 5638 Christus
1604 5584 1670 5635 ad
1734 5596 1853 5636 sese

365 5735 409 5766 '°
441 5734 574 5793 Dan.
625 5756 679 5806 ι,
713 5741 764 5794 5.
840 5741 883 5773 ⁹¹
910 5737 1046 5794 ibid.
1079 5737 1133 5794 6.
1209 5741 1254 5772 "
1295 5738 1507 5796 Nullum
1561 5754 1624 5805 tt,
1653 5737 1706 5793 ι.

1783 5739 1828 5771 ³³
1845 5739 2011 5810 Apoc.
2043 5755 2082 5808 ι,
2120 5738 2206 5795 l0.

1952 4574 2106 4636 Steti,
2138 4573 2327 4626 anima:
2363 4570 2673 4640 firmitatem
2720 4577 2765 4622 et
2810 4569 3162 4622 constantiam
3231 4565 3472 4634 designat
3498 4604 3516 4626 ,

1953 4675 2109 4734 atque
2138 4665 2411 4715 immotum
2443 4669 2492 4713 et
2510 4657 2578 4712 ad
2596 4658 2856 4712 deteriora
2887 4655 3270 4711 immutabilem
3296 4664 3519 4708 statum.

1951 4757 2094 4812 Illud
2154 4764 2333 4809 autem
2365 4795 2379 4817 ,
2414 4771 2432 4804 ι
2472 4751 2788 4822 Speculatus
2823 4766 2979 4812 sum,
3020 4768 3038 4800 ι
3108 4756 3414 4801 accuratam
3468 4757 3520 4801 et

1953 4857 2319 4918 congruentem
2360 4842 2852 4913 contemplationem
2888 4849 2935 4893 et
2967 4839 3332 4909 cognitionem,
3366 4855 3514 4892 euut-

1951 4957 2048 5011 que
2099 4942 2348 5008 impetum
2383 4977 2397 5000 ,
2448 4953 2549 5005 quo
2604 4936 2810 4989 animus
2850 4933 2918 4986 ad
2969 4949 3030 4986 ea
3070 4933 3258 5000 fertur,
3309 4948 3426 5000 qum
3459 4931 3512 4983 in

1957 5031 2307 5101 cognitionem
2340 5027 2553 5090 cadunt,
2616 5026 2901 5096 signiﬁcat.
2961 5021 3051 5078 Sic
3103 5024 3240 5077 enim
3287 5024 3332 5076 is
3367 5023 3458 5093 qui
3490 5038 3518 5077 ε

1959 5140 2132 5177 rerum
2162 5137 2528 5189 corpore/trum
2558 5119 2797 5173 crassitie
2818 5117 3294 5188 emergit,primnm
3314 5115 3520 5186 quidem

1958 5215 2184 5266 mediam
2242 5213 2379 5266 ciam
2414 5212 2624 5275 conﬁcit
2650 5250 2665 5272 ,
2721 5226 2838 5281 qua,
2867 5219 2914 5264 et
2967 5206 3217 5262 anintalis
3271 5207 3466 5259 dicitur
3499 5220 3520 5259 :

1948 5315 2133 5372 pastea
2177 5321 2294 5359 vero
2325 5304 2709 5366 sublimiorem,
2736 5319 2855 5372 qua:
2882 5311 2931 5356 et
2963 5299 3522 5370 spiritualisnomiuao

1953 5409 2057 5453 tur.
2108 5415 2126 5448 ι
2173 5395 2242 5449 Et
2290 5412 2404 5450 ecce
2436 5396 2514 5448 vir
2554 5393 2905 5448 conscendens
2965 5389 3124 5446 nubes
3153 5389 3290 5444 caeli.
3337 5407 3355 5440 ›
3402 5385 3516 5450 Vir,

1951 5490 2076 5560 quia
2107 5487 2239 5540 nihil
2271 5486 2505 5539 divinum
2537 5483 2789 5538 muliebre
2828 5491 2905 5536 est
2955 5500 3019 5536 ac
3045 5481 3219 5536 molle.
3258 5480 3524 5534 Conscen-

1952 5579 2103 5644 dens,
2128 5578 2218 5649 qui
2239 5579 2291 5631 in
2321 5575 2514 5631 divinis
2563 5574 2694 5629 nihil
2747 5571 3078 5644 provolutum
3122 5581 3172 5628 et
3219 5571 3518 5642 abjertum,

2285 5739 2329 5769 "‘
2364 5737 2564 5809 Ephcs.
2601 5751 2676 5805 tv,
2699 5735 2793 5803 21,
2828 5733 2921 5790 22.
