4032 6198
657 353 795 418 13.17

2077 354 2464 417 ADDENDA.

3710 346 3803 413 i308

660 472 866 538 Nubes,
897 470 1025 540 quia
1057 470 1227 524 omnis
1260 468 1557 540 fecunditas
1606 487 1639 526 a
1691 468 2130 542 prastantiorum
2175 478 2226 524 et
2253 472 2304 531 Α
2330 483 2568 535 comam,
2597 468 2680 524 vel
2710 468 2781 524 011
2823 473 3100 537 acceptam
3135 478 3380 531 uxorem,
3433 464 3513 520 Vel
3556 464 3617 522 oh
3643 466 3799 524 domum

657 563 960 617 diuinarum
988 577 1251 631 aquarum
1278 561 1571 631 inﬂuxione
1599 570 1906 631 promanat.
1932 559 2071 614 Nam
2103 561 2235 639 infe-

648 644 805 707 riora
835 652 945 705 lucc
980 659 1113 704 a'stu
1136 660 1187 704 et
1235 650 1476 706 siccitate
1504 652 1667 731 pleng
1701 661 1844 706 sunt.
1883 650 2036 716 Quod
2058 660 2237 706 autem

659 742 969 809 adiunctum
1006 749 1119 808 est,
1153 740 1306 807 lei,
1342 747 1437 797 hoc
1489 741 1616 796 mihi
1646 744 1957 815 signiﬁcare
2000 741 2233 807 videtur,

658 834 800 905 quod
830 833 940 887 lure
971 834 1104 888 visio
1163 834 1297 888 nihil
1332 833 1528 890 humile
1574 851 1636 889 ac
1682 844 1952 889 terrenum
1999 834 2236 889 habeat:

659 926 908 998 quoniam
966 926 1130 981 nubes
1179 926 1422 997 quendam
1479 935 1640 993 sunt,
1677 942 1793 994 qute
1853 925 2237 978 altissimorum

662 1020 920 1076 montium
952 1019 1232 1073 cacumina
1260 1035 1364 1072 non
1390 1027 1662 1087 superant,
1706 1015 2152 1089 quemadmodum
2182 1016 2237 1070 in

662 1110 907 1165 nteteoris
958 1109 1268 1164 Aristoteles
1320 1110 1506 1173 docet,
1563 1124 1797 1163 summos
1862 1106 2237 1162 nonnullorum

662 1202 1171 1257 montium‘rertices
1201 1206 1651 1265 commemorans’,
1703 1201 1793 1273 qui
1846 1216 1937 1254 nec
1979 1198 2237 1254 imbribus

665 1290 972 1357 alluuntur,
1016 1310 1107 1348 nec
1143 1295 1401 1364 grandine
1430 1293 1774 1349 verberantur
1800 1307 1821 1347 .'
1849 1293 2023 1363 qualis
2053 1290 2234 1345 videli-

662 1392 743 1437 cet
772 1394 847 1438 est
879 1381 1162 1453 Olympus.
1223 1382 1401 1437 Nubes
1453 1392 1629 1438 autem
1681 1383 1797 1437 caeli
1845 1381 2125 1452 allegorice
2156 1380 2239 1434 di-

662 1484 860 1527 cuntur
888 1475 1112 1545 angelici
1145 1472 1386 1541 spiritus,
1419 1475 1665 1529 sublimes
1694 1485 1742 1528 et
1769 1474 2022 1536 caelestes,
2047 1474 2237 1544 quibus

664 1563 763 1618 alii
796 1565 1018 1633 spiritus
1057 1565 1379 1630 insidentes,
1420 1583 1506 1630 ea,
1545 1583 1662 1637 qua:
1688 1567 1774 1621 hic
1817 1576 1909 1620 aut
1937 1565 2051 1620 illic
2073 1566 2235 1635 ﬁunt,

667 1655 738 1709 ad
770 1655 1004 1709 homines
1037 1656 1133 1709 hoc
1164 1657 1459 1726 spectaculo
1486 1657 1675 1728 dignos
1707 1658 2001 1727 perferunt.

733 1748 853 1803 Col.
888 1746 1013 1803 6‘25.
1051 1748 1109 1803 Β.
1129 1747 1256 1804 Htec
1283 1751 1492 1820 quidem
1525 1753 1633 1821 ipse
1661 1750 1892 1817 dicebat,
1916 1759 2022 1806 etc.
2050 1750 2230 1819 Atque

2339 569 2436 617 aut
2484 572 2682 616 terram
2721 556 2956 631 primum
3001 557 3321 622 habitatam,
3359 557 3439 612 vel
3468 556 3534 613 ob
3568 557 3804 615 8111111111-

2341 655 2418 711 les
2468 670 2665 710 causas
2724 652 2987 710 celebrari
3054 651 3321 708 solebant.
3379 648 3668 721 Huiusmodi
3708 653 3804 706 enim

2342 744 2476 800 festa
2528 745 2679 800 humi
2717 744 2895 799 defixa
2931 754 3092 806 sunt,
3136 759 3201 798 ac
3220 743 3469 797 deorsum
3518 751 3567 796 et
3622 742 3667 795 in
3699 751 3806 817 terra

2339 835 2654 892 volvuntur.
2688 838 2757 890 At
2789 842 3104 891 sanctorum
3135 833 3269 889 festa
3308 832 3372 886 ad
3416 828 3569 886 Deum
3598 832 3808 902 eriguntur

2339 942 2403 982 ac
2459 936 2767 998 penetrant.
2832 926 3005 994 Igitur
3066 940 3173 979 non
3238 923 3410 978 solum
3463 922 3671 976 humana
3719 921 3808 975 testa

2338 1017 2621 1075 Paschalis
2671 1018 2870 1073 fesutm
2929 1024 3151 1086 superat
3188 1023 3247 1070 et
3289 1010 3622 1075 transcendit,
3672 1012 3741 1065 sed
3772 1021 3808 1065 et

2339 1109 2488 1181 ipsas
2512 1108 2711 1166 Christi
2739 1108 3067 1165 festivitates
3100 1123 3209 1163 non
3231 1106 3410 1162 minus
3435 1104 3682 1167 obscurat,
3698 1119 3810 1174 quam

2340 1201 2420 1258 sol
2444 1200 2651 1271 reliqua
2679 1199 2879 1256 sidera.
2905 1199 3054 1254 Adeo
3084 1197 3368 1268 przefulget
3395 1195 3546 1265 hujus
3569 1194 3657 1249 diei
3676 1192 3810 1262 gratia.

2410 1293 2545 1350 111111.
2594 1292 2655 1349 C.
2690 1291 2965 1348 Prteclara
3002 1290 3211 1362 quidem
3244 1288 3389 1343 nobis
3417 1303 3601 1358 quoque
3626 1286 3722 1356 fuit,
3744 1295 3811 1339 etc.

2340 1385 2629 1451 Praeclara,
2684 1383 2887 1454 inquit,
2949 1382 3113 1437 etiam
3152 1380 3286 1444 fuit,
3335 1380 3572 1434 hesterna
3619 1376 3812 1431 luminum

2339 1475 2626 1534 celebritas
2667 1515 2685 1541 ,
2738 1475 2847 1529 hoc
2899 1482 2985 1529 est
3033 1483 3212 1530 cretus
3244 1471 3332 1526 ille
3377 1470 3465 1541 qui
3518 1469 3576 1524 ad
3605 1481 3814 1537 vesperam

2348 1569 2529 1640 magni
2559 1566 2781 1623 Sabbati
2829 1565 3233 1624 celebrabatur.
3266 1561 3577 1631 Pervigilem
3612 1558 3728 1614 enim
3749 1570 3816 1609 no-

2339 1669 2478 1714 ctem
2506 1657 2872 1714 traducebant
2891 1699 2907 1723 ,
2942 1671 3115 1726 usque
3145 1657 3211 1711 ad
3250 1655 3436 1709 horam
3467 1652 3710 1722 septimam
3730 1660 3815 1703 cano

2344 1759 2541 1816 tantes,
2596 1765 2661 1805 ac
2724 1750 3002 1818 lampades
3066 1747 3458 1806 accemlentes,
3503 1749 3649 1811 atque
3693 1736 3817 1794 immi-

664 1838 779 1895 haec
828 1839 1017 1895 dicens
1075 1841 1331 1896 inductus
1378 1849 1465 1898 est
1508 1813 1732 1912 angelus
1779 1842 1889 1909 ille,
1952 1851 2135 1898 mente
2175 1852 2230 1898 et
2258 1813 2306 1872 Β
2337 1848 2552 1894 rientem
2609 1838 2918 1895 Servatoris
2972 1839 3146 1894 nostri
3198 1836 3639 1893 Resurrectionem
3682 1846 3816 1901 exspe-

661 1929 989 2001 cogitatione
1020 1929 1372 1987 informatus.
1407 1930 1595 2005 Augcii
1630 1942 1813 1987 autem
1837 1947 1963 1989 eum
1992 1933 2231 1987 circum-

662 2031 869 2077 stantes
896 2037 1115 2077 carmen
1184 2022 1317 2078 iliud
1374 2025 1815 2093 modulabantur,
1866 2025 2012 2096 quod
2077 2025 2229 2097 prius

660 2111 993 2179 recineraut,
1028 2128 1153 2168 cum
1193 2112 1448 2169 Christus
1480 2117 1534 2169 in
1566 2117 1749 2181 terris,
1802 2125 1966 2187 atque
2002 2132 2066 2171 ex
2101 2115 2228 2170 Vir-

660 2204 786 2274 gine
844 2220 1078 2261 nascens
1123 2206 1471 2262 cernebatur.
1504 2207 1644 2274 Quid
1699 2218 1881 2263 autem
1917 2224 2097 2265 causae
2125 2218 2229 2272 est,

634 2296 782 2363 'cur,
837 2304 894 2352 et
921 2311 989 2353 co
1018 2307 1286 2369 tempore,
1319 2310 1372 2354 et
1405 2315 1571 2365 nunc,
1619 2301 1932 2356 cantionem
1983 2301 2229 2356 eamdem

658 2388 915 2444 canunt?
960 2389 1220 2445 nimirum
1288 2391 1417 2462 quia
1479 2391 1654 2463 ipsius
1709 2390 1977 2448 Nativitas
2038 2390 2235 2449 salutis

659 2489 860 2535 nostrae
891 2479 1218 2552 principium
1270 2480 1392 2548 fuit,
1427 2480 1781 2538 Resurrectio
1829 2482 1970 2540 ﬁnis.
2031 2483 2235 2553 Cujus-

660 2570 810 2642 inodi
842 2578 1025 2629 autem
1051 2583 1166 2628 erat
1199 2572 1329 2629 illud
1374 2575 1692 2630 canticum?
1723 2575 1906 2631 Gloria
1948 2577 2005 2631 in
2031 2577 2235 2632 altissi-

659 2663 758 2717 mis
795 2662 924 2730 Deo,
956 2673 1005 2720 et
1045 2666 1096 2719 in
1125 2678 1266 2720 terra
1295 2682 1421 2735 pax,
1453 2668 1507 2721 in
1547 2667 1844 2724 hominibus
1872 2668 2008 2723 bona
2048 2669 2236 2724 uolun-

658 2768 741 2812 tas
771 2755 841 2812 ³⁸.
894 2754 1029 2812 Nam
1059 2759 1518 2829 quemadmodum
1560 2762 1770 2832 angeli,
1834 2762 2080 2817 ordinem
2130 2761 2234 2816 sibi

656 2842 980 2902 attributum
1043 2860 1347 2915 servantes,
1403 2868 1527 2907 cum
1568 2852 1678 2907 Deo
1738 2868 1925 2921 pacem
1986 2852 2234 2908 habent:

657 2936 734 2992 ita
764 2952 868 2993 nos
922 2938 1134 3006 miseri,
1175 2950 1463 3011 postquam
1511 2944 1986 3013 concupiscentias
2020 2952 2236 2999 nostras

634 3027 756 3095 Dei
805 3029 1079 3085 voluntati
1147 3030 1545 3102 opposuimus,
1609 3032 1663 3089 in
1717 3035 1952 3089 hostium
2005 3050 2236 3090 numero

2334 1936 2558 1985 ctante's.
2593 1924 2745 1983 1111118
2767 1936 2930 2000 porro
2949 1937 3156 1983 emtum
3177 1926 3443 1981 celebrant
3466 1923 3548 1979 alii
3573 1920 3767 1994 privatim
3785 1927 3818 1970 et

2340 2021 2506 2084 domi,
2540 2016 2627 2074 alii
2661 2021 2873 2089 publice
2921 2027 2976 2074 et
3030 2020 3084 2074 111
3116 2017 3403 2074 catholicis
3435 2012 3680 2071 Ecclesiis.
3701 2010 3818 2066 Omne

2336 2126 2507 2183 genus
2562 2108 2871 2176 hominum,
2937 2112 3065 2176 viri,
3119 2110 3413 2173 mulieres,
3458 2122 3637 2170 senes,
3683 2100 3813 2174 ιπιετὶ.

2331 2203 2578 2275 juvenes.
2642 2203 2797 2272 Quod
2869 2215 3049 2260 autem
3110 2204 3268 2267 dicit,
3313 2201 3515 2268 Ferme,
3559 2197 3737 2270 quidam
3773 2194 3813 2249 sd

2337 2304 2629 2366 utrumque
2658 2296 2920 2363 referunt,
2959 2302 3158 2367 nempe
3210 2293 3277 2349 ad
3313 2306 3467 2349 omne
3515 2305 3679 2362 genus,
3714 2295 3752 2341 et
3772 2286 3811 2337 ad

2338 2406 2529 2448 omnes
2583 2392 2904 2462 magistratu
2975 2398 3029 2447 et
3093 2390 3357 2463 dignitate
3419 2387 3654 2458 insignes,
3691 2392 3733 2437 111
3771 2382 3812 2436 sit

2337 2500 2557 2547 sensus,
2579 2496 2771 2555 parum
2798 2484 3011 2547 abesse,
3037 2484 3172 2553 quin
3201 2496 3389 2537 omnes
3409 2472 3813 2550 eujuslibetaitatis,

2338 2587 2391 2634 et
2434 2593 2623 2633 omnes
2678 2576 2980 2631 licam-ibus
3012 2590 3076 2631 ac
3131 2573 3481 2644 dignitatibus
3525 2567 3716 2643 praediti,
3754 2580 3813 2620 no-

2339 2680 2482 2725 ctem
2562 2678 2707 2733 eam,
2736 2685 2857 2739 quae
2884 2676 3143 2738 magnum
3174 2666 3465 2723 Sabbatutu
3502 2662 3688 2733 excipit,
3725 2658 3812 2713 cele-

2339 2764 2519 2819 brent.
2567 2762 2855 2819 Probabile
2887 2769 2970 2817 est
3019 2763 3169 2816 enim
3206 2769 3261 2816 et
3302 2760 3524 2831 aliquam
3561 2761 3755 2813 atatem,
3780 2755 3813 2799 tl

2340 2871 2630 2927 procerum
2685 2855 2954 2924 quosdam
3023 2848 3158 2908 huic
3222 2847 3604 2924 congregationi
3660 2840 3811 2934 minime

2340 2946 2621 3002 interesse.
2647 2945 2748 2998 Alii
2773 2943 3114 3004 adverbium,
3153 2942 3361 3006 Fertne,
3388 2948 3577 2994 tantum
3599 2948 3695 2991 cum
3717 2943 3811 2984 omni

2340 3052 2539 3109 genere
2584 3036 2866 3090 hominum
2906 3045 3259 3101 construunt,
3313 3038 3419 3088 non
3466 3040 3621 3089 autem
3658 3032 3812 3079 cuneo

655 3118 825 3192 atque
858 3119 1052 3177 ordine
1110 3123 1251 3195 apud
1291 3140 1417 3179 eum
1479 3120 1664 3180 haberi
1697 3126 1984 3196 ctepimus.
2034 3123 2234 3182 Verum
2262 3147 2306 3206 α
2340 3130 2524 3195 etiam,
2558 3129 2703 3199 quod
2735 3128 2978 3195 sequitur
3013 3144 3027 3181 :
3057 3126 3268 3183 Omnes
3310 3125 3605 3196 magistratu
3632 3127 3673 3174 et
3697 3111 3809 3206 digni'

659 3213 769 3269 hoc
806 3229 901 3283 per
941 3210 1220 3269 Christum
1258 3215 1530 3271 sublatum
1581 3225 1685 3273 est.
1722 3218 1839 3288 Ipse
1866 3219 2009 3272 enim
2057 3219 2234 3284 nobis,

654 3310 715 3357 et
773 3318 875 3375 pas
922 3312 978 3360 et
1031 3305 1171 3360 1101111
1217 3306 1469 3363 voluntas
1522 3305 1701 3365 factus
1733 3318 1838 3371 est,
1892 3309 2233 3380 iniquitatem

660 3395 934 3464 videlicet,
991 3397 1292 3453 inimicitiae
1330 3409 1635 3469 parentem,
1672 3399 1739 3457 de
1777 3401 1960 3456 medio
2016 3401 2233 3469 tollens,

655 3495 827 3559 atque
872 3504 968 3543 eos
996 3505 1164 3559 prope
1207 3505 1433 3558 vocans,
1476 3492 1570 3563 qui
1600 3490 1792 3563 procul
1824 3493 2016 3548 remoti
2057 3504 2234 3559 erant,

667 3578 888 3649 Deoque
918 3585 973 3634 et
1019 3578 1166 3634 Patri
1221 3595 1317 3651 per
1349 3595 1409 3635 se
1442 3580 1803 3653 coniungens,
1852 3598 1917 3638 ac
1952 3582 2234 3653 superiora

666 3683 792 3722 eum
850 3667 1206 3723 inferioribus
1269 3676 1625 3738 connectens,
1696 3672 2004 3743 bonamque
2056 3670 2235 3728 Patris

662 3757 1000 3812 voluntatem
1033 3758 1286 3828 impleas,
1347 3774 1470 3830 qua
1512 3759 1735 3830 quidem
1772 3761 1907 3816 nihil
1939 3769 2024 3817 est
2063 3762 2231 3828 aliud,

630 3846 832 3919 quam
892 3845 1052 3902 fracti
1111 3856 1167 3904 et
1223 3851 1578 3920 conquassati
1630 3851 1825 3906 Adami
1884 3852 2230 3910 instauratio.

660 3938 813 3996 Talis
853 3938 1173 4011 angelorum
1222 3950 1441 4007 cantus,
1475 3957 1597 3998 cum
1632 3943 1835 4013 quibus
1869 3944 1984 4014 ipse
2011 3960 2233 4016 quoque

662 4028 770 4085 hoc
825 4028 1040 4099 loquor.
1095 4026 1272 4099 Atque
1310 4029 1517 4085 utinam
1553 4031 1715 4086 etiam
1740 4047 1936 4089 vocem
1970 4034 2233 4106 accipiam

662 4122 839 4177 nihilo
860 4121 1103 4193 angelica
1127 4121 1466 4192 inferiorem,
1500 4124 1595 4181 sed
1627 4124 1698 4180 ita
1728 4124 1949 4194 claram,
1985 4138 2039 4183 et
2068 4129 2232 4184 altam

662 4222 830 4278 atque
860 4226 1140 4281 canoram,
1177 4223 1235 4269 ut
1263 4230 1326 4269 ex
1359 4216 1614 4273 omnibus
1643 4226 1799 4274 terra:
1840 4218 2040 4275 finibus
2062 4236 2233 4276 exau-

660 4299 768 4355 diri
815 4300 1003 4371 possit.
1041 4299 1160 4356 Jam
1197 4319 1326 4359 vero
1357 4302 1638 4361 Paschatis
1662 4320 1863 4363 nomen
1898 4317 1982 4364 ter
2013 4312 2233 4381 repetit,

664 4392 866 4463 partim
900 4403 959 4449 ut
994 4393 1272 4465 profusam
1305 4397 1472 4451 animi
1502 4397 1742 4453 laetitiam
1772 4400 2024 4457 ostendat
2059 4415 2073 4454 :
2106 4417 2234 4474 par-

2343 3229 2453 3274 tate
2483 3217 2729 3287 insignes
2754 3236 2766 3271 :
2799 3228 2858 3271 ut
2887 3217 2958 3271 sit
2986 3217 3284 3281 sententia,
3313 3224 3497 3271 omnes
3521 3211 3699 3282 quidem
3721 3203 3809 3261 fere.

2340 3311 2536 3382 quovis
2569 3324 2766 3379 genere
2812 3315 3167 3376 censeantur,
3218 3310 3320 3364 hoc
3366 3308 3545 3365 festum
3578 3303 3810 3373 agitare,“

2343 3417 2557 3466 omnes,
2611 3400 2703 3470 qui
2762 3399 3125 3470 dignitatibus
3179 3401 3355 3457 ornati
3401 3400 3524 3464 sint,
3564 3399 3672 3453 citra
3701 3385 3806 3442 ullam

2336 3493 2708 3564 exceptionem
2743 3499 2798 3548 et
2830 3493 3240 3550 distinctionem
3267 3494 3369 3549 hoc
3391 3492 3574 3549 festum
3602 3483 3810 3542 celebra"-

2339 3586 2481 3641 Smll
2528 3602 2720 3640 rursus
2746 3629 2761 3652 .
2797 3586 2889 3656 qui
2931 3586 3253 3642 adverbium
3303 3585 3403 3641 boc
3428 3625 3444 3650 ,
3473 3581 3667 3643 Fertne,
3694 3567 3810 3629 1111ιί1

2338 3678 2541 3734 verbis.
2594 3676 2768 3733 Omne
2802 3694 2977 3748 genus
3016 3678 3326 3743 hominum,
3361 3673 3708 3733 abstrahentes,
3733 3673 3807 3716 tum

2339 3770 2423 3824 his
2455 3770 2670 3827 verbis:
2701 3770 2904 3825 Omnes
2936 3767 3259 3840 magistratu
3285 3776 3337 3825 et
3365 3767 3601 3835 dignitate
3630 3760 3808 3823 insignes.

2338 3862 2773 3917 connectendum
2826 3867 3034 3930 putent.
3097 3857 3350 3927 Quorum
3405 3857 3487 3912 hic
3533 3864 3694 3910 sensus
3734 3849 3808 3897 e511

2337 3952 2512 4007 Omne
2544 3953 2765 4024 quidem
2818 3953 3100 4008 hominum
3135 3968 3314 4024 genus
3335 3993 3351 4018 ,
3384 3948 3434 4006 id
3460 3957 3564 4014 est,
3591 3932 3808 4035 masculini

2335 4039 2555 4097 feminae
2577 4084 2593 4109 ,
2620 4049 2777 4098 attate
2807 4041 3064 4099 ﬂorentes
3092 4051 3148 4098 et
3179 4042 3325 4099 eﬂeti
3369 4057 3431 4098 ac
3470 4031 3705 4104 decrepiti,
3737 4031 3808 4079 sine

2318 4133 2443 4188 "ulla
2482 4135 2799 4204 exceptione
2830 4132 3027 4188 festam
3067 4134 3216 4190 hanc
3255 4142 3460 4189 noctem
3491 4124 3807 4204 agunttatnon

2341 4221 2468 4277 item
2510 4201 2632 4277 sine
2676 4222 2997 4294 exceptione
3039 4236 3239 4278 omnes
3291 4224 3344 4277 in
3398 4217 3678 4289 dignitatum
3702 4201 3805 4274 11⁸⁵³¹¹¹

2337 4319 2524 4387 locati,
2560 4320 2654 4375 sed
2688 4319 2858 4375 ferme
2884 4335 3096 4382 omnes.
3131 4328 3328 4392 utpote
3385 4313 3558 4388 paucis
3582 4296 3806 4400 quibusdatﬂ

2340 4411 2661 4482 proceribus
2720 4388 3218 4482 congregationem
3277 4410 3413 4464 hanc
3477 4388 3807 4482 3596'”an

668 4484 763 4539 tim
796 4483 984 4551 etiam,
1020 4486 1476 4555 quemadmodum
1517 4489 1634 4554 ipse
1656 4489 1852 4560 inquit,
1883 4500 1944 4546 ut
1978 4490 2233 4551 Trinitati
2268 4484 2311 4540 υ
2343 4477 3066 4565 1181818118.61.ἀνξὶτ11πος.
3088 4502 3221 4569 Quae
3243 4517 3344 4556 vox
3362 4496 3608 4569 duplicem
3624 4477 3809 4569 signinu-

668 4576 932 4632 ltonorem
977 4576 1194 4633 haheat.
1248 4578 1661 4637 Solemuitatem
1694 4593 1872 4639 autem
1917 4585 2240 4642 solemnita-

667 4677 804 4734 tum,
833 4674 888 4723 et
926 4668 1293 4725 celebritatem
1316 4670 1689 4728 celebritatum
1723 4672 1933 4732 Pascha
1963 4656 2143 4744 vocat,
2180 4690 2238 4734 ut

664 4748 992 4830 praecipuam
1020 4769 1075 4816 et
1101 4761 1435 4831 primariam.
1483 4758 1674 4821 Solent
1720 4767 1865 4822 enim
1897 4778 2104 4826 veteres
2138 4786 2235 4827 ex-

659 4848 1074 4910 Cellentissimas
1095 4868 1343 4925 quasque
1358 4871 1444 4911 res
1461 4856 1528 4911 ad
1550 4857 1691 4914 hunc
1711 4860 1926 4915 modum
1948 4863 2236 4932 appellare,

662 4945 823 5000 veluti
846 4943 1040 5000 Sancta
1060 4948 1700 5013 sanctorum,etCantica
1721 4956 2080 5010 Canticorum.
2099 4952 2236 5011 Nam

665 5034 767 5091 nisi
803 5035 1160 5094 ttesurrectio
1184 5041 1506 5107 exstitisset,
1544 5054 1643 5099 nec
1676 5042 1965 5110 Nativitas,
2002 5063 2102 5102 nec
2136 5048 2235 5103 ba-

664 5127 925 5195 ptismus.
982 5142 1084 5184 nec
1114 5137 1309 5183 caetera
1344 5129 1548 5187 Christi
1603 5135 1860 5204 mysteria
1912 5139 2234 5194 confirmata

660 5220 916 5289 fuissent,
948 5221 1219 5294 iidemque
1268 5221 1547 5281 fecissent.
1583 5224 1784 5282 Verum
1834 5244 2099 5298 quasnam
2133 5233 2234 5286 izoc

662 5313 783 5366 loco
820 5313 1091 5371 humanas
1130 5314 1453 5372 festivitates
1498 5317 1775 5388 appellat?
1812 5317 1949 5375 Sunt
1987 5321 2080 5390 qui
2114 5323 2230 5378 exi-

661 5402 885 5458 stiment
937 5420 1060 5460 eum
1120 5405 1188 5463 de
1254 5407 1408 5464 festis
1464 5408 1518 5463 111
1589 5419 1904 5466 sanctorum
1970 5413 2228 5469 honorem

664 5491 930 5549 institutis
962 5494 1113 5564 loqui
1163 5515 1178 5552 :
1228 5508 1485 5555 caeterum
1519 5516 1707 5556 revera
1754 5501 1868 5559 haec
1915 5515 2043 5559 sunt
2082 5507 2230 5565 acci-

664 5580 859 5652 pienda
886 5581 954 5638 de
980 5580 1135 5642 festis
1164 5585 1293 5654 illis,
1328 5603 1451 5660 qua:
1475 5593 1557 5648 vel
1580 5592 1651 5648 ob
1675 5595 1913 5664 primum
1943 5595 2227 5654 detonsam

731 5763 776 5798 ³³
804 5761 937 5821 Luc.
969 5780 1030 5831 11.
1069 5767 1149 5824 li.

2345 4593 2551 4649 tionem
2588 4594 2770 4649 habet.
2806 4592 2940 4648 Nam
2976 4602 3028 4648 et
3058 4604 3155 4665 pro
3188 4591 3457 4648 contraria
3502 4587 3646 4652 ligura
3678 4569 3810 4665 acciti:

2341 4694 2449 4740 tur.
2501 4682 2592 4739 Sic
2622 4685 2768 4739 enim
2803 4683 3039 4754 Serpens
3058 4662 3263 4740 ancus
3307 4676 3644 4751 suspenditur,
3678 4676 3753 4719 που
3774 4662 3808 4705 ιιι

2343 4784 2501 4847 ίΥΡυε
2516 4775 2745 4841 Christi,
2769 4774 2862 4830 sed
2884 4782 2943 4830 ut
2963 4776 3243 4847 antitvpus
3269 4794 3283 4831 :
3303 4784 3354 4830 et
3378 4786 3469 4843 pro
3491 4762 3655 4837 aequali
3678 4756 3807 4823 figura.

2340 4878 2401 4923 ut
2445 4867 2550 4922 hoc
2608 4867 2749 4923 1080.
2774 4865 3097 4938 Vespertina
3151 4865 3318 4930 enim,
3368 4861 3568 4932 inquit.
3619 4847 3806 4938 Ῐυωίπξψ

2338 4957 2622 5015 celebritas
2674 4926 3108 5030 magno-lumini
3163 4958 3332 5029 figura
3378 4944 3706 5023 respondebat.
3739 4926 3808 4984 “0‘

2337 5062 2517 5109 autem
2543 5053 2725 5107 iumen
2753 5053 2943 5108 dividit
2964 5051 3277 5122 Theologus
3303 5051 3354 5105 in
3387 5046 3588 5104 caeleste
3614 5041 3659 5091 et
3684 5032 3808 5122 ξαρθτξ

2336 5145 2579 5208 cceleste,
2607 5158 2670 5198 ac
2725 5158 2918 5198 rursus
2967 5119 3355 5215 snpercdsleste
3388 5133 3560 5192 dividit
3600 5128 3646 5180 in
3685 5119 3805 5215 tunc:

2337 5238 2655 5307 angelorum
2684 5259 2715 5301 ,·
2760 5245 2815 5289 81
2863 5196 3060 5290 lumenr
3109 5243 3311 5291 sancta:
3371 5221 3643 5284 Trinitatis.

2336 5291 2522 5398 Ροῖνοο
2588 5336 2853 5395 quantum
2905 5328 2969 5381 ad
3029 5326 3370 5389 Trinitatem,
3424 5310 3646 5374 secttndte
3681 5291 3807 5398 inc-ill?

2337 5386 2544 5474 naturai
2597 5386 2864 5473 rationem
2897 5419 3105 5474 obtinet
3138 5436 3151 5472 :
3186 5423 3371 5486 utpote
3412 5409 3497 5481 qui
3525 5404 3584 5460 ab
3610 5412 3659 5452 ea
3682 5386 3810 5486 splt'l'
3896 5386 3897 5431 Τ

2333 5513 2518 5568 dorem
2559 5512 2866 5582 accipiant,
2914 5513 3065 5583 iuxta
3102 5510 3255 5567 iridis
3286 5501 3571 5574 exemplum
3592 5533 3605 5557 1
3636 5490 3717 5583 ¹¹⁰⁶ἶ
3741 5482 3809 5583 Ὗ

2334 5619 2496 5662 arcus
2530 5578 2695 5662 illius
2710 5578 2973 5673 caelestis,
3009 5619 3169 5677 quem
3201 5601 3281 5658 sol
3310 5600 3362 5655 in
3398 5587 3623 5653 humidas
3645 5578 3809 5635 clmn'
