3958 6204
160 376 388 447 .1309

1225 388 1549 450 NICETAS
1584 389 1667 451 IN
1706 389 1929 452 ORAT.
1960 390 2129 452 XLII
2169 392 2231 455 S.
2272 391 2505 454 GREG.

3370 384 3509 449 l3l0

190 492 440 564 quiltas
487 503 650 564 atque
701 506 923 566 paratas
984 496 1160 554 nubes
1217 498 1468 555 incidens
1512 499 2269 572 ,pr0gignit,Aauspieabor.
2320 500 2593 568 Quoniam
2645 497 2791 553 enim
2844 496 2898 552 in
2935 494 3120 551 animo
3173 494 3351 549 habeo
3382 493 3512 547 huic

192 596 501 656 quantum
531 598 709 642 autem
743 587 810 642 ad
841 603 966 657 nos,
999 588 1174 659 prima
1202 598 1393 644 natura
1425 599 1595 645 sunt:
1628 599 1822 663 quate-

211 693 355 733 nus
414 678 522 748 ipsi
576 679 931 746 immediate,
984 681 1236 738 homines
1299 697 1429 736 vero
1487 681 1822 737 intermediis

208 769 452 839 angelis
493 771 906 829 collustrantur.
940 772 1210 827 Dividitur
1242 782 1427 830 autem
1460 784 1529 837 et
1570 790 1820 830 commu-

202 867 455 914 nicatur
475 878 638 917 omne
660 864 842 918 lumen
874 865 941 917 ab
965 864 1221 920 invisibili
1245 865 1451 921 lumine
1474 875 1677 922 sancta:
1698 865 1822 920 Tri-

200 950 426 1007 nitatis
448 992 463 1016 ,
494 951 813 1008 indivisibili
846 954 1068 1024 quidem
1098 956 1142 1010 si
1168 956 1462 1011 essentiam
1503 967 1821 1027 spectemus

205 1040 363 1112 (nec
426 1043 572 1097 enim
633 1043 689 1097 in
751 1043 991 1098 divinam
1047 1056 1294 1101 naturam
1356 1045 1503 1102 cadit
1567 1044 1821 1110 divisio),

209 1133 504 1189 divisibili
536 1151 666 1191 vero
692 1144 956 1205 quantum
981 1136 1048 1192 ad
1074 1139 1181 1192 vim
1207 1149 1261 1193 et
1291 1137 1625 1193 facultatem.
1668 1134 1823 1192 Vires

203 1223 379 1277 enim
458 1226 764 1296 agendique
821 1223 1114 1282 facultates
1164 1227 1355 1282 dividit
1398 1225 1564 1281 Deus.
1617 1226 1665 1279 A
1715 1240 1823 1295 qna

211 1315 426 1370 lumen
481 1330 643 1372 omne
690 1317 1019 1386 productum
1074 1328 1197 1383 est,
1264 1318 1381 1374 sive
1428 1318 1572 1388 quod
1620 1317 1826 1388 angelis

218 1405 386 1462 inest
408 1447 430 1469 ,
459 1406 578 1463 sive
605 1410 749 1479 quod
782 1408 1103 1467 hominibus
1126 1451 1142 1477 ,
1177 1409 1294 1467 sive
1330 1407 1474 1479 quod
1521 1407 1674 1473 Soli,
1712 1406 1826 1463 sive

219 1500 390 1571 quod
442 1502 621 1558 astris.
667 1501 993 1558 Praeclarum
1042 1514 1226 1559 autent
1270 1511 1325 1560 et
1376 1501 1698 1559 bonorabile
1741 1509 1825 1557 est

217 1592 370 1648 illud
420 1591 625 1662 lumen,
656 1596 803 1666 quod
839 1596 894 1651 in
936 1596 1004 1652 iis
1040 1598 1204 1661 lucet,
1239 1606 1351 1652 tum
1381 1597 1610 1652 aliarum
1648 1600 1824 1647 mate-

226 1683 453 1737 riarum
482 1685 918 1754 comparatione,
946 1696 1060 1741 tum
1088 1688 1217 1757 quia
1248 1688 1408 1758 primi
1442 1687 1664 1742 luminis
1686 1683 1829 1755 ligu-

220 1791 355 1830 ram
376 1775 538 1845 gerit.
565 1774 671 1831 Sed
693 1778 857 1842 enim,
880 1778 1025 1847 quod
1060 1779 1242 1834 dicere
1270 1778 1590 1833 instituebat
1611 1774 1823 1838 Oratio,

1929 609 2129 662 magno
2153 590 2596 648 Resurrectionis
2619 591 2723 646 diei
2749 590 2847 645 hos
2875 602 3155 645 sermones
3176 586 3509 649 sacriﬁcare,

1930 692 2096 754 atque
2129 684 2231 754 ipsi
2255 683 2476 738 Christo
2502 698 2698 752 magno
2726 678 2997 735 sacriﬁcio
3027 676 3301 745 (Christus
3328 686 3509 731 autem

1929 784 2222 842 utrumque
2246 780 2351 832 est.
2376 786 2567 841 nempe
2591 769 2734 825 Deus
2754 778 2807 824 et
2827 769 3010 833 homo,
3030 781 3263 836 quorum
3283 768 3510 818 alterum

1928 879 2146 934 semper
2189 873 2294 929 est,
2335 863 2566 917 alterum
2626 870 2814 931 postea
2862 868 3066 915 nostra:
3096 859 3297 914 salutis
3343 872 3510 910 causa

1930 953 2106 1011 factus
2129 955 2257 1026 est),
2276 955 2427 1025 prius
2452 954 2580 1008 mihi
2607 953 2914 1007 faciendum
2939 960 3044 1015 est,
3069 961 3127 1005 ut
3145 950 3212 1005 de
3233 948 3517 1003 divinitate

1929 1046 2232 1112 disseram,
2269 1054 2432 1114 atque
2481 1044 2555 1098 ita
2603 1043 2671 1098 ad
2720 1040 3103 1112 explicandum
3158 1037 3516 1094 humanitatis

1931 1149 2222 1207 assumpta:
2280 1137 2570 1193 consilium
2627 1135 2906 1191 accedam.
2954 1132 3191 1188 Proinde
3251 1130 3511 1201 quoniam

1929 1229 2111 1284 divina
2146 1238 2233 1287 est
2263 1230 2380 1285 hazc
2410 1229 2608 1293 oratio,
2659 1244 2759 1283 nec
2793 1225 2875 1282 fas
2904 1238 2988 1281 est
3020 1241 3171 1290 eum,
3219 1225 3314 1296 qui
3345 1238 3516 1295 purus

1929 1339 2039 1378 non
2077 1325 2171 1388 sit,
2202 1339 2315 1379 rem
2348 1338 2541 1394 puram
2582 1323 2869 1393 attingere,
2902 1320 3131 1391 agedum
3166 1318 3364 1382 videte,
3390 1317 3518 1387 qni-

1929 1431 2146 1485 cunque
2168 1415 2281 1470 haec
2308 1414 2547 1470 audituri
2570 1414 2723 1477 estis,
2767 1422 2931 1482 atque
2952 1410 3268 1479 huiusmodi
3290 1409 3518 1463 delicias

1932 1510 2276 1581 percepturi,
2307 1517 2367 1564 ut
2401 1508 2797 1564 intellectuales
2833 1506 3029 1562 animae
3062 1506 3350 1561 facultates
3383 1520 3516 1575 pur-

1931 1603 2069 1673 getis
2100 1620 2113 1656 :
2145 1603 2381 1673 primum
2420 1600 2644 1671 quidem
2676 1608 2911 1674 mentem
2938 1639 2954 1663 ,
2990 1614 3087 1669 per
3119 1614 3282 1669 quam
3321 1597 3513 1659 Deum,

1930 1701 1983 1744 et
2046 1705 2276 1760 capere.
2348 1698 2403 1744 et
2458 1689 2642 1743 videre
2694 1704 3029 1760 possumus,
3087 1698 3251 1760 atque
3310 1686 3519 1757 angelis

1934 1780 2319 1850 ennjungimnr
2380 1798 2399 1835 :
2463 1779 2663 1835 deinde
2742 1780 3123 1844 intellectum,
3180 1794 3276 1849 per
3355 1795 3516 1848 quem

221 1881 557 1938 quanquam
624 1868 851 1937 pulchra
925 1880 1070 1925 esset
1143 1869 1397 1924 hesterna
1473 1862 2177 1946 lucernarudeogmata
2213 1869 2622 1935 examinamus,
2663 1886 2729 1926 ac
2781 1871 3066 1925 veritatem
3125 1869 3513 1943 disquirimus.

232 1963 499 2022 gestatio,
523 1955 787 2010 hodierna
807 1966 983 2012 tamen
1010 1958 1086 2013 illi
1110 1958 1512 2029 pulchritudine
1530 1958 1823 2012 antecellit.

223 2042 367 2098 lleri
400 2046 547 2100 enim
586 2044 895 2117 lampadum
929 2049 1110 2105 lumen
1142 2048 1345 2105 Christi
1391 2052 1570 2121 magni
1605 2051 1825 2105 luminis

225 2133 715 2191 llesurrectionem
743 2139 1142 2208 praenuntiabat
1170 2158 1184 2195 :
1213 2150 1270 2195 at
1292 2138 1452 2195 hodie
1483 2156 1589 2194 non
1624 2140 1827 2202 Resur-

228 2226 500 2281 rectionis
526 2228 682 2298 signa
705 2238 759 2283 et
784 2228 1004 2295 indicia,
1035 2246 1223 2286 verum
1254 2232 1394 2287 hanc
1419 2232 1590 2301 ipsam
1627 2230 1829 2285 Resur-

232 2320 540 2374 rectionem
573 2320 803 2375 solemni
847 2319 985 2378 festo
1019 2325 1423 2394 prosequimur,
1456 2334 1625 2378 tonnn
1662 2339 1827 2378 mun-

234 2410 375 2464 dum
406 2413 767 2479 συνάγουσαν,
794 2413 895 2468 hoc
923 2422 1028 2479 est,
1061 2414 1165 2470 sibi
1200 2416 1611 2478 conciliantetn,
1648 2416 1731 2468 vel
1759 2414 1826 2469 ad

243 2517 414 2556 unam
469 2502 627 2558 ﬁdem
676 2505 1018 2576 colligentem
1064 2526 1079 2562 :
1126 2508 1270 2578 quod
1312 2518 1533 2579 propter
1576 2524 1827 2562 resurre-

243 2592 491 2647 ctionem
554 2596 811 2651 omnibus
859 2597 1165 2653 certissime
1224 2614 1548 2670 persuasum
1600 2589 1826 2658 'l'uerit.

240 2684 527 2740 Christum
550 2686 723 2742 Deum
747 2703 890 2757 esse,
918 2690 1022 2754 vel,
1056 2690 1317 2744 tnundum
1352 2700 1548 2756 totum,
1577 2691 1679 2745 hoc
1709 2699 1822 2756 est,

238 2777 482 2832 ﬁdelium
502 2789 703 2834 emtum
725 2780 1139 2853 conjungentem
1160 2781 1470 2839 celebrandi
1493 2784 1614 2839 l'esti
1638 2799 1827 2839 causa.

316 2869 439 2925 Col.
513 2869 619 2925 626
689 2872 755 2927 Ᾱ.
819 2869 1100 2927 Enimvero
1171 2874 1311 2927 alius
1383 2874 1534 2928 aliud
1577 2876 1829 2945 quiddam

242 2964 386 3028 huic,
419 2974 523 3020 etc.
560 2964 737 3027 Alius,
775 2965 972 3035 inquit,
1027 2965 1174 3020 aliud
1224 2966 1499 3036 quoddam
1546 2967 1831 3037 spirituale

250 3054 475 3126 Deoque
503 3066 717 3129 gratum
748 3073 949 3113 munus
991 3058 1156 3127 hujus
1195 3059 1560 3116 solemnitatis
1596 3060 1828 3132 tempori

250 3146 461 3210 aﬁ‘erat,
510 3158 675 3218 prout
723 3150 895 3220 ipsius
939 3149 1226 3207 facultates
1277 3150 1520 3232 tulerint.
1558 3149 1649 3208 Sic
1681 3153 1827 3208 enim

1928 1962 2049 2018 Sint
2077 1961 2239 2018 etiam
2268 1976 2426 2014 aures
2461 1975 2633 2030 pune,
2670 1970 2857 2027 utpote
2913 1960 3095 2033 divina
3148 1958 3312 2013 verba
3367 1974 3522 2013 exce-

1926 2065 2139 2126 pturae,
2196 2066 2371 2124 eaque
2421 2051 2488 2104 ad
2541 2049 2877 2105 intellectum
2935 2047 3276 2119 dijudicandi
3352 2064 3519 2104 causa

1930 2147 2354 2204 transmissum.
2416 2139 2509 2202 Sic
2587 2145 2729 2197 enim
2800 2140 3047 2196 futurum
3093 2152 3210 2204 est,
3294 2152 3354 2194 ut
3411 2155 3517 2195 non

1929 2240 2052 2294 cibo
2082 2249 2366 2311 pereunte,
2405 2236 2503 2299 sed
2533 2235 2744 2292 deliciis
2779 2250 2885 2291 non
2912 2235 3258 2291 eﬁluentibus
3297 2234 3518 2305 expleti.

1929 2331 2247 2388 discedatis.
2281 2331 2452 2387 Porro
2481 2327 2717 2387 orationi
2745 2336 2943 2383 nostrae
2970 2341 3068 2382 sua
3097 2327 3268 2380 virtus
3296 2334 3521 2381 consta-

1929 2420 2030 2488 hit,
2070 2431 2130 2477 ut
2158 2438 2256 2476 nec
2289 2422 2432 2477 intra
2464 2422 2685 2477 modum
2732 2416 2997 2470 subsistat
3025 2416 3148 2485 (nec
3173 2412 3391 2471 defectu
3416 2429 3523 2468 suo

1932 2510 2214 2568 auditores
2236 2513 2437 2568 damno
2460 2508 2677 2583 alliciat)
2699 2521 2797 2562 nec
2815 2522 3007 2561 rursus
3028 2506 3248 2561 modum
3273 2507 3520 2567 excedat,

1930 2602 2023 2676 (ne
2077 2605 2385 2659 molestiam
2438 2604 2645 2673 pariat,
2677 2598 2946 2658 orationis
2976 2601 3121 2652 enim
3155 2595 3519 2651 redundantia

1932 2689 2154 2748 inimica
2201 2702 2286 2748 est
2338 2693 2610 2763 auribus),
2645 2693 2738 2748 sed
2792 2686 3223 2748 mediocritatem
3274 2687 3517 2758 impleat,

1932 2782 2209 2851 simulque
2241 2795 2296 2840 et
2328 2785 2718 2853 compendiosa
2754 2785 2825 2839 sit
2853 2787 2910 2840 et
2943 2778 3287 2849 plenissima.

2002 2872 2118 2929 Col.
2155 2872 2260 2928 69.6
2290 2872 2355 2929 C.
2386 2872 2526 2929 Deus
2570 2882 2619 2928 et
2666 2888 2855 2943 semper
2895 2876 3035 2932 erat.
3089 2876 3195 2922 etC.
3249 2865 3522 2933 Quoniam

1931 2963 2154 3017 libertas
2208 2958 2529 3027 hominum,
2586 2978 2681 3033 pro
2728 2978 2837 3032 qua
2883 2958 3136 3017 instituta
3164 2965 3248 3012 est
3283 2970 3527 3026 pra-setis

1935 3054 2132 3119 oratio,
2175 3052 2238 3109 Β.
2272 3050 2564 3109 Trinitatis
2598 3068 2737 3122 opus
2771 3051 2985 3109 exstitit
3028 3047 3217 3123 (Pater
3248 3046 3394 3103 enim
3423 3062 3527 3103 vo-

1935 3146 2058 3210 luit,
2084 3142 2256 3201 Filius
2283 3145 2483 3212 cll‘ecit,
2512 3144 2746 3215 Spiritus
2787 3154 3016 3200 sanctus
3041 3154 3364 3212 cooperatus
3393 3143 3523 3214 est).

258 3240 310 3295 in
338 3241 757 3298 Deutrronomio
777 3245 1037 3314 scriptum
1059 3255 1179 3299 est:
1206 3243 1330 3298 Non
1353 3221 1630 3315 apparebis
1652 3262 1833 3299 coram
1856 3211 1903 3270 α
1937 3250 2057 3290 eam
2110 3237 2181 3290 οὶ)
2229 3249 2452 3289 causam
2495 3233 2564 3287 ab
2599 3248 2666 3287 e0
2721 3233 2977 3296 nomine.
3016 3232 3162 3307 Ψιοά
3216 3233 3393 3287 "ibus
3440 3231 3527 3286 his

255 3331 479 3388 Domino
506 3343 596 3388 tuo
628 3351 848 3403 vacuus,
903 3336 1264 3403 unusquisque
1294 3339 1581 3388 secundum
1604 3335 1836 3405 faculta-

254 3436 353 3478 tem
378 3426 720 3481 manuum“.
756 3425 893 3480 Nam
941 3426 1163 3494 dignum
1212 3438 1413 3479 munus
1436 3468 1450 3489 ,
1487 3440 1588 3479 nec
1630 3425 1737 3479 ulla
1768 3440 1836 3479 ex

258 3523 410 3583 parte
441 3529 697 3568 mancum
740 3522 793 3565 et
822 3512 1202 3581 imperfectum
1236 3512 1453 3576 oll‘erre,
1491 3521 1701 3567 tantum
1730 3524 1835 3580 est,

262 3614 322 3660 ut
351 3621 418 3659 ne
442 3603 615 3674 angeli
642 3602 863 3673 quidem
890 3603 940 3657 id
966 3605 1183 3675 assequi
1212 3605 1445 3676 possint.
1478 3601 1667 3676 Neque
1689 3606 1833 3661 enim

269 3700 403 3770 ipsis
452 3697 611 3769 plena
662 3696 756 3751 Dei
796 3696 1035 3753 laudatio
1075 3713 1337 3754 concessa
1374 3710 1493 3763 est,
1525 3699 1619 3770 qui
1655 3708 1836 3755 tamen

264 3790 417 3860 primi
450 3789 843 3845 intellectuales
873 3789 1154 3854 dicuntur,
1192 3790 1240 3846 si
1287 3791 1591 3844 animarum
1620 3801 1837 3845 nostra-

267 3897 380 3935 rum
443 3880 582 3936 ratio
646 3879 930 3947 habeatur,
977 3895 1098 3950 quaa
1148 3891 1204 3937 et
1261 3881 1392 3952 ipsa:
1446 3880 1838 3938 intellectuales

263 3982 402 4039 sunt,
439 3972 533 4029 sed
569 3973 783 4044 angelis
811 3974 1151 4045 posteriores
1177 3988 1428 4044 superna:
1468 3975 1654 4047 gloria:
1681 3990 1831 4045 spec-

269 4073 486 4130 tatores,
515 4073 702 4136 utpote
730 4064 840 4121 Deo
862 4067 1208 4136 assistentes,
1229 4068 1521 4138 ipsumque
1543 4068 1838 4127 intuentes.

267 4155 451 4214 Testes
510 4168 691 4214 autem
724 4158 923 4214 divinae
966 4159 1192 4230 gloriae,
1229 4168 1412 4230 utpote
1465 4160 1567 4231 ipsi
1620 4176 1841 4231 quoque

266 4249 389 4303 clari
412 4259 466 4303 et
495 4249 763 4316 illustres,
795 4265 861 4305 ac
886 4265 983 4321 per
1005 4252 1351 4322 splendorem
1382 4268 1543 4307 suum
1566 4251 1842 4309 Creatoris

268 4342 600 4410 maiestatem
626 4349 879 4396 testatam
906 4343 1217 4408 reddentes,
1244 4343 1324 4398 vel
1350 4342 1512 4398 etiam
1538 4353 1596 4397 ut
1615 4343 1841 4413 gloriam

268 4448 423 4503 quam
483 4440 716 4487 cernunt
764 4432 1079 4489 hominibus
1124 4436 1456 4491 nuntiantes.
1497 4434 1612 4491 lloc
1657 4446 1839 4490 autem

269 4524 381 4579 loco
414 4538 507 4594 per
565 4526 792 4594 angelos
838 4538 1031 4578 omnes
1090 4524 1144 4578 in
1219 4525 1535 4581 universum
1588 4527 1842 4582 cmlestes

271 4617 464 4673 classes
509 4625 563 4671 et
616 4617 835 4672 ordines
886 4615 1159 4688 intelligit.
1193 4617 1348 4673 Alius
1398 4619 1583 4688 igitur,
1624 4627 1683 4673 ut
1724 4619 1838 4689 jam

272 4709 420 4774 dixit,
476 4709 625 4765 aliud
677 4710 902 4780 quidam
952 4708 1324 4766 aﬁ‘erat:nos
1374 4725 1504 4765 vero
1536 4710 1838 4765 orationem

275 4799 631 4864 conferamus,
686 4801 846 4871 idque
904 4799 1155 4871 pluribus
1207 4799 1275 4854 de
1331 4798 1543 4855 causis.
1596 4795 1839 4853 Primum

277 4890 520 4958 quoniam
556 4891 693 4946 nihil
723 4902 980 4946 sermone
1036 4890 1349 4961 praeclarius
1381 4888 1691 4957 lbabemus,
1728 4898 1841 4943 tum

279 4983 395 5051 quia
428 4983 698 5050 Christus,
735 4985 899 5053 cujus
929 4984 1118 5038 laudes
1148 4980 1447 5053 praedicare
1480 4979 1840 5044 instituimus,

280 5082 459 5141 praeter
491 5072 597 5127 alia
621 5112 636 5136 ,
672 5074 890 5128 nomina
917 5113 933 5134 .
968 5070 1203 5127 Verbum
1251 5088 1471 5143 quoque
1519 5071 1841 5143 appellatur.

283 5165 550 5221 Postremo
573 5165 701 5234 quia
735 5174 931 5219 natura
963 5164 1227 5219 beneﬁcio
1252 5160 1443 5218 aﬁecta
1470 5162 1741 5217 sermonis
1762 5173 1847 5216 est

286 5259 559 5327 particeps.
598 5255 779 5322 Quare
806 5271 1107 5327 congruum
1139 5272 1337 5311 munus
1364 5265 1449 5311 est
1481 5252 1662 5310 Verbo
1685 5252 1849 5308 Chri-

1938 3341 2230 3381 rommune
2264 3335 2371 3389 est,
2413 3322 2726 3393 Theologus
2769 3321 3080 3389 exorditur,
3114 3323 3261 3392 quod
3301 3323 3523 3394 quidem

1938 3416 2086 3471 Deus
2114 3424 2218 3470 est.
2254 3415 2331 3469 Ac
2360 3414 2428 3469 de
2461 3413 2642 3468 tribus
2671 3452 2688 3479 ,
2723 3424 2783 3468 ut
2816 3412 3282 3483 inseparabilibus
3302 3453 3318 3479 ,
3347 3428 3527 3482 quau-

1940 3514 2053 3560 tum
2088 3506 2155 3558 ad
2187 3504 2553 3567 divinitatem,
2598 3513 2847 3557 naturam
2880 3509 2936 3558 et
2981 3501 3302 3573 potentiam,
3333 3503 3527 3573 dispu-

1947 3597 2156 3651 tatione
2191 3596 2371 3651 habita
2397 3635 2412 3660 ,
2444 3595 2517 3649 ita
2545 3594 2765 3649 demum
2790 3594 2857 3649 ad
2893 3593 3288 3650 incarnationis
3317 3593 3524 3652 Christi

1940 3686 2224 3741 materiam
2258 3682 2565 3741 descendit.
2600 3680 2776 3739 Porro
2807 3684 2873 3739 de
2907 3683 3194 3740 divinitate
3224 3685 3523 3750 disserens,
3576 3756 3586 3766 .

1944 3778 2019 3831 ait
2053 3794 2069 3833 :
2102 3776 2249 3832 Deus
2280 3785 2333 3831 et
2363 3787 2483 3832 erat
2512 3791 2746 3847 semper,
2779 3784 2832 3830 et
2860 3783 2964 3840 est,
2991 3782 3047 3829 et
3077 3777 3202 3830 erit.
3232 3775 3357 3829 Tria
3386 3786 3524 3831 tem-

1940 3882 2075 3939 pora
2115 3866 2471 3936 prmteiitum,
2507 3881 2773 3935 praesens,
2802 3876 2857 3920 et
2893 3864 3138 3920 futurum
3174 3864 3281 3920 Deo
3310 3864 3522 3927 tribuit,

1941 3974 2064 4030 quae
2094 3957 2311 4027 quidem
2346 3957 2480 4011 nulli
2513 3965 2779 4012 creatura:
2808 3955 3104 4011 convenire
3131 3964 3379 4024 possunt.
3411 3956 3526 4009 An.

1942 4051 2096 4121 gelus
2130 4049 2275 4103 enim
2303 4055 2385 4102 est
2414 4047 2632 4117 quidem
2661 4056 2716 4102 et
2744 4047 2851 4102 erit
2882 4064 2897 4100 :
2929 4054 2985 4099 at
3015 4060 3123 4098 non
3152 4045 3280 4099 item
3313 4060 3529 4114 semper

1942 4146 2094 4204 erat,
2145 4139 2236 4191 sed
2270 4137 2524 4191 essentia:
2568 4134 2783 4188 initium
2832 4134 3044 4189 habuit.
3082 4130 3158 4186 Ex
3210 4132 3527 4188 hominibus

1944 4238 2123 4285 autem
2160 4229 2251 4282 alii
2290 4229 2545 4282 hesterno
2575 4225 2662 4280 die
2692 4234 2848 4280 erant
2868 4268 2883 4293 ,
2915 4223 3007 4280 alii
3044 4224 3203 4279 hodie
3224 4266 3240 4290 ,
3271 4220 3402 4289 alii,
3432 4225 3526 4295 qui

1945 4336 2091 4376 nunc
2122 4320 2175 4374 in
2203 4333 2381 4374 rerum
2412 4328 2603 4372 natura
2625 4332 2740 4370 non
2770 4325 2922 4380 sunt.
2948 4316 3190 4371 crastino
3219 4317 3306 4372 die
3338 4326 3523 4372 erunt.

1947 4410 2072 4467 llaec
2121 4409 2268 4465 enim
2315 4417 2400 4464 est
2429 4406 2662 4477 ggcneris
2712 4406 2886 4462 nostri
2920 4407 3183 4463 conditio.
3218 4407 3416 4463 Eadem
3458 4407 3527 4463 de

1946 4503 2203 4559 omnibus
2250 4501 2373 4559 aliis
2418 4500 2684 4557 creaturis
2727 4498 2836 4555 dici
2875 4499 3109 4569 possint.
3152 4496 3369 4565 Postea,
3400 4513 3525 4552 cum

1870 4556 1921 4621 Β
1946 4556 2791 4662 animadvertisset.Tlteologtts,
2824 4556 2967 4660 quod
2996 4590 3240 4650 verbum.
3282 4556 3432 4652 Erat,
3460 4587 3529 4642 de

1944 4705 2009 4745 eo
2029 4686 2374 4758 praedicatur,
2392 4686 2535 4756 quod
2559 4686 2838 4757 prmleriit,
2862 4700 2963 4740 nec
2982 4682 3140 4738 hodie
3181 4692 3265 4737 est
3299 4682 3525 4738 verbum

1945 4779 2073 4835 item
2107 4778 2230 4842 erit,
2257 4778 2322 4832 de
2342 4792 2408 4832 eo
2425 4776 2568 4847 quod
2595 4776 2836 4831 futurum
2860 4789 2944 4833 est
2965 4818 2980 4844 ,
3005 4793 3105 4833 nec
3132 4776 3261 4833 dum
3290 4775 3526 4833 exsistit:

1948 4868 2177 4939 corrigit
2224 4864 2371 4937 quod
2432 4866 2682 4932 dixerat,
2734 4866 2922 4936 aitque
2973 4867 3195 4921 verbum
3246 4865 3529 4937 praesentis

1950 4957 2233 5028 temporis,
2269 4954 2386 5021 Est,
2422 4956 2535 5010 Deo
2573 4955 2746 5026 magis
2791 4971 3109 5027 congruere.
3142 4951 3270 5011 Erat
3299 4956 3442 5010 enim
3474 4963 3532 5010 et

1951 5045 2067 5106 Erit
2100 5050 2232 5104 ﬁnxi
2274 5048 2439 5118 hujus
2476 5048 2745 5116 temporis
2772 5056 3056 5119 segmenta
3094 5057 3244 5114 sunt,
3276 5062 3339 5102 ac
3369 5046 3532 5101 ﬁuxm

1956 5156 2167 5200 natura;
2221 5144 2572 5199 conveniunt.
2621 5138 2755 5195 Nam
2799 5148 2861 5196 ut
2905 5129 3113 5196 ﬂuxum
3156 5149 3210 5195 et
3241 5136 3407 5195 labile
3446 5148 3533 5195 est

1956 5247 2196 5305 tempus,
2230 5235 2304 5290 ita
2348 5232 2509 5289 etiam
2539 5247 2605 5288 ea
2628 5275 2643 5300 ,
2677 5247 2799 5302 quat
2829 5239 3075 5302 tempore
3098 5272 3114 5297 ,
3162 5230 3310 5301 quod
3349 5238 3532 5286 motus

286 5359 360 5404 sto
397 5349 713 5421 laudatoria.
732 5348 928 5413 oratio,
965 5363 995 5402 a
1042 5356 1235 5403 natura
1286 5347 1547 5419 loquendi
1588 5344 1832 5403 facultati

1949 5328 2456 5398 circumscriptione
2468 5324 2746 5390 delinitur,
2765 5320 3218 5392 coMinenturJAt
3235 5322 3375 5379 Deus
3394 5338 3533 5378 scm-

289 5442 493 5512 praedita
529 5441 903 5510 proﬁciscens.

347 5532 478 5589 Ibid.
508 5534 566 5586 Β.
616 5533 763 5587 Hiuc'
800 5543 980 5588 autem
1019 5534 1291 5588 exordiar.
1336 5530 1536 5589 Facere
1585 5535 1724 5589 enim
1766 5548 1865 5587 nev

290 5641 431 5697 queo.
478 5633 586 5679 etc.
618 5622 863 5695 Optimo,
907 5623 1104 5692 inquit,
1151 5624 1275 5692 jure
1325 5638 1355 5677 a
1390 5623 1498 5679 Deo
1549 5627 1852 5681 orationem

364 5788 404 5821 "
439 5784 608 5841 Exod.
647 5800 807 5853 xsnt,
840 5784 939 5850 l5;
968 5782 1126 5839 Deut.
1154 5798 1264 5850 xvr,
1297 5782 1381 5839 16.

1950 5436 2044 5489 per
2056 5428 2159 5484 est,
2178 5432 2280 5472 nec
2297 5416 2594 5487 quidquam
2612 5414 2776 5480 ei,vel
2793 5414 3052 5485 praeterit,
3065 5413 3149 5470 vel
3169 5411 3411 5472 futurum
3424 5422 3530 5469 est.

1954 5516 2131 5585 Atque
2165 5513 2221 5567 iu
2250 5513 2399 5566 hunc
2435 5525 2660 5567 sensum
2690 5508 2845 5565 Plato
2874 5508 2928 5564 in
2958 5506 3155 5564 Timwo
3176 5509 3401 5566 locutus
3421 5516 3529 5569 est,

1954 5606 2039 5663 his
2087 5602 2268 5663 verbis
2299 5622 2313 5659 :
2347 5600 2477 5659 Erat
2504 5612 2559 5660 et
2607 5600 2734 5670 erit,
2772 5601 3034 5674 temporis
3094 5610 3227 5657 sunt
3274 5600 3529 5675 species:
