4032 6198
661 346 789 414 1311

2067 365 2450 428 ADDENDA.
3713 381 3804 446 131!

653 483 790 533 quas
824 482 932 523 non
966 478 1110 524 recte
1136 485 1233 525 nec
1263 472 1560 544 prudenter
1594 479 1944 549 sempiterna:
1981 484 2233 538 essentia:
2261 489 2308 542 Α
2336 484 2480 539 vires
2510 491 2606 538 aut
2657 483 2992 540 celeritatem
3029 503 3046 541 :
3078 486 3428 543 tardissimus
3472 490 3599 545 enim
3625 499 3709 555 est,
3740 497 3800 564 qni

653 558 964 615 tribuimus.
1019 558 1154 617 [Iuic
1201 565 1347 619 enim
1397 567 1494 622 Est
1540 570 1716 624 solum
1773 587 1898 628 vere
1949 576 2224 629 convenit.

653 645 777 702 ΙΙιεε
811 657 993 704 autem
1049 651 1212 706 verba
1249 670 1263 707 :
1299 653 1430 709 Erat
1471 666 1525 712 et
1556 654 1691 719 Erit,
1741 660 1806 714 ad
1848 677 1966 716 eam
2000 679 2226 734 genera-

651 736 850 793 tionem
888 740 1342 814 nativitatemqne
1371 748 1664 816 pertinent,
1696 755 2063 822 quaatempori
2096 756 2225 810 sub-

637 828 782 894 jecta
841 841 943 887 est.
999 833 1126 890 llaec
1175 835 1356 892 Plato.
1415 839 1610 896 Noster
1665 855 1842 898 autem
1913 845 2222 918 Theologus

644 923 1014 980 testimonium
1089 944 1309 1000 quoque
1387 933 1595 1001 profert
1663 950 1728 989 ex
1785 937 2010 1006 Exodo,
2075 942 2220 1009 quod

643 1012 784 1067 Deus
805 1025 907 1070 est.
939 1015 1050 1073 Iloc
1077 1020 1220 1074 enim
1253 1023 1433 1088 modo,
1459 1025 1658 1096 inquit,
1683 1028 1922 1098 seipsum
1951 1035 2217 1100 nominat,

640 1119 765 1159 cum
793 1107 842 1161 in
865 1119 1047 1164 monte
1069 1109 1196 1166 Mosi
1215 1115 1495 1171 oraculum
1513 1118 1643 1180 edit,
1666 1119 1719 1174 id
1742 1129 1848 1185 est,
1867 1123 2216 1194 colloquitur,

641 1204 696 1251 et
727 1198 983 1255 mandata
1035 1203 1146 1258 dat.
1213 1203 1347 1260 Nam
1405 1225 1528 1264 cum
1582 1209 1761 1268 Moses
1815 1214 1869 1269 in
1921 1215 2215 1288 Egyptum

641 1289 969 1361 mitteretur,
1012 1298 1292 1366 quaerebat
1325 1319 1340 1356 :
1371 1302 1432 1356 Si
1457 1304 1894 1378 interrogarerint
1927 1327 2008 1365 me
2029 1327 2048 1365 :
2083 1311 2215 1377 Quis

639 1390 688 1436 te
717 1384 858 1439 misit
889 1389 1056 1458 :quid
1080 1390 1254 1444 diram
1291 1393 1361 1446 ad
1395 1399 1525 1452 eos?
1561 1395 1704 1455 Deus
1734 1410 1937 1469 autem,
1976 1405 2069 1474 qui
2093 1407 2218 1461 mit-

637 1471 805 1540 tebat,
828 1477 1105 1545 respondit
1137 1497 1148 1532 :
1176 1479 1286 1549 Ego
1312 1499 1428 1534 sum
1458 1501 1548 1538 ens
1570 1487 1636 1540 ".
1685 1489 1762 1544 Ac
1797 1502 1942 1546 recte
1969 1471 2213 1563 profecto

639 1555 781 1615 Deus
819 1576 916 1616 ens
944 1562 1165 1621 dicitur.
1208 1567 1340 1623 Nam
1373 1570 1524 1640 juxta
1559 1591 1809 1646 magnum
1855 1555 2171 1654 Dionysium
2194 1625 2210 1652 ,

637 1665 744 1704 non
801 1661 952 1708 certo
1005 1657 1168 1712 modo
1228 1676 1326 1716 ens
1385 1673 1490 1729 est,
1549 1681 1735 1723 verum
1783 1670 2103 1742 simpliciter
2157 1687 2211 1732 et

561 1783 574 1798 .
637 1741 1131 1818 incircumscripte,
1191 1760 1251 1805 ιιι
1311 1753 1401 1823 qui
1448 1765 1619 1812 totum
1677 1760 1729 1814 id
1797 1741 1942 1830 quod
1991 1775 2093 1831 est,
2153 1768 2206 1823 in

2329 576 2475 632 celer
2506 577 2650 632 imus
2704 591 2828 633 esse
2885 578 3118 642 videtur,
3185 579 3231 634 si
3289 595 3411 634 cum
3471 579 3556 635 Dei
3598 583 3804 638 velocitate

2328 676 2696 738 comparetur,
2731 669 2824 739 qui
2857 669 3191 741 longissimis
3224 671 3512 727 intervallis
3549 676 3700 729 omnia
3725 687 3805 744 post

2325 777 2385 817 se
2436 761 2678 832 reliquit,
2733 772 2788 816 ut
2849 777 2950 817 nec
3005 764 3398 832 comprehendi
3428 765 3624 835 quidem
3670 770 3803 837 possit.

2325 865 2512 904 verum
2542 853 2655 905 sola
2691 861 2872 906 mente
2905 851 3281 906 adumbretnr.

2396 940 2505 996 Nec
2540 943 2761 997 mirum.
2808 943 2956 998 Mens
2995 945 3164 1010 enim,
3201 954 3260 998 ut
3301 945 3475 1017 imago
3513 947 3593 1002 Dei
3627 960 3804 1005 conteru-

2325 1031 2620 1101 plationem
2667 1033 2814 1089 illius
2857 1035 3094 1104 concipit
3135 1052 3151 1089 :
3183 1036 3341 1105 cujus
3366 1053 3614 1092 summam
3642 1042 3808 1094 terruiu-

2323 1130 2428 1177 tem
2497 1125 2780 1180 declarans
2831 1123 3174 1194 Gregorius,
3233 1128 3644 1184 adumbrationis
3690 1136 3807 1185 verba

2322 1224 2452 1262 usus
2487 1219 2590 1264 est.
2622 1209 2740 1265 Non
2793 1213 2937 1267 enim
2976 1213 3108 1268 dixit
3145 1231 3162 1269 :
3205 1215 3483 1286 Elliugitur
3515 1220 3657 1287 (quod
3685 1220 3806 1289 peric.

2319 1299 2460 1355 ctius
2479 1304 2606 1367 est),
2640 1303 2756 1368 sed,
2780 1304 3170 1362 Adurnbratnr.
3198 1307 3274 1360 Ac
3301 1324 3372 1362 ne
3404 1309 3484 1361 hic
3512 1310 3699 1377 quidem
3721 1327 3808 1365 enn-

2318 1391 2458 1446 stitit
2488 1410 2502 1446 :
2534 1409 2722 1448 verum
2755 1395 2980 1466 insuper
3013 1397 3234 1465 adjecit,
3267 1397 3605 1454 Perohscnre.
3631 1399 3806 1455 Tametsi

2316 1485 2458 1537 enim
2478 1484 2680 1539 lumine
2701 1496 2958 1557 tanquam
2994 1489 3321 1544 vestimento
3346 1491 3564 1544 amictus
3588 1501 3659 1545 est
3683 1491 3800 1550 Deus.

2319 1575 2570 1629 tenebras
2619 1584 2797 1632 tamen
2845 1579 3128 1633 latibulum
3178 1597 3339 1634 suum
3396 1583 3581 1650 posuit,
3617 1583 3806 1652 quando-

2315 1669 2532 1739 quidem
2571 1670 2741 1740 ipsius
2789 1682 2982 1726 natura
3018 1672 3166 1726 nulla
3220 1674 3426 1729 ratione
3470 1675 3650 1744 percipi
3688 1686 3804 1744 atque

2313 1763 2703 1832 comprehendi
2759 1773 2952 1832 potest.
3022 1764 3324 1837 Perexigue
3380 1776 3586 1831 autem,
3639 1767 3683 1820 id
3721 1776 3804 1830 est,

635 1833 814 1900 seipse
851 1837 1174 1906 complexus
1225 1856 1288 1896 ac
1327 1847 1730 1916 prmamplexus
1761 1827 1854 1906 sit.
1894 1854 2013 1920 Quo
2042 1857 2204 1912 etiam
2240 1827 2282 1882 Β
2313 1854 2632 1910 brevissime
2657 1898 2672 1921 ,
2739 1867 2789 1910 et
2856 1860 2921 1910 ad
2977 1858 3237 1928 exiguum
3295 1860 3553 1928 quoddam
3610 1859 3804 1926 temporis

632 1922 851 1976 nomine
874 1924 985 1980 ilex
1009 1931 1333 1988 saculorum
1363 1935 1583 2006 dicitur,
1612 1941 1739 2011 quia
1772 1944 1822 1998 in
1854 1945 1972 2015 ipso
1993 1958 2045 2002 et
2063 1950 2206 2006 circa

631 2011 814 2081 ipsqu
849 2026 955 2084 εει,
989 2021 1252 2092 quidquid
1279 2035 1364 2080 est
1392 2044 1454 2084 ac
1485 2033 1760 2088 subsistit.
1787 2011 1894 2092 Nec
1932 2054 2060 2094 vero
2090 2043 2204 2099 ait:

633 2101 783 2168 Erat,
818 2115 910 2160 aut
943 2109 1066 2177 erit,
1098 2123 1191 2167 aut
1231 2113 1354 2182 fuit,
1386 2127 1482 2172 aut
1512 2123 1601 2184 sit,
1633 2134 1727 2180 aut
1758 2128 1867 2194 lict,
1893 2130 2003 2186 imo
2031 2148 2205 2202 neque

629 2203 733 2258 est,
770 2197 863 2251 sed
914 2198 980 2254 iis
1017 2217 1138 2270 quae
1174 2215 1324 2275 sunt,
1374 2215 1616 2267 essentia
1671 2215 1787 2285 ipse
1838 2229 1939 2286 est,
1981 2197 2206 2294 ipseque

628 2292 714 2338 est
742 2288 1003 2344 saeculum
1039 2294 1389 2364 saeculorum,
1414 2310 1468 2355 et
1492 2305 1712 2361 seculis
1737 2310 2034 2379 antiquior.
2064 2311 2202 2380 Qni-

630 2374 732 2431 bns
779 2379 958 2436 verbis
1007 2395 1248 2441 consona
1283 2401 1432 2456 sunt,
1483 2409 1607 2464 qua:
1638 2396 1944 2470 Theologns
1983 2405 2080 2459 ait.
2126 2405 2202 2462 De

629 2463 741 2520 Deo
774 2469 921 2523 enim
958 2473 1122 2528 verba
1155 2476 1381 2542 faciens,
1438 2463 1517 2538 sic
1566 2485 1843 2557 loquitur:
1879 2492 2199 2550 Universum

625 2555 679 2609 id
720 2560 862 2627 qttod
895 2571 977 2616 est
1001 2601 1014 2626 ,
1045 2566 1094 2618 in
1145 2581 1206 2622 se
1235 2555 1649 2642 complectitur.
1669 2578 1785 2634 Non
1810 2584 1980 2652 enim,
2011 2602 2201 2656 quem-

624 2648 916 2707 admodum
974 2672 1073 2712 nos
1117 2658 1272 2728 juxta
1307 2679 1546 2734 praesens
1595 2681 1808 2742 tempus
1850 2691 2078 2746 sumus,
2134 2696 2200 2738 ac

621 2741 857 2800 vivimus
920 2746 1278 2818 (praeteritum
1337 2758 1484 2813 enim
1548 2777 1611 2816 ac
1675 2741 1920 2821 futurum
1996 2771 2194 2839 partim

620 2831 930 2899 emisimus,
953 2838 1152 2904 partim
1180 2845 1422 2900 nondum
1453 2849 1760 2920 habemus),
1791 2854 1871 2908 sic
1900 2857 2065 2911 etiam
2097 2858 2192 2913 Dei

618 2922 855 2976 essentia
878 2922 931 2978 in
955 2935 1193 2996 tempora
1221 2934 1392 2991 divisa
1415 2948 1532 3006 est;
1561 2957 1746 2998 verum
1774 2949 2080 3006 universam
2103 2969 2192 3009 es-

619 3012 850 3067 sentiam
875 3018 1274 3087 complectitur.
1302 3025 1456 3098 ριωά
1481 3045 1578 3084 ηεε
1606 3035 1931 3107 principium
1965 3041 2188 3112 habuit,

2315 1955 2675 2001 momentum.
2710 1947 2846 2002 Nam
2881 1950 3027 2018 quod
3064 1961 3250 2006 mente
3291 1951 3475 2006 leviter
3501 1950 3800 2004 adumbratam

2310 2043 2432 2100 est,
2486 2036 2743 2092 celeriter
2794 2037 2996 2092 avolat.
3055 2037 3231 2094 Porro
3281 2041 3484 2097 levibus
3532 2039 3798 2095 lineamentis

2309 2127 2668 2182 adnmbratur
2713 2127 2874 2193 Deus,
2919 2146 3026 2186 non
3061 2146 3126 2187 ex
3177 2133 3268 2188 his
3311 2149 3427 2203 quae
3471 2133 3520 2187 in
3558 2134 3659 2204 ipso
3694 2145 3797 2194 sunt,

2308 2218 2401 2274 sed
2434 2234 2554 2288 qua
2587 2221 2732 2275 circa
2763 2221 2967 2291 ipsum.
2995 2224 3086 2277 Ait
3114 2225 3266 2280 enim
3299 2242 3517 2298 magnus
3549 2228 3794 2299 Dionysius;

2309 2311 2504 2376 Deum,
2553 2323 2816 2382 quantttnt
2869 2315 2936 2369 ad
2987 2320 3288 2372 essentiam
3342 2334 3437 2373 nec
3485 2320 3696 2389 intelligi,
3734 2334 3796 2370 nec

2306 2404 2693 2473 comprehendi
2761 2421 2964 2477 posse;
3048 2425 3239 2464 verum
3296 2427 3359 2466 ex
3416 2411 3489 2466 eli”
3513 2413 3602 2467 etis
3649 2410 3793 2466 laudari

2303 2495 2521 2552 debere.
2565 2497 2766 2554 Eadem
2812 2501 2899 2556 hic
2927 2516 3151 2573 quoque
3197 2503 3327 2558 dicit
3368 2502 3665 2573 Theologus.
3690 2501 3793 2568 Quod

2302 2587 2446 2642 enim
2474 2587 2562 2643 ille
2583 2588 2740 2655 dixit,
2761 2603 3024 2661 quantum
3050 2593 3114 2646 ad
3137 2595 3454 2660 essentiam,
3479 2595 3575 2659 hic,
3593 2601 3788 2664 quantum

2303 2680 2370 2734 ad
2421 2696 2481 2735 ea
2538 2697 2660 2753 qua:
2707 2682 2758 2737 in
2811 2684 2928 2754 ipso
2978 2694 3140 2752 sunt,
3199 2685 3354 2741 dixit.
3399 2687 3522 2752 Quae
3559 2694 3702 2739 autem
3735 2681 3793 2735 ille

2309 2772 2520 2837 ell'ecta,
2561 2775 2649 2830 hic
2681 2775 3124 2833 circumstantias
3169 2779 3473 2849 appellavit.
3512 2776 3671 2846 Opilex
3693 2774 3788 2828 enim

2300 2879 2464 2922 causa
2492 2875 2576 2922 est
2611 2885 2624 2922 :
2655 2867 2844 2923 eﬂecta
2880 2880 3082 2933 autem,
3119 2870 3269 2926 illius
3297 2886 3477 2941 opera.
3509 2869 3631 2924 Deus
3659 2868 3787 2935 igitur.

2297 2973 2406 3013 non
2458 2973 2552 3028 per
2590 2973 2654 3015 ea
2695 2976 2817 3029 qua:
2861 2961 2914 3016 in
2954 2962 3073 3032 ipso
3123 2971 3280 3028 sunt,
3324 2963 3614 3033 percipitur,
3654 2959 3692 3011 id
3716 2969 3784 3014 est.

2295 3062 2391 3117 per
2419 3063 2574 3103 suam
2607 3050 2901 3106 essentiam
2933 3067 2949 3117 ;
2982 3051 3076 3106 sed
3111 3067 3217 3122 per
3245 3069 3308 3108 ea
3338 3071 3455 3124 quae
3491 3054 3616 3107 circa
3643 3053 3782 3119 ipsum.

617 3116 718 3158 nec
747 3103 906 3161 linem
941 3108 1253 3168 habiturum
1299 3125 1402 3173 est.
1433 3119 1504 3187 ,ld
1534 3138 1752 3194 quoque
1784 3103 2011 3186 inet-ito.
2055 3103 2188 3190 Nam
2217 3157 2266 3219 α
2295 3103 2401 3195 hoc
2435 3149 2538 3204 est,
2572 3156 2669 3210 per
2702 3151 3005 3196 creaturas.
3033 3142 3167 3197 Nam
3215 3159 3284 3198 ex
3314 3143 3650 3212 magnitudine
3672 3148 3783 3206 atque

617 3195 760 3219 ,,,,,,.
796 3197 1056 3219 --εμεφμ
1129 3218 1136 3219 κ
1220 3214 1231 3219 -
1282 3207 1295 3219 -

615 3195 760 3261 quod
794 3197 1064 3271 principio
1089 3214 1258 3270 caret,
1281 3207 1384 3264 hoc
1413 3226 1517 3266 nec
1550 3229 1787 3286 unquam
1812 3235 1933 3277 esse
1952 3223 2185 3282 desinet.

614 3284 733 3340 Non
770 3296 949 3345 tamen
1000 3293 1220 3353 inverso
1265 3301 1430 3355 modo
1468 3303 1652 3363 dicere
1697 3325 1989 3380 possumus
2039 3319 2186 3386 quod

614 3394 893 3449 nunquam
923 3383 1084 3440 linem
1118 3387 1432 3448 habiturum
1458 3407 1560 3461 est,
1593 3385 1735 3456 idem
1761 3418 1830 3458 ne
1859 3383 2183 3478 principium

610 3471 828 3540 quidem
853 3474 1128 3534 habuisse.
1156 3479 1366 3538 Etenim
1395 3489 1570 3558 angeli
1604 3471 1938 3553 immortales
1962 3499 2183 3570 quidem

610 3574 736 3617 sunt
797 3580 895 3635 per
943 3572 1201 3641 gratiam,
1261 3592 1362 3631 nec
1418 3595 1655 3651 unquam
1716 3601 1836 3643 esse
1892 3591 2180 3650 desinent:

608 3663 786 3708 ortum
835 3667 1015 3712 tamen
1062 3661 1388 3723 habuerunt.
1437 3667 1559 3726 Mox
1610 3688 1708 3743 per
1762 3677 2180 3741 similitudinem

608 3745 889 3816 subjungit
956 3749 1264 3824 Thcologus
1321 3776 1335 3812 :
1402 3758 1561 3816 Velut
1630 3767 1852 3839 pelagus
1909 3776 2180 3842 quoddam

605 3838 854 3891 essentize
903 3839 1228 3899 immensum
1275 3857 1329 3903 et
1375 3849 1808 3914 interminatuin.
1848 3863 2178 3924 Immensum

605 3925 764 3994 dicit,
801 3931 926 4000 quia
964 3935 1235 4006 principio
1285 3951 1338 3997 et
1370 3943 1472 3998 line
1506 3959 1673 4003 caret.
1705 3950 1840 4007 Nam
1879 3972 2000 4026 quae
2030 3960 2182 4029 prin-

603 4019 805 4089 cipium
841 4034 894 4078 et
925 4025 1084 4082 linem
1119 4029 1340 4100 habent,
1370 4034 1520 4092 finita
1556 4048 1703 4107 sunt,
1738 4059 1802 4100 ac
1829 4019 1932 4102 sub
1964 4019 2177 4120 tempus

602 4113 822 4168 cadunt.
858 4113 1000 4174 Deus
1030 4133 1210 4177 autem
1253 4140 1416 4196 supra
1454 4137 1670 4202 tempus
1701 4147 1806 4191 est.
1853 4138 2177 4201 Intermina-

602 4211 716 4265 tum
750 4216 956 4273 autem,
989 4211 1116 4280 quia
1151 4229 1251 4271 nec
1283 4216 1402 4273 loco
1425 4260 1440 4284 ,
1472 4238 1572 4278 nec
1602 4224 1921 4287 detinitione
1957 4235 2061 4288 tilla
2092 4236 2175 4306 ip-

2290 3234 2610 3289 exeeltentia
2665 3245 3058 3302 creaturarum,
3110 3244 3166 3291 ut
3209 3237 3321 3302 ille,
3382 3238 3563 3308 inquit,
3609 3231 3785 3330 adhibita

2289 3326 2678 3395 proportione,
2729 3340 2926 3395 parens
2971 3341 3157 3381 earum
3190 3369 3205 3393 ,
3255 3327 3570 3396 ell'eclorque
3614 3326 3783 3395 ptrsttiCl

2289 3425 2454 3485 atque
2479 3416 2700 3488 intelligi
2735 3426 2932 3487 potest.
2961 3418 3117 3474 Circa
3147 3421 3335 3491 ipsum
3369 3430 3538 3474 autem
3566 3424 3684 3480 sunt,
3705 3423 3781 3465 tum

2289 3518 2577 3574 creaturae,
2603 3519 2715 3563 tum
2752 3511 2975 3580 provida
3012 3511 3195 3580 ipsius
3230 3513 3467 3567 consilia.
3498 3505 3778 3577 Quamobrem

2287 3596 2714 3652 existimandum
2739 3606 2824 3652 est
2851 3601 3288 3671 unumquodque
3311 3616 3491 3656 eorum
3514 3613 3618 3668 qua:
3636 3595 3686 3649 de
3705 3591 3781 3642 Deo

2284 3689 2660 3755 enuntiantur,
2698 3704 2829 3756 non,
2868 3691 2995 3758 quid
3043 3691 3113 3745 sit
3143 3703 3413 3761 quantum
3443 3691 3503 3746 ad
3533 3685 3774 3744 essentiam.

2284 3782 2549 3849 indicare,
2578 3797 2768 3838 verum
2818 3791 2931 3847 aut,
2966 3783 3099 3853 quid
3146 3800 3259 3838 non
3308 3787 3396 3848 sit,
3427 3781 3775 3840 o-tendere,t"l

2283 3874 2601 3928 relationem
2634 3874 2921 3943 quamdam
2954 3874 3021 3927 ad
3054 3875 3265 3946 aliquid
3297 3891 3500 3939 eorum,
3529 3887 3632 3944 qua:
3656 3868 3708 3922 ab
3728 3879 3771 3917 cn

2281 3965 2717 4035 distinguuntur,
2763 3976 2859 4020 aut
2901 3967 3140 4036 denique
3184 3969 3456 4038 quidpiam
3499 3977 3659 4020 eorum
3689 3970 3771 4026 qua!

2281 4066 2538 4113 naturam
2589 4059 2675 4113 vel
2729 4058 2998 4115 actionem
3053 4061 3406 4115 comitantur.
3453 4056 3554 4112 Nec
3596 4066 3695 4105 vero
3727 4061 3769 4099 es

2277 4150 2532 4206 omnibus
2577 4151 2931 4217 nominibus,
2998 4167 3120 4221 qure
3189 4154 3257 4208 de
3310 4152 3415 4208 Deo
3464 4149 3769 4222 praedicantur.

2277 4241 2447 4294 ullum
2479 4256 2630 4311 asque
2665 4244 2944 4312 proprium
2979 4242 3217 4302 videtur.
3253 4255 3414 4313 atque
3445 4239 3581 4295 Entis
3611 4244 3768 4288 nomen.

600 4295 716 4351 sius
741 4308 990 4356 naturam
1022 4303 1328 4364 declarante
1352 4311 1845 4378 circumscribitur.
1879 4324 2172 4397 Postquam
2273 4333 2416 4402 quod
2459 4335 2632 4404 ipsam
2665 4336 2882 4404 quidem
2933 4337 3230 4392 essentiam
3266 4337 3480 4398 indicat,
3515 4345 3608 4386 non
3641 4334 3768 4457 anteit]!

601 4385 767 4456 igitur
812 4388 949 4444 dixit
997 4390 1328 4452 Ιιιιῐηεηευηι
1366 4410 1418 4455 εί
1464 4400 1876 4457 Interminatnm
1905 4453 1916 4457 _
1959 4417 2172 4457 nlrinnn
2274 4439 2520 4457 numnam
2561 4439 2621 4457 nos
2665 4425 2732 4457 ιῖι
2790 4423 3098 4457 Camn-nhs.“
3149 4427 3342 4457 ..Λ-ιιηίι
3403 4426 3531 4457 “mne
3559 4429 3624 4457 ne!
3668 4427 3744 4457 mm

601 4385 767 4456 igitur
812 4388 949 4444 dixit
997 4390 1328 4452 Immensum
1366 4410 1418 4455 et
1464 4400 1876 4464 lnterminatum
1903 4453 1918 4479 ,
1959 4385 2172 4487 utrique
2273 4439 2520 4493 qua-nam
2561 4439 2624 4478 ea
2665 4425 2756 4478 sit.
2790 4423 3099 4479 Secundum
3148 4427 3368 4486 nomen,
3403 4426 3533 4477 Deus
3559 4427 3744 4482 est,‘l""

596 4493 629 4532 a
656 4477 866 4546 ljectivo
897 4488 1230 4543 contrarium
1267 4508 1425 4548 suum
1451 4503 1697 4568 opponit.
1726 4503 1997 4562 lmmenso
2024 4511 2166 4564 enim
2201 4495 2246 4550 Ῑ)
2276 4477 2542 4570 :ictionem
2580 4517 2870 4584 signiticet.
2913 4517 3045 4580 Θεδς
3085 4519 3232 4571 enim
3269 4517 3467 4571 dicitur
3500 4512 3574 4566 vel
3602 4526 3626 4563 α
3651 4503 3766 4556 νυτίθυ

597 4575 904 4640 respondet,
938 4577 989 4631 id
1025 4583 1169 4648 quod
1198 4584 1313 4640 ait:
1345 4585 1570 4643 Omnem
1606 4597 1862 4662 temporis
1889 4601 2171 4670 cogitatio-

596 4678 718 4718 nem
753 4681 1052 4738 superans;
1085 4689 1206 4728 nam
1233 4677 1380 4746 quod
1406 4687 1648 4751 tempore
1673 4686 1896 4745 minime
1926 4692 2168 4750 circum-

594 4759 878 4824 scribitur,
932 4763 1261 4823 immensum
1305 4781 1408 4826 est.
1463 4773 1820 4837 interminato
1875 4795 2053 4843 autem
2111 4792 2164 4846 id

591 4849 735 4918 quod
769 4852 846 4906 ait
875 4871 890 4905 :
918 4852 1145 4911 Omnem
1185 4870 1393 4918 natura:
1441 4867 1822 4950 cogitationem
1854 4880 2161 4952 excedens;

589 4953 673 4996 est
701 4944 844 4998 enim
874 4946 1311 5018 interminatum,
1343 4944 1496 5025 quod,
1522 4976 1619 5016 nec
1648 4962 1790 5032 loco,
1829 4983 1927 5024 nec
1965 4971 2160 5028 delini-

592 5035 759 5099 tione,
805 5037 974 5108 ipsius
1004 5051 1254 5098 naturam
1287 5049 1615 5118 explicante,
1651 5061 2154 5128 comprehenditur.

587 5122 731 5182 Deus
762 5127 946 5198 igitur,
995 5133 1190 5204 inquit,
1225 5139 1440 5194 excedit
1474 5157 1691 5200 omnem
1729 5122 2116 5220 cogitationem
2138 5196 2154 5224 ,

585 5231 750 5283 quam
789 5221 1078 5290 quisquam
1131 5227 1196 5281 de
1249 5239 1512 5300 tempore,
1548 5235 1631 5290 vel
1665 5246 1856 5295 natura
1891 5245 2152 5315 quadam,

586 5303 721 5359 inire
754 5320 938 5378 queat,
974 5325 1156 5371 mente
1189 5319 1302 5372 sola
1344 5322 1750 5383 adumbratam.
1792 5329 1977 5404 Neque
2009 5341 2152 5394 enim

583 5395 637 5449 in
668 5400 824 5457 nobis
852 5419 1115 5475 organum
1148 5412 1316 5467 ullum
1343 5415 1625 5485 habemus,
1651 5437 1761 5491 quo
1791 5425 1883 5480 Dei
1914 5431 2149 5498 speciem

582 5489 870 5560 concipere
929 5513 1219 5570 queamus,
1278 5521 1385 5562 non
1416 5525 1639 5569 sensum
1677 5515 1802 5584 (nec
1835 5519 1976 5575 enim
2010 5520 2150 5580 Deus

578 5581 778 5636 sensile
809 5585 1065 5654 quiddam
1121 5603 1226 5661 est,
1263 5605 1322 5652 ut
1371 5602 1625 5661 sensibus
1679 5581 2006 5683 subiaceat),
2041 5629 2146 5668 non

649 5765 692 5797 ³⁷
729 5766 898 5822 Exul.
930 5783 1010 5838 nt,
1044 5768 1127 5840 l3,
1170 5772 1254 5828 Η.

2273 4608 2437 4674 θζιιν,
2475 4609 2526 4663 id
2556 4619 2658 4673 est,
2691 4627 2921 4677 currere,
2980 4622 3036 4665 et
3067 4627 3154 4666 res
3201 4613 3480 4666 universas
3523 4601 3764 4694 confovere.

2270 4701 2352 4754 vel
2380 4701 2486 4754 ἀπὸ
2517 4700 2610 4753 τοῦ
2643 4700 2870 4754 θεᾶσθαι
2914 4701 2984 4755 τὰ
3031 4702 3208 4756 πάντα
3228 4743 3243 4765 ,
3279 4703 3330 4756 id
3365 4712 3440 4755 est
3459 4743 3473 4766 ,
3502 4697 3611 4768 quia
3637 4698 3764 4744 omnia

2267 4801 2480 4858 spectet.
2565 4791 2750 4863 Neque
2835 4795 2976 4848 enim
3084 4794 3384 4864 quidquam
3464 4782 3763 4892 eum’h‘fff

2266 4893 2472 4955 potest,
2504 4893 2972 4954 eonspeetumqne
3029 4883 3145 4954 ejus
3197 4884 3448 4955 en‘ugere.
3493 4874 3764 4970 Atdvapxo‘t

2263 4987 2318 5030 et
2350 4977 2605 5030 ἄκτιστον
2634 4986 2687 5030 ει
2715 4974 3030 5045 ἀσώματον,
3062 4976 3115 5030 id
3140 4984 3245 5041 est,
3276 4972 3512 5044 principii
3534 4968 3701 5035 expert.
3727 4960 3763 5006 (⁸³

2263 5067 2574 5130 increatunt,
2605 5076 2656 5121 ct
2690 5067 3079 5136 incorporeum,
3108 5067 3236 5133 quid
3272 5080 3381 5120 non
3407 5063 3493 5126 sit,
3524 5055 3760 5158 declarant-tl:

2263 5158 2362 5212 hoc
2391 5167 2495 5222 est,
2525 5158 2667 5228 quod
2703 5173 2800 5212 nec
2833 5158 3157 5228 principium
3191 5156 3453 5219 habuerit,
3485 5164 3572 5206 nec
3594 5152 3759 5200 crcallh

2259 5249 2439 5310 fuerit,
2471 5264 2570 5304 nec
2597 5264 2796 5318 corpus
2823 5251 2913 5304 sit.
2943 5248 3063 5302 Jam
3095 5263 3222 5302 vero
3255 5248 3475 5309 bonum,
3504 5243 3682 5311 justum
3721 5233 3759 5277 cl

2257 5350 2528 5404 εοιιειιιιιιν
2576 5351 2826 5394 naturam
2873 5340 3094 5410 quidem
3145 5331 3755 5432 comitanturscaturrit?

2257 5432 2428 5500 ipsam
2475 5441 2729 5486 naturam
2767 5432 3189 5502 haudquaquam
3224 5431 3487 5530 operiunt.

2254 5521 2569 5577 nominibus
2603 5521 2747 5579 Deus
2777 5523 3100 5594 appellatur,
3145 5532 3201 5578 ut
3243 5533 3430 5577 auctor
3462 5516 3683 5612 bonitatis
3707 5515 3756 5612 ii"-

2251 5615 2556 5672 sanctitatis
2599 5624 2652 5672 ct
2690 5615 2940 5687 justitia.
2979 5617 3047 5672 At
3095 5616 3207 5672 htcc
3254 5615 3484 5679 nomina,
3517 5607 3748 5663 Dominum
