3958 6204
176 196 348 260 1313

175 406 538 467 relationem
597 416 663 470 ad
711 434 777 475 ea
837 437 960 492 quae
1013 441 1079 481 ex
1137 432 1368 490 adverso
1419 442 1794 510 respondent.

173 503 533 563 ostendunt.
586 508 937 572 Subditorum
984 523 1128 578 enim
1177 525 1443 588 Dominus
1482 503 1700 604 dicitur,
1740 547 1796 595 et

179 606 412 649 eorum
450 600 542 667 qui
588 603 691 659 sub
733 622 898 676 regno
934 624 1081 679 sunt,
1130 615 1263 685 Rex,
1296 631 1350 676 et
1392 640 1571 681 rerum
1608 631 1796 685 condi-

182 693 396 740 tarum
431 688 617 758 Opifex
652 710 745 751 seu
780 698 1065 761 Conditor.
1116 707 1366 774 Quonam
1411 726 1591 773 autem
1630 726 1793 778 modo

180 791 260 828 ex
304 777 418 842 his,
465 798 584 851 qum
619 787 764 843 circa
800 790 975 860 ipsum
1017 810 1167 864 sunt.
1206 803 1346 859 Deus
1387 809 1793 870 adumbratur?

178 864 367 961 Aelia,
420 869 640 942 inquit,
693 888 855 948 atque
905 884 1007 939 alia
1064 888 1452 961 imaginatione
1497 864 1788 961 adut—rum

181 957 431 1027 aliquod
456 965 697 1022 veritatis
719 971 1069 1033 simulacrum
1095 985 1507 1051 exprimendum
1534 995 1787 1053 collecta.

182 1047 275 1102 Ex
318 1051 409 1107 his
450 1057 594 1110 enim
640 1064 822 1129 rebus,
858 1083 993 1137 quas
1038 1075 1213 1130 oculis
1248 1082 1546 1148 cernimus,
1579 1092 1788 1157 species

180 1145 473 1210 quasdam
514 1158 567 1203 et
601 1151 866 1224 imagines
912 1161 980 1215 de
1032 1163 1146 1220 Deo
1196 1145 1626 1242 accipimttsalit.
1662 1145 1785 1237 cum

180 1231 443 1328 dicimus
484 1256 497 1290 ς
538 1239 692 1305 Quod
745 1247 826 1301 sol
879 1250 929 1303 in
981 1231 1353 1325 sensibilibus,
1410 1231 1512 1323 hoc
1556 1231 1783 1328 bis};

183 1323 640 1389 intellectilibus.
680 1334 816 1393 Nam
864 1323 1349 1412 quemadmodum
1380 1357 1469 1413 ille
1518 1362 1783 1420 visibilem

183 1419 469 1512 mundum
516 1424 790 1485 illuminat
824 1451 837 1486 :
875 1438 1065 1493 eodem
1106 1441 1196 1497 hic
1229 1446 1391 1501 modo
1434 1419 1779 1512 invisibilent.

186 1504 417 1562 Rursus
441 1516 899 1579 quemadmodum
930 1525 1020 1580 ille
1043 1544 1137 1585 eos
1164 1533 1257 1602 qui
1287 1538 1583 1605 aspiciunt,
1609 1544 1785 1603 claros

184 1595 410 1653 efficit:
449 1602 524 1657 ita
576 1606 665 1661 hic
705 1609 924 1671 divinos
971 1628 1026 1674 et
1068 1595 1367 1683 deiformes
1406 1595 1599 1691 reddit.
1634 1636 1783 1693 Prae-

186 1695 354 1744 terea
405 1697 869 1762 quemadmodum
928 1709 1092 1767 simul
1151 1724 1205 1771 et
1254 1734 1452 1790 corpus
1508 1728 1682 1792 solis,
1729 1740 1782 1786 et

188 1780 394 1837 radius
434 1793 485 1839 et
526 1787 709 1845 luuten
763 1811 778 1848 :
829 1796 995 1854 simili
1045 1807 1208 1863 modo
1256 1780 1439 1879 Pal-er,
1488 1816 1681 1886 Filius,
1729 1831 1785 1879 et

191 1867 447 1973 Spiritus
481 1890 729 1940 sanctus.
782 1887 846 1941 Et
889 1907 1204 1965 quanquam
1243 1905 1458 1973 utrique
1491 1867 1681 1967 causa,
1702 1924 1788 1971 est

191 1959 368 2018 Pater
402 1985 415 2021 :
451 1984 557 2023 non
594 1981 773 2030 tamen
804 1982 1081 2052 antiquior
1114 1999 1219 2055 est,
1256 2009 1365 2049 non
1397 1997 1580 2055 hercle
1612 2006 1786 2076 magis

193 2066 368 2153 quam
393 2057 472 2109 sol
498 2058 607 2153 illis
631 2071 875 2135 tempore
906 2074 1075 2141 prior.
1098 2079 1301 2137 Adhzec
1324 2057 1783 2153 qttemadtnodt't’m

193 2139 389 2197 lumen
423 2162 487 2200 ex
528 2151 649 2219 igne
681 2194 697 2219 ,
733 2157 813 2213 sic
843 2160 1016 2220 Filius
1047 2182 1112 2221 ex
1145 2171 1324 2229 Patre.
1353 2178 1549 2248 Atque,
1580 2193 1638 2238 ut
1674 2202 1784 2243 uno

194 2234 374 2287 verbo
421 2238 625 2309 dicam,
679 2263 800 2316 qua:
848 2253 902 2307 in
944 2259 1107 2316 nobis
1157 2276 1304 2331 sunt,
1342 2284 1425 2337 ea,
1464 2287 1585 2342 quae
1617 2293 1782 2349 supra

195 2342 303 2383 nos
334 2342 484 2399 sunt,
518 2336 872 2413 intelligimus
903 2360 1065 2421 atque
1097 2336 1503 2432 imaginamur;
1540 2368 1592 2422 in
1624 2336 1782 2429 nobis

193 2421 372 2492 enim,
423 2437 475 2480 et
525 2445 682 2489 mens
734 2447 838 2503 est,
892 2451 946 2496 et
994 2461 1199 2515 sermo,
1250 2463 1303 2507 ct
1354 2458 1604 2526 spiritus.
1656 2462 1783 2523 Haec

197 2524 382 2627 autem
428 2520 551 2586 tria,
589 2528 971 2598 inseparabilia
1019 2552 1146 2596 sunt
1176 2552 1228 2596 et
1258 2520 1511 2616 aequalia.
1556 2553 1622 2608 Et
1661 2520 1783 2627 qui;

196 2604 323 2659 dem
394 2625 549 2669 mens
609 2632 919 2680 sermonem
991 2630 1277 2698 itnpatibili
1340 2641 1504 2697 modo
1563 2604 1777 2719 gigtiit,

196 2710 391 2804 sermo.
418 2715 599 2761 autem
640 2709 759 2767 sine
808 2716 1006 2785 spiritu
1042 2738 1106 2777 ex
1157 2739 1336 2785 mente
1376 2709 1646 2804 progredi
1680 2709 1773 2797 ne;

198 2787 340 2853 quit.
371 2788 445 2845 Ita
482 2794 559 2861 fit,
600 2806 659 2852 ut
684 2817 995 2874 quanquam
1029 2810 1082 2865 in
1112 2816 1270 2871 nobis
1310 2787 1421 2877 tres

198 2886 399 2946 stases,
448 2901 589 2944 unus
641 2899 820 2950 tamen
873 2899 1039 2957 homo
1082 2906 1154 2959 sit
1196 2908 1353 2977 juxta
1403 2915 1480 2987 id,
1528 2886 1775 2987 quod-in

198 2971 374 3030 tribus
418 2977 807 3049 hypostasibus
841 2971 1297 3065 intelligiturieo
1336 2971 1480 3075 quod
1716 3025 1769 3071 et
1794 3035 1839 3098 (ς

198 3076 503 3176 ierittonem
556 3082 611 3128 et
638 3078 890 3145 spiritum
918 3084 1136 3144 habeat.
1170 3092 1369 3151 Eodem
1398 3102 1560 3156 modo
1589 3102 1769 3176 Pater,

201 3151 390 3255 lt‘ilius,
436 3170 491 3214 et
538 3163 773 3234 Spiritus
824 3188 1049 3236 sanetus
1097 3192 1211 3240 tres
1259 3189 1478 3257 quidem
1526 3151 1774 3263 persona;

203 3244 595 3316 inseparablles
636 3256 793 3327 ‘sunt,
846 3283 991 3324 unus
1044 3283 1225 3330 autem
1277 3244 1447 3338 Deus.
1502 3244 1567 3341 Erl
1618 3289 1778 3345 Pater

202 3339 332 3437 citra
366 3346 677 3413 passionem
727 3354 923 3412 Filium
952 3361 1125 3432 gignit
1164 3384 1178 3420 :
1220 3366 1390 3424 Filius
1436 3389 1629 3432 rursus
1656 3381 1777 3437 sine

204 3429 402 3501 Spiritu
438 3454 547 3495 non
581 3456 686 3508 est,
719 3448 800 3502 sic
832 3449 938 3504 alia
964 3455 1212 3522 quaedam
1242 3463 1457 3527 species
1486 3479 1553 3519 ex
1584 3469 1688 3523 alia
1720 3485 1779 3526 re

203 3529 267 3582 ad
318 3547 487 3587 unum
536 3539 780 3596 veritatis
840 3546 1195 3604 simulacrum
1250 3555 1550 3626 colligitur.
1603 3560 1777 3618 Porro

206 3618 610 3690 iutaginationis
664 3633 961 3692 exilitatem
1015 3639 1295 3699 simulacri
1348 3663 1544 3705 nomen
1594 3652 1773 3712 docet.

205 3708 312 3767 Nec
374 3716 519 3772 enim
581 3718 635 3773 in
694 3726 859 3780 rebus
917 3731 1118 3786 creatis
1185 3736 1291 3789 ulla
1354 3739 1534 3811 imago
1597 3754 1777 3813 potest

207 3806 453 3873 inveniri,
500 3828 622 3882 qua:
656 3814 708 3869 in
741 3817 918 3887 seipsa
969 3833 1174 3880 saneta:
1220 3806 1507 3887 Trinitatis
1550 3806 1771 3891 modum

207 3912 295 3965 per
356 3903 538 3957 omnia
606 3906 826 3963 referat.
888 3910 1023 3967 Nam
1081 3919 1227 3985 quod
1287 3932 1531 3978 creatum
1586 3936 1669 3983 est
1722 3938 1774 3984 et

208 3986 581 4059 compositum,
629 4008 683 4052 et
730 3999 961 4069 ﬂuxum,
1008 4014 1064 4059 et
1109 4012 1390 4079 mutabile,
1439 4024 1493 4070 et
1541 4017 1777 4075 circum-

209 4082 487 4152 scriptum,
534 4102 643 4157 quo
693 4093 912 4147 tandem
964 4097 1128 4152 modo
1179 4102 1419 4158 divinam
1475 4111 1770 4165 essentiam

209 4172 271 4226 ab
301 4176 553 4233 omnibus
604 4179 692 4236 bis
741 4184 903 4240 rebus
950 4199 1236 4257 remotam,
1274 4204 1439 4265 atque
1478 4202 1769 4257 essentiam

211 4281 416 4321 omnem
446 4282 795 4339 superantem
828 4280 1115 4346 perspicue
1144 4282 1483 4342 declarabit?
1515 4288 1770 4349 Veritatis

1177 222 1498 289 NICETAS
1538 231 1618 292 IN
1662 230 1885 292 ORAT.
1932 236 2099 299 XLII
2141 239 2203 302 S.
2247 241 2480 305 GREG.

3338 253 3472 322 13η

1899 462 2008 502 non
2054 459 2268 507 tenetur
2312 454 2589 511 intellectu
2639 469 2925 529 perceptus
2955 478 2970 515 :
3000 462 3192 517 sedne
3231 465 3469 533 perfecte

1897 540 2116 608 quidem
2171 546 2400 615 cogitari
2466 556 2630 617 atque
2697 549 2927 621 intelligi
2984 562 3158 621 potest
3214 570 3228 607 :
3283 570 3470 609 verum

1896 630 2061 685 simul
2112 641 2277 703 atque
2331 635 2554 705 intelligi
2610 638 2806 707 coepit,
2862 639 3137 702 abscedit,
3194 650 3378 710 atque,
3416 655 3474 697 ut

1894 723 2154 787 diximus,
2193 727 2274 781 vel
2313 728 2653 784 celerrimam
2701 742 2935 785 mentem
2979 735 3285 799 antevertit,
3323 739 3459 790 adeo

1894 824 1955 869 ut
1984 816 2130 870 nulla
2167 818 2381 873 ratione
2411 821 2801 889 comprehendi
2833 828 3020 890 queat.
3054 822 3290 877 Tantum
3324 825 3476 892 prin-

1892 909 2068 978 cipem
2126 910 2305 965 nostri
2360 921 2615 980 partem,
2675 928 2905 983 eamque
2963 926 3246 985 purgatam
3298 916 3473 971 collu-

1890 1012 2093 1066 strans,
2124 1013 2232 1059 etc.
2270 1003 2426 1071 Quod
2458 1007 2604 1060 enim
2637 1014 2721 1061 est
2752 1007 2945 1063 oculus
2991 1008 3044 1062 in
3088 1024 3336 1079 corpore,
3370 1009 3475 1066 hoc

1892 1110 2046 1151 mens
2082 1096 2134 1149 in
2180 1097 2380 1151 anima.
2422 1096 2491 1154 Ut
2534 1099 2699 1168 igitur
2741 1101 2807 1153 ad
2844 1100 3028 1170 fulgur
3063 1101 3309 1157 emicans
3343 1116 3471 1171 pro-

1890 1187 2233 1256 spiciendum
2281 1190 2456 1244 oculis
2509 1191 2658 1245 sanis
2704 1199 2789 1245 est
2838 1207 2976 1261 opus
3023 1209 3038 1248 :
3076 1194 3156 1247 sic
3198 1194 3361 1247 etiam
3401 1194 3468 1247 ad

1892 1278 2013 1343 hoc.
2038 1289 2099 1335 ut
2125 1280 2214 1335 Dei
2246 1282 2707 1353 contemplatione
2736 1284 3272 1349 eircumlustremur,
3306 1300 3466 1341 mens

1887 1386 2020 1441 pura
2056 1382 2110 1426 et
2157 1372 2366 1443 integra
2417 1375 2736 1445 requiritur.
2784 1373 2918 1429 Nam
2956 1383 3017 1430 ut
3049 1376 3105 1430 in
3159 1377 3385 1432 sordido
3417 1386 3473 1432 et

1887 1466 2103 1533 impuro
2158 1465 2380 1534 Speculo
2437 1465 2620 1522 vultus
2677 1468 2858 1539 imago
2912 1471 3296 1539 repraesentari
3356 1486 3467 1525 non

1884 1562 2097 1623 potest,
2154 1555 2235 1609 sic
2288 1571 2389 1610 nec
2426 1554 2480 1609 in
2536 1555 2677 1611 fmda
2730 1567 2785 1613 et
2833 1558 3089 1627 squalida
3139 1569 3323 1616 mente
3372 1562 3465 1617 Dei

1888 1648 2187 1716 splendor:
2235 1663 2412 1716 eoque
2443 1650 2618 1720 magis
2666 1654 2796 1720 quia
2848 1650 3087 1723 fulguris
3132 1654 3464 1709 celeritatem

1889 1741 2153 1806 imitatur,
2192 1751 2246 1795 et
2291 1740 2575 1795 confestim
2627 1743 2827 1807 avolat,
2880 1753 3045 1815 atque
3091 1761 3216 1801 eum
3265 1762 3465 1818 capere

1887 1832 2197 1887 adnitentes
2234 1832 2495 1899 praeterit.
2530 1832 2691 1900 Spem
2742 1834 2889 1888 enim
2929 1835 3104 1903 injicit
3147 1838 3305 1907 quasi
3341 1853 3464 1893 mox

1886 1922 2438 1992 comprehendeudus
2481 1940 2495 1976 :
2542 1923 2764 1977 interim
2814 1932 2996 1980 tamen
3048 1926 3468 1997 incomprehen—

1886 2015 2060 2069 sibilis
2109 2022 2314 2069 manet.
2374 2013 2490 2068 Meo
2539 2016 2759 2085 quidem
2806 2017 3039 2086 judicio,
3088 2027 3148 2072 ut
3194 2029 3468 2087 quatenus

1886 2105 2279 2174 comprehendi
2328 2114 2530 2175 potest,
2566 2121 2667 2161 nos
2706 2107 2772 2162 ad
2804 2122 2864 2163 se
2894 2108 3073 2163 trahat
3115 2108 3282 2180 (quod
3317 2113 3462 2166 enim

1887 2200 2036 2253 nullo
2072 2198 2235 2253 modo
2283 2199 2487 2268 percipi
2524 2208 2722 2269 potest,
2754 2214 2853 2256 nec
2903 2201 2983 2255 vel
3017 2217 3114 2271 per
3161 2218 3223 2257 ea
3257 2219 3378 2273 qua:
3408 2206 3463 2257 in

1885 2291 2005 2360 ipso
2052 2298 2200 2355 sunt,
2248 2290 2329 2344 vel
2378 2306 2501 2360 quae
2546 2292 2690 2346 circa
2734 2292 2910 2361 ipsum
2953 2294 3364 2363 comprehendi,
3412 2296 3462 2349 id

1884 2396 1985 2437 nec
2030 2388 2213 2450 sperat
2257 2380 2552 2451 quisquam
2608 2381 2724 2437 fore
2771 2391 2830 2437 ut
2879 2384 3077 2453 capiat,
3124 2399 3225 2440 nec
3272 2400 3466 2455 capere

1884 2471 2193 2543 adnititur),
2232 2482 2504 2541 quatenus
2530 2481 2709 2527 autem
2742 2475 2862 2544 capi
2894 2475 3104 2546 nequit.
3145 2475 3464 2530 admiratio-

1883 2582 2006 2622 nem
2054 2566 2138 2620 sui
2186 2565 2405 2629 excitet,
2452 2581 2626 2636 eaque
2676 2566 2743 2621 de
2792 2556 2977 2622 causa‘
3005 2565 3365 2632 desideretur,
3409 2576 3465 2622 et

1881 2668 2110 2730 purget,
2147 2673 2209 2715 ac
2257 2658 2556 2714 deiformes
2600 2658 2799 2713 eiliciat
2832 2676 2846 2712 :
2880 2668 3044 2730 atque
3087 2658 3161 2713 ita
3189 2659 3301 2730 jam
3333 2674 3461 2715 cum

1884 2752 2247 2808 familiaribus
2295 2752 2442 2806 nulla
2476 2767 2535 2806 re
2572 2751 2899 2806 intermedia
2933 2752 3278 2823 colloquatur
3310 2751 3385 2821 (et
3416 2750 3462 2805 si

1880 2844 1997 2898 ltaze
2045 2842 2305 2898 audacter
2336 2857 2366 2896 a
2393 2858 2478 2897 me
2524 2840 2827 2909 dicuntur),
2865 2843 3006 2898 Deus
3054 2841 3321 2896 naturalis
3359 2841 3465 2895 diis

1879 2950 1977 3004 per
2006 2934 2353 3003 adoptionem
2392 2944 2447 2988 et
2476 2933 2706 3002 gratiam
2748 2934 2936 2989 unitus
2964 2945 3017 2989 et
3049 2932 3336 3003 copulatus
3367 2948 3465 3003 per

1872 3029 2168 3093 actionem,
2198 3026 2548 3080 innotescens
2578 3034 2759 3079 autem
2788 3038 2881 3094 per
2926 3025 3461 3094 contemplationem.

1881 3120 1960 3175 Ac
1992 3125 2201 3173 tantum
2237 3116 2492 3179 fortasse,
2524 3125 2628 3171 etc.
2665 3114 2777 3171 lloc
2809 3125 3043 3181 tantum,
3077 3132 3184 3171 non
3215 3115 3265 3170 id
3296 3114 3467 3185 signi-

1880 3212 2026 3275 ficat,
2052 3209 2194 3279 quod
2220 3217 2485 3277 quantum
2519 3207 2620 3275 ipsi
2672 3207 2839 3262 Deum
2867 3216 3227 3277 cognoscunt,
3249 3217 3460 3262 tantum

1879 3301 1982 3371 ipsi
2035 3315 2065 3353 a
2121 3298 2232 3352 Deo
2282 3308 2718 3367 cognoscuntur.
2771 3298 2866 3352 llle
2917 3300 3063 3352 enim
3127 3299 3463 3368 cognitionis

1880 3390 2153 3446 infinitum
2201 3397 2285 3443 est
2335 3387 2561 3456 pelagus
2594 3407 2611 3441 :
2646 3388 2841 3441 horum
2881 3396 3085 3453 autem,
3134 3396 3194 3443 ut
3243 3399 3458 3453 natura,

1879 3483 1953 3538 ita
1981 3481 2142 3536 etiam
2177 3479 2417 3547 cognitio
2450 3477 2599 3532 finita
2631 3487 2732 3532 est.
2762 3476 2964 3533 Verum
2994 3479 3253 3549 quoniam
3282 3480 3463 3549 dupli-

1879 3587 1996 3627 cem
2044 3570 2187 3625 Deus
2223 3570 2509 3624 scientiam
2548 3568 2730 3635 habet,
2763 3570 2986 3624 alteram
3021 3585 3125 3640 qua
3158 3571 3457 3625 secundum

1880 3674 2133 3719 naturam
2163 3669 2361 3717 cuncta
2391 3663 2693 3730 cognoscit,
2737 3661 2894 3730 juxta
2927 3661 3059 3715 illud
3105 3679 3119 3716 :
3158 3661 3264 3727 Qui
3314 3663 3457 3716 novit

1877 3754 2078 3817 omnia,
2122 3762 2407 3822 antequam
2452 3750 2696 3804 oriantur
2720 3752 2831 3817 '7';
2882 3753 3130 3817 alteram,
3179 3768 3286 3823 qua
3338 3768 3456 3815 eos,

1876 3844 1969 3913 qui
2004 3843 2105 3911 ipsi
2140 3852 2282 3897 totos
2311 3856 2370 3897 se
2398 3840 2747 3905 addixerunt,
2780 3842 3072 3898 familiares
3106 3844 3268 3898 habet
3297 3861 3311 3899 :
3343 3861 3456 3914 quo

1876 3948 2040 3989 sensu
2092 3933 2170 3987 ait
2215 3932 2502 4002 Scriptura
2554 3948 2571 3987 :
2611 3930 2776 3986 Novit
2822 3934 3077 3988 Dominus
3126 3936 3239 3990 vias
3275 3937 3454 4006 justo-

1876 4047 1993 4084 rum
2021 4029 2086 4084 ⁸⁸.
2119 4029 2186 4083 Ει
2210 4029 2319 4083 alio
2338 4029 2458 4084 loco
2485 4047 2498 4083 :
2530 4027 2693 4084 Novit
2720 4027 2979 4082 Dominus
3005 4028 3095 4098 qui
3123 4028 3207 4081 sui
3233 4038 3358 4081 sunt
3385 4029 3453 4093 ”;

1875 4118 2092 4173 divinas
2130 4118 2385 4171 videlicet
2428 4131 2557 4171 suas
2591 4125 2749 4170 notas
2795 4116 2849 4169 in
2898 4116 2979 4169 eis
3010 4115 3190 4170 salvas
3219 4123 3275 4169 et
3307 4116 3457 4169 inco-

1874 4208 2049 4262 lumes
2078 4221 2398 4275 agnoscens.
2423 4206 2500 4260 Ac
2529 4204 2753 4273 proinde
2776 4206 2841 4259 ad
2867 4205 3069 4260 Mosem
3095 4206 3310 4275 quidem
3336 4206 3411 4259 ait
3436 4223 3451 4259 :

1876 4298 2015 4352 Novi
2048 4307 2097 4350 te
2122 4314 2286 4367 supra
2318 4311 2496 4350 omnes
2527 4296 2609 4362 '°;
2647 4295 2715 4350 ad
2750 4296 2886 4351 alios
2913 4308 3097 4351 autem
3128 4315 3143 4352 :
3180 4295 3300 4351 Non
3335 4297 3457 4351 nari

214 4368 381 4413 autem
419 4361 769 4419 simulacrum
809 4366 971 4433 dixit,
1006 4383 1293 4442 propterea
1319 4380 1463 4446 quod
1499 4380 1645 4437 Deus
1674 4386 1767 4451 sit,
1804 4377 1850 4435 ι)
1877 4405 1963 4443 vos
1993 4390 2060 4442 “.
2096 4361 2197 4442 Hic
2225 4386 2390 4457 igitur
2430 4361 2601 4456 juxta
2631 4386 3090 4455 significationem
3126 4387 3454 4459 cognitionis

213 4454 413 4509 etiamsi
450 4454 502 4508 id
532 4471 642 4511 non
675 4458 749 4513 sit
785 4461 930 4529 quod
972 4462 1039 4519 de
1083 4465 1197 4534 ipso
1228 4468 1617 4538 imaginamur.
1662 4476 1769 4532 Du-

216 4546 394 4614 plicem
445 4548 589 4602 enim
631 4548 1086 4618 significationem
1143 4556 1307 4613 habet
1356 4576 1552 4618 nomen
1602 4566 1770 4620 simu-

217 4636 357 4691 lacri.
404 4635 745 4709 Quandoque
778 4642 923 4696 enim
962 4644 1027 4699 de
1073 4660 1140 4700 eo
1186 4648 1409 4717 dicitur,
1457 4656 1603 4724 quod
1644 4660 1771 4714 sub-

219 4730 400 4785 stantia
453 4733 679 4787 omniuo
728 4745 910 4801 caret,
963 4746 1022 4792 ut
1067 4737 1135 4794 de
1184 4743 1376 4799 umbra
1426 4755 1480 4800 et
1526 4750 1766 4816 speculo.

220 4818 602 4892 Nonnunquam
635 4839 816 4882 autem
840 4829 908 4884 de
930 4844 1018 4896 eo,
1040 4833 1186 4900 quod
1211 4836 1458 4892 veritatis
1482 4839 1766 4909 cujusdam

221 4920 294 4965 est
330 4915 616 4982 particeps,
654 4928 712 4971 ut
745 4919 851 4975 boc
884 4921 1025 4979 loco.
1065 4923 1337 4989 Quoniam
1385 4944 1514 4983 vero
1549 4930 1775 4985 simula-

222 5017 357 5056 crum
398 5015 585 5073 aperte
623 5009 853 5076 cogitari
901 5027 966 5067 ac
1008 5016 1209 5085 percipi
1251 5033 1355 5071 non
1404 5028 1602 5088 potest,
1653 5021 1774 5076 ideo

223 5108 332 5148 cum
363 5094 429 5149 de
470 5094 580 5151 Deo
616 5095 926 5169 Theologus
968 5103 1215 5173 dixisset,
1262 5110 1406 5178 quod
1454 5112 1771 5181 priusquam

225 5193 471 5254 teneatur,
496 5188 701 5258 effugit,
745 5192 799 5246 id
840 5202 1020 5249 autem
1051 5198 1195 5266 quod
1229 5208 1463 5268 tenetur,
1496 5204 1772 5261 intellectu

226 5287 513 5346 pet-coptam
567 5294 690 5335 esse
742 5295 967 5339 necesse
1019 5285 1129 5351 sit,
1186 5289 1472 5359 subjunsit
1523 5292 1577 5347 id
1628 5295 1773 5365 quod

228 5369 379 5437 magis
420 5372 800 5428 admirandum
846 5386 966 5443 est,
1011 5380 1157 5449 quod
1198 5384 1520 5454 priusquam
1570 5386 1774 5443 intelli-

287 5552 341 5642 Ἰ·
374 5555 511 5642 pan.
534 5573 641 5642 ’ξιιι
668 5599 702 5642 λ
728 5558 817 5612 42.
894 5562 939 5596 ’⁸
971 5558 1117 5642 P‘sal.
1153 5580 1203 5632 ι,
1236 5565 1287 5623 6.
1368 5570 1412 5601 "
1449 5568 1610 5626 Num.
1648 5587 1773 5637 ινι»

1917 5572 1957 5627 ll
1993 5572 2133 5629 Tim.
2170 5588 2233 5642 tt,
2268 5573 2353 5632 l9.
2432 5576 2477 5608 ’°
2511 5574 2678 5633 Exod.
2714 5589 2911 5639 xxxnt,
2974 5578 3062 5633 12.

231 5635 334 5688 xxv,
372 5625 453 5678 l2.
533 5629 573 5659 "
612 5628 628 5680 l
665 5628 792 5683 Cor.
838 5645 956 5696 χιιι,
1004 5632 1091 5687 12.

1880 4492 2076 4533 nomen
2125 4477 2393 4546 accipitur
2428 4495 2442 4531 :
2476 4477 2735 4547 quoniam
2780 4486 2987 4531 tantum
3033 4478 3323 4535 iunotescit
3355 4478 3453 4531 ho-

1881 4571 2120 4625 minibus
2163 4569 2327 4636 Deus,
2359 4578 2625 4640 quantum
2668 4569 2783 4639 jam
2831 4568 3173 4625 familiariter
3220 4570 3287 4627 iis
3325 4570 3454 4638 jun-

1878 4666 2045 4735 gitur,
2072 4663 2165 4731 qui
2198 4678 2292 4732 per
2323 4663 2576 4717 virtutem
2608 4662 2713 4733 ipsi
2742 4660 2983 4730 adjuncti
3016 4668 3166 4716 sunt.
3194 4659 3328 4715 Nam
3356 4676 3455 4731 pro

1881 4756 2093 4810 ratione
2126 4768 2388 4809 ascensus
2429 4753 2672 4825 ipsorum
2716 4753 2806 4808 il'e
2837 4753 3150 4820 descendit;
3183 4761 3238 4807 et
3276 4767 3455 4821 quan-

1876 4856 1993 4901 tum
2023 4848 2191 4901 homo
2223 4846 2331 4900 Deo
2358 4846 2780 4915 appropinquat,
2810 4854 3022 4900 tantum
3050 4847 3214 4900 etiam
3244 4844 3453 4899 homini

1876 4939 2020 4995 Deus
2047 4939 2362 5002 innotescit,
2388 4939 2646 4992 nimirum
2677 4937 2834 5008 juxta
2862 4937 3274 5007 proportionem
3303 4935 3455 5005 puri-

1876 5030 2027 5095 tatis,
2057 5046 2179 5098 qua:
2210 5029 2507 5098 unicuique
2540 5029 2704 5090 inest.
2738 5028 2823 5083 sui
2853 5028 3221 5098 cognitionem
3253 5026 3453 5097 imper-

1877 5124 2039 5175 tiens.
2078 5123 2196 5175 Hoc
2240 5130 2420 5177 autem
2457 5120 2527 5175 ab
2577 5120 2835 5191 Apostolo
2882 5120 3088 5190 accepit
3134 5118 3449 5186 Gregorius,

1876 5214 1955 5268 sic
1982 5213 2049 5268 ad
2076 5212 2393 5268 Corinthios
2425 5212 2701 5267 scribente
2729 5228 2742 5265 :
2774 5210 2921 5265 Tunc
2950 5226 3279 5279 cognoscam,
3310 5211 3448 5264 sicut

1876 5310 1924 5356 et
1954 5304 2191 5373 cognitus
2220 5318 2337 5358 sunt
2364 5304 2430 5359 ⁸¹.
2466 5302 2637 5369 Quem
2670 5303 2849 5357 locum
2889 5303 2967 5357 sic
2999 5302 3248 5372 exposuit
3276 5302 3452 5373 Chry-

1879 5403 2159 5450 sostomus
2190 5412 2204 5448 :
2241 5392 2380 5459 Quia
2414 5409 2559 5447 nunc
2593 5393 2812 5463 quidem
2852 5391 2994 5448 Deus
3024 5392 3089 5447 ad
3132 5407 3230 5449 nos
3258 5408 3453 5447 accur-

3168 5578 3209 5609 ⁸¹
3244 5578 3445 5638 Matth.
