3958 6204
575 203 736 283 1315

1990 201 2375 265 ADDENDA.

3711 194 3797 259 l'ili

573 341 662 402 rit,
698 347 828 391 tunc
859 345 1036 390 autem
1074 333 1176 405 ipsi
1220 332 1285 387 ad
1328 345 1452 386 eum
1494 341 1867 385 accurremus.
1900 323 2055 391 Quod
2091 321 2136 377 si
2168 326 2214 382 Α
2242 316 2756 388 comprehensione,
2834 327 2896 370 ac
2949 309 3317 384 cognitione
3385 306 3804 372 circumscribatur,

573 430 698 498 quis
731 428 784 481 in
817 443 878 481 ea
927 427 1194 481 sententia
1227 432 1328 488 cst,
1363 431 1420 476 ut
1466 421 1552 475 his
1602 418 1784 474 verbis
1819 436 1833 472 :
1868 415 2014 470 Tunc
2057 429 2146 466 co-

575 537 844 591 gnoscam,
879 522 1015 575 sicut
1047 529 1097 574 et
1141 517 1380 588 cognitus
1425 533 1563 582 sum,
1600 513 2146 583 comprehensionem

577 617 752 684 ipsam
819 611 1116 682 signiﬁcari
1171 610 1485 674 exisnmet;
1556 606 1840 661 sciendum
1902 613 1986 658 est
2047 601 2152 655 hoc

577 705 893 760 adverbium
947 704 1166 769 καθὼς,
1214 719 1337 758 cum
1375 707 1438 756 de
1471 700 1580 755 Deo
1624 708 1678 754 et
1720 698 1877 752 nobis
1925 695 2148 756 dicitur,

579 811 686 848 non
751 795 941 849 eodem
1011 795 1172 848 modo
1246 790 1621 861 accipiendum
1688 801 1854 852 esse;
1920 781 2152 852 exempli

577 901 768 953 causa,
797 886 870 938 ait
895 883 1177 954 Scriptura
1203 901 1217 937 :
1245 881 1390 936 Sicut
1415 883 1692 934 miseretur
1723 885 1874 946 pater
1896 874 2152 944 ﬁliorum,

582 979 825 1030 misertus
868 987 944 1030 est
993 977 1245 1029 Dominus
1282 972 1584 1028 timentibus
1617 987 1672 1025 se
1703 970 1770 1023 ³³.
1803 969 1966 1038 Atqui
2001 981 2152 1020 como

582 1071 858 1124 miseratio
884 1069 975 1123 Dei
1001 1067 1536 1123 commiserationem
1565 1062 1848 1117 hominum
1875 1060 2158 1126 incompa-

581 1163 826 1218 rabiliter
864 1161 1098 1216 excedit.
1130 1160 1193 1214 Et
1237 1173 1476 1214 rursus:
1515 1156 1700 1211 Estote
1740 1153 1982 1225 perfecti,
2023 1152 2158 1204 sicut

582 1266 628 1311 et
675 1252 839 1309 Pater
883 1264 1050 1308 vester
1084 1252 1304 1307 caelestis
1343 1251 1603 1321 perfectus
1636 1260 1711 1304 est
1756 1247 1824 1301 “.
1870 1246 1933 1299 Et
1980 1256 2160 1296 tamen

584 1348 771 1401 nullus
799 1353 882 1401 est
919 1345 1257 1409 mortalium,
1289 1344 1382 1412 qui
1417 1342 1482 1395 ad
1516 1337 1832 1409 huiusmodi
1867 1333 2159 1405 perfectio-

585 1459 708 1499 nem
746 1443 987 1512 aSpirare
1041 1442 1235 1511 possit.
1286 1439 1419 1494 ltem
1468 1436 1576 1490 alio
1615 1433 1736 1489 loco
1767 1450 1780 1486 :
1811 1431 1960 1486 Sicut
2017 1428 2160 1481 misit

587 1552 668 1588 me
708 1536 888 1598 Pater,
918 1543 966 1586 ct
994 1548 1086 1602 ego
1118 1531 1271 1583 mitto
1313 1545 1402 1583 vos
1432 1527 1496 1580 ³⁸.
1524 1524 1690 1594 Atqui
1725 1539 1834 1578 non
1863 1523 2052 1577 eadem
2081 1524 2165 1574 est

591 1626 867 1679 llilSsiOillS
916 1625 1072 1678 ratio.
1113 1621 1207 1677 Ille
1241 1621 1409 1686 enim,
1465 1628 1525 1674 ut
1557 1619 1744 1672 lutncn-
1789 1632 1817 1669 a
1857 1615 1991 1681 sole,
2025 1613 2103 1668 sic
2134 1627 2163 1667 a

2259 421 2419 480 atque
2449 410 2519 464 ob
2543 417 2796 464 naturam
2828 406 3056 477 quidem
3097 417 3291 472 supra
3344 414 3535 455 rerum
3564 400 3806 454 universita-

2259 509 2364 554 tem
2379 513 2500 555 esse
2512 501 2716 569 (neque
2729 499 2872 553 enim
2895 494 3132 565 concipi
3157 493 3284 548 ullo
3303 491 3477 547 modo
3495 492 3721 561 posse)ob
3731 508 3805 562 pro-

2260 591 2558 645 videntiam
2605 600 2785 644 autem
2821 591 2874 642 in
2913 587 3202 642 universo
3247 599 3409 640 esse.
3450 583 3562 637 Hac
3583 583 3711 640 enim
3735 586 3810 638 uni-

2259 697 2474 736 versam
2506 695 2688 735 rerum
2726 679 2924 733 molem
2975 678 3290 746 indigere,
3333 673 3627 729 Enimvero
3653 674 3809 727 immen-

2261 787 2357 827 sus
2383 773 2602 843 quidem
2632 781 2718 825 est
2743 771 2907 833 Deus,
2948 783 3072 822 non
3131 775 3201 821 ut
3230 780 3516 821 numerus
3541 773 3633 818 aut
3670 771 3810 833 magni-

2263 866 2755 934 tudo:utrumque
2809 863 2952 915 cnim
3014 861 3242 914 borum
3284 858 3616 928 principium
3671 858 3810 912 habuit.

2261 955 2639 1026 Contemplatu
2674 964 2854 1008 autem
2885 951 3163 1017 diliicilis,
3211 965 3426 1019 nempe
3477 950 3742 1004 secundum
3763 967 3812 1011 ea,

2265 1059 2385 1112 qua:
2413 1043 2560 1098 circa
2591 1044 2769 1112 ipsum
2805 1052 2952 1106 sunt,
2992 1041 3054 1095 id
3108 1049 3230 1106 est,
3269 1046 3556 1110 quatenus
3591 1055 3652 1095 ex
3673 1038 3811 1095 elicuit

2265 1135 2634 1204 cognoscitur.
2657 1133 2792 1189 Nam
2816 1135 2931 1189 haec
2945 1147 3194 1203 quoque
3218 1140 3456 1202 prOpter
3471 1130 3812 1184 imbecillitatem

2269 1236 2515 1282 nostram
2540 1228 2775 1282 obscure
2806 1225 3215 1295 intelligimus.
3254 1223 3334 1277 At
3391 1237 3525 1277 vero
3553 1219 3686 1277 istud
3714 1221 3812 1289 plne

2267 1319 2654 1388 comprehendi
2716 1325 2916 1388 potest,
2947 1317 3147 1386 ipsum
3209 1316 3554 1369 immensum
3590 1321 3812 1379 naturaque

2270 1409 2877 1477 incomprehensibilem
2918 1423 3071 1462 esse.
3139 1404 3561 1460 Cornmnnibus
3586 1403 3712 1458 enim
3736 1416 3811 1455 οω-

2272 1503 2424 1556 nium
2450 1501 2615 1554 animi
2649 1500 2968 1554 notioaibus
2995 1499 3250 1553 insitum
3278 1505 3392 1561 est,
3421 1495 3566 1564 quod
3597 1494 3718 1549 Deus
3742 1505 3811 1545 tutu

2275 1602 2538 1664 tempore,
2587 1601 2702 1646 tum
2755 1592 2999 1661 potentia
3055 1590 3332 1644 inlinit-ns
3387 1589 3481 1643 sit.
3542 1587 3741 1649 Etenim,
3777 1593 3810 1636 ut

591 1716 751 1771 Patre
799 1716 1000 1770 missus
1045 1727 1150 1778 est,
1198 1729 1360 1768 unam
1416 1722 1584 1781 atque
1631 1711 1876 1765 eamdem
1929 1724 2054 1761 cum
2101 1719 2167 1760 eo

2274 1701 2384 1740 rem
2422 1684 2570 1739 brevi
2608 1684 2962 1761 complectar,
3013 1681 3202 1744 Deus,
3241 1690 3303 1734 et
3366 1674 3811 1746 incomprehensibi-

593 1807 799 1862 liabens
832 1807 1230 1873 substantiam;
1269 1814 1326 1859 at
1365 1803 1636 1874 discipuli,
1683 1811 1744 1856 ut
1783 1800 1928 1857 servi
1989 1815 2019 1854 a
2068 1801 2170 1853 Do-

595 1901 744 1954 mino
777 1899 928 1954 missi
977 1909 1125 1953 sunt.
1159 1899 1235 1952 Ad
1271 1897 1520 1951 eumdem
1555 1909 1774 1965 quoque
1803 1893 2022 1948 modum
2056 1893 2170 1945 limo

592 1991 838 2061 Apostoli
878 1991 1037 2046 verba
1077 1988 1440 2060 :Coguoscam
1484 1989 1620 2042 sicut
1661 1997 1709 2042 et
1747 1988 1988 2057 cognitus
2028 2002 2166 2049 sunt,

597 2083 894 2153 perfectam
938 2082 1158 2152 quidem
1194 2081 1313 2136 fore
1343 2089 1476 2135 tunc
1515 2089 1762 2133 nostram
1801 2078 2168 2147 cognitionem

595 2175 868 2238 indicant,
919 2188 1028 2227 non
1079 2182 1260 2226 tamen
1308 2170 1428 2225 sine
1477 2169 1587 2223 ullo
1637 2169 1958 2223 discriminc
2007 2168 2168 2223 talem

595 2266 775 2335 qualis
802 2271 884 2318 est
915 2263 968 2317 in
1001 2263 1132 2316 Deo.
1163 2261 1280 2315 lmo
1309 2261 1438 2315 vero
1467 2269 1676 2315 tantum
1710 2259 1852 2314 inter
1884 2267 2172 2330 utramque

594 2355 963 2425 cognitionem
1000 2355 1270 2407 interesse
1319 2366 1551 2407 necesse
1587 2358 1691 2416 est,
1724 2358 1988 2420 quantum
2033 2349 2178 2404 inter

597 2445 837 2500 divinant
896 2457 1145 2500 naturam
1200 2452 1256 2498 et
1307 2450 1550 2498 nostram
1602 2441 1945 2496 intervallum
1999 2440 2172 2495 inter-

595 2541 797 2608 jeetum
843 2547 945 2593 est.
994 2539 1072 2592 Ac
1110 2536 1287 2591 videte
1316 2551 1426 2607 quo
1458 2551 1560 2591 nos
1596 2535 1892 2605 spiritualis
1927 2545 1980 2591 et
2017 2535 2174 2590 theo-

601 2633 772 2701 logica
815 2631 1062 2701 gradatio
1109 2629 1443 2686 subvexerit.
1488 2629 1701 2684 Etenim
1754 2629 1822 2683 ah
1865 2628 2178 2700 incompre-

603 2724 974 2780 hensibilitate
1005 2725 1203 2778 divina:
1233 2732 1464 2788 natur-te,
1497 2722 1644 2778 velut
1673 2738 1703 2777 a
1734 2721 1910 2792 primo
1938 2724 2179 2792 quodam

603 2813 763 2870 Scala:
793 2819 987 2885 gradu,
1020 2816 1085 2869 ad
1117 2816 1558 2878 admirationem,
1587 2816 1742 2884 quasi
1775 2814 1842 2868 ad
1874 2813 2180 2869 secundum

602 2908 830 2975 gradum
881 2908 1051 2961 evecti
1103 2921 1316 2969 sumus,
1361 2906 1429 2959 ab
1465 2905 1827 2959 admiratione
1875 2919 2068 2957 rursus
2111 2903 2180 2957 ad

605 2997 978 3052 "vehementius
1037 2996 1368 3051 desiderium
1431 2996 1912 3061 conscendimus;

606 3088 879 3143 desiderio
933 3089 1001 3142 ad
1058 3089 1435 3158 purgationem
1497 3087 1696 3141 sublati
1753 3101 1995 3153 sumus;
2057 3087 2182 3141 hinc

611 3168 774 3252 porro
831 3184 896 3236 ad
957 3181 1052 3235 Dei
1118 3181 1532 3235 similitudinem
1597 3180 1894 3246 subducti,
1962 3195 2025 3235 ac
2079 3197 2183 3251 po.

607 3285 811 3329 stremo
854 3289 919 3328 eo
966 3275 1312 3344 pervenimus
1339 3313 1355 3339 ,
1403 3283 1463 3327 ut
1508 3287 1633 3327 cum
1687 3273 1796 3326 Deo
1840 3270 2186 3328 familiariter

608 3367 1009 3435 colloquamur,
1047 3379 1286 3434 eumque
1328 3380 1422 3435 per
1457 3367 1720 3420 unionem
1763 3362 2058 3434 perfectius
2088 3381 2184 3420 co-

613 3471 964 3525 guoscamus.

681 3593 944 3652 PsELLns.
991 3591 1132 3646 Deus
1166 3592 1270 3645 diis
1311 3593 1560 3644 unilus...
1601 3589 1910 3658 Quicunque
1955 3589 2186 3658 corporis

612 3686 800 3740 ntalem
842 3685 1240 3752 crassiticmque
1274 3692 1616 3751 superarunt,
1653 3690 2015 3752 cognoscentes
2049 3679 2187 3750 quod

615 3793 759 3830 mens
787 3776 1054 3828 duntaxat
1097 3782 1243 3836 sunt,
1290 3789 1393 3828 non
1433 3774 1495 3826 ob
1530 3773 1699 3826 ullam
1736 3773 1902 3826 aliam
1950 3787 2187 3838 causam,

611 3881 771 3936 quam
816 3865 878 3918 ob
921 3864 1306 3934 generationem
1331 3899 1352 3929 ,
1397 3864 1715 3930 humanique
1749 3864 1949 3933 generis
1996 3879 2188 3931 propa-

612 3959 902 4029 gationsm,
943 3957 1174 4025 corporis
1223 3971 1380 4024 opera
1426 3957 1548 4018 usi,
1602 3963 1922 4026 mentemque
1964 3971 2115 4007 suam
2159 3972 2192 4009 a

614 4051 859 4108 uitiorum
911 4048 1027 4104 labe
1074 4056 1408 4117 purgarunt,
1454 4055 1609 4116 atque
1656 4046 1734 4101 ad,
1771 4048 1957 4116 prima:
2004 4047 2191 4100 utentis

614 4156 887 4210 rerumque
913 4141 1152 4195 omnium
1193 4139 1473 4207 e/Iecrricis
1515 4140 1869 4207 exceptionem
1905 4155 2191 4210 congruam

615 4236 956 4300 iztuneautque
1005 4232 1390 4297 reddiderunt,
1440 4230 1527 4283 his
1591 4232 1774 4287 nititur
1817 4230 1978 4286 Deus.
2047 4230 2192 4285 Nam

615 4341 740 4378 cum.
770 4339 922 4378 uacus.
959 4339 1092 4392 pura
1139 4332 1294 4392 atque
1329 4325 1637 4392 incorrupta
1686 4325 1794 4388 sit,
1839 4340 1955 4377 cum
1991 4333 2191 4387 mente,

619 4416 770 4470 nulla
808 4431 864 4470 re
904 4415 1243 4480 interiucdia,
1291 4414 1634 4484 colloquitur,
1666 4431 1728 4469 ac
1778 4430 1871 4483 per
1916 4432 2032 4468 eam
2078 4431 2197 4469 cum

616 4509 798 4563 anima
838 4506 1278 4564 cmuetudinem.
1312 4506 1517 4562 habet:
1545 4507 1982 4574 quemadmodum
2015 4521 2197 4560 rursus

617 4618 708 4671 per
747 4601 882 4656 hanc
920 4601 1135 4669 corpori
1173 4600 1508 4670 adiungitur.
1555 4597 1815 4654 Craterum
1858 4599 2064 4661 unitur,
2097 4612 2198 4649 non

620 4705 676 4745 ut
723 4693 812 4745 ille
859 4704 960 4758 est,
1011 4691 1103 4748 sed
1161 4699 1317 4761 prout
1373 4706 1466 4744 nos
1523 4691 1734 4745 unionis
1785 4690 1932 4744 illius
1981 4705 2196 4758 capaces

617 4799 819 4838 sumus.
863 4784 1034 4854 Atque
1073 4784 1192 4838 hinc
1239 4787 1445 4836 demunt
1489 4783 1787 4836 innotescit.
1839 4781 2021 4851 Neque
2060 4781 2200 4834 enim

619 4875 728 4928 alio
778 4875 931 4930 modo
979 4876 1264 4943 quisquam
1311 4874 1472 4932 Deum
1522 4887 1828 4942 cognoscere
1863 4883 2054 4942 potest,
2097 4872 2201 4926 nisi

619 4968 694 5021 ad
740 4984 859 5024 eum
894 4970 1133 5024 animum
1181 4984 1333 5026 suam
1386 4968 1677 5031 resoluerit,
1721 4967 1775 5020 in
1817 4981 1984 5034 eaque.
2026 4965 2198 5034 ipsum

625 5061 936 5127 susceperit.

695 5193 813 5251 Col.
847 5195 950 5250 6'27
981 5194 1042 5248 B.
1105 5193 1400 5252 Immensus
1446 5194 1606 5264 igitur
1632 5203 1708 5247 est
1743 5193 1900 5256 Deus,
1935 5202 2042 5246 etc.
2068 5193 2204 5246 κυι-

626 5306 719 5344 sns
778 5301 1086 5344 sermonem
1130 5286 1197 5341 de
1231 5285 1340 5341 Deo
1377 5285 1683 5353 'l‘lieoiogus
1727 5286 1937 5354 repetit,
1973 5299 2202 5353 cumque

627 5383 954 5436 immensum
987 5394 1109 5435 esse
1141 5377 1478 5448 pronuntiat,
1516 5385 1573 5430 ut
1610 5377 1702 5446 qui
1736 5377 1898 5431 nullis
1943 5377 2203 5445 temporis

627 5475 828 5528 finibus
855 5474 1180 5542 interseptus
1207 5471 1299 5536 sit,
1334 5483 1432 5524 nec
1463 5476 1726 5538 tempore,
1773 5484 1873 5522 nec
1923 5467 2066 5530 loco,
2105 5483 2204 5524 nec

699 5631 744 5662 ³³
785 5627 926 5684 Psal.
959 5643 1054 5693 cn,
1094 5628 1178 5681 lii.
1258 5627 1302 5659 "
1333 5625 1524 5680 Matth.
1561 5639 1612 5678 ν.
1645 5624 1735 5678 48.

2273 1779 2340 1832 lis
2361 1786 2443 1833 est
2456 1787 2513 1832 et
2531 1759 3069 1846 comprehensibilis,
3097 1783 3157 1828 et
3178 1787 3340 1843 aegre
3357 1767 3803 1839 comprehensibilis.

2270 1867 2515 1922 Primum
2554 1878 2820 1938 quantum
2865 1866 2932 1918 ad
2995 1874 3300 1928 naturam,
3334 1866 3566 1916 alterum
3614 1865 3805 1928 quantum

2269 1957 2336 2013 ad
2370 1958 2814 2022 immensitatem,
2851 1963 3212 2026 postremum
3247 1961 3518 2024 quantum
3548 1949 3609 2004 ad
3631 1963 3700 2010 cs,
3723 1962 3799 2015 quae

2280 2049 2432 2104 circa
2471 2050 2649 2119 ipsum
2680 2059 2810 2103 sunt
2839 2065 2853 2101 :
2883 2046 3203 2116 quamlibet
3244 2043 3558 2099 Eunomius
3582 2041 3799 2096 existimet.
3860 2027 3865 2078 Ῑ

2272 2147 2504 2215 simplex
2539 2145 2684 2200 Deus
2727 2145 2819 2209 sit,
2851 2159 2976 2199 eum
3034 2141 3433 2212 contemplatu
3463 2136 3703 2194 difficilem
3725 2147 3793 2188 uoti

2271 2252 2415 2301 esse,
2445 2253 2634 2292 verum
2683 2246 2780 2292 aut
2814 2237 3042 2292 omnino
3087 2228 3712 2303 ineomprehcnsibilem,
3737 2235 3794 2276 aut

2273 2344 2502 2401 prorsus
2523 2329 3107 2400 comprehensibilem,
3151 2336 3355 2397 utpote
3392 2315 3789 2380 individuumsui-

2279 2437 2386 2490 quo
2417 2422 2646 2476 omnino
2679 2421 2912 2476 similem
2944 2440 2956 2474 :
2996 2419 3059 2473 lu
3095 2415 3438 2489 compositis
3467 2413 3622 2475 enim,
3645 2405 3787 2476 inquit.

2277 2512 2523 2568 accidere
2557 2521 2758 2582 potest,
2787 2522 2990 2581 utpars
3021 2509 3293 2581 quaedam
3339 2504 3662 2578 percipiatur,
3687 2511 3780 2567 qur-

2291 2606 2416 2661 dam
2454 2605 2730 2674 incognita
2763 2612 3002 2665 rustieat,
3031 2611 3092 2658 at
3119 2617 3239 2657 non
3272 2601 3406 2656 item
3433 2599 3484 2652 in
3516 2588 3784 2662 simplicibus.

2277 2697 2380 2752 Cui
2411 2697 2490 2752 sic
2508 2696 2944 2766 respondendum
2989 2705 3115 2752 est:
3154 2692 3501 2764 Simplicitas
3529 2691 3781 2756 nequan

2282 2787 2376 2842 Dei
2393 2798 2602 2843 natura:
2630 2798 2734 2854 est,
2753 2788 3007 2854 Eunomi,
3037 2798 3100 2842 ut
3121 2788 3208 2842 vel
3232 2787 3419 2858 plene,
3442 2781 3522 2837 vel
3541 2776 3665 2833 nullo
3679 2773 3780 2826 ructo

2283 2881 2492 2950 percipi
2542 2881 2714 2950 possit
2750 2898 2766 2934 :
2797 2880 2892 2935 sed
2922 2881 3070 2935 aliud
3105 2887 3196 2935 est
3245 2877 3434 2933 divina
3472 2881 3653 2933 natura,
3686 2862 3776 2916 aliud

1973 3005 2088 3050 mm
2149 3011 2176 3047 ε,
2207 3011 2252 3070 G
2286 2975 2630 3043 simplicitas,
2650 2989 2774 3044 qua:
2796 2973 2942 3028 circa
2962 2981 3223 3027 naturam
3245 2968 3777 3070 consideraturjquem-

2285 3067 2577 3120 admodum
2605 3065 2856 3120 videlicet
2905 3075 2959 3120 et
3008 3065 3065 3120 in
3113 3061 3468 3134 compositis,
3499 3051 3623 3110 aliud
3642 3055 3773 3102 natum

2283 3167 2408 3224 est,
2466 3158 2615 3214 aliud
2679 3157 3037 3228 compositio,
3099 3173 3233 3229 qua:
3287 3156 3433 3211 circa
3494 3164 3554 3202 ea
3590 3141 3776 3231 cernitur.
3845 3141 3855 3204 λ

2291 3251 2561 3318 Quocirca
2601 3249 2956 3321 quaerendum
3007 3258 3095 3303 cst
3156 3248 3424 3319 quidnam
3479 3240 3545 3296 sit
3574 3235 3775 3321 Deusta“

2287 3343 2520 3414 simplex
2547 3318 2740 3397 naiura
2780 3352 2887 3406 est,
2937 3341 2992 3395 id
3029 3348 3116 3396 est
3175 3318 3526 3411 quaerendum
3577 3333 3643 3382 est
3665 3318 3774 3391 prius,

2287 3437 2419 3508 quid
2451 3437 2522 3490 sit
2553 3435 2698 3490 Deus
2721 3435 3022 3489 secundum
3080 3441 3376 3494 naturam,
3395 3432 3556 3496 ,‘quam
3585 3426 3631 3472 ut
3654 3418 3774 3479 ίοίιυι·

2289 3545 2412 3584 mur
2440 3529 2507 3583 de
2537 3527 2914 3596 simplicitate,
2945 3541 3067 3596 quae
3091 3539 3228 3580 eam
3262 3519 3522 3592 sequitur.
3649 3597 3663 3600 _
3729 3591 3736 3600 ι

2361 3618 2619 3672 PSELLUS.
2657 3615 2953 3670 Immensus
2989 3620 3180 3685 itaque
3220 3622 3300 3669 est
3343 3611 3499 3673 Deus,
3532 3616 3610 3656 πει
3632 3597 3709 3666 Ιίκε
3723 3597 3771 3642 9"

2291 3719 2569 3779 tcrseptus,
2602 3725 2699 3762 nec
2741 3710 3040 3778 cognitione
3083 3704 3471 3777 perceptibilis,
3504 3690 3768 3767 quantum.

2291 3815 2381 3856 nec
2397 3801 2513 3855 loco
2543 3801 2996 3867 circumscriptus,
3029 3817 3122 3854 nec
3163 3812 3415 3868 corporea
3458 3789 3631 3845 ratione
3646 3780 3768 3832 dirca-

2289 3905 2434 3962 ptus.
2473 3897 2544 3949 Et
2583 3893 2942 3961 contemplatu
2970 3893 3210 3964 diﬁlcifis
3240 3900 3488 3963 quantum
3516 3878 3578 3933 ad
3605 3873 3766 3964 εἰικξῗν

2292 4003 2431 4054 runt,
2455 3987 2545 4057 qui
2572 3955 2971 4040 illuminantur.
2999 3955 3171 4054 am,
3196 3955 3262 4039 ut.
3281 3979 3458 4039 scribit
3489 3955 3762 4057 magnus

2294 4080 2496 4151 nysinzs,
2526 4095 2618 4134 nec
2668 4081 2716 4132 si
2751 4095 2856 4149 qua
2883 4089 2962 4135 est
2997 4079 3199 4133 eximia
3249 4085 3302 4132 et
3329 4071 3510 4128 selecto
3533 4048 3757 4151 trierarchi.

2295 4175 2407 4242 ipsa
2453 4182 2623 4226 tamen
2653 4146 3038 4241 pro'potestate
3066 4160 3511 4240 speculationibus
3540 4146 3756 4242 utitur.

2296 4265 2422 4318 tutis
2476 4281 2540 4318 ac
2574 4236 2751 4318 liberis
2781 4236 2972 4318 mentis
3022 4236 3449 4332 conceptionibus
3479 4247 3615 4332 Del"?
3640 4236 3755 4332 “Ur:

2226 4347 2271 4404 D
2301 4356 2548 4408 heudens.
2574 4353 2884 4421 Quamlibet
2910 4355 3110 4424 aliquis
3129 4352 3426 4410 exiStimet,
3465 4351 3555 4394 θιοο
3579 4324 3756 4424 0¹¹⁰¹¹³ξξ³

2299 4405 2547 4500 doctrina
2830 4405 3506 4516 gentilisphilosophiam!“
3530 4405 3752 4516 advertit:

2302 4549 2408 4602 tur,
2449 4497 2657 4592 hwc'ex
2703 4497 2922 4593 adverso
2965 4497 3180 4604 statuit,
3209 4552 3273 4590 σε
3299 4537 3532 4601 Ρετφωηι
3560 4497 3755 4629 (fauill-

2301 4632 2476 4686 solvit.
2539 4631 2777 4685 Tranium
2830 4633 2994 4693 enim,
3047 4629 3318 4684 Platonici
3369 4608 3636 4692 praesertim;
3671 4586 3738 4693 "dif

2301 4726 2525 4795 simplex
2558 4725 2755 4794 partim
2801 4724 3171 4793 comprehendi
3196 4733 3364 4787 posse,
3391 4704 3564 4813 partim

2302 4819 2457 4872 hcndi
2484 4834 2588 4871 non
2624 4833 2778 4888 posse
2807 4831 2826 4869 :
2861 4832 3041 4870 verum
3081 4817 3189 4869 sive
3218 4822 3402 4879 corpus
3433 4791 3550 4853 illud
3575 4784 3710 4888 “ivi:

2300 4912 2552 4965 stantiam
2605 4869 2799 4962 habens
2845 4907 3170 4961 similaribus
3223 4899 3450 4974 ρανιίδυ³
3497 4869 3746 4980 “fient?

2303 5007 2407 5058 sire
2434 5006 2596 5058 etiam
2620 5002 2873 5072 quiddam
2903 4958 3285 5068 incorporeum.
3308 4967 3651 5072 quiﬂuiimwf

2307 5097 2736 5164 tempercepcrit,
2757 5104 2922 5147 totum
2953 5109 3154 5164 quoque
3185 5084 3473 5173 percepisse.-
3501 5051 3730 5174 lter-:11;

2957 5143 3145 5164 ττ-πι-ν-
3185 5143 3197 5159 ι
3330 5143 3339 5152 -
3517 5156 3525 5166 ,

2304 5188 2516 5256 plicitas
2557 5186 2649 5239 Dei
2696 5197 2894 5236 natura
2941 5199 3044 5236 non
3092 5192 3188 5246 est,
3225 5177 3375 5233 etiam
3421 5163 3460 5217 δέ
3487 5143 3739 5272 “mihi”:

2305 5231 2515 5256 ,...-..,-
2557 5231 2647 5239 _--
2696 5231 2761 5236 --ἡ
2795 5231 2889 5236 ψη
3230 5231 3240 5233 -

2305 5278 2752 5349 quemadmodum
2778 5293 2868 5330 nec
2897 5279 2953 5329 in
2989 5277 3137 5330 nobis
3171 5281 3366 5326 naiura:
3395 5231 3740 5364 ratiwtf:

2306 5370 2447 5442 quad
2462 5369 2735 5439 ⁶⁰¹¹Ψ⁰³ί¹ί
2758 5384 2961 5433 “mus.
2990 5384 3165 5422 verum
3184 5367 3234 5420 id
3254 5363 3476 5417 naturam
3501 5333 3737 5395 circumi“

2310 5465 2684 5536 qualiscunque
2720 5461 2929 5516 tandem
2965 5461 3059 5515 illa
3099 5471 3196 5515 est.

1811 5624 1855 5655 ³⁸
1890 5625 2050 5679 .loan.
2089 5641 2178 5692 xx,
2217 5625 2306 5680 2|.
