3958 6204
630 193 763 260 1319

625 307 789 375 igitur
815 307 956 378 quod
995 324 1086 363 nec
1113 295 1392 378 praeteriit,
1421 320 1515 360 nec
1548 303 1790 374 futurum
1816 309 1916 367 est,
1947 301 2036 354 sed
2069 317 2210 354 sem-

626 414 717 465 per
745 407 846 464 est,
881 399 1016 453 αἱὼν
1041 400 1262 464 dicitur,
1296 398 1406 451 ἀπὸ
1435 397 1530 451 τοῦ
1558 397 1648 450 ἀεὶ
1673 397 1732 448 ἐν
1763 393 1842 464 τῷ
1869 392 1934 446 ὃν
1959 388 2126 452 εἶναι,
2153 391 2208 444 id

627 499 703 542 est
729 490 792 542 ab
821 507 880 544 eo
912 492 1050 562 quod
1085 506 1289 560 semper
1333 491 1389 544 in
1442 500 1560 545 cute
1604 488 1696 552 sit,
1753 500 1940 540 nomen
1991 484 2209 538 ducens.

627 585 796 652 Atque
827 585 1124 650 huiusmodi
1147 593 1268 639 sunt
1293 584 1547 638 caelestia.
1573 581 1819 636 rEterna:
1841 580 1978 634 enim
2008 593 2210 643 eorum,

625 684 680 728 et
706 675 942 729 essentiw
967 685 1110 739 sunt,
1135 685 1184 730 et
1213 677 1466 730 actiones.
1489 673 1815 728 Sublunaria
1838 680 2015 724 autem
2033 669 2213 723 omnia

628 769 958 836 generationi
990 779 1038 824 ct
1094 770 1382 822 mutationi
1412 766 1650 836 subjecta
1685 773 1831 818 sunt.
1866 761 1932 816 Et
1957 762 2212 832 quemad-

629 857 839 910 modum
875 874 994 911 cum
1017 859 1084 912 iis
1109 873 1228 929 quae
1257 869 1400 912 motu
1437 865 1642 920 carent,
1681 870 1849 909 sevum
1891 851 2051 906 simul
2085 866 2213 903 con-

628 951 869 1004 stitutum
896 961 971 1004 est
994 953 1102 1004 :sic
1124 951 1283 1005 etiam
1315 966 1431 1003 cum
1455 950 1521 1002 iis
1539 964 1656 1019 qute
1671 955 1965 1010 moventur,
1989 953 2212 1012 tempus,

626 1044 767 1111 quod
793 1058 997 1112 semper
1025 1043 1168 1110 fluit,
1219 1051 1268 1096 et
1321 1021 1498 1095 eodem
1534 1055 1654 1092 cum
1686 1037 1770 1091 his
1825 1047 1972 1089 ntotu
2021 1035 2208 1088 cietur.

573 1198 576 1200 γ
629 1131 805 1202 Hujus
831 1146 1009 1204 partes
1034 1139 1153 1188 (tua:
1175 1142 1298 1186 sunt
1322 1132 1650 1201 pra'teritum
1688 1138 1736 1184 et
1769 1129 2028 1199 futurum.
2071 1126 2210 1179 Nam

625 1242 855 1294 pru'sens
889 1241 1146 1293 nusquam
1175 1235 1274 1278 est.
1306 1223 1660 1292 Posteaquam
1688 1236 1805 1274 vero
1830 1219 2056 1271 duorum
2085 1231 2213 1286 quo-

627 1316 873 1368 rumdam
904 1333 936 1367 a
977 1315 1128 1368 nobis
1160 1315 1354 1368 mentio
1390 1313 1538 1382 facta
1569 1321 1667 1375 est,
1710 1325 1889 1378 nempe
1916 1317 1965 1362 et
2004 1321 2206 1369 eorum,

624 1423 765 1477 quae,
798 1416 907 1460 tam
933 1408 1185 1471 essentia,
1210 1420 1369 1474 quam
1403 1403 1611 1456 actione
1631 1401 1842 1454 stabilia
1869 1408 2012 1464 sunt,
2036 1398 2210 1466 cujus,

627 1499 829 1568 generis
867 1508 991 1553 sunt
1049 1497 1405 1561 intellectilia,
1441 1505 1491 1550 et
1530 1510 1733 1560 eorum,
1763 1509 1881 1564 quce
1925 1492 2210 1546 secundum

626 1600 904 1660 utramque
939 1601 1234 1653 moventur,
1291 1589 1424 1643 nihil
1473 1596 1650 1641 autem
1695 1589 1746 1639 in
1801 1600 1976 1638 rerum
2017 1593 2212 1636 natura

633 1696 857 1734 vacuum
885 1690 988 1744 est,
1021 1681 1148 1749 quin
1180 1679 1355 1748 potius
1387 1679 1440 1732 in
1468 1677 1709 1732 omnibus
1728 1675 2012 1730 contrariis
2047 1689 2208 1727 nexus

634 1771 849 1840 quidam
881 1786 944 1823 ac
978 1771 1177 1833 media,
1223 1779 1349 1823 sunt
1384 1784 1403 1822 :
1427 1770 1592 1838 igitur
1623 1769 1807 1822 horum
1838 1765 2010 1820 media
2062 1772 2205 1827 sunt,

625 1873 682 1914 ut
711 1863 911 1930 partim
940 1864 1006 1927 ,in
1056 1878 1166 1916 sevo
1202 1862 1332 1928 sint,
1384 1863 1581 1930 partim
1628 1861 1682 1914 in
1729 1859 1998 1927 tempore?
2029 1855 2207 1926 Hujus

625 1955 767 2006 modi
815 1953 1002 2008 coelum
1039 1963 1138 2017 est,
1180 1963 1230 2008 et
1273 1971 1334 2008 ea
1364 1970 1482 2023 qua:
1507 1953 1641 2006 luna
1695 1951 2011 2006 sublimiora
2058 1960 2203 2005 sunt.

623 2047 830 2101 Horum
857 2052 1045 2102 etenim
1073 2046 1373 2101 substantia
1396 2047 1608 2117 quidem
1654 2057 1853 2099 eterna
1884 2051 1983 2108 est,
2016 2043 2207 2113 quippe

619 2131 738 2207 qute
773 2153 864 2191 nec
898 2138 1142 2203 intereat,
1195 2152 1287 2189 nec
1331 2144 1614 2206 augeatur,
1676 2148 1770 2187 nec
1805 2131 2081 2197 olteretur,
2113 2141 2204 2184 aut

633 2230 943 2280 immutetur
981 2243 1000 2281 :
1039 2237 1187 2280 actus
1232 2236 1407 2278 autem
1461 2223 1558 2278 sub
1600 2234 1802 2291 tempus
1851 2222 2016 2276 cadit.
2061 2221 2205 2274 Num

626 2334 746 2371 cum
821 2323 1093 2373 universus
1138 2319 1364 2372 mundus
1416 2324 1648 2370 mouetur
1692 2315 1806 2368 alia
1867 2314 2037 2383 ipsius
2077 2328 2204 2382 pars

622 2425 780 2479 super
812 2411 1144 2466 horizontem
1191 2411 1405 2474 eminet,
1444 2409 1554 2462 alia
1576 2409 1802 2462 medium
1839 2406 2023 2461 cadum
2044 2415 2201 2470 tenet,

622 2503 732 2556 alia
760 2502 828 2555 ad
859 2503 1193 2557 Occidentem
1247 2501 1435 2567 tendit,
1470 2500 1578 2554 alia
1609 2500 1750 2569 infra
1783 2509 1980 2553 terram
2011 2499 2200 2567 fertur.

625 2589 690 2645 In
729 2594 912 2647 eodeni
956 2609 1159 2664 quoque
1181 2609 1368 2663 genere
1401 2603 1474 2646 est
1503 2593 1706 2648 anima.
1749 2590 1893 2645 Nam
1920 2602 1976 2646 ut
2003 2603 2203 2646 aeterna

618 2692 697 2737 est
726 2685 892 2752 ipsius
917 2685 1177 2750 essentia,
1205 2684 1283 2738 ita
1325 2695 1473 2736 actus
1509 2683 1604 2737 sub
1629 2683 1876 2751 temporis
1901 2697 2203 2737 mensuram

619 2775 788 2829 cadit.
806 2775 986 2846 Neque
1015 2777 1156 2830 enim
1189 2785 1395 2846 repente
1424 2792 1507 2837 ea,
1533 2790 1648 2845 qua:
1667 2775 1880 2845 quaerit,
1914 2773 2202 2842 perspicit:

623 2880 800 2917 verum
830 2877 877 2918 et
903 2869 1064 2932 [mem
1089 2865 1193 2918 sibi
1236 2866 1504 2934 proponit,
1529 2873 1579 2917 et
1600 2864 1863 2932 principia
1893 2863 2046 2932 quasi
2075 2862 2202 2930 fun-

617 2955 871 3009 damenta
892 2955 1031 3024 jacit
1055 2965 1237 3024 atque,
1266 2956 1332 3007 ab
1363 2955 1444 3007 his
1466 2955 1535 3006 ad
1566 2955 1721 3007 illum
1746 2956 2075 3020 procedit.—
2095 2954 2203 3009 Nec

621 3061 853 3116 tempus.
890 3043 1199 3100 Aristoteles
1265 3044 1518 3098 adversus
1576 3053 1809 3096 ueterum
1859 3042 2201 3096 Academiam

616 3137 923 3208 disputans,
951 3152 1016 3190 ac
1047 3151 1168 3190 cum
1211 3137 1324 3204 ipso
1373 3136 1533 3189 etiam
1584 3133 1809 3189 Platone
1864 3136 2200 3202 contendens,

615 3241 871 3282 aeternum
888 3223 1115 3295 tempus,
1139 3235 1294 3297 atque
1309 3242 1374 3281 ea:
1391 3238 1613 3297 utraque
1626 3237 1779 3296 parte
1791 3228 2060 3298 infinitum
2078 3246 2203 3284 con-

612 3321 834 3374 stituere
873 3320 1102 3374 videtur.
1125 3317 1269 3372 Nam
1294 3318 1478 3388 Plato,
1503 3320 1673 3389 ipsum
1706 3321 1946 3375 veritatis
1985 3337 2202 3390 scopum

615 3412 836 3480 feriens,
893 3421 943 3465 et
977 3411 1165 3466 ca'lum
1211 3419 1447 3465 creatum
1499 3411 1665 3480 fuisse
1691 3411 1952 3482 affirmat,
1980 3426 2140 3484 atque
2168 3429 2202 3467 a

613 3503 844 3571 quodam
887 3501 1168 3572 temporali
1204 3513 1398 3571 puncto
1448 3504 1806 3558 conversionis
1851 3517 1898 3559 et
1943 3504 2198 3559 convolu-

616 3593 777 3646 tionis
812 3594 1136 3662 principium
1170 3595 1456 3662 accepisse,
1496 3610 1716 3663 cumque
1748 3610 1808 3648 eo
1831 3590 2116 3666 et'tempus
2149 3607 2200 3651 et

616 3695 864 3737 naturam
909 3685 1069 3738 simul
1110 3686 1326 3738 condita
1373 3683 1560 3753 fuisse.
1601 3686 1914 3740 Aristoteles
1949 3696 2122 3740 autem
2151 3696 2201 3740 et

615 3773 824 3840 caelum,
850 3781 900 3826 et
956 3784 1184 3840 motum,
1225 3784 1275 3828 et
1311 3783 1514 3844 tempus
1550 3777 1787 3830 increata
1831 3792 1943 3831 esse
1983 3779 2197 3832 astruit.

620 3864 782 3918 lianc
833 3866 974 3918 enim
1021 3866 1484 3935 interrogationem
1527 3866 1706 3934 affert.
1751 3866 1974 3936 Tempus
2007 3868 2086 3922 vel
2142 3870 2196 3923 in

618 3968 854 4026 tempore
883 3969 983 4024 est,
1025 3957 1102 4012 vel
1153 3974 1278 4014 non.
1324 3959 1387 4013 bi
1422 3959 1475 4012 in
1513 3970 1743 4028 tempore
1770 3975 1874 4012 non
1898 3969 1998 4025 est,
2035 3959 2199 4016 habeo

618 4053 758 4123 quod
781 4066 960 4123 quaero
985 4067 1004 4106 :
1048 4053 1096 4106 si
1130 4061 1309 4106 autem
1355 4063 1431 4105 est
1457 4053 1510 4105 in
1554 4062 1805 4120 tempore,
1833 4053 1896 4107 de
1945 4053 2039 4107 illo
2063 4069 2195 4124 quo-

619 4159 724 4213 que
778 4155 1008 4212 tempore
1061 4144 1196 4197 idem
1252 4160 1437 4198 rursus
1471 4160 1672 4214 qutero.
1727 4144 1874 4199 Nam
1915 4161 2011 4200 nec
2067 4157 2195 4201 tent-

611 4237 759 4304 poris
820 4247 1022 4305 tempus
1079 4237 1391 4307 investigare
1478 4247 1637 4308 atque
1708 4240 2026 4308 exquirere,
2081 4239 2197 4294 ulla

613 4345 846 4398 unquam
868 4327 1191 4399 fatigatione
1219 4329 1556 4393 desistentus,
1587 4346 1680 4382 nec
1721 4330 1859 4384 illud
1888 4332 1944 4384 in
1974 4333 2194 4386 intmen-
2219 4351 2274 4411 ι)
2299 4342 2562 4396 quaquam
2589 4330 2936 4386 terminabile.
2963 4333 3132 4404 Atque
3160 4337 3214 4390 in
3237 4335 3332 4387 hac
3356 4325 3644 4390 a'terniP‘m

609 4437 728 4474 sum
762 4437 996 4490 unquam
1056 4421 1303 4491 progredi
1341 4421 1562 4475 desinet.
1609 4420 1724 4474 Hoc
1770 4431 1850 4476 est
1885 4423 2193 4482 Aristotelis

609 4523 1001 4583 argumentum.
1038 4512 1193 4578 Quod
1221 4524 1409 4580 ,autem
1459 4512 1570 4566 haec
1625 4517 1845 4581 quazstio
1891 4513 2194 4582 Itujusmodi

613 4624 716 4662 non
750 4607 836 4672 sit,
871 4615 930 4659 ut
959 4607 1221 4674 explicari
1255 4622 1320 4659 ac
1349 4605 1568 4658 dissolvi
1599 4616 1843 4675 nequeat,
1884 4605 2007 4660 hinc
2042 4607 2190 4677 quis-

607 4700 751 4768 piam
802 4697 1145 4764 intellexerit,
1193 4697 1335 4768 quod
1373 4707 1576 4766 tempus
1628 4713 1720 4750 nec
1760 4701 1812 4752 in
1859 4709 2088 4768 tempore
2111 4709 2189 4754 est

609 4806 701 4844 nec
732 4805 918 4843 rursus
961 4789 1211 4858 temporis
1251 4803 1456 4858 expers.
1493 4785 1635 4841 Deus
1677 4788 1818 4842 enim
1849 4789 2013 4843 simul
2033 4799 2187 4860 atque

606 4884 794 4936 ctutum
831 4882 1124 4949 producere
1157 4878 1342 4938 voluit.
1382 4878 1626 4933 voluntas
1655 4879 1752 4932 illa
1796 4881 1849 4932 in
1880 4896 2010 4950 opus
2031 4882 2184 4946 exiit,

605 4989 668 5026 ac
698 4975 837 5026 citra
867 4982 1070 5040 tempus
1094 4972 1342 5025 universa
1372 4986 1553 5023 rerum
1604 4971 1849 5025 machina
1875 4983 2182 5027 constructa

603 5074 700 5119 est.
741 5063 866 5118 Non
903 5073 1079 5117 tamen
1109 5063 1310 5116 idcirco
1342 5065 1589 5132 temporis
1632 5079 1834 5134 quoque
1861 5080 2044 5134 expers
2067 5078 2180 5122 est:

603 5158 854 5228 quoniam
887 5173 1005 5212 cum
1034 5159 1182 5228 prius
1224 5173 1325 5211 non
1350 5168 1508 5223 esset,
1547 5171 1730 5227 postea
1768 5169 1946 5217 creata
1977 5171 2026 5214 et
2056 5177 2182 5214 con-

602 5249 788 5302 stituta
834 5258 933 5302 est.
969 5246 1168 5302 Eadem
1208 5248 1315 5303 ‘est
1365 5252 1617 5319 temporis
1667 5252 1831 5304 ratio.
1905 5251 2179 5317 Quatenus

600 5342 738 5392 enim
763 5356 880 5393 cum
908 5341 1056 5408 prius
1098 5356 1203 5394 non
1233 5350 1394 5405 esset,
1425 5352 1608 5410 postea
1647 5343 1922 5396 conditum
1955 5353 2055 5410 est,
2080 5345 2181 5398 mi-

603 5429 740 5482 nime
788 5430 1084 5483 increatum
1145 5441 1194 5484 et
1240 5435 1494 5501 temporis
1545 5449 1730 5503 expers
1773 5447 1871 5490 est.
1905 5436 2176 5500 Quatenus

601 5530 778 5573 autent
811 5538 914 5575 non
939 5538 1031 5590 per
1061 5529 1475 5591 protractionem
1495 5527 1550 5580 in
1577 5543 1686 5581 esse
1711 5529 1928 5596 prodiit,
1960 5528 2059 5582 hac
2095 5533 2177 5585 ni-

601 5611 790 5667 mirum
817 5612 1018 5667 ratione
1053 5614 1300 5682 temporis
1344 5630 1527 5683 expers
1561 5618 1668 5670 dici
1687 5619 1860 5686 possit
1885 5634 1904 5672 :
1931 5621 2171 5688 quando-

2043 190 2427 254 ADDENDA.

3717 194 3797 256 1323

2245 313 2284 365 Α
2313 301 2522 372 quidem
2545 310 2594 354 et
2611 299 2743 367 alia,
2768 299 2956 355 etclam
2991 301 3279 369 videlicet,
3309 312 3523 368 terram,
3541 319 3676 367 mare,
3695 308 3804 369 solm,

2311 391 2492 444 lunam
2530 401 2580 445 et
2629 391 2832 461 reliqua
2889 393 3086 445 sidera
3147 395 3402 447 increata
3452 395 3607 448 dicere
3643 396 3808 464 quispim

2311 487 2498 555 possit,
2529 488 2654 554 quia
2674 501 2768 554 per
2805 486 3171 554 temporalem
3203 489 3607 558 protractionem
3644 495 3808 559 products

2313 591 2416 628 non
2443 577 2570 631 sint.
2607 575 2724 630 Hoc
2751 578 2886 629 enim
2905 577 3231 630 hominibus
3265 582 3530 633 convenit.
3557 580 3700 647 Quare
3713 590 3810 654 aqui-

2313 684 2440 722 voc-a
2464 669 2850 738 signiﬁcatione
2879 670 3083 724 horum
3117 671 3426 736 verborum,
3459 689 3555 727 non
3585 675 3630 728 in
3653 687 3809 745 tempus,

2312 761 2656 828 imposturatn
2677 762 2828 831 facit,
2863 764 2953 832 qui
2997 763 3109 816 ltoc
3141 764 3310 818 modo
3341 775 3704 834 argumentatur
3752 770 3812 823 Di.

2311 856 2438 926 plici
2466 855 2606 910 enim
2656 856 2810 909 modo
2849 855 3063 925 aliquid
3100 857 3432 926 intelligitur
3469 859 3518 911 in
3553 869 3730 928 tempore
3756 880 3811 914 ιω

2311 962 2445 1010 esse,
2499 945 2574 1000 uel
2605 946 2732 1017 quia
2763 948 3164 1016 sempiternum
3205 949 3300 1011 sit,
3328 949 3407 1001 vel
3433 950 3552 1018 quia
3592 967 3813 1020 nequequis

2311 1053 2402 1106 per
2453 1036 2794 1104 temporalem
2857 1040 3302 1108 protractionem
3337 1039 3391 1092 in
3444 1056 3607 1094 rerum
3652 1054 3810 1095 satine

2311 1129 2586 1197 prodierit.
2613 1127 2700 1181 Ex
2734 1143 2836 1197 quo
2865 1129 3124 1198 efﬁcitur,
3158 1141 3220 1183 ut
3253 1129 3370 1183 alia
3389 1131 3600 1192 ratione,
3640 1134 3710 1200 qui
3725 1149 3812 1184 am

2315 1229 2515 1288 tempus
2537 1229 2636 1286 est,
2673 1221 2726 1273 in
2775 1229 3008 1289 tempore
3040 1222 3120 1274 sit
3168 1236 3190 1272 :
3235 1223 3367 1292 quia
3418 1222 3634 1276 videlicet
3678 1242 3749 1277 nos
3776 1231 3809 1277 tt

2313 1314 2508 1360 teterno
2533 1308 2604 1359 sit
2628 1323 2648 1372 ;
2675 1307 2785 1361 alia
2809 1317 2984 1362 autem
3019 1309 3077 1362 in
3101 1321 3350 1380 tempore
3371 1327 3474 1365 non
3504 1313 3586 1377 sit,
3610 1314 3709 1382 quia
3725 1331 3810 1365 ust-

2314 1413 2429 1451 mus
2459 1399 2697 1452 omnium
2746 1414 2918 1452 rerum
2949 1401 3312 1455 Architectus
3345 1402 3416 1454 ad
3457 1402 3564 1471 ejus
3596 1405 3809 1471 productio

2313 1503 2428 1542 nem
2453 1497 2683 1558 tempore
2709 1490 2922 1544 minime
2945 1505 3086 1560 opus
3127 1491 3318 1546 habet.
3363 1492 3503 1559 Quin
3543 1495 3676 1546 etiam
3707 1495 3744 1546 is
3764 1513 3811 1547 n-

2315 1578 2408 1632 bus
2437 1579 2685 1634 humanis
2716 1581 2972 1635 nonnulla
3010 1592 3172 1647 sunt,
3197 1600 3323 1654 qua:
3360 1585 3471 1637 sine
3497 1587 3700 1654 temporis
3716 1602 3807 1638 non

2241 1661 2284 1716 Β
2310 1669 2454 1738 gigni
2485 1671 2674 1735 solent,
2733 1681 2792 1725 ut
2842 1672 2996 1726 lactis
3031 1677 3312 1728 concretio
3360 1692 3448 1729 seu
3496 1679 3753 1744 coagulatio,
3780 1692 3806 1728 rt

2309 1761 2605 1830 superficiei
2633 1779 2891 1832 aquarum
2915 1768 3263 1835 cOngetatio.
3313 1765 3430 1820 Non
3456 1769 3580 1820 enim
3603 1771 3803 1836 particuli-

2308 1849 2438 1904 riter
2470 1866 2533 1904 ac
2572 1854 2832 1918 paulatim
2871 1865 3252 1920 concrescunt,
3307 1858 3399 1910 sed
3441 1858 3678 1926 confertim
3703 1868 3736 1908 et
3756 1873 3802 1907 ττι

2307 1954 2481 2009 pente,
2541 1953 2591 1998 et
2654 1961 2758 1998 non
2813 1943 3279 2016 quemadmodum
3344 1951 3446 2019 ipsi
3514 1950 3792 2003 COIlﬂlﬂ'iIllt.

2311 2030 2552 2096 —Qnasi
2597 2035 2914 2104 temporalis
2946 2037 3185 2106 quidem
3226 2049 3411 2094 motus
3443 2049 3496 2094 et
3529 2039 3791 2092 intervallum.

2307 2119 2392 2176 Ne
2418 2123 2655 2177 diuinum
2683 2128 2869 2179 horum
2907 2129 3200 2184 verborum
3254 2147 3464 2184 sensum
3498 2130 3638 2183 surda
3652 2144 3790 2197 promt

2307 2231 2434 2269 aure
2460 2218 2765 2287 accipimus,
2791 2219 3122 2277 liceatnobis
3142 2237 3247 2291 pro
3286 2222 3454 2276 animi
3482 2221 3668 2274 arbitrio
3689 2234 3789 2271 essu

2303 2308 2517 2376 βοιίοηε
2546 2310 2822 2379 fabricari,
2853 2313 2993 2382 quod
3030 2331 3268 2386 magnus
3307 2315 3570 2384 Gregorius
3593 2329 3638 2365 re
3658 2310 3786 2364 intellt.

2305 2402 2406 2455 xit.
2441 2400 2725 2455 Tollantur
2768 2404 2948 2474 itaque
2986 2406 3144 2461 nobis
3172 2415 3224 2462 et
3254 2407 3462 2468 ctzlum,
3481 2414 3526 2459 et
3553 2404 3635 2463 sol.
3647 2414 3683 2454 et
3699 2401 3784 2457 Ιιυει.

2307 2493 2577 2562 omnisque
2605 2493 2841 2548 siderum
2873 2505 3050 2551 motus
3087 2513 3108 2552 :
3132 2513 3232 2552 nos
3265 2507 3436 2551 autem
3463 2497 3513 2549 in
3533 2495 3626 2548 loco
3639 2508 3708 2562 per
3739 2490 3778 2557 ﬁ-

2302 2595 2570 2652 gmentum
2601 2583 2914 2642 habitemus.
2988 2587 3192 2645 Annon
3239 2605 3425 2643 rursus
3469 2582 3783 2640 intervallatis-

2269 2671 2272 2674 ’
2305 2675 2526 2728 tinctam
2561 2677 2720 2730 vitam
2751 2678 3001 2734 habemus
3022 2682 3050 2735 .’
3093 2682 3242 2753 quod
3297 2682 3346 2736 si
3374 2677 3633 2734 interra/lis
3659 2673 3779 2726 distin-

2305 2775 2465 2830 ctam,
2498 2769 2681 2837 utique
2707 2779 2756 2822 et
2776 2771 2829 2824 in
2852 2786 3162 2829 mensuram
3185 2773 3474 2828 cadentem.
3496 2772 3567 2837 [At
3587 2764 3698 2835 cujus
3713 2774 3779 2815 tu-

2308 2857 2427 2910 dem
2456 2859 2531 2912 rei
2564 2875 2812 2915 mensura
2858 2863 3272 2920 describemur.’
3308 2865 3390 2919 An
3417 2862 3570 2917 solis!
3590 2856 3708 2926 Atqui
3726 2851 3776 2904 ille

2304 2961 2540 3002 sermone
2572 2961 2756 3005 nostro
2801 2953 3042 3010 sublatus
3083 2959 3206 3012 est?
3258 2959 3339 3010 An
3371 2951 3540 3009 luntel
3570 2946 3687 3017 ΛηιΙὶ
3707 2945 3773 3009 ίΜ

2305 3050 2504 3106 quoque
2531 3055 2564 3092 a
2596 3041 2745 3096 nobis
2783 3045 3038 3100 avolavit.
3078 3047 3163 3101 An
3205 3049 3431 3102 aliorum
3470 3045 3648 3099 siderum
3669 3033 3770 3089 cuni-

2307 3130 2443 3184 bus?
2480 3129 2579 3186 Ubi
2607 3134 2819 3189 tandem
2868 3135 2962 3190 illa
2994 3139 3113 3206 fixa
3146 3148 3324 3206 erunt,
3375 3146 3463 3191 aut
3500 3123 3768 3188 movebuntur!

2305 3219 2372 3276 In
2395 3223 2520 3278 coelo
2538 3226 2564 3280 ?
2595 3225 2756 3294 Atqui
2787 3228 2971 3297 ﬁctrix
3000 3233 3184 3286 oratio
3209 3231 3308 3284 hoc
3340 3241 3528 3301 quoque
3556 3219 3682 3277 stellis
3696 3229 3766 3281 spt-

2305 3315 2493 3369 liatum
2515 3319 2569 3370 in
2592 3319 2818 3374 nihilum
2844 3322 3082 3377 resolvit.
3121 3323 3275 3380 Talis
3297 3323 3456 3392 igitur
3480 3327 3622 3372 motus
3643 3315 3761 3366 uaslt'.

2302 3415 2352 3458 et
2393 3407 2522 3470 rita,
2543 3423 2640 3461 nec
2674 3417 2878 3478 tempus
2917 3422 3016 3478 est,
3045 3428 3144 3469 nec
3173 3419 3418 3485 temporis
3443 3424 3554 3479 pars
3575 3402 3670 3464 ulla,
3691 3395 3762 3449 sil-

2301 3495 2429 3551 latis
2469 3501 2721 3554 nimirum
2765 3501 2849 3555 his
2877 3505 3056 3570 rebus,
3111 3507 3302 3578 quibus
3336 3517 3520 3574 tempus
3563 3490 3757 3562 conﬁciat.

2303 3588 2476 3660 Atque
2507 3592 2722 3647 interim
2769 3604 2940 3651 tamen
2981 3597 3036 3651 in
3079 3611 3232 3655 motu
3274 3609 3324 3654 et
3363 3588 3602 3651 intervallo
3633 3593 3755 3637 ιηιιι

2303 3679 2422 3734 Ηοε
2449 3683 2612 3752 igitur
2635 3685 2797 3739 ueluti
2828 3690 3140 3758 temporalis
3173 3690 3387 3761 quidam
3423 3693 3572 3741 motus
3597 3669 3756 3766 est

2302 3773 2607 3829 teruallum.
2643 3774 2761 3830 Hoc
2795 3781 3002 3834 aeternis
3031 3796 3206 3836 terum
3237 3790 3337 3836 est.
3364 3778 3462 3844 Qui
3477 3777 3532 3828 de
3550 3771 3664 3824 rebus
3677 3762 3754 3813 ἀπ’

2300 3863 2382 3916 nis
2413 3867 2552 3932 apud
2573 3867 2791 3936 gentiles
2821 3872 3226 3927 accuratissime
3256 3869 3584 3940 disputarunt.
3613 3859 3750 3925 σπη’

2299 3963 2474 4008 uertex
2514 3966 2564 4010 et
2605 3960 2914 4028 corypha'us
2941 3973 3038 4030 est,
3093 3965 3321 4019 Proclus
3367 3960 3424 4014 τὸ
3447 3957 3606 4015 ἀΐδιον,
3636 3946 3675 4000 id
3694 3948 3748 3997 at.

2299 4055 2576 4113 internum,
2616 4050 2673 4104 in
2703 4055 2837 4106 duas
2886 4065 3064 4124 partes
3096 4058 3358 4120 diuidunt,
3399 4050 3592 4106 alteram
3629 4036 3746 4124 ΜΨ

2296 4152 2503 4210 partem
2521 4143 2756 4198 eamdem
2774 4161 2888 4201 esse
2917 4157 3211 4206 statuentes
3238 4163 3351 4203 cum
3379 4159 3495 4207 ατο,
3520 4151 3593 4192 ses
3615 4121 3744 4185 ιιτιιοι

2299 4243 2356 4287 ut
2385 4235 2544 4288 simul
2587 4239 2888 4292 universum
2931 4242 3022 4307 sit,
3062 4241 3341 4313 temporali
3375 4227 3665 4308 protractiottt
3692 4226 3740 4266 αι’

2227 3017 2273 3080 C

2305 4394 2631 4486 lequuoque
2661 4420 2941 4487 collocant,
2989 4394 3232 4480 nonnulli
3255 4424 3408 4478 etiam
3433 4415 3639 4470 animam.
3658 4394 3738 4451 Nil

2299 4515 2348 4559 et
2375 4519 2632 4577 quantum
2676 4512 2744 4564 ad
2793 4515 3094 4579 essentiam,
3147 4526 3198 4572 et
3245 4520 3482 4586 quantum
3525 4499 3581 4556 ad
3617 4497 3739 4590 “mli

2297 4612 2521 4671 utraque
2558 4615 2757 4658 teterna
2781 4615 2882 4659 est.
2909 4605 3091 4678 Neque
3120 4609 3258 4664 enim
3277 4602 3494 4660 essentia
3515 4597 3651 4649 eorum
3662 4587 3735 4678 P‘i‘

2296 4696 2399 4748 alia
2422 4697 2695 4765 progenita
2727 4707 2825 4761 est,
2858 4699 2969 4752 alia
2999 4676 3348 4773 progignitur,
3371 4695 3470 4748 alia
3488 4676 3735 4773 prot‘t'l'?

2297 4802 2461 4858 neque
2492 4789 2544 4841 in
2578 4804 2762 4842 earum
2793 4801 2914 4844 actu
2945 4770 3232 4864 quidquam
3257 4788 3440 4859 deficit,
3488 4770 3732 4872 serumst“;

2293 4898 2390 4950 que
2407 4883 2594 4938 harum
2614 4895 2662 4940 et
2690 4888 2917 4942 essentia
2947 4861 2994 4943 et
3013 4861 3136 4943 actu
3158 4888 3396 4959 perfecta.
3424 4861 3731 4959 Progrwioﬁ

2292 4941 2470 5044 itaque
2515 4993 2608 5047 per
2650 4941 3730 5047 similitudinemﬂet‘dissimilitudinem-lii?

2290 5041 2496 5121 necesse
2515 5041 2621 5123 test.
2650 5070 2791 5134 Quid
2813 5072 2976 5139 igitur
2988 5073 3013 5124 Ρ
3035 5072 3114 5124 Ab
3128 5089 3185 5127 eo
3202 5067 3334 5142 quod
3351 5061 3592 5119 secundum
3605 5041 3730 5142 sui?

2289 5175 2388 5228 que
2419 5162 2679 5214 rationem
2712 5176 2966 5217 internum
3002 5173 3100 5227 est,
3125 5166 3217 5218 hoc
3245 5167 3336 5221 est,
3366 5133 3723 5228 secundumtwi:

2289 5223 2420 5305 tiam
2447 5265 2494 5307 et
2531 5263 2731 5320 actum,
2778 5256 2847 5308 ad
2877 5257 2932 5309 id
2975 5259 3114 5327 quod
3143 5263 3321 5311 neutra
3358 5243 3533 5301 ratione
3555 5223 3724 5332 fuit?

2285 5353 2384 5410 est,
2411 5346 2776 5415 proficiscetur
2809 5315 3004 5415 oratio,
3027 5351 3096 5404 ad
3126 5350 3181 5404 id
3211 5342 3445 5402 videlicet,
3485 5321 3594 5424 φαξέ

2285 5445 2399 5491 tum
2451 5448 2550 5506 est,
2590 5450 2639 5494 et
2671 5441 2878 5510 fluxum
2929 5453 2978 5496 et
3023 5445 3293 5506 caducum,
3329 5417 3580 5536 rujusmod‘t

2283 5529 2557 5583 individua
2579 5545 2722 5586 sunt.
2753 5531 2868 5586 Nos
2893 5533 3027 5587 enim
3060 5553 3151 5590 nec
3171 5539 3400 5590 lamna"!
3430 5506 3719 5624 “inuam.

2284 5625 2486 5691 θεηηιδο
2515 5640 2604 5680 nec
2630 5636 2802 5681 actum
2823 5631 3182 5696 particulatim
3215 5631 3454 5691 augemus.
3492 5593 3696 5660 Vm‘m‘“
