4050 6198
314 239 444 308 1321

1263 225 1586 287 NlCE'l‘AS
1630 225 1713 286 ΙΝ
1754 226 1978 286 ORAT.
2023 223 2187 284 XLII
2230 223 2293 282 S.
2334 221 2568 282 GREG.

3444 216 3581 282 1322

302 358 511 429 quit'em
546 366 681 406 nunc
708 349 932 404 facimus
999 344 1110 399 alia
1146 344 1472 413 jampridem
1511 343 1798 413 effecimus;
1828 359 1892 397 ac
1921 348 1969 405 Α
1995 357 2123 397 cum
2180 340 2350 396 Deum
2385 340 2532 404 dico,
2563 336 2805 403 Patrem,
2862 344 2914 392 et
2946 335 3168 403 Filium,
3219 346 3273 392 et
3308 336 3575 407 Spiritum

302 458 563 518 postremo
598 443 665 496 ad
698 441 805 494 alia
837 453 1019 492 rursus
1064 436 1312 506 facienda
1342 451 1733 503 prwparamur.
1791 433 1892 489 Ve-

303 557 419 595 rum
445 539 496 593 id
532 535 660 589 ordo
683 549 786 586 non
823 540 925 597 est,
960 547 1051 585 nec
1101 531 1395 601 progressio
1434 544 1527 597 per
1573 527 1892 581 similitudi-

307 645 423 684 nem
445 625 748 680 decurrens.
776 621 1007 677 Proinde
1028 621 1164 674 inter
1200 636 1261 674 ea
1306 635 1424 689 quia
1451 618 1664 673 ontnino
1693 630 1892 674 aeterna

305 730 450 783 sunt,
488 728 537 773 et
564 735 629 773 ea
649 732 769 788 qua
795 717 1123 782 corruptioni
1148 730 1366 784 prorsus
1402 713 1650 778 obnoxia,
1669 723 1891 766 naturas

305 810 566 884 quasdam
624 808 929 877 interjectas
965 821 1079 859 esse
1107 819 1314 860 necesse
1344 813 1444 869 est,
1482 819 1596 873 qua
1638 813 1891 857 naturam

310 903 520 973 quidem
547 911 803 956 aeternam
837 898 1087 962 habeant,
1110 908 1358 953 ueterum
1380 897 1667 951 secundum
1693 905 1894 966 tempus

307 1004 493 1065 agant.
523 993 695 1062 Atque
723 991 794 1045 ad
830 990 965 1044 hunc
982 988 1199 1043 modum
1240 996 1484 1057 prouecta
1511 987 1891 1057 disputatione,

310 1085 364 1139 in
392 1083 563 1138 medio
588 1079 774 1135 ordine
792 1078 1002 1146 calum,
1032 1088 1299 1149 totumque
1326 1077 1611 1133 ratherenm
1646 1087 1895 1132 ornatum

307 1175 508 1234 locant.
541 1186 698 1242 quem
717 1170 917 1225 scilicet
949 1178 1206 1240 quantum
1229 1169 1300 1223 ad
1322 1170 1609 1224 essentiam
1639 1178 1896 1225 retensum

308 1280 424 1320 esse
447 1272 714 1323 asserum,
745 1260 886 1331 quod
918 1261 1224 1314 universum
1251 1258 1552 1328 complexus
1574 1259 1896 1315 immortalis

306 1367 571 1411 maneat:
617 1365 867 1409 caeterum
910 1353 1260 1407 adernitatem
1306 1363 1562 1423 quantum
1610 1353 1679 1405 ad
1718 1361 1895 1405 actum

305 1445 716 1515 haudquaquam
750 1441 834 1496 illi
872 1441 1138 1497 tribuunt.
1167 1441 1351 1501 Neque
1370 1445 1510 1498 enim
1545 1451 1713 1496 totum
1741 1457 1898 1496 suum

304 1546 507 1589 motum
559 1550 733 1589 secum
777 1531 944 1587 simul
973 1533 1210 1602 collegit,
1248 1532 1338 1587 sed
1372 1549 1465 1603 per
1505 1549 1657 1589 omne
1691 1544 1896 1599 tempus

301 1624 466 1677 simul
500 1622 809 1676 movebitur.
836 1620 1006 1689 Atque
1030 1621 1111 1675 ita
1133 1620 1198 1676 de
1227 1630 1425 1677 atlerno
1443 1620 1738 1690 philosophi
1775 1636 1892 1690 pro-

2000 442 2251 490 sanctum
2290 433 2439 489 dico.
2478 429 2746 486 Divinitas
2775 428 2922 484 enim
2956 429 3011 483 in
3051 428 3139 484 his
3168 428 3345 485 tribus
3382 445 3584 498 perso-

1998 526 2084 582 nis
2131 534 2234 592 est,
2284 538 2387 597 nec
2420 522 2507 579 vel
2555 537 2720 593 supra
2753 522 2867 578 hac
2906 521 3236 588 extenditur,
3274 537 3341 578 ne
3386 524 3584 578 multos

1997 618 2130 676 deos
2157 617 2506 673 ethnicorum
2539 628 2694 670 more
2722 613 3162 678 introducamus,
3182 628 3283 671 nec
3306 614 3391 681 iui
3393 631 3451 671 ra
3472 626 3582 673 tres

1998 723 2269 781 personas
2300 706 2672 771 contrahitur,
2705 721 2774 761 ne
2813 705 3118 761 divinitatis
3151 705 3334 776 inopia
3387 706 3581 775 degra-

1997 816 2216 866 vemur,
2248 816 2414 856 uitam
2448 809 2658 854 tantum
2689 797 2745 852 in
2776 797 2889 854 Deo
2942 811 3237 868 personam
3277 813 3549 869 agnoscen

2002 904 2104 957 tes,
2136 892 2599 964 quemadmodum
2635 889 2828 946 Judaei.
2857 889 3184 959 Quanquam
3223 889 3372 946 enim
3404 889 3583 960 genti-

1998 984 2160 1041 lismo
2192 1000 2289 1040 seu
2326 984 2646 1053 paganismo
2682 981 2991 1053 judaismus
3021 981 3334 1052 apponitur,
3382 992 3438 1037 at
3467 997 3586 1037 ma-

1999 1079 2113 1133 lum
2147 1087 2330 1134 tamen
2360 1077 2417 1133 in
2443 1085 2678 1147 utroque
2719 1075 3015 1146 reperitur.
3053 1074 3412 1130 Gentilismus
3436 1075 3581 1129 enim

2002 1178 2225 1245 propter
2258 1168 2490 1224 deorum
2523 1167 2926 1222 multitudinem
2960 1164 3208 1223 excessui
3249 1165 3443 1222 similis
3461 1181 3585 1222 esse

2001 1259 2260 1325 videtur;
2317 1259 2629 1329 judaismus
2678 1267 2862 1314 autem
2921 1260 3184 1325 delectui,
3240 1269 3424 1330 utpote
3475 1275 3585 1314 una

2002 1364 2235 1420 persona
2252 1350 2593 1406 divinitatem
2614 1351 3103 1409 circumscribens.
3121 1351 3396 1408 Escessus
3422 1368 3585 1423 porro

2002 1451 2058 1496 et
2090 1442 2359 1509 deiectus,
2396 1443 2617 1499 tametsi
2649 1446 2793 1498 inter
2821 1458 2882 1499 se
2910 1443 3170 1498 contrarii
3197 1444 3329 1509 sint,
3357 1452 3586 1514 uterque

2003 1540 2183 1587 tamen
2225 1536 2280 1589 in
2311 1535 2442 1590 vitio
2471 1543 2575 1590 est.
2606 1534 2679 1589 At
2711 1535 2888 1590 virtus
2916 1544 3001 1590 est
3039 1534 3412 1601 mediocritas,
3440 1537 3494 1589 in
3518 1551 3585 1590 eo

2003 1623 2206 1692 posita,
2238 1632 2302 1677 ut
2330 1632 2574 1678 sanetam
2606 1621 2926 1678 Trinitatem
2996 1623 3291 1680 credamus
3350 1638 3415 1680 ac
3460 1639 3585 1681 con-

304 1713 419 1782 fani
469 1713 855 1767 disseruerunt.
902 1711 970 1766 At
1003 1727 1226 1782 magnus
1272 1708 1556 1781 Gregorius
1603 1710 1714 1765 hate
1761 1710 1898 1773 retu;
1928 1701 1976 1760 B
2006 1714 2277 1779 (itcamur,
2316 1725 2497 1784 atque,
2539 1724 2652 1770 tum
2681 1714 2964 1770 Iudaicam
2999 1715 3166 1770 unius
3202 1731 3451 1787 persona:
3498 1731 3588 1772 as-

305 1803 554 1873 {abulosa
599 1804 764 1857 missa
803 1803 1028 1873 faciens,
1059 1812 1406 1872 posteaquam
1446 1802 1608 1855 semel
1639 1816 1705 1855 ea:
1738 1817 1895 1855 sacra

307 1893 586 1963 Scriptura
625 1895 817 1949 didicit
846 1894 988 1964 fore,
1018 1903 1077 1948 ut
1102 1903 1152 1948 ct
1181 1894 1352 1948 stella:
1388 1895 1602 1959 cadant,
1634 1903 1684 1947 et
1714 1893 1897 1963 uelum

307 1988 459 2057 quasi
493 1986 797 2055 vertiginem
843 1987 1109 2056 patiatur,
1169 1985 1223 2039 in
1277 1987 1515 2039 oratione
1554 1985 1786 2055 quadam
1814 1984 1897 2038 his

314 2077 479 2132 verbis
542 2079 770 2132 utitur:
809 2077 1115 2133 Anarcltum
1179 2076 1237 2130 id
1290 2088 1388 2141 est,
1437 2077 1575 2141 quod
1626 2075 1895 2144 antiquius

308 2169 624 2239 principium
643 2184 973 2241 nequaquam
1002 2169 1251 2224 sortitum
1279 2181 1390 2233 est;
1421 2177 1673 2223 teternum
1697 2178 1896 2234 autem,

310 2260 450 2330 quod
484 2278 518 2315 a
553 2278 717 2317 causa
746 2277 1079 2333 progressum
1105 2261 1214 2330 [ine
1240 2260 1656 2331 haudquaquam
1684 2264 1896 2315 conclu-

309 2351 481 2408 ditur.
512 2352 652 2408 llinc
691 2362 895 2411 constat
923 2354 978 2407 id
1015 2353 1154 2423 quod
1178 2352 1475 2407 anarcltum
1510 2363 1610 2418 est,
1642 2364 1896 2408 aeternum

307 2444 472 2497 etiam
513 2459 668 2508 esse;
702 2447 841 2513 quod
879 2445 1020 2499 enim
1041 2460 1075 2498 a
1107 2460 1273 2499 causa
1325 2445 1620 2514 profectum
1649 2460 1752 2499 non
1796 2455 1895 2506 est.

308 2548 411 2606 quo
429 2535 641 2589 tandem
662 2536 815 2589 modo
848 2536 1036 2600 emori,
1072 2543 1165 2589 aut
1188 2537 1403 2590 omnino
1425 2536 1641 2590 interire
1664 2537 1899 2604 poterit?

311 2620 459 2677 Nam
494 2624 634 2694 quod
673 2626 874 2691 interit,
907 2625 1003 2679 hoc
1029 2626 1275 2681 interitus
1302 2641 1521 2680 causam
1562 2626 1740 2694 habet,
1760 2627 1897 2698 quod

309 2733 344 2770 a
373 2718 551 2772 causis
589 2717 862 2784 abscedat,
901 2718 1352 2788 quemadmodum
1410 2717 1549 2788 quod
1600 2719 1668 2773 ab
1728 2719 1896 2791 altera

311 2814 571 2873 mouetur,
598 2808 791 2863 moveri
819 2818 1008 2863 cessat.
1034 2806 1300 2874 Quonam,
1330 2809 1567 2879 inquam,
1593 2812 1747 2865 modo
1759 2811 1896 2880 quod

314 2912 476 2952 causa
508 2910 679 2963 caret,
721 2900 937 2954 interire
965 2900 1158 2965 poterit
1183 2900 1209 2952 .’
1244 2897 1358 2954 Nec
1384 2900 1526 2955 enim
1552 2900 1778 2968 seipsum
1800 2903 1897 2956 de-

314 3001 474 3057 seret,
522 2993 676 3046 utsic
711 3008 744 3046 a
772 2992 945 3061 seipse
994 2992 1294 3058 abscedens,
1330 2993 1551 3047 exitium
1594 2994 1696 3048 sibi
1739 3003 1897 3064 atque

315 3085 592 3138 interitum
637 3095 894 3140 accersat.
945 3085 1208 3150 Quocirca
1243 3087 1382 3154 quod
1416 3087 1680 3155 principio
1725 3097 1896 3151 caret,
1925 3070 1971 3130 ο

315 3175 500 3244 procul
527 3175 687 3228 dubio
707 3184 960 3229 wternum
983 3190 1190 3245 quoque
1215 3185 1315 3229 est.
1345 3176 1411 3230 At
1444 3193 1548 3230 non
1576 3193 1604 3229 e
1629 3193 1897 3253 converso,

314 3267 455 3335 quod
497 3276 753 3321 teternum
810 3277 913 3329 est,
964 3268 1103 3321 idem
1161 3282 1365 3337 quoque
1418 3268 1680 3336 principio
1727 3279 1898 3325 pacat.

315 3357 510 3413 Anima
534 3360 676 3412 enim
703 3367 752 3412 et
784 3374 927 3413 mens
961 3369 1173 3413 atteram
1205 3366 1365 3421 sunt,
1395 3359 1522 3427 quia
1548 3359 1899 3425 immortales,

318 3468 411 3506 nec
423 3461 598 3507 tamen
622 3452 876 3523 principii
892 3461 1150 3520 expertes.
1173 3450 1370 3505 Omnia
1390 3453 1651 3522 siquidem
1673 3468 1706 3505 a
1728 3453 1903 3516 prima

318 3556 481 3596 causa
506 3550 627 3595 orta
668 3550 814 3595 sunt.
855 3540 981 3594 lam
1031 3555 1149 3593 vero
1204 3548 1460 3594 teternum
1515 3549 1565 3593 et
1603 3539 1904 3593 immortale

316 3638 418 3683 hac
448 3631 648 3684 ratione
665 3629 943 3697 di/ferunt,
992 3628 1133 3698 quod
1155 3628 1343 3682 aeterni
1376 3644 1563 3682 nomen
1599 3628 1901 3699 generalius

316 3725 410 3787 sit,
440 3721 758 3777 immortalis
793 3730 971 3775 autem
1016 3718 1325 3788 specialius.
1370 3716 1512 3772 Nam
1539 3718 1701 3786 juxta
1728 3720 1900 3788 genti-

318 3815 451 3870 lium
517 3813 948 3884 pltilosophorum
1005 3813 1346 3873 sententiam,
1400 3810 1465 3864 de
1506 3810 1903 3881 quibuscunque

319 3907 619 3961 immortale
648 3907 993 3975 prwdicutur,
1040 3904 1105 3957 de
1155 3903 1343 3957 iisdem
1371 3918 1576 3973 quoque
1597 3913 1850 3957 trternum
1883 3917 1902 3954 :

319 4008 377 4053 at
403 4016 508 4054 non
542 4014 728 4052 contra
752 3998 996 4051 omnibus
1018 3996 1228 4050 (uternis
1248 3996 1551 4050 immortale
1579 4010 1780 4064 quoque
1802 3995 1901 4047 ad-

314 4068 583 4166 iungitur.
620 4088 962 4145 Immortalia
994 4088 1154 4155 enim,
1204 4088 1474 4156 inquiunt,
1518 4100 1582 4139 ea
1630 4084 1902 4148 dicuntur,

318 4200 438 4255 qua:
466 4185 624 4237 vitam
648 4182 862 4245 habent,
896 4179 1196 4249 cujusmodi
1232 4187 1454 4233 mentem
1486 4186 1642 4248 atque
1666 4175 1903 4229 animam

321 4291 436 4332 esse
461 4275 721 4343 diximus,
752 4290 815 4328 ac
856 4282 1079 4327 naturas
1113 4278 1230 4340 post
1283 4269 1450 4325 Deum
1502 4270 1796 4339 proximus.
1834 4268 1904 4320 At

322 4384 443 4422 cum
463 4368 650 4420 ctelnm
680 4366 784 4435 ﬁne
813 4380 996 4418 curere
1029 4363 1233 4426 dicunt,
1273 4378 1373 4415 non
1405 4360 1766 4415 immortalem
1819 4358 1904 4412 illi

322 4470 572 4513 naturam
599 4459 859 4521 tribuunt,
894 4454 984 4509 sed
1013 4463 1288 4508 a'ternam.
1321 4453 1460 4507 Mors
1493 4455 1634 4506 enim
1674 4454 1794 4508 vim
1828 4460 1903 4507 est

322 4549 572 4617 privatio.
621 4546 753 4613 Qua:
781 4555 956 4599 autem
988 4545 1097 4598 vita
1119 4557 1449 4611 nequaquam
1494 4544 1723 4609 prwdita
1758 4552 1901 4606 sunt,

324 4642 583 4711 quomodo
607 4641 894 4692 morientur
920 4637 946 4691 7
998 4634 1188 4690 Verum
1210 4634 1374 4700 juxta
1406 4645 1668 4688 nostrates
1706 4636 1903 4688 theolo-

324 4749 417 4802 gos
460 4748 622 4785 unnm
667 4730 906 4798 idemque
936 4736 1011 4782 est
1040 4735 1296 4782 teternum
1324 4734 1375 4778 et
1400 4726 1721 4779 immortale.

393 4824 513 4878 Col.
545 4822 648 4876 627
678 4822 741 4876 (ἆ.
773 4822 938 4889 Atque
962 4819 1072 4872 hcce
1095 4816 1244 4872 nobis
1280 4817 1332 4870 in
1361 4815 1646 4883 praesentia
1677 4816 1738 4868 de
1769 4812 1900 4879 Deo,

321 4923 431 4967 etc.
472 4912 591 4977 llic,
618 4912 819 4980 inquit,
846 4912 1023 4964 oratio
1055 4908 1123 4962 de
1149 4906 1260 4962 Deo
1287 4907 1447 4960 linem
1478 4904 1695 4959 habeat.
1718 4902 1904 4971 Neque

304 4989 468 5058 ‘cmu.
498 5006 563 5057 de
590 5005 700 5057 Deo
730 5010 967 5056 tractare
1005 4998 1393 5069 proposuimus
1433 5014 1448 5050 :
1484 4996 1580 5051 sed
1623 4996 1691 5050 de
1725 4995 1904 5048 incar~

322 5097 563 5150 nationis
582 5094 814 5149 consilio
839 5103 894 5146 et
913 5092 1217 5148 meonomia
1241 5090 1537 5146 disserere.
1567 5087 1903 5144 Uliconomia

320 5197 529 5249 autem,
599 5202 726 5241 cum
788 5187 854 5240 de
894 5184 1205 5263 hominibus
1259 5183 1460 5252 agitur,
1518 5190 1602 5237 est
1651 5179 1905 5235 tractatio

322 5289 489 5348 atque
534 5278 936 5333 administratio
982 5291 1187 5340 rerum,
1236 5273 1492 5330 utilitatis
1541 5289 1766 5344 scopum
1800 5272 1903 5329 sibi

318 5384 638 5439 proponens
669 5389 684 5424 :
724 5384 847 5422 eum
878 5379 1059 5423 autem
1089 5366 1157 5420 de
1182 5366 1294 5420 Deo
1317 5380 1500 5420 sermo
1542 5365 1795 5429 habetur,
1818 5371 1904 5418 est

321 5463 630 5516 voluntaria
680 5462 1072 5532 magnitudinis
1121 5459 1353 5529 propria:
1402 5456 1685 5513 demissio.
1735 5457 1905 5511 Porro

398 5620 443 5652 "
474 5620 576 5678 lsa.
607 5639 681 5687 γι,
715 5622 771 5677 ‘2.

688 5716 964 5778 PATROL.
1007 5716 1127 5777 Gn.
1170 5713 1490 5777 CXXVII.

2003 1808 2301 1863 sartionem
2334 1806 2610 1877 fugiamus
2638 1808 2712 1879 (id
2744 1807 2889 1862 enim
2919 1806 3166 1863 defectus
3204 1817 3312 1875 est,
3344 1816 3396 1863 et
3447 1809 3585 1863 divi-

2001 1902 2444 1971 nitatisinopia),
2476 1908 2589 1954 tum
2622 1899 2872 1971 gentilem
2904 1900 3133 1956 deorum
3159 1899 3583 1967 multitudinem,

2003 2007 2127 2063 quae
2163 1994 2383 2061 quidem
2425 2006 2684 2047 excessus
2718 2000 2883 2062 atque
2914 1992 3285 2047 exuberantia:
3316 1992 3582 2046 rationem

2004 2086 2186 2141 habet.
2221 2084 2317 2140 llis
2355 2093 2537 2141 autem
2566 2085 2749 2141 verbis
2773 2093 2828 2140 et
2858 2085 2976 2139 Arii
3030 2085 3379 2151 divisionem,
3408 2095 3461 2142 et
3487 2084 3585 2141 Sa-

2005 2176 2657 2233 belliicontradictionem
2679 2175 2893 2232 evertit.
2920 2171 3131 2230 Etenim
3183 2174 3299 2229 Arii
3336 2174 3581 2231 doctrina

2004 2282 2114 2322 non
2165 2266 2453 2323 dissimilis
2482 2274 2567 2322 est
2600 2265 2933 2336 gentilismo,
2977 2274 3262 2335 propterea
3293 2267 3437 2336 quod
3469 2281 3585 2320 ma-

1998 2359 2176 2429 jorem
2227 2359 2467 2423 Patrem,
2494 2365 2549 2413 et
2585 2357 2851 2412 minorem
2888 2355 3106 2423 Filium,
3141 2365 3305 2427 atque
3326 2370 3391 2410 eo
3422 2356 3583 2412 etiam
3644 2430 3647 2431 γ

2004 2469 2204 2509 rursus
2250 2440 2565 2508 inferiorem
2605 2449 2867 2522 Spiritum
2918 2460 3169 2505 sanctum
3222 2459 3453 2506 astruat.
3485 2451 3587 2504 Sa-

2000 2541 2146 2597 bellii
2179 2549 2360 2597 autem
2410 2540 2599 2610 opinio
2639 2538 2900 2610 judaismi
2960 2537 3376 2594 similitudinem
3424 2541 3584 2611 gerit,

2000 2632 2261 2703 quoniam
2278 2646 2439 2686 unam
2463 2638 2676 2686 teritum
2705 2631 2758 2685 in
2777 2630 2889 2686 Deo
2901 2643 3190 2700 personam
3218 2646 3340 2685 esse
3356 2633 3572 2696 asserit,

2000 2737 2066 2778 ac
2089 2732 2200 2778 tres
2230 2736 2496 2792 personas
2527 2718 2839 2777 confundit.

2070 2813 2190 2869 Col.
2225 2813 2332 2870 650
2361 2814 2426 2868 Δ.
2466 2811 2557 2868 Sic
2581 2812 2831 2865 nimirum
2863 2809 3066 2866 Sancta
3115 2817 3443 2875 sanctorum,
3481 2819 3586 2866 etc.

1999 2906 2111 2971 Sic,
2146 2904 2346 2974 inquit,
2380 2902 2661 2973 proﬂigata
2687 2900 2912 2971 judaica
2950 2901 3114 2955 unius
3139 2915 3384 2970 persona:
3405 2915 3586 2956 asser-

2006 2998 2176 3061 tione,
2225 3003 2389 3064 atque
2413 2992 2632 3048 ethnica
2656 2992 2885 3047 deorum
2917 2989 3283 3057 multitudine,
3316 3005 3586 3048 veneran-

2002 3090 2085 3143 dae
2113 3086 2363 3143 essentia:
2392 3099 2639 3155 personas
2669 3085 3115 3147 introducuntur,
3146 3098 3265 3153 qua:
3288 3098 3382 3153 per
3410 3085 3587 3139 excel-

2004 3179 2224 3233 lentiam
2248 3185 2347 3231 aut
2372 3174 2807 3244 complexionem
2844 3175 3042 3227 Sancta
3061 3182 3374 3228 sanctorum
3407 3178 3590 3245 appel-

2006 3270 2207 3333 lantur,
2241 3268 2326 3322 vel
2358 3266 2538 3336 potius
2559 3265 2689 3334 quia
2720 3265 3009 3319 oculorum
3037 3277 3315 3333 aspectum
3350 3266 3586 3336 fugiunt.

2003 3356 2478 3425 Quemadmodum
2529 3353 2676 3408 enim
2711 3352 2766 3406 in
2803 3352 2975 3407 veteri
3027 3352 3400 3420 tabernaculo,
3442 3356 3589 3425 quod

2003 3448 2198 3502 ﬁxerat
2227 3447 2425 3511 Moses,
2454 3441 2686 3501 interiol’
2712 3459 2837 3514 pars
2858 3438 3022 3509 illius,
3053 3459 3216 3514 quam
3242 3444 3438 3501 Sam-ts
3456 3462 3590 3503 san-

2005 3549 2219 3595 ctorum
2246 3538 2543 3601 vocabant,
2566 3536 2682 3592 velo
2709 3536 2988 3606 tegebatur
3018 3544 3181 3606 atque
3203 3538 3544 3607 operiebatur
3570 3558 3584 3594 :

2006 3631 2086 3686 sic
2117 3632 2281 3687 etiam
2317 3640 2428 3686 tres
2452 3630 2618 3685 unius
2646 3625 2950 3685 divinitatis
2983 3642 3228 3693 personae
3261 3629 3471 3699 fulgore
3495 3629 3586 3684 illo

2005 3725 2315 3797 splenderis
2336 3740 2400 3779 ex
2421 3724 2554 3795 ipsis
2574 3724 2886 3789 exsiliente,
2909 3724 3066 3793 quasi
3098 3724 3333 3777 obducto
3347 3724 3583 3794 quodam

2005 3819 2124 3873 velo
2173 3818 2520 3887 operiuntur,
2574 3830 2640 3870 ac
2670 3828 2739 3869 ne
2782 3815 2853 3869 ab
2883 3813 3016 3884 ipsis
3049 3813 3266 3884 quidem
3301 3813 3582 3884 Serapliim

2004 3926 2166 3968 senas
2201 3912 2317 3966 alas
2359 3908 2683 3965 habentibus
2716 3906 2954 3976 spectari
2982 3911 3208 3974 queunt.
3256 3905 3477 3972 Verum,
3527 3917 3586 3960 ut

2005 4002 2401 4074 grandiloquus
2432 4000 2602 4055 Isaias
2624 3997 2782 4063 ait”,
2815 3995 3028 4050 duabus
3055 3995 3274 4065 quidem
3303 3996 3404 4050 alis
3419 3995 3585 4052 facies

2004 4109 2187 4150 earum
2217 4093 2504 4163 obtegunt,
2544 4088 2757 4144 duabus
2792 4097 2973 4142 autem
3010 4087 3192 4157 pedes,
3232 4087 3455 4158 reliquis
3488 4090 3584 4144 de-

2005 4188 2173 4258 nique
2201 4186 2416 4240 duabus
2449 4183 2635 4236 volant
2663 4195 2728 4236 ac
2757 4181 3024 4244 clamant,
3053 4178 3307 4250 Sanctus,
3344 4195 3582 4250 sanctus,

2005 4286 2222 4333 sanctus
2264 4273 2542 4337 Dominus,
2595 4269 2793 4340 triplici
2843 4269 3280 4326 sanctiﬁcatione
3332 4272 3384 4325 in
3420 4288 3584 4327 unam

2010 4367 2437 4423 dominationem
2483 4374 2712 4418 coeunte
2744 4371 2989 4417 sanetam
3021 4359 3340 4417 Trinitatem
3374 4365 3583 4419 collau.

2011 4465 2225 4518 dantes.
2281 4458 2359 4512 Ex
2390 4472 2457 4512 eo
2488 4457 2688 4511 etenim
2740 4455 2884 4526 quod
2945 4455 3103 4509 tertio
3166 4470 3349 4510 vocem
3413 4457 3583 4520 illam,

2010 4552 2257 4616 Sanctus,
2305 4558 2579 4620 repetunt,
2631 4558 2740 4603 tres
2782 4561 3048 4618 personas
3096 4546 3358 4602 indicant.
3416 4546 3491 4600 Et
3519 4562 3587 4602 eo

2007 4642 2355 4713 autemquod
2389 4642 2557 4697 semel
2587 4641 2858 4696 duntaxat
2886 4639 3100 4693 Domini
3134 4654 3318 4695 vocem
3353 4639 3585 4708 subjun-

2007 4740 2162 4802 gunt,
2212 4744 2377 4784 unam
2402 4728 2741 4783 divinitatem
2771 4727 3054 4784 declarant
3077 4745 3098 4786 ε
3120 4729 3583 4800 quemadmodum

2004 4832 2058 4877 et
2097 4836 2328 4892 magnus
2348 4821 2683 4875 Athanasius
2704 4819 2915 4875 docuit.

2077 4914 2209 4966 Ibid.
2263 4911 2528 4977 Quoniam
2556 4921 2732 4965 autem
2764 4910 2990 4966 bonitati
3018 4912 3231 4966 minime
3259 4913 3414 4973 satis,
3464 4923 3573 4967 etc.

2002 5005 2136 5059 Cum
2162 5005 2237 5059 ait
2267 5004 2576 5074 Theologus
2620 5021 2636 5058 :
2672 5002 2790 5059 Non
2818 5005 2954 5061 satis
2993 5015 3130 5071 erat,
3166 5008 3257 5062 sed
3282 5008 3583 5076 Oportebat,

2007 5112 2113 5149 non
2145 5110 2210 5151 eo
2243 5111 2406 5151 sensu
2442 5096 2545 5151 hoc
2572 5095 2733 5158 dixit,
2770 5096 2913 5163 quod
2937 5097 3044 5151 ulla
3069 5112 3128 5150 re
3154 5096 3299 5152 Deus
3323 5098 3582 5167 indigeat,

2011 5200 2201 5240 rerum
2227 5197 2286 5240 ut
2309 5187 2699 5242 exuberantem
2738 5188 2830 5241 Dei
2858 5188 3244 5258 benignitatem
3292 5189 3362 5243 ob
3394 5191 3584 5243 mulos

2010 5285 2193 5345 portat,
2223 5291 2288 5332 ac
2304 5278 2714 5332 beneficentiam
2745 5280 2900 5348 quasi
2921 5282 3283 5335 necessariam
3306 5285 3580 5346 Oslt'lltlal,

2009 5364 2211 5421 Moveri
2248 5377 2432 5420 autem
2470 5367 2638 5421 Deum
2676 5370 2812 5421 dixit
2840 5384 2946 5422 non
2976 5369 3318 5439 simpliciter,
3358 5370 3448 5425 sed
3483 5387 3581 5425 sua

2008 5457 2181 5526 ipsius
2209 5460 2690 5529 contemplatione.
2724 5458 2829 5514 Sex
2861 5460 3004 5515 enim
3043 5464 3215 5518 modis
3238 5463 3439 5533 aliquid
3472 5480 3583 5515 mo-

3190 5711 3266 5770 42
