3996 6206
351 217 493 283 i325

1317 212 1640 275 NICETAS
1682 215 1764 276 IN
1807 213 2029 274 ORAT.
2075 211 2235 272 XLII
2283 214 2344 274 Β.
2384 212 2620 274 GREG.

3473 213 3610 279 1326

349 333 547 382 lentius
603 337 702 384 est.
739 328 928 383 Unitas
985 328 1244 400 siquidem
1302 329 1466 383 unius
1529 339 1605 383 est
1633 330 1938 410 .particeps.
1974 334 2016 384 Α
2049 329 2198 382 σθαι.
2228 326 2430 382 Deinde
2471 323 2767 380 intellectili
2815 323 3019 378 mundo
3062 325 3328 394 producto
3377 332 3613 388 seusild‘

349 423 509 488 Quod
529 433 699 475 autem
735 423 998 492 particeps
1036 432 1112 476 est
1160 438 1220 476 so
1255 421 1480 491 inferius
1520 433 1619 484 est,
1653 423 1804 491 cujus
1853 433 1930 476 est

349 514 632 580 particeps.
660 510 784 566 lam
818 515 943 566 unio
980 511 1242 565 unitatum
1285 512 1588 579 conjunctlo
1645 523 1744 566 est.
1775 512 1931 578 Quod

348 617 529 658 autem
561 618 627 656 ea:
657 603 950 656 unitatibus
1004 603 1304 672 conﬁcitur,
1357 601 1768 672 haudquaquam
1801 618 1932 672 pure

348 711 512 748 unum
543 703 642 759 est,
669 705 824 762 atque
862 695 1026 748 etiam
1077 694 1435 748 multitudinis
1465 694 1722 747 rationem
1754 694 1926 749 habet.

354 783 527 837 Porro
590 799 756 837 unum
833 784 1172 840 multitudine
1232 783 1596 852 prastantius.
1655 783 1930 838 Postremo

345 892 556 940 strenas,
607 876 790 945 siquis
817 877 1027 945 proprie
1063 875 1207 946 loqui
1256 876 1400 939 uelit,
1432 891 1762 946 nequaquam
1791 877 1930 930 idem

342 976 446 1032 est,
509 967 649 1036 quod
703 982 886 1030 unum,
940 969 1030 1021 sed
1071 970 1249 1036 passio
1274 971 1540 1038 qnteduru,
1597 975 1690 1022 aut
1719 969 1928 1024 habitus

344 1059 525 1112 tutius.
560 1056 897 1112 Hansionem
945 1061 1084 1114 enim
1141 1061 1429 1129 quamdam
1489 1069 1542 1115 et
1576 1061 1928 1114 constantiam

345 1147 504 1200 unius
547 1147 808 1202 declarat.
850 1146 1024 1202 Unum
1076 1150 1215 1204 enim
1265 1150 1438 1204 solum
1489 1149 1927 1220 multiplicatum,

346 1254 508 1290 unum
533 1255 718 1293 rursus
762 1248 860 1294 est.
899 1241 968 1294 At
996 1240 1090 1294 Dei
1125 1257 1332 1307 nomen,
1371 1258 1487 1295 cum
1509 1244 1726 1312 propria
1754 1257 1929 1297 essen-

343 1328 426 1382 tia
446 1338 638 1383 cuncta
674 1330 891 1399 implere
935 1331 1286 1388 demonstrat.
1323 1331 1552 1388 Proinde
1583 1335 1794 1390 bonitas
1831 1335 1930 1390 Dei

340 1419 577 1484 qualitas
632 1433 864 1490 nonest,
919 1424 1014 1478 sed
1075 1424 1174 1480 hoc
1231 1427 1404 1496 ipsum
1449 1427 1610 1492 Deus,
1651 1438 1700 1482 et
1739 1444 1926 1483 unum.

342 1510 489 1575 Quid
523 1513 662 1567 cuius
722 1514 859 1569 Deus
918 1515 1068 1570 aliud
1111 1527 1212 1581 est,
1235 1535 1394 1590 quam
1435 1534 1700 1573 summum
1733 1520 1927 1574 bonum

341 1601 618 1671 primaque
646 1603 744 1657 illa
769 1621 930 1660 causa
981 1622 1075 1676 per
1101 1623 1257 1676 quam
1291 1607 1493 1678 reliqua
1537 1623 1740 1678 quoque
1790 1609 1925 1663 bona

341 1692 681 1760 reﬁciuntur?
712 1695 822 1749 Sua
881 1697 1053 1766 ipsius
1083 1699 1262 1752 solum
1298 1699 1759 1769 contemplatione
1810 1716 1925 1756 mo-

341 1785 480 1852 veri,
505 1787 602 1839 hoc
621 1796 723 1852 est,
759 1789 991 1842 converti
1026 1805 1089 1842 ac
1121 1788 1301 1859 colligi
1334 1791 1404 1843 ad
1441 1791 1698 1859 seipsum,
1743 1801 1926 1862 utpote

341 1870 494 1926 nulla
539 1889 594 1928 rs
646 1876 914 1942 superiore
964 1875 1076 1930 loco
1134 1878 1330 1946 posita,
1393 1878 1464 1930 ad
1507 1893 1666 1947 quam
1715 1880 1926 1934 subvehi

339 1963 552 2027 possit,-
595 1964 1036 2032 quemadmodum
1103 1966 1282 2019 anima
1339 1966 1409 2019 ad
1463 1977 1684 2020 mentem
1714 2007 1728 2031 ,
1779 1985 1924 2023 mens

341 2061 517 2107 autem
547 2053 617 2106 ad
640 2053 826 2110 Deum.
859 2053 1003 2108 Nam
1021 2057 1430 2124 compositorum
1467 2065 1515 2110 et
1553 2073 1924 2125 corporeorum

338 2145 474 2200 nihil
500 2145 554 2200 in
581 2147 810 2216 seipsum
853 2148 1032 2218 colligi
1076 2148 1292 2204 dicitur.
1313 2148 1557 2214 Quonam
1591 2151 1730 2204 enint
1769 2151 1924 2206 modo

337 2255 527 2310 corpus
553 2241 626 2295 ad
653 2258 765 2297 sese
786 2244 1136 2314 colligeretur,
1164 2260 1284 2298 cum
1325 2245 1666 2316 simplicitate
1698 2251 1924 2304 careat?

337 2339 496 2402 atque
552 2333 764 2388 etiamsi
801 2335 927 2402 quid
953 2350 1168 2406 corpore
1213 2344 1412 2400 careat,
1437 2352 1543 2390 non
1594 2347 1765 2390 tamen
1803 2355 1924 2406 pro-

334 2433 518 2494 pterea
535 2426 718 2478 statim
733 2425 785 2479 in
802 2441 912 2480 sese
929 2426 1108 2496 colligi
1120 2427 1328 2494 poterit.
1349 2424 1588 2490 Quonam
1614 2430 1751 2482 enim
1770 2429 1922 2484 modo

333 2515 625 2584 qualitates
647 2518 703 2570 in
731 2534 840 2571 sese
859 2518 1039 2588 colligi
1055 2527 1269 2589 queunt,
1294 2535 1415 2573 cum
1437 2522 1708 2590 propriam
1740 2539 1920 2578 essen-

337 2607 470 2660 tiam
493 2624 594 2662 non
614 2609 841 2664 habeant
862 2612 887 2666 Ρ
909 2609 1054 2664 Illud
1073 2626 1190 2665 sero
1207 2612 1342 2666 scire
1369 2628 1539 2673 opera:
1567 2616 1795 2681 pretium
1821 2626 1918 2678 est.

334 2699 474 2766 quod
493 2701 547 2754 in
565 2701 644 2756 his
657 2703 826 2765 rebus,
843 2718 962 2772 qute
972 2703 1067 2772 ﬁni
1076 2689 1141 2758 tui
1160 2720 1223 2757 ac
1239 2705 1378 2758 circa
1389 2707 1654 2774 inscripta:
1666 2715 1809 2773 sunt,
1830 2709 1921 2762 im-

331 2791 596 2859 perfectus
609 2803 781 2847 motus
798 2806 897 2861 est,
911 2796 967 2849 in
979 2795 1168 2864 quibus
1187 2796 1432 2850 nimirum
1451 2809 1620 2851 motus
1637 2799 1747 2866 ipse
1761 2800 1918 2868 ﬁnent

331 2895 556 2950 spectat.
582 2885 825 2955 Exempli
839 2889 1048 2958 gratia:
1070 2888 1462 2960 Motusglebaea
1499 2893 1739 2962 partibus
1765 2911 1918 2964 supe-

329 2972 560 3029 rioribus
589 2975 657 3027 ad
683 2975 961 3043 inferiores
985 2978 1324 3046 imperfectus
1347 2987 1426 3034 est
1458 2995 1476 3032 :
1495 2983 1746 3049 quoniam
1773 2999 1914 3050 eam,
1944 3005 1987 3064 ς

333 3077 454 3116 cum
472 3064 540 3116 ad
561 3076 798 3118 centrum
823 3076 978 3122 terra:
997 3070 1308 3136 pervenerit,
1337 3069 1495 3138 ﬁnem
1519 3081 1692 3125 motus
1729 3073 1919 3127 habere

332 3169 538 3208 necesse
549 3166 626 3208 est
637 3194 650 3208 .
667 3155 1026 3210 Consimiliter
1043 3159 1088 3209 si
1102 3159 1228 3226 quid
1245 3175 1309 3214 ea:
1325 3161 1378 3212 in
1386 3162 1569 3226 feriori
1577 3161 1691 3215 loco
1703 3179 1917 3216 sursum

332 3259 512 3299 uersus
535 3257 825 3311 moueatur,
855 3247 1192 3316 imperfectus
1221 3264 1422 3317 quoque
1464 3251 1547 3302 hic
1596 3263 1766 3306 motus
1796 3254 1912 3307 erit.

337 3333 483 3403 ignis
510 3336 646 3390 enim
685 3347 777 3388 aut
815 3338 954 3389 aeris
984 3349 1191 3404 partem
1225 3337 1278 3390 in
1311 3338 1514 3408 integra
1537 3356 1635 3393 sua
1655 3345 1916 3397 elementa

329 3425 564 3479 desinere
617 3441 822 3480 necesse
865 3436 961 3479 est.
1009 3425 1110 3479 llic
1140 3444 1258 3484 vero
1298 3439 1470 3482 motus
1507 3447 1612 3483 non
1671 3433 1725 3485 in
1757 3436 1915 3501 ﬁnem

331 3515 504 3568 ullum
541 3517 758 3583 desinit,
804 3519 934 3588 quin
976 3519 1150 3582 potius
1204 3521 1311 3588 ipse
1338 3521 1412 3587 id,
1469 3524 1608 3592 quod
1654 3527 1911 3595 agitatur,

331 3607 557 3662 maxime
587 3609 812 3676 perﬁcit.
848 3609 1026 3674 Quare
1067 3610 1214 3664 nullo
1273 3611 1424 3665 modo
1454 3613 1793 3684 imperfectus
1823 3618 1880 3671 di
1893 3648 1910 3658 -

330 3697 524 3752 cendus
570 3711 668 3753 est.
702 3698 1020 3770 lmperfecta
1061 3700 1274 3771 quidem
1313 3713 1394 3757 est
1447 3714 1630 3758 nostra
1663 3705 1913 3776 gignendi

332 3791 492 3854 ratio,
561 3791 985 3862 quandoquidem
1054 3794 1238 3862 factum
1303 3796 1585 3865 perfractis
1658 3802 1909 3854 maternis

327 3881 550 3935 uinculis
599 3883 654 3935 in
714 3883 882 3938 lucem
929 3885 1186 3950 exire,ac
1231 3885 1389 3954 ﬁnem
1448 3891 1704 3944 nascendi
1734 3891 1909 3958 facere

328 3985 528 4026 necesse
555 3980 657 4026 est.
692 3973 756 4026 At
783 3989 890 4026 non
919 3974 1046 4028 item
1089 3975 1402 4042 imper/ecta
1441 3974 1599 4030 Verbi
1627 3977 1726 4032 Dei
1755 3996 1909 4049 gene-

328 4061 487 4126 ratio,
519 4062 767 4131 quoniam
792 4062 938 4116 nullo
975 4063 1080 4132 ﬁne
1119 4064 1594 4120 circumscribitur.
1626 4065 1906 4124 Enimrero

332 4153 633 4207 Aristoteles
677 4153 816 4208 inter
855 4164 1028 4209 motus
1059 4155 1394 4225 imperfectos
1444 4158 1559 4211 coeli
1614 4164 1908 4216 conuersio-

331 4262 446 4300 aem
485 4246 868 4301 numerandum
914 4258 1130 4303 censet:
1176 4265 1353 4304 verum
1387 4249 1759 4306 elementorum
1784 4256 1904 4324 qui-

2037 416 2138 470 lcnt
2168 428 2359 468 rursus
2390 422 2571 466 mente
2600 411 2840 480 concipit
2897 411 3060 466 Deus.
3097 413 3229 468 Nam
3257 415 3604 484 opiﬁciurum

2031 507 2252 578 quidem
2289 507 2532 560 rationes
2560 503 2705 574 apud
2747 504 2924 573 ipsum
2965 519 3182 574 semper
3205 517 3388 576 erant,
3424 521 3610 581 utpote

2032 598 2192 653 simul
2228 597 2415 652 omnia
2476 609 2695 664 semper
2745 604 3174 663 cognoscentem
3227 615 3240 654 :
3286 609 3417 656 tunc
3476 618 3607 657 vero

2032 690 2217 745 animo
2258 688 2516 758 concepit
2551 688 2784 758 angelos
2819 688 3070 757 spiritus,
3111 689 3373 747 nimirum
3403 704 3462 749 ut
3509 710 3609 752 eos

2032 779 2384 848 produceret,
2414 778 2637 848 quando
2668 777 2785 847 jam
2839 778 3222 836 conveniebat.
3260 780 3412 838 Mens
3435 785 3606 848 enim,

2033 868 2198 938 hujus
2228 869 2598 924 univcrsitatis
2630 885 2851 938 parens.
2883 871 3064 924 omnia
3090 872 3309 940 quidem
3336 877 3607 942 parturie-

2032 960 2126 1015 bat
2160 979 2174 1015 :
2209 969 2396 1031 postea
2437 969 2616 1016 autem
2640 963 3004 1031 parturitione
3028 964 3116 1018 illa
3143 967 3463 1035 tempestive
3487 983 3607 1022 sesc

2031 1050 2341 1120 proferente
2400 1051 2733 1109 intellectilis
2784 1055 3024 1110 mundus
3068 1057 3303 1124 primum
3355 1058 3605 1114 detectus

2029 1151 2114 1198 est
2146 1157 2161 1196 :
2195 1157 2259 1198 ac
2282 1144 2478 1200 deinde
2505 1145 2595 1200 hie
2629 1160 2695 1199 ex
2717 1147 2939 1202 materia
2959 1157 3014 1202 ct
3045 1147 3220 1203 forma
3247 1155 3606 1214 constitutus.

2031 1233 2310 1302 quietiam
2343 1235 2414 1290 ob
2447 1237 2589 1291 hanc
2619 1251 2844 1292 causam
2881 1239 3181 1296 matcrialis
3211 1251 3266 1296 et
3296 1246 3606 1311 aspectabi-

2034 1326 2100 1381 lis
2130 1327 2350 1382 dicitur.
2402 1329 2496 1383 Est
2522 1335 2703 1382 autem
2739 1329 2999 1394 mundus,
3053 1341 3114 1386 ut
3155 1333 3332 1402 inquit
3376 1347 3607 1405 magnus

2030 1419 2283 1485 Basilius.
2317 1429 2518 1476 ctante
2548 1435 2671 1476 eum
2708 1421 3047 1488 Aristoteles,
3097 1427 3497 1505 coagmentatio
3540 1442 3604 1481 ex

2027 1513 2175 1568 casio
2216 1521 2274 1566 et
2307 1519 2448 1567 terra
2487 1514 2808 1581 naturisque
2869 1514 3214 1572 intermediis
3255 1531 3271 1568 :
3305 1527 3368 1572 ut
3420 1528 3603 1574 autem

2029 1602 2376 1658 Nazianzeno
2413 1605 2608 1674 placet,
2647 1605 2810 1660 etiam
2843 1609 3248 1679 coagmentatio
3279 1621 3332 1666 et
3374 1626 3603 1666 concreo

2029 1694 2128 1750 tio.
2155 1695 2568 1764 Coagmcntatio
2597 1697 2837 1766 quidem,
2876 1709 2935 1754 ut
2960 1715 3025 1754 ex
3058 1701 3146 1757 his
3190 1702 3526 1758 constitutus
3554 1713 3608 1758 et

2027 1788 2317 1857 expletus;
2353 1789 2632 1844 concretio
2661 1796 2886 1856 autem,;
2914 1791 3068 1859 quasi
3113 1793 3417 1861 permistio,
3473 1809 3605 1864 pro-

2029 1886 2150 1946 pter
2177 1878 2441 1935 elementa
2468 1894 2590 1949 qute
2630 1895 2737 1935 non
2770 1881 2944 1936 solum
2978 1884 3199 1953 prepria
3241 1885 3358 1940 loca
3384 1885 3604 1954 habent,

2025 1970 2121 2022 sed
2146 1968 2289 2025 inter
2318 1985 2376 2026 se
2405 1986 2625 2041 quoque
2657 1973 3102 2028 commiscentur.
3127 1973 3398 2041 Quoniam
3422 1986 3602 2032 autem

2025 2060 2291 2131 quidquid
2322 2062 2596 2129 laudatur,
2637 2063 2718 2118 vel
2773 2064 3075 2119 secundum
3106 2066 3381 2136 propriam
3441 2078 3602 2122 natu.

2028 2165 2144 2204 ram
2176 2140 2460 2216 laudatur,
2479 2153 2565 2208 vel
2606 2153 2908 2208 secundum
2963 2154 3284 2209 relationem
3337 2171 3502 2226 quam
3533 2155 3601 2209 ad

2026 2242 2255 2298 alterum
2279 2243 2535 2314 quiddam
2573 2245 2754 2312 habet,
2779 2245 2984 2301 idcirco
3010 2245 3320 2317 Theologus
3337 2247 3600 2306 mundum

2029 2337 2281 2392 laudibus
2319 2339 2545 2404 vehens,
2581 2353 2800 2392 omnem
2823 2337 2834 2349 '
2857 2338 3092 2394 encomii
3156 2347 3406 2394 naturam
3442 2354 3597 2394 sum-

2026 2429 2214 2483 matitn
2278 2430 2600 2499 complexus
2641 2438 2746 2496 est,
2779 2445 2901 2486 cum
2961 2429 3120 2496 dixit,
3164 2439 3372 2500 partem
3409 2445 3607 2484 unam-

2024 2536 2298 2591 quamque
2349 2521 2562 2587 mundi,
2607 2530 2663 2576 et
2705 2536 2803 2592 per
2857 2537 2918 2577 se
2973 2521 3301 2576 laudabilem
3351 2535 3493 2588 esse,
3548 2531 3605 2577 et

2024 2611 2436 2680 concinnitatis,
2492 2627 2602 2684 qua
2633 2627 2760 2668 cum
2789 2612 2964 2668 altero
2991 2612 3181 2682 juncta
3216 2622 3322 2678 est,
3365 2615 3603 2670 ratione.

2026 2701 2090 2757 Et
2122 2704 2342 2773 quidem
2403 2703 2793 2759 concinnitatis
2835 2702 3004 2759 verbo
3035 2702 3380 2761 demonstrat
3420 2713 3604 2774 partes

2022 2794 2216 2848 mundi
2280 2808 2628 2865 nequaquam
2686 2793 2832 2850 inter
2885 2808 2945 2849 se
2973 2794 3300 2850 adversari:
3347 2810 3445 2862 per
3466 2810 3604 2850 con-

2022 2892 2243 2938 centum
2307 2884 2702 2952 antem,docet
2735 2898 2848 2938 non
2889 2886 3051 2939 modo
3082 2884 3187 2942 sibi
3228 2884 3456 2940 invicem
3495 2899 3604 2942 net.

2025 2973 2329 3036 adversati,
2349 2973 2443 3028 sed
2472 2973 2846 3043 pulcherrime
2874 2974 3036 3030 etiam
3059 2976 3204 3032 inter
3218 2990 3279 3032 se
3304 2977 3603 3034 cohaerere.

2019 3063 2435 3120 Connectuntur
2463 3064 2612 3120 enim
2653 3064 2760 3118 alia
2793 3065 2939 3130 aliis,
2971 3081 3036 3120 ac
3081 3066 3326 3122 suaviter
3361 3076 3417 3122 et
3449 3077 3601 3124 tran-

2019 3153 2190 3220 quille
2254 3153 2690 3207 communicant.
2770 3153 3242 3219 Quemadmodum
3315 3158 3463 3214 enim
3541 3158 3598 3215 in

2020 3241 2230 3294 cithara
2309 3256 2374 3296 ex
2411 3243 2644 3297 diversis
2689 3243 2907 3310 quidem
2961 3244 3196 3310 fidibus,
3239 3258 3502 3303 cut-terum
3530 3255 3599 3306 ad

2019 3330 2185 3386 unius
2212 3333 2499 3386 cantilenae
2520 3333 2815 3402 perfectam
2837 3335 3266 3392 modulationem
3299 3340 3596 3396 concinen-

2019 3419 2189 3485 tibus,
2237 3420 2528 3476 harmonia
2555 3421 2846 3476 conlicitur
2891 3441 2905 3476 :
2942 3423 3131 3480 eodem
3183 3427 3348 3480 modo
3395 3426 3450 3481 in
3497 3428 3601 3484 hoc

2023 3514 2230 3568 mundo
2263 3513 2493 3568 diversa:
2523 3513 2748 3584 quidem
2773 3524 2904 3570 sunt
2937 3514 3172 3584 species,
3204 3517 3299 3572 sed
3325 3527 3506 3576 tamen
3530 3519 3602 3574 ad

2014 3605 2181 3673 hujus
2206 3605 2662 3676 complementum
2693 3605 2996 3663 concordes
3019 3617 3074 3662 et
3095 3622 3376 3664 consume.
3399 3607 3594 3666 Omnia

2015 3695 2162 3749 enim
2187 3697 2291 3767 ipsi
2317 3703 2720 3768 congruentem
2762 3696 3050 3753 utilitatem
3084 3699 3347 3768 praebent,
3386 3709 3441 3754 et
3470 3700 3598 3756 licet

2017 3788 2176 3843 locati
2209 3789 2315 3844 situ
2338 3787 2600 3845 distincta
2628 3788 2758 3854 sint,
2780 3796 2841 3844 ut
2869 3788 3160 3853 elementa,
3183 3799 3363 3844 tamen
3393 3806 3598 3862 cogas-

2017 3876 2086 3930 tis
2112 3876 2472 3932 relationibus
2501 3877 2646 3932 inter
2677 3891 2738 3932 se
2771 3892 3025 3934 connexa
3059 3886 3114 3933 et
3150 3889 3408 3935 concreta
3439 3892 3591 3948 sunt,

2009 3969 2114 4022 alia
2143 3985 2201 4024 re
2227 3969 2478 4026 videlicet
2507 3969 2574 4024 ad
2603 3969 2752 4024 aliud
2786 3971 3042 4038 quiddam
3069 3970 3299 4039 pulchre
3314 3975 3592 4041 quadrae.

2011 4070 2084 4125 te,
2147 4071 2291 4116 terra
2363 4062 2625 4116 nimirum
2686 4075 2812 4115 cum
2853 4074 2995 4130 aqua
3051 4061 3398 4131 (utriusque
3442 4065 3588 4119 enim

2011 4153 2322 4207 communis
2364 4163 2448 4207 est
2481 4151 2744 4222 gravitas,
2792 4161 2849 4207 et
2882 4151 3151 4222 frigidius
3180 4151 3199 4222 )
3231 4169 3248 4207 :
3279 4167 3420 4220 aqua
3471 4170 3592 4210 rur-

2009 4257 2134 4297 sum
2165 4256 2293 4298 cutu
2330 4255 2457 4296 aere
2487 4241 2797 4312 (perspicua
2830 4242 2977 4298 enim
3026 4253 3193 4312 atque
3249 4243 3470 4300 humida
3509 4254 3594 4302 est

327 4337 447 4391 dem
500 4345 673 4390 motus
734 4337 1066 4407 imperfectos
1108 4355 1219 4393 esse
1265 4342 1514 4407 asseruit,
1552 4343 1668 4397 caeli
1727 4356 1903 4399 autem

2019 4349 2177 4404 aqua,
2218 4333 2681 4403 quemadmodum
2711 4342 2764 4388 et
2793 4335 2909 4404 aer)
2937 4349 2954 4389 :
2988 4349 3115 4390 aere
3161 4335 3289 4390 item
3317 4351 3441 4391 cum
3466 4337 3589 4407 igne

328 4442 524 4486 motum
578 4433 889 4502 perﬁciendi
949 4434 1123 4502 potius
1154 4438 1387 4505 corporis
1439 4439 1522 4492 sui
1571 4441 1674 4493 vim
1715 4441 1906 4496 habere

326 4524 709 4592 pronuntiauit.
770 4523 945 4590 Quam
1000 4534 1177 4578 autem
1231 4540 1446 4579 causam
1495 4529 1698 4596 affert?
1759 4529 1905 4595 Quo-

326 4617 488 4682 niam,
523 4617 716 4688 inquit,
740 4617 972 4685 lapidem
1013 4618 1278 4686 agitatum
1329 4617 1400 4671 ad
1455 4627 1650 4673 terram
1705 4622 1900 4688 delabi,

324 4718 372 4762 et
404 4725 580 4764 aerem
628 4711 682 4764 in
717 4711 846 4765 locis
912 4711 1157 4764 concavis
1217 4710 1484 4765 inclusum
1525 4714 1592 4765 ad
1647 4714 1902 4785 integrum

326 4813 477 4850 suum
505 4801 816 4854 elementum
848 4801 1051 4872 subrigi
1093 4812 1320 4868 oportet.
1367 4804 1436 4857 At
1494 4802 1700 4869 calum,
1752 4807 1902 4874 finito

328 4900 489 4953 motu,
529 4907 631 4958 quo
656 4894 865 4945 tandem
895 4893 1010 4946 loco
1045 4895 1342 4950 consistet!

394 4981 512 5034 Col.
539 4981 644 5036 630
671 4981 732 5034 C.
769 4981 858 5035 Sic
885 4983 1051 5050 igitur
1091 4993 1248 5050 atque
1296 4983 1358 5036 ob
1392 4982 1486 5036 has
1533 4999 1722 5038 causas
1752 5002 1902 5038 mun-

323 5072 423 5124 dus
459 5072 527 5135 is,
570 5081 676 5126 etc.
716 5071 828 5134 Sic,
856 5070 1052 5139 inquit,
1097 5071 1148 5124 id
1189 5081 1292 5135 est,
1327 5077 1501 5141 primo
1521 5073 1711 5127 ordine
1739 5082 1901 5144 atque

323 5165 388 5216 ad
417 5176 580 5215 unum
641 5160 1060 5230 cogitationem.
1112 5172 1166 5214 et
1227 5162 1344 5216 sola
1388 5163 1643 5218 bonitate
1674 5165 1898 5230 ductus,

321 5253 539 5322 angelos
559 5252 786 5307 creavit.
825 5251 1053 5308 Modesti
1086 5262 1270 5308 autem
1302 5253 1542 5310 hominis
1577 5265 1664 5311 est
1691 5257 1898 5323 dicere,

321 5353 586 5414 quantum
623 5343 845 5412 quidem
898 5344 1012 5414 ipse
1037 5344 1107 5399 dc
1165 5345 1250 5400 his
1309 5347 1477 5401 rebus
1525 5347 1898 5416 philosophari

320 5449 482 5505 queo,
537 5435 697 5504 cujus
749 5452 873 5489 cum
933 5451 1099 5506 parva
1153 5445 1209 5490 et
1275 5438 1545 5493 imbecilla
1580 5439 1652 5493 sit
1694 5441 1896 5506 oratio,

321 5544 515 5598 magna
573 5538 756 5582 tamen
820 5535 874 5582 et
927 5529 1099 5583 ardua
1163 5531 1343 5584 metiri
1405 5542 1567 5600 atque
1606 5534 1898 5601 exquirere

319 5621 655 5694 aggreditur.
703 5621 820 5679 Hoc
858 5622 1004 5678 enim
1064 5621 1343 5692 significat
1391 5625 1618 5682 verbum
1648 5628 1893 5697 σταθμᾶ-

2011 4428 2124 4483 sive
2162 4443 2288 4481 cum
2324 4425 2528 4483 adiere
2570 4444 2584 4480 :
2637 4426 2815 4480 calida
2867 4427 3012 4481 enim
3065 4435 3120 4481 et
3153 4427 3290 4483 levia
3321 4428 3435 4482 hac
3473 4429 3588 4484 elo.-

2011 4525 2194 4572 tuenta
2227 4525 2379 4572 sunt.
2416 4515 2594 4585 Atque
2623 4514 2809 4570 omnia
2836 4515 3073 4576 invicem
3105 4516 3174 4571 ad
3222 4516 3410 4572 mundi
3449 4531 3588 4574 cou-

2005 4611 2348 4665 stitutiouem
2407 4609 2513 4663 sibi
2573 4617 2770 4663 mutuo
2834 4606 3152 4673 conferunt,
3220 4612 3386 4664 etiam
3466 4625 3588 4678 qua

2009 4702 2242 4757 maxime
2278 4701 2552 4756 contraria
2587 4701 2862 4756 videntur.
2893 4699 3032 4755 Nam
3089 4699 3235 4770 quod
3262 4700 3374 4755 ait:
3407 4702 3586 4771 Atque

2004 4791 2259 4847 omnibus
2318 4793 2385 4847 ad
2418 4793 2627 4860 omnia,
2658 4792 2741 4848 sic
2785 4792 3079 4862 intelliges.
3114 4790 3582 4858 Quemadmodum

2005 4887 2058 4939 in
2086 4897 2227 4940 terra
2261 4902 2370 4941 non
2415 4887 2594 4941 solum
2627 4895 2712 4942 est
2761 4886 2982 4943 siccitas
3035 4893 3089 4941 et
3139 4886 3442 4950 crassities,
3487 4887 3582 4940 sed

2005 4977 2170 5029 etiam
2211 4976 2429 5038 humor,
2483 4986 2539 5030 et
2573 4991 2690 5041 aer,
2720 4985 2884 5048 atque
2913 4977 3077 5032 etiam
3112 4975 3257 5047 ignis
3281 4993 3300 5031 :
3331 4976 3410 5031 sic
3439 4988 3493 5031 et
3525 4977 3582 5031 in

2004 5081 2170 5136 aqua,
2209 5076 2263 5122 et
2293 5067 2520 5137 reliquis
2565 5069 2878 5132 elementis,
2911 5068 3098 5123 omnia
3137 5069 3400 5138 reperies.
3439 5067 3578 5137 Ergo

2003 5163 2073 5223 si,
2136 5163 2220 5217 vel
2268 5162 2565 5231 separatim
2628 5160 3062 5232 unumquodque
3119 5160 3580 5226 consideraveris,

2009 5251 2094 5306 vel
2154 5262 2398 5308 mutuam
2446 5253 2772 5308 relationem
2819 5268 2924 5322 qua
2984 5253 3128 5308 inter
3177 5266 3238 5308 se
3285 5254 3578 5322 quadrent,

2004 5355 2119 5399 tum
2155 5346 2536 5408 excellentem,
2569 5345 2774 5414 inquit,
2801 5343 3050 5400 omnium
3107 5343 3439 5409 mistiouem,
3460 5354 3574 5397 tutu

2001 5440 2149 5493 omni
2187 5440 2437 5492 oratione
2497 5438 2937 5509 praestantiorem
2987 5435 3397 5492 distinctionem
3457 5450 3580 5490 esse

1999 5531 2315 5600 perspicies.
2343 5529 2544 5585 Verum
2595 5539 2654 5585 ut
2703 5529 2773 5585 ad
2839 5530 3152 5586 institutum
3210 5538 3570 5591 revertamur,

2001 5621 2166 5693 Deus,
2199 5623 2530 5694 intelligibili
2559 5625 2799 5682 essentia
2854 5634 3064 5693 creata,
3104 5624 3210 5681 hoc
3262 5633 3367 5688 est,
3410 5619 3579 5675 cueie-
