4050 6198
546 183 684 248 i327

1959 190 2340 251 ADDENDA.

3612 194 3712 259 1328

541 300 687 353 tibus
723 292 1016 347 virtutibus
1051 300 1103 346 et
1162 289 1465 355 ordinibus,
1529 290 1840 346 scttsibilem
1890 306 2111 362 quoque
2141 301 2185 356 Α
2218 305 2338 348 runt
2368 312 2429 348 ac
2458 296 2712 350 distincta
2745 305 2890 353 sunt.
2923 296 3091 353 Porro
3112 300 3301 354 mentis
3320 317 3496 356 nomen
3525 319 3717 362 nonnus-

540 399 792 443 uatoram
819 383 1085 447 condidit,
1113 382 1310 437 malum
1338 381 1586 436 videlicet
1621 396 1687 436 ac
1713 392 1937 449 terram,
1970 392 2023 438 et
2049 399 2112 438 ea

538 497 664 552 qua:
713 481 796 534 his
826 476 1196 537 continentur,
1254 482 1310 527 ut
1344 476 1659 530 ostenderet.
1710 490 1770 530 se
1814 491 1922 530 non
1957 476 2115 530 modo

538 580 826 643 cognatam
876 580 930 623 et
980 566 1339 636 propinquam
1422 566 1525 621 sibi
1584 576 1833 621 naturam
1894 565 2114 623 efﬁcere

542 677 706 733 posse
740 660 1001 730 (congrua
1036 666 1216 710 autem
1245 664 1303 711 et.
1333 665 1571 726 cognata
1606 656 1714 713 Deo
1752 667 1833 712 est
1867 674 1955 720 ea,
1993 674 2116 727 quae

540 754 812 808 rationem
835 748 1024 809 habet.
1051 759 1217 818 atque
1262 747 1544 801 intellectu
1578 751 1699 803 solo
1728 749 2112 818 comprehendi

542 842 744 916 potest)
776 858 789 895 :
824 840 919 896 sed
953 850 1007 896 et
1046 839 1359 908 longissime
1393 849 1684 903 semotam,
1715 854 1834 894 eam
1877 840 2110 907 scilicet,

539 951 663 1006 qua:
701 934 805 989 sub
838 947 1060 988 sensum
1093 932 1259 997 cadit,
1303 947 1368 988 ac
1399 933 1748 1002 petissimum
1779 949 1902 1001 quae
1932 932 2115 987 anima

541 1035 709 1083 caret.
745 1023 1068 1094 Quanquam
1096 1023 1243 1079 enim
1270 1023 1453 1078 omnia
1482 1021 1683 1077 divina:
1715 1023 1977 1079 bonitatis
2007 1023 2114 1077 ali-

541 1118 672 1190 quid
710 1118 964 1182 habeant,
988 1124 1168 1170 tamen
1207 1129 1327 1184 quae
1368 1115 1477 1169 vita
1513 1123 1721 1179 carent,
1759 1115 2024 1170 hactenus
2052 1131 2113 1168 ea

541 1212 802 1265 fruuntur
839 1206 983 1278 quod
1022 1215 1187 1272 sunt;
1224 1205 1525 1260 animantia
1583 1217 1789 1271 autem,
1842 1218 2115 1275 quatenus

537 1314 594 1359 et
637 1309 784 1363 sunt,
826 1308 880 1355 ct
925 1298 1090 1352 vitam
1128 1297 1367 1362 habent;
1421 1297 1586 1352 homo
1626 1311 1780 1365 vero,
1844 1307 2116 1368 quatenus

537 1404 593 1446 et
634 1393 769 1454 hrc,
815 1400 869 1443 et
915 1386 1181 1442 rationem
1238 1385 1463 1455 insuper
1516 1387 1717 1452 habet;
1782 1396 1835 1441 at
1888 1387 2114 1455 angelus

541 1482 901 1554 propinquior
933 1480 1116 1535 adhuc
1153 1487 1241 1535 est
1293 1477 1427 1544 Deo,
1461 1478 1660 1548 quippe
1706 1477 2111 1543 intellectualis,

538 1590 591 1632 et
626 1577 741 1631 sola
775 1584 959 1630 mente
981 1572 1374 1644 perceptibilis.

2214 402 2372 455 quam
2401 387 2465 441 de
2491 390 2670 441 anima
2702 406 2904 459 quoque
2931 392 3067 458 ipsa,
3091 401 3143 444 et
3175 394 3575 462 in3clligibtliltus
3600 415 3721 454 natu.

2214 477 2314 538 ris,
2336 492 2453 545 qua:
2480 493 2596 531 eam
2629 491 2900 548 superant,
2922 484 3248 549 praedicatur
3268 499 3287 535 :
3325 486 3570 540 interdum
3588 500 3723 543 autem

2213 572 2421 639 proprie
2450 573 2515 625 de
2543 572 2771 640 simplici
2808 583 2965 642 atque
2995 575 3306 630 indivisibili
3339 587 3521 631 natura
3552 580 3723 645 dicitur,

2216 669 2273 713 ut
2306 660 2403 713 Itoc
2440 659 2574 714 loco.
2606 660 2861 717 Nondum
2888 664 3027 717 enim
3058 666 3245 719 anima
3289 676 3423 731 erat,
3447 670 3726 740 quandoqui-

2213 751 2329 806 dem
2361 768 2456 807 nec
2479 753 2653 807 homo.
2681 754 2858 809 Missa:
2892 758 3031 809 enim
3059 758 3198 825 ﬁant
3234 763 3497 815 naturales
3519 762 3590 818 lue
3610 773 3729 833 atque

2215 847 2534 913 vegetativte,
2576 861 2693 915 quis
2739 847 3024 916 improprie
3085 850 3283 905 animat
3338 868 3518 907 nomen
3567 856 3728 909 sortite

2212 945 2360 988 sunt.
2391 937 2583 991 Anima
2609 938 2866 1008 siquidem
2899 943 2973 996 ris
3026 955 3102 995 est
3133 945 3372 1012 organici
3408 961 3620 1014 corporis
3644 964 3660 1001 :
3682 965 3729 1002 re

2214 1036 2410 1100 planta:
2447 1049 2783 1104 nequaquam
2837 1048 2959 1091 sunt
3012 1042 3302 1107 organicis,
3353 1043 3442 1095 sed
3505 1046 3729 1099 naturales

2214 1119 2500 1174 duntaxat.
2529 1120 2680 1186 Quod
2721 1131 2897 1177 autem
2944 1137 3170 1180 mentem
3200 1143 3402 1182 ontnem
3455 1144 3516 1181 ac
3563 1148 3731 1187 settstutt

2216 1225 2419 1263 omnem
2448 1226 2482 1263 a
2542 1214 2717 1280 prima
2745 1225 2918 1267 mente
2945 1226 3230 1281 procreata
3268 1234 3378 1271 esse
3420 1220 3513 1284 ait,
3564 1236 3734 1289 carpere

2215 1301 2636 1358 atqueinsectari
2664 1303 2790 1356 milti
2819 1304 2916 1359 hoc
2946 1305 3062 1359 loco
3078 1309 3314 1371 videtur,
3342 1325 3455 1362 cum
3485 1310 3733 1367 Platonicus

2216 1392 2555 1459 imposturas,
2597 1401 2707 1446 tum
2757 1409 2822 1447 ea
2845 1409 2962 1463 qua:
3001 1394 3335 1453 Jamblicltus
3383 1410 3430 1452 et
3458 1400 3733 1471 Porphyrius

2213 1489 2269 1569 et
2301 1478 2525 1534 Proclus
2568 1482 2631 1535 de
2665 1481 2961 1569 cazlestibus
3005 1484 3230 1552 splia'ris
3271 1503 3396 1541 vane
3428 1500 3568 1554 atque
3600 1493 3734 1560 inepte

2215 1564 2599 1619 disseruerunt.
2673 1564 2865 1623 Omnia
2928 1572 3093 1635 enim,
3151 1588 3269 1642 qute
3326 1574 3449 1629 luna
3506 1581 3734 1644 superiora

610 1666 728 1723 αοι,
760 1664 865 1721 65o
918 1667 977 1720 υ,
1011 1665 1287 1719 Enimvero
1336 1681 1480 1720 mea;
1513 1664 1632 1734 jam
1678 1677 1727 1720 ει
1769 1681 1972 1730 “mm,
2005 1675 2112 1720 etc,
2149 1651 2187 1708 Β
2219 1665 2365 1721 sunt,
2409 1657 2588 1710 anima
2620 1659 2848 1726 prtadita
2875 1676 2988 1715 esse
3023 1665 3460 1729 pronuntiarunt.
3494 1667 3734 1739 Theologttt

538 1759 646 1812 Per
674 1766 907 1812 tuentem
945 1756 1188 1812 bocloco
1236 1756 1631 1828 iutelligibilcm
1684 1759 1968 1822 mundum,
2010 1757 2115 1811 hoc

538 1855 621 1903 est
647 1845 895 1915 angelos,
938 1844 1238 1914 signiﬁcat;
1276 1861 1371 1915 per
1401 1861 1624 1901 sensum
1649 1858 1854 1911 autem,
1878 1846 2115 1902 sensibi-

538 1939 676 2001 lem,
704 1938 888 2008 aitque
918 1954 933 1992 :
980 1937 1045 1992 Hi
1080 1940 1188 1992 duo
1224 1938 1413 1992 mundi
1443 1938 1584 1993 inter
1625 1954 1683 1994 se
1712 1939 1931 1995 discreti
1974 1939 2112 1993 intra

537 2033 789 2103 preprios
813 2032 947 2085 lines
963 2030 1361 2096 consistebant,
1381 2031 1484 2085 hoc
1503 2041 1608 2095 est,
1636 2032 1899 2100 peculiari
1928 2033 2112 2097 modo,

538 2135 705 2195 atque
750 2123 1087 2192 impermiste
1136 2122 1329 2187 creati,
1369 2132 1578 2176 natura:
1614 2138 1727 2178 sua:
1760 2123 1899 2179 lines
1941 2124 2116 2179 haud-

541 2231 817 2287 quaquam
869 2214 1229 2271 excedebant.
1285 2212 1539 2269 Manebat
1573 2213 1716 2268 enim
1774 2214 2114 2270 intellectilis

540 2313 780 2368 mundus
803 2311 857 2365 in
895 2326 997 2365 suo
1029 2309 1157 2376 line,
1193 2308 1452 2364 nimirum
1484 2317 1546 2364 ut
1566 2308 1900 2364 intellectilis
1937 2311 2113 2364 solum

538 2411 690 2459 esset
736 2421 751 2457 :
805 2416 870 2458 ac
931 2415 1124 2455 rursus
1171 2399 1450 2456 sensibilis
1505 2399 1557 2453 itt
1607 2414 1708 2455 sua
1761 2403 2155 2470 permanel-at.

543 2504 758 2559 natura,
788 2501 1111 2560 tantumque
1150 2490 1430 2546 sensibilis
1486 2499 1627 2547 erat.
1678 2489 1852 2546 Porro
1887 2500 2115 2561 uterque

545 2586 883 2641 bonitatiset
908 2583 1164 2654 potentias
1203 2580 1324 2635 Filii
1364 2581 1456 2638 Dei
1489 2584 1754 2639 creatoris
1782 2585 1867 2639 sui
1904 2586 2115 2654 magni-

547 2678 820 2731 ﬁcentiam
876 2675 931 2729 in
960 2675 1143 2745 scipso
1178 2674 1387 2729 ferebat
1446 2681 1611 2744 atque
1652 2675 1999 2740 ostendebat,
2052 2689 2117 2728 ac

548 2782 645 2837 per
684 2767 1152 2822 constructionem
1180 2766 1262 2822 sui
1291 2774 1453 2835 atque
1484 2766 1730 2821 ordinem
1759 2765 1938 2822 tat-itis
1966 2766 2115 2820 voci-

545 2861 650 2913 bus
684 2859 933 2928 epilicem
966 2858 1315 2927 praedicabat,
1378 2858 1535 2927 juxta
1580 2858 1710 2912 illud
1747 2857 1919 2913 :Caeli
1955 2874 2114 2912 enar-

544 2962 665 3005 rant
706 2949 936 3020 gloriam
985 2949 1078 3004 Dei
1101 2947 1185 3013 “;
1219 2957 1384 3018 atque
1436 2951 1600 3004 etiam
1660 2950 1815 3019 juxta
1859 2950 1912 3004 id
1963 2951 2108 3020 quod

544 3041 807 3111 scriptum
835 3049 919 3094 est
954 3039 1008 3093 in
1071 3039 1210 3094 libro
1243 3039 1537 3109 Sapientia:
1568 3057 1582 3092 :
1613 3038 1697 3093 Ea:
1749 3039 2116 3109 magnitudine

542 3141 592 3186 et
699 3130 1094 3202 pulchritudine
1186 3146 1364 3185 rerum
1445 3141 1747 3184 creaturam
1781 3169 1795 3192 ,
1889 3128 2117 3184 collatus

543 3242 664 3279 cum
735 3225 810 3277 eis
862 3239 1046 3277 earum
1107 3221 1344 3290 effector,
1403 3238 1467 3275 ac
1544 3222 1840 3287 fabricator
1904 3222 2116 3290 conspi—

541 3316 767 3371 citur".
813 3314 979 3385 Igitur
1034 3313 1087 3368 hi
1136 3312 1247 3366 duo
1300 3314 1484 3367 tnundi
1548 3316 1686 3367 inter
1741 3329 1800 3370 se
1856 3314 2116 3384 disjuncti

543 3418 701 3466 erant
731 3422 795 3462 ac
830 3404 1255 3471 circumscripti.
1292 3402 1549 3459 Nondum
1594 3415 1776 3460 autem
1831 3407 2119 3474 utriusque

545 3507 1034 3570 temperamentum
1110 3495 1280 3549 ullum
1344 3505 1483 3560 erat,
1546 3505 1641 3549 aut
1716 3496 2118 3551 contrariorum

545 3590 797 3644 mistura.
861 3586 1148 3640 Contraria
1216 3585 1360 3637 enim
1423 3595 1553 3639 sunt
1596 3600 1750 3638 mens
1796 3596 1852 3639 et
1900 3600 2117 3647 sensus.

542 3681 710 3747 idque
742 3677 889 3745 quod
921 3674 1146 3728 materia
1182 3682 1483 3738 constat,et
1513 3674 1659 3742 quod
1691 3673 1914 3729 materia
1946 3683 2114 3730 caret.

542 3769 752 3826 Idcirco
782 3775 961 3819 autem
995 3763 1392 3830 temperamenti
1452 3765 1620 3819 verba
1670 3780 1803 3821 usus
1857 3776 1963 3832 est,
1989 3769 2117 3838 quia

541 3875 639 3930 per
680 3871 899 3914 omnem
946 3855 1188 3911 hominis
1228 3855 1396 3909 vitam
1435 3855 1654 3910 animus
1702 3872 1733 3910 a
1766 3871 1994 3928 corpore
2034 3860 2115 3915 di-

540 3951 651 4007 vidi
679 3959 732 4006 et
762 3947 1012 4019 separari
1072 3960 1183 4001 non
1219 3954 1418 4017 potest.
1470 3943 1717 4002 Histurte
1762 3963 1894 4003 vero
1924 3964 2117 4005 nomen

541 4044 758 4113 adjecit,
810 4049 1032 4110 prapter
1089 4055 1243 4094 eam-
1273 4040 1673 4110 separationem
1734 4056 1899 4111 quam
1960 4056 2112 4098 mors

544 4138 718 4193 aﬂ‘ert.
762 4136 896 4189 Nam
950 4150 1071 4204 qua:
1111 4143 1510 4203 temperantur,
1548 4135 1952 4204 separationem
2013 4151 2113 4190 ne-

544 4231 751 4291 sciunt,
787 4233 847 4278 ut
868 4224 1054 4277 vinum
1091 4232 1144 4277 et
1186 4239 1327 4294 aqua
1362 4240 1376 4277 :
1417 4240 1540 4294 quae
1567 4235 1748 4280 autem
1793 4228 2117 4291 miscentur,

2221 1758 2396 1801 autem
2428 1754 2658 1802 nondum
2695 1752 2961 1806 exstitisse
3020 1755 3265 1810 animam
3297 1759 3459 1823 docet,
3503 1777 3606 1815 cum
3646 1764 3733 1830 iatn

2216 1838 2437 1907 splttet‘te
2471 1856 2649 1894 omnes
2679 1852 2871 1896 creata:
2913 1858 3113 1901 essent.
3143 1845 3270 1901 1am
3325 1865 3438 1904 vero
3468 1852 3545 1904 ltic
3581 1852 3738 1922 opiﬁcii

2222 1944 2408 1983 moans
2454 1931 2690 1986 diversus
2739 1943 2816 1986 est
2850 1934 2914 1987 ab
2947 1951 3031 1999 eo,
3076 1955 3236 2006 quem
3280 1940 3444 1997 στωιὶ
3495 1943 3733 2013 philosophi

2222 2021 2584 2076 introducunt.
2621 2023 2765 2078 Nam
2814 2026 2919 2089 illi,
2974 2042 3067 2082 nec
3131 2030 3339 2099 Deum,
3380 2049 3466 2088 nec
3515 2045 3732 2100 naturaet,

2222 2112 2520 2167 immediate
2545 2114 2828 2185 quidquam
2856 2118 3030 2185 facere
3060 2113 3328 2192 asserunt,
3366 2142 3429 2180 ac
3454 2126 3645 2195 proinde
3666 2143 3733 2180 nec

2221 2212 2334 2269 post
2363 2214 2587 2258 mentem
2621 2207 2867 2274 protinus
2920 2228 3136 2266 sensum
3171 2215 3410 2285 gignunt,
3438 2218 3520 2271 sed
3553 2220 3732 2286 primum

2222 2292 2529 2354 tle-ilurmem
2560 2305 2802 2362 mentem,
2834 2301 3021 2355 deinde
3049 2318 3118 2369 pa
3131 2306 3451 2372 rticularem,
3473 2324 3556 2363 nec
3581 2310 3731 2362 dicitur

2225 2385 2410 2439 mentis
2449 2389 2783 2457 participem,
2830 2402 2945 2457 post
2988 2397 3226 2453 animant
3279 2402 3457 2453 mentis
3481 2410 3732 2467 compotem,

2223 2482 2332 2527 tum
2370 2476 2676 2545 simpliciter
2713 2482 2970 2548 animum,
3001 2496 3190 2549 postea
3223 2497 3487 2559 naturam,
3525 2489 3731 2558 atqueits

2221 2574 2482 2631 postremo
2540 2582 2775 2623 sensum.
2812 2572 2879 2623 At
2929 2589 3159 2643 magnus
3218 2576 3302 2630 hic
3363 2576 3516 2632 Pater
3560 2578 3730 2631 summit

2223 2656 2430 2708 naturis
2452 2660 2742 2726 procreatis
2776 2661 2853 2715 ita
2881 2663 3090 2718 demum
3123 2669 3333 2723 medias
3367 2686 3400 2723 a
3433 2667 3528 2724 Dea
3578 2668 3730 2736 prode-

2226 2760 2339 2801 clas
2374 2765 2481 2804 esse
2512 2753 2607 2829 ait.
2635 2751 2846 2807 Etenim
2881 2766 2938 2808 ut
2969 2757 3051 2810 illi
3072 2762 3337 2816 rationem
3364 2763 3725 2824 ineunt,natsre

2224 2840 2397 2893 ordini
2409 2839 2663 2897 subservit
2688 2843 2825 2900 Deus
2841 2860 2860 2897 :
2874 2856 2928 2901 ut
2945 2857 3120 2903 autem
3144 2853 3294 2905 docet
3333 2854 3416 2906 hic
3440 2850 3729 2916 aestuantis

2222 2949 2380 3000 quam
2431 2934 2485 2986 in
2534 2950 2709 2990 rerum
2743 2939 3007 2993 creatione
3048 2945 3246 3011 tenuit,
3277 2953 3476 2998 naturae
3513 2942 3626 3012 leges
3661 2954 3731 2995 stt-

2144 3001 2189 3060 θ
2217 3030 2388 3091 perat.

2288 3114 2407 3167 Col.
2439 3114 2537 3169 631
2576 3116 2641 3171 A.
2684 3118 2796 3173 [loc
2827 3121 2989 3190 igitur
3017 3140 3136 3178 cum
3172 3127 3367 3196 artifex
3408 3126 3626 3188 Verbum,
3647 3108 3725 3174 etc.

2219 3202 2527 3271 Quoniam,
2617 3209 2834 3279 inquit,
2899 3216 3310 3271 contrariorum
3382 3215 3723 3287 permistionent

2220 3294 2334 3348 ﬁeri
2368 3298 2678 3367 Oportebat,
2717 3316 2782 3357 ac
2833 3304 2994 3359 veluti
3050 3310 3469 3365 commissuram
3490 3304 3722 3377 quamdam

2217 3391 2272 3437 ct
2312 3388 2715 3456 colligationem
2779 3393 3009 3449 visibilis
3069 3405 3123 3451 ct
3196 3399 3477 3454 invisibilis
3549 3405 3721 3455 natura.

2220 3474 2380 3530 talem
2420 3478 2695 3534 hominem
2756 3484 2999 3538 condidit
3030 3483 3208 3543 Filius
3241 3488 3356 3551 Dei,
3381 3487 3565 3543 animal
3600 3495 3722 3538 unum

2217 3585 2283 3622 ex
2326 3569 2542 3626 duabus
2597 3573 2813 3628 naturis
2866 3578 3232 3645 compositum
3270 3590 3428 3649 atque
3466 3576 3722 3635 conﬁatunh

2219 3675 2418 3731 corpus
2464 3662 2684 3731 quidem
2723 3680 2791 3718 ex
2822 3674 2996 3732 terra,
3024 3684 3148 3738 qua:
3182 3671 3297 3738 jam
3337 3680 3507 3726 creata
3533 3676 3631 3723 erat
3663 3662 3721 3716 el-
3758 3704 3765 3713 .

2220 3753 2450 3822 “"8005.
2492 3769 2523 3807 a
2548 3755 2731 3825 scipso
2761 3764 2944 3812 autem
2973 3758 3310 3827 spiraculum
3341 3762 3581 3817 inserens.
3607 3749 3722 3820 Quod

2220 3855 2398 3898 autem
2431 3845 2584 3911 dicit,
2630 3863 2664 3899 a
2698 3848 2891 3916 seipse,
2941 3865 3050 3905 non
3105 3851 3253 3909 idem
3287 3853 3539 3924 signiﬁcat
3563 3844 3721 3918 quod!

2221 3949 2318 3988 sita
2373 3935 2725 4000 substantia,
2777 3941 3239 4009 quemadmodum
3306 3942 3542 4009 nonnulli
3587 3938 3722 3993 dicere

2220 4024 2341 4077 ausi
2378 4036 2527 4089 sunt,
2563 4026 2658 4080 sed
2692 4026 2761 4081 ab
2793 4027 3070 4084 ell‘ectrice
3103 4045 3159 4086 et
3198 4031 3524 4088 fabricatrite
3543 4042 3625 4084 sua
3655 4038 3722 4091 W'

2221 4114 2409 4168 tentia.
2459 4116 2670 4186 Corpus
2718 4118 2864 4173 enim
2916 4135 2984 4175 ex
3035 4123 3353 4194 sulijacente
3391 4112 3722 4181 materia,ani-

2220 4221 2361 4260 mam
2395 4218 2575 4262 autem
2607 4224 2637 4263 a
2666 4211 2815 4266 nulla
2848 4226 2906 4266 re
2940 4217 3196 4284 sumpsit,
3224 4218 3315 4272 sed
3344 4231 3407 4271 es
3440 4211 3589 4268 nihilo
3606 4216 3723 4260 crea-

543 4328 773 4390 possunt
816 4315 1080 4385 separari,
1142 4326 1202 4369 ut
1258 4317 1503 4370 triticum
1541 4325 1594 4369 et
1629 4317 1913 4372 hordeum.
1947 4318 2115 4372 Porro

2224 4302 2316 4354 rit.
2378 4301 2562 4357 Multis
2611 4313 2793 4358 autem
2867 4308 3182 4366 nominibus
3241 4311 3524 4381 appellatur
3564 4303 3719 4392 annuit-

545 4409 662 4463 haec
696 4406 1098 4461 contrariorum
1136 4405 1365 4461 mistura
1416 4406 1644 4475 majoris
1693 4406 1974 4476 sapientia:
2017 4408 2113 4462 Dei

546 4499 763 4567 signum
788 4495 1000 4551 editura
1030 4503 1170 4560 erat,
1200 4506 1366 4564 atque
1391 4505 1711 4566 argumento
1739 4496 1945 4563 futura,
1970 4495 2117 4566 quod

545 4589 730 4644 varias
746 4589 909 4642 etiam
941 4598 995 4641 et
1025 4587 1356 4655 multiplices
1391 4594 1615 4640 naturas
1650 4586 1870 4642 allicere
1915 4597 2119 4655 posset,

548 4695 612 4732 ac
643 4676 878 4745 profusa:
905 4676 1080 4745 ipsius
1104 4675 1366 4730 bonitatis
1396 4673 1670 4744 specimen
1699 4675 2029 4730 exhibitura.

617 4765 877 4820 PsELLus.
907 4760 1060 4817 Mens
1114 4770 1169 4815 et
1214 4776 1429 4817 sensus.
1466 4759 1744 4815 Parentem
1785 4762 1943 4828 huius
1996 4764 2115 4817 uni-

543 4855 811 4910 versitatis
837 4852 1082 4907 selectant
1139 4863 1187 4906 et
1247 4852 1537 4921 principent
1596 4860 1817 4906 mentem
1871 4868 2004 4918 esse,
2036 4854 2115 4908 uel

542 4946 719 5013 potius
747 4944 938 5007 Deum,
967 4953 1015 4997 et
1050 4941 1277 5007 Bonum,
1314 4953 1361 4994 et
1397 4940 1593 5007 Unum,
1626 4946 1799 4998 omnia
1823 4960 1938 5013 qua:
1968 4956 2112 5011 sunt,

545 5042 595 5086 et
638 5032 766 5086 nihil
788 5048 971 5086 eorum
997 5048 1111 5102 qua:
1145 5043 1286 5096 sunt,
1309 5045 1355 5084 et
1403 5048 1563 5101 supra
1590 5049 1651 5086 ea
1673 5050 1789 5104 qua:
1811 5045 1957 5101 sunt,
1982 5046 2030 5087 et
2062 5035 2115 5086 in

548 5123 614 5175 iis
647 5136 764 5191 qua:
798 5131 919 5174 sunt
964 5122 1352 5174 existimamus.
1382 5120 1521 5192 Ergo
1571 5122 1626 5195 in
1665 5123 1759 5175 ltoc
1800 5140 1903 5177 uno
1937 5125 2113 5176 omnia

545 5214 775 5278 inerant,
810 5223 920 5265 tam
946 5214 1299 5277 intelleclilia,
1329 5230 1489 5282 quant
1519 5215 1758 5279 sensilia,
1791 5231 1880 5268 nec
1905 5231 2115 5284 separa-

546 5302 662 5369 tim,
695 5314 786 5353 nec
827 5301 1061 5370 confuse.
1101 5303 1280 5373 Neque
1331 5308 1488 5369 enim,
1533 5316 1585 5356 ut
1633 5302 1751 5367 illa,
1785 5304 1876 5357 sed
1908 5314 1963 5356 ut
2001 5304 2111 5369 ille,

545 5393 849 5462 liujusmoii
888 5397 1014 5464 uitio
1063 5406 1199 5451 erat.
1267 5393 1441 5461 Igitur
1483 5411 1601 5447 cum
1642 5395 1821 5448 omnia
1881 5396 1934 5448 in
1975 5393 2111 5459 Uno,

546 5485 684 5554 quod
723 5494 844 5537 ante
866 5487 1045 5539 omnia
1071 5497 1168 5547 est,
1207 5486 1365 5539 simul
1395 5495 1591 5552 essent,
1626 5496 1806 5556 postea
1845 5501 2117 5553 processe-

618 5606 663 5637 η
694 5605 842 5663 Psal.
879 5622 1034 5676 an,
1074 5608 1122 5662 l.
1202 5606 1395 5677 "Sap.
1435 5624 1555 5677 sm,
1591 5607 1644 5663 5.
1726 5611 1767 5642 "
1806 5609 1942 5667 Gen.
1977 5627 2038 5683 tt,
2073 5612 2126 5668 7.

1202 5606 1395 5677 “Sap.
1435 5624 1555 5677 sm,
1591 5607 1644 5663 5.

2227 4393 2432 4446 Dicitur
2457 4394 2601 4447 enim
2645 4396 3005 4465 spiraculum,
3052 4400 3213 4469 juxta
3260 4402 3389 4456 illud
3426 4417 3439 4452 :
3476 4384 3719 4461 Insania?“

2219 4485 2272 4536 in
2326 4484 2516 4552 faciem
2572 4486 2688 4555 ejus
2741 4490 3070 4557 spiraculum
3122 4493 3337 4548 vitaz“.
3375 4490 3566 4545 Dicitur
3599 4484 3720 4536 etiam

2220 4572 2423 4638 anima,
2469 4585 2527 4629 ut
2566 4576 2669 4631 hoc
2716 4577 2837 4632 loco
2872 4594 2887 4631 :
2923 4580 2992 4633 Et
3019 4582 3200 4650 {actus
3230 4594 3307 4637 est
3339 4582 3392 4635 in
3414 4579 3635 4633 “animant
3662 4569 3719 4621 ri-

2220 4673 2418 4717 rcntem
2450 4666 2516 4719 ".
2546 4665 2678 4721 Item
2719 4668 2901 4737 imago
2928 4670 3020 4726 Dei
3048 4684 3296 4741 voeatur,
3328 4674 3473 4744 juxta
3500 4665 3610 4722 illud
3631 4680 3643 4714 ε
3662 4653 3719 4710 Ad

2218 4755 2501 4825 imaginem
2538 4757 2661 4825 [erit
2687 4774 2803 4812 eum
2835 4760 2898 4814 ⁸⁸.
2941 4762 3113 4816 Porro
3146 4765 3276 4819 illud
3304 4781 3317 4817 :
3353 4764 3429 4817 Ad
3461 4755 3718 4824 imaginrtll;

2222 4848 2556 4917 intelligendi
2615 4853 2722 4904 vim
2782 4853 3104 4924 arbitriique
3156 4857 3452 4912 libertatem
3500 4841 3713 4903 ostendit;

2225 4940 2296 4994 ad
2330 4942 2735 4995 similitudinem
2780 4954 2987 5012 autem,
3020 4949 3259 5012 virtutis,
3285 4944 3452 5016 quoad
3495 4940 3595 5008 ejus
3631 4938 3717 4983 Iw”

2224 5042 2422 5100 potest,
2459 5031 2848 5087 imitationem.
2881 5033 3305 5091 Inlcllectualcm
3337 5043 3502 5089 aulum
3529 5024 3713 5079 animat"

2222 5120 2529 5190 Theologus
2564 5124 2735 5188 dixit,
2764 5123 2830 5178 ad
2863 5125 3224 5182 diﬂ'erentiam
3258 5127 3445 5181 animae
3484 5116 3713 5171 hrutorutu

2221 5215 2599 5279 animantium,
2618 5232 2738 5285 qua:
2760 5218 3034 5273 sensibilis
3056 5228 3162 5274 est.
3193 5219 3281 5274 Sic
3313 5218 3462 5287 igitur
3482 5208 3557 5261 Dei
3582 5198 3711 5255 Filius

2224 5306 2496 5359 hominem
2538 5306 2869 5372 labricatus,
2902 5309 3056 5377 quasi
3100 5313 3264 5365 altum
3297 5311 3561 5377 quemdam
3588 5300 3710 5345 iuun-

2221 5400 2348 5451 dum
2380 5398 2446 5450 ab
2472 5412 2536 5449 eo
2562 5398 2655 5466 qui
2690 5409 2907 5467 aspectu
2955 5404 3206 5467 sentitur,
3236 5403 3402 5470 ipsum
3430 5397 3555 5448 ineo
3580 5380 3710 5435 60W

2228 5500 2335 5556 cal,
2374 5503 2629 5556 magnum
2667 5489 2924 5544 nimirum
2958 5492 3012 5546 in
3051 5508 3231 5549 nat'vo.
3268 5470 3711 5546 Ιὲειιιυςςίιυδθηίω.

2204 5614 2245 5647 δ’
2277 5611 2412 5668 lhid.
2490 5607 2534 5643 ⁸⁸
2559 5608 2694 5665 Gen.
2734 5625 2771 5677 ι,
2800 5611 2890 5665 27.
