4050 6198
354 334 488 404 i329

1312 343 1632 405 NICETAS
1678 344 1757 404 ΙΝ
1799 342 2026 404 ORAT.
2070 344 2238 407 XLII
2280 346 2341 410 S.
2384 352 2612 411 GREG.

3463 324 3619 415 1330'

352 493 477 532 eum
510 481 710 533 mundo
735 477 789 533 in
820 480 1105 536 oculorum
1130 497 1352 539 sensum
1385 484 1614 540 cadente
1636 485 1912 539 hominem

2024 467 2301 532 astrinxit,
2332 484 2395 522 ac
2455 485 2549 539 per
2603 478 2832 523 mortem
2890 476 3126 538 separat,
3182 483 3485 538 rursusque
3542 472 3597 524 in

347 585 692 637 comparans,
714 573 910 642 μικρὸν
931 574 1157 648 κόσμον,
1182 576 1233 631 id
1273 586 1357 632 est
1392 595 1613 649 parvum
1638 579 1916 652 mupdum,

347 674 472 745 etim
504 660 839 724 nominabat,
866 665 1009 719 velut
1033 680 1097 719 ex
1127 665 1316 722 mundi
1347 667 1632 724 elementis
1660 678 1917 724 constan-

350 763 476 805 tem.
531 753 599 806 At
646 756 921 809 contrario
962 757 1123 827 plane
1179 759 1340 812 modo
1389 773 1621 830 magnus
1678 758 1916 813 mundus

346 843 511 896 homo
541 843 807 901 dicendus
837 857 941 910 est,
974 858 1159 919 utpote
1187 850 1278 918 qui
1311 859 1364 904 et
1391 866 1452 905 ea
1478 852 1659 905 omnia
1696 850 1913 917 habeat,

345 951 466 1003 qua!
497 937 774 993 sensibilis
822 940 1079 1006 mundus,
1111 955 1174 995 ae
1205 952 1463 1011 praeterea
1498 941 1916 997 intellectualem

345 1037 399 1081 et
424 1027 741 1081 rationalem
771 1030 1036 1096 animam,
1066 1032 1136 1087 ob
1167 1047 1329 1101 quam
1361 1041 1415 1087 et
1446 1033 1670 1102 angelus
1702 1048 1920 1104 quoque

347 1118 490 1173 alius
513 1129 614 1183 est,
648 1118 739 1174 Dei
785 1122 1062 1187 adorator,
1099 1125 1292 1180 mistus
1331 1140 1396 1179 ex
1427 1126 1641 1183 duabus
1683 1126 1912 1190 naturis,

348 1209 619 1265 visibilem
666 1212 886 1280 quidem
921 1227 1172 1270 naturam
1198 1257 1213 1281 ,
1252 1217 1305 1271 in
1339 1233 1557 1272 sensum
1606 1219 1914 1283 cadentem,

348 1303 521 1358 oculis
561 1318 835 1359 cernens:
878 1306 1236 1378 intelligibilia
1294 1319 1472 1363 autem
1532 1325 1597 1364 ac
1675 1311 1918 1366 cmlestia

348 1410 456 1449 non
502 1410 758 1458 cernens,
794 1397 890 1452 sed
923 1398 993 1454 iis
1037 1400 1302 1463 initiatus,
1328 1413 1382 1456 et
1435 1418 1622 1458 eorum
1675 1403 1918 1473 quidem,

346 1503 468 1556 (μην
497 1502 527 1539 a
572 1486 680 1540 Deo
719 1487 772 1541 in
822 1497 962 1543 terra
1003 1492 1220 1545 condita
1268 1504 1396 1547 sunt
1428 1495 1792 1563 principatum
1830 1512 1919 1564 ge-

346 1591 492 1639 rens,
536 1577 647 1642 ipse
685 1588 866 1632 autem
915 1580 1006 1633 Dei
1050 1581 1276 1649 imperio
1325 1585 1644 1654 subjectus,
1677 1586 1920 1640 mortalis

300 1680 307 1687 '
344 1667 776 1737 ima-ortalisquc
827 1684 1032 1725 natura:
1075 1676 1325 1728 continis.
1366 1676 1571 1729 Medius
1612 1677 1753 1731 inter
1806 1693 1919 1731 ma-

343 1759 678 1828 gnitudinem
708 1763 1166 1827 ethnmilitatem,
1201 1768 1282 1820 vel
1325 1778 1382 1823 ut
1416 1769 1556 1824 inter
1590 1770 1912 1825 immortali-
1947 1788 1996 1849 Β

344 1859 510 1905 tatem
544 1861 599 1906 et
625 1856 1008 1910 mortalitatem
1044 1857 1274 1925 pasitus,
1312 1873 1376 1913 ac
1409 1874 1510 1914 nec
1543 1859 1646 1915 hoc
1680 1862 1916 1932 praprie,

345 1958 446 1998 nec
481 1944 612 1999 illud
644 1946 926 2015 (utrinque
959 1950 1106 2003 enim
1149 1950 1407 2005 libratum
1440 1968 1564 2007 eum
1596 1953 1737 2009 Deus
1765 1970 1919 2009 crea-

353 2033 450 2099 vit,
487 2034 739 2090 videlicet
770 2036 1070 2094 observans
1098 2050 1274 2095 utram
1328 2040 1380 2095 in
1429 2049 1635 2110 partem
1683 2058 1918 2114 propen-

350 2122 499 2194 deat)
542 2125 622 2180 vel
667 2134 725 2180 ut
749 2127 911 2182 simul
936 2136 990 2183 et
1022 2130 1411 2198 magnitudinis
1456 2141 1664 2187 natura:
1706 2134 1916 2188 intelle-

344 2216 486 2272 ctilis
538 2227 592 2273 et
642 2218 968 2276 humilitatis
1026 2230 1234 2276 natura:
1295 2221 1566 2278 sensibilis
1618 2225 1915 2295 particeps.

342 2311 520 2378 Atque
548 2311 686 2366 idem
744 2313 972 2382 spiritus
1010 2323 1062 2367 et
1100 2328 1230 2368 caro
1260 2323 1362 2370 est.
1407 2313 1645 2383 Spiritus
1694 2318 1912 2386 quidem

343 2398 526 2477 anima
554 2409 639 2456 est
663 2411 881 2472 propter
903 2403 1161 2472 gratiam,
1195 2411 1252 2456 ttt
1282 2404 1607 2459 immortalis
1629 2405 1725 2471 sit,
1761 2408 1918 2459 tanti-

342 2503 448 2557 que
476 2490 724 2546 beneticii
757 2505 1037 2548 auctorem
1070 2493 1254 2548 laudet
1284 2513 1297 2549 :
1330 2508 1460 2549 caro
1489 2503 1668 2550 autem
1698 2509 1917 2565 propter

341 2580 693 2649 superbiant,
754 2594 814 2637 ut
869 2598 965 2653 per
1016 2598 1215 2652 corpus
1258 2584 1516 2653 patiatur,
1548 2600 1612 2639 ac
1657 2586 1915 2655 patiendo

339 2670 757 2736 submoneatur.
796 2673 942 2742 quod
976 2683 1119 2729 terra
1164 2684 1266 2737 est.
1293 2683 1458 2745 atque
1486 2676 1583 2741 ita,
1617 2678 1663 2733 si
1699 2678 1917 2746 quando

339 2769 560 2832 propter
599 2772 836 2819 mentem
866 2765 1159 2831 ederatur,
1209 2773 1429 2836 propter
1454 2774 1658 2823 terram
1687 2768 1914 2840 dejicia-

339 2863 453 2909 tur.
486 2854 706 2910 Animal
754 2857 807 2912 in
840 2860 1090 2926 praesenti
1139 2859 1359 2928 quidem
1406 2860 1517 2917 vita
1568 2875 1665 2932 per
1707 2871 1911 2917 certam

341 2946 740 3014 providentiam
774 2949 960 3005 vivens
1005 2960 1058 3005 et
1102 2951 1463 3020 gubernatum
1501 2968 1517 3006 :
1551 2953 1617 3006 ad
1668 2953 1912 3008 futurum

340 3046 523 3093 autem
543 3041 807 3094 secutum
846 3040 1266 3110 transmigrans.
1307 3041 1462 3108 Quod
1501 3042 1545 3096 si
1575 3042 1699 3112 quis
1723 3044 1911 3099 dicat:

2022 560 2427 616 resurrectione
2456 562 2831 628 excellentius,
2884 578 3045 631 quam
3099 562 3275 632 primo
3306 562 3399 614 illo
3431 578 3597 619 nexu.

2020 652 2424 707 constricturns
2465 662 2569 718 est,
2610 653 2737 722 quia
2772 655 2882 723 jam
2935 667 3032 708 nec
3087 653 3192 708 ulla
3229 653 3450 717 solutio,
3502 669 3601 707 nec

2022 744 2341 810 coniunctio
2374 744 2554 798 futura
2585 754 2689 801 est.

2093 833 2209 889 Col.
2238 834 2334 889 63l
2368 833 2427 887 Β.
2464 835 2596 890 Illud
2638 843 2698 890 ut
2744 844 2981 900 maneat,
3028 845 3128 889 etc.
3175 826 3453 888 Auimain
3488 844 3596 887 sta-

2023 925 2228 980 bilitate
2254 937 2302 979 et
2334 929 2633 981 constantia
2664 936 2818 997 atque
2839 928 3114 981 identitate
3143 927 3357 981 condita
3388 927 3601 997 fuerat;

2023 1031 2216 1081 corpus
2258 1025 2432 1070 autem
2470 1018 2523 1070 in
2555 1019 2847 1071 mutatione
2873 1029 3030 1089 atque
3061 1019 3397 1073 alteratione.
3432 1019 3601 1088 Atque

2024 1118 2079 1160 ut
2116 1108 2170 1161 in
2203 1124 2384 1178 genere
2417 1108 2615 1174 dicant,
2658 1127 2844 1180 corpus
2884 1113 3092 1182 quidem
3128 1111 3403 1180 a/fectibus
3446 1121 3600 1163 antea

2022 1200 2430 1270 haudquaquam
2460 1202 2660 1255 vitiosis
2693 1203 2983 1270 subjectum
3018 1213 3130 1258 erat
3166 1222 3182 1257 :
3212 1205 3391 1257 anima
3423 1216 3600 1256 autem

2025 1291 2088 1345 ab
2123 1291 2430 1359 hujusmodi
2474 1293 2634 1345 etiam
2688 1293 2962 1362 affectibus
3013 1296 3262 1349 immunis
3297 1304 3431 1347 erat.
3463 1294 3598 1346 Pro-

2024 1385 2145 1438 inde
2190 1385 2369 1436 anima
2410 1384 2465 1436 in
2520 1385 2716 1452 seipsa.
2757 1384 2894 1438 velut
2929 1386 2981 1438 in
3015 1386 3303 1455 exemplari
3330 1384 3599 1439 Creatoris

2023 1476 2106 1527 sui
2138 1475 2386 1542 imagine,
2413 1474 2618 1527 divinas
2646 1474 2846 1543 fortnas
2887 1477 3235 1545 conspiciens,
3262 1477 3601 1533 Conditorem

2022 1584 2172 1619 suum
2222 1567 2517 1620 celebrabat
2566 1577 2722 1637 atque
2779 1566 3056 1633 laudabat,
3089 1568 3167 1621 vel
3193 1586 3282 1637 per
3329 1568 3600 1637 propriam

2024 1659 2375 1712 constantiam
2427 1669 2478 1711 et
2528 1658 2911 1712 immutabilem
2969 1658 3318 1721 identitatem,
3364 1661 3599 1713 eamdem

2023 1765 2226 1819 quoque
2279 1749 2341 1802 de
2391 1749 2577 1819 opiﬁce
2629 1766 2723 1802 suo
2773 1750 3066 1818 opinionem
3133 1749 3377 1804 habebat.
3429 1749 3598 1802 Ilomo

2023 1841 2207 1910 igitur,
2238 1841 2333 1894 hoc
2369 1851 2469 1905 est,
2496 1841 2593 1893 illa
2619 1841 2855 1909 corporis
2888 1842 3183 1908 animmque
3208 1843 3454 1902 nzistura,
3480 1857 3598 1894 cum

2022 1936 2201 1990 omnia
2239 1952 2336 1990 sua
2365 1935 2530 2005 ipsius
2550 1952 2709 1989 causa
2749 1934 2895 2003 facta
2932 1951 3038 1989 esse
3070 1943 3322 1998 cerneret,
3363 1934 3431 1987 ad
3461 1934 3599 1987 [tunc

2022 2030 2260 2081 morbum
2294 2026 2519 2096 fortasse
2571 2026 2975 2096 impellebatur,
3005 2038 3059 2079 ut
3087 2043 3141 2080 se
3187 2028 3441 2095 wqualem
3493 2024 3597 2079 Deo

2019 2138 2132 2177 esse
2195 2121 2546 2175 existimaret.
2580 2119 2645 2171 At
2707 2135 2896 2189 corpus
2957 2135 3021 2172 ea:
3071 2118 3242 2171 altera
3295 2129 3443 2187 parte
3502 2119 3598 2171 de-

2018 2229 2278 2285 pressum,
2308 2213 2635 2281 propriisque
2674 2211 2948 2280 a/I'ectibus
3007 2210 3354 2274 abstractum,
3404 2227 3436 2263 a
3495 2226 3598 2262 cae-

2021 2304 2235 2360 lestibus
2270 2303 2507 2357 auulsam
2538 2304 2772 2356 animam
2799 2303 3043 2355 deorsum
3075 2301 3392 2365 retrahebat,
3440 2309 3598 2372 atque

2020 2397 2074 2449 in
2101 2410 2256 2449 suum
2296 2394 2652 2464 praecipitium
2687 2393 2903 2463 urgebat
2933 2402 2982 2447 et
3011 2392 3332 2463 impellebat.
3371 2393 3447 2445 Ae
3483 2401 3595 2445 tum
3654 2443 3661 2450 ,

2018 2487 2216 2541 scilicet
2247 2487 2423 2550 homo,
2465 2502 2522 2540 se
2571 2486 2763 2539 anima:
2807 2486 3116 2555 dignitatem
3168 2501 3269 2537 non
3314 2501 3347 2537 a
3393 2501 3447 2538 se
3500 2484 3599 2563 ha:

2019 2578 2214 2641 buisse,
2234 2578 2324 2632 sed
2357 2577 2629 2634 Creatoris
2655 2576 2905 2645 bene/icio
2941 2576 3200 2644 accepisse
3230 2576 3591 2647 cognoscebat.

2019 2669 2290 2733 Proinde,
2344 2668 2472 2723 dum
2520 2668 2836 2723 insolentius
2885 2667 3203 2737 efferebatur
3228 2707 3243 2730 .
3273 2684 3303 2719 a
3333 2667 3594 2736 corporeis

2019 2761 2382 2833 aﬂlictionibus
2428 2759 2897 2829 commonefactus,
2944 2757 3202 2811 sentiebat
3240 2772 3296 2809 se
3336 2755 3597 2825 magnitu-

2019 2853 2140 2907 dine
2189 2853 2431 2923 gloriari,
2484 2852 2686 2916 idest,
2738 2855 2875 2920 quod
2933 2850 3128 2903 anima:
3180 2847 3595 2917 magnitudinem

2016 2946 2485 3013 pra'stantiamque
2528 2943 2722 2997 eximio
2750 2939 3051 2997 Conditoris
3083 2943 3166 2995 ssi
3213 2938 3460 3007 bene/icio
3506 2953 3597 2990 ac—

2018 3036 2328 3106 eepisset.—
2360 3035 2471 3105 (16)
2501 3034 2716 3089 Animal
2739 3032 2829 3087 hic
2851 3032 2998 3086 varie
3023 3032 3409 3102 gubernatum,
3434 3039 3596 3098 atque

343 3127 631 3194 Quomodo
674 3130 836 3200 igitur
884 3132 1147 3197 Adamus,
1221 3134 1464 3187 nondum
1522 3134 1731 3203 lapsus,
1790 3135 1913 3189 talis
1942 3119 1982 3173 C
2021 3127 2129 3180 alio
2179 3127 2510 3194 demigrans.
2552 3122 2718 3190 Nam,
2777 3125 2984 3176 ratione
3019 3122 3400 3191 pratscientittt,
3438 3121 3597 3174 etiam

342 3219 569 3274 elfeetus
614 3231 697 3276 est
752 3220 1015 3292 (nondum
1084 3223 1229 3277 enim
1291 3224 1487 3278 mortis
1553 3227 1821 3279 sententia
1860 3225 1914 3278 in

338 3324 465 3364 eum
488 3312 838 3380 pronuntiata
884 3312 1080 3382 fuerat)
1107 3322 1166 3367 ut
1191 3322 1412 3382 propter
1441 3327 1643 3382 corpus
1672 3314 1916 3369 mortalis

340 3416 513 3467 esset,
544 3414 597 3458 et
648 3414 872 3475 propter
918 3406 1156 3461 animam
1212 3404 1577 3460 immortalis?
1619 3404 1915 3477 Dicendum

343 3493 467 3549 ideo
500 3492 704 3550 laetum
737 3511 879 3563 esse,
910 3497 1040 3566 quia
1086 3496 1228 3550 Deus
1257 3494 1498 3551 futuram
1534 3494 1708 3564 ipsius
1740 3503 1916 3550 transi

342 3582 708 3652 gressionem,
738 3597 1080 3655 mortemque
1112 3586 1180 3640 ab
1202 3600 1266 3641 ea
1298 3594 1735 3654 protnauantem,
1777 3600 1917 3655 prac-

340 3672 569 3737 sciebat,
620 3675 836 3729 tametsi
874 3675 1112 3731 medium
1169 3676 1311 3731 inter
1356 3675 1822 3730 immortalitatem
1863 3684 1919 3730 et

343 3765 728 3820 mortalitatem
780 3766 957 3835 ipsum
1006 3768 1293 3823 creaverit.
1331 3768 1423 3821 Vel
1473 3768 1638 3821 etiam
1698 3777 1916 3836 propter

342 3857 651 3914 universam
684 3861 874 3916 Adamn
911 3861 1407 3930 posteritatem,vel
1443 3868 1500 3915 ut
1529 3861 1673 3915 illius
1708 3862 1914 3915 naturth

344 3952 682 4021 participem,
709 3952 826 4009 haec
874 3954 1037 4009 verba
1081 3953 1303 4023 protulit
1359 3951 1685 4021 Thcologus.
1722 3951 1917 4005 Extreo

342 4057 518 4108 tuum,
552 4044 750 4113 inquit,
782 4045 1047 4115 mysterii,
1102 4045 1208 4100 hoc
1250 4052 1353 4109 est,
1388 4053 1446 4098 ut
1481 4044 1645 4099 homo
1680 4053 1814 4098 nutu
1863 4054 1917 4098 et

342 4136 696 4193 subvectione
724 4138 791 4192 ad
835 4139 1004 4193 Deum
1057 4138 1185 4194 deus
1216 4137 1498 4193 elliciatur.
1534 4138 1700 4193 Deum
1733 4146 1914 4192 autem

345 4226 486 4293 lieri,
540 4236 624 4282 est
671 4226 1091 4306 illuminatjonis
1138 4228 1338 4283 divinae
1378 4228 1704 4298 participem
1751 4228 1912 4282 ﬁeri:

344 4334 453 4373 non
493 4329 673 4373 autem
723 4321 790 4374 ad
831 4321 1070 4375 divinam
1114 4319 1410 4377 essentiam
1454 4320 1710 4391 migrare.
1744 4320 1914 4374 Porro

345 4411 582 4467 hominis
607 4412 674 4467 ad
718 4411 885 4467 Deum
918 4412 1219 4476 subvectio,
1253 4413 1530 4468 ἱηιιιιςιτὶίε
1554 4429 1617 4469 ac
1651 4414 1915 4469 sedulita-

344 4503 417 4559 tis
451 4503 613 4575 hujus
660 4506 786 4559 vitae
831 4520 968 4574 opus
1009 4513 1094 4559 est
1125 4519 1141 4559 :
1176 4503 1684 4573 divinitatisuautem
1721 4520 1914 4560 conse-

340 4597 513 4663 cutio,
567 4596 735 4652 luturi
783 4597 967 4652 saeculi
1016 4595 1316 4663 pranuium.
1370 4593 1507 4649 Nam
1541 4610 1665 4651 cum
1720 4598 1770 4652 in
1820 4596 1914 4654 Dei

340 4688 698 4759 materiaeque
744 4686 982 4748 conﬁnio
1026 4686 1191 4757 positi
1235 4685 1442 4751 simus,
1488 4685 1534 4740 si
1575 4685 1793 4755 quidem
1847 4690 1914 4741 ad

341 4779 623 4836 materiam
677 4779 1037 4846 declinemus,
1087 4776 1257 4835 crassi
1312 4792 1377 4832 ac
1437 4777 1740 4832 materiales
1792 4794 1807 4831 :
1868 4778 1913 4833 si

341 4880 523 4926 autem
555 4873 620 4925 ad
667 4871 837 4927 Deum
882 4871 1202 4937 tendamus,
1240 4868 1409 4923 divini
1444 4879 1608 4939 atque
1652 4868 1788 4923 adeo
1840 4869 1915 4925 dii

347 4963 722 5018 nominamur.
756 4960 834 5018 Eo
874 4964 1073 5017 etenim
1125 4961 1261 5017 mihi
1297 4961 1467 5016 tendit
1498 4962 1692 5032 exigua
1755 4961 1917 5031 hujus

340 5055 465 5110 vitae
495 5056 736 5126 cognitio
766 5054 1120 5124 veritatisque
1152 5053 1451 5125 perceptio,
1479 5061 1537 5108 ut
1574 5053 1665 5109 Dei
1696 5054 1916 5110 clarita-

342 5156 450 5201 tem
484 5148 719 5214 videam,
749 5163 924 5219 eaque
975 5146 1196 5203 alliciar.
1241 5145 1713 5213 Quemadmodum
1766 5149 1912 5203 enim

342 5238 396 5293 id
437 5238 584 5308 quod
639 5239 751 5311 igni
799 5241 1168 5311 propinquum
1217 5247 1333 5302 est,
1387 5252 1620 5310 eamque
1664 5248 1914 5294 naturam

343 5329 542 5394 habet,
576 5341 636 5385 ut
683 5333 942 5401 patiatur,
986 5333 1257 5387 ﬂammam
1309 5330 1549 5402 concipit
1587 5347 1601 5385 :
1638 5330 1718 5386 sic
1750 5332 1913 5386 etiam

339 5422 512 5477 animi
538 5423 593 5476 in
631 5424 736 5479 hac
768 5425 876 5479 vita
907 5424 974 5479 ad
1023 5422 1190 5478 Deum
1232 5423 1441 5478 evectio
1470 5433 1631 5493 atque
1680 5422 1916 5494 conjun-

342 5513 455 5566 ctio
503 5512 698 5571 futura:
739 5517 863 5572 vita:
891 5516 1283 5572 deilicationem
1329 5516 1491 5571 nobis
1518 5515 1798 5580 conciliat,
1827 5514 1916 5569 di-

344 5616 506 5670 gnam
536 5605 665 5672 Deo,
698 5607 791 5677 qui
825 5607 1062 5662 animam
1086 5620 1208 5661 cum
1234 5621 1466 5676 corpore
1495 5604 1652 5677 quasi
1682 5603 1914 5661 vinculis

421 5758 534 5831 (l6)
564 5763 687 5819 llaec
714 5762 963 5819 videntur
1008 5781 1128 5822 esse
1155 5763 1332 5820 l’sclli.

2022 3234 2140 3290 qua:
2192 3221 2423 3271 nondum
2472 3214 2619 3282 facta
2653 3223 2825 3278 erant,
2869 3215 2919 3266 in
2969 3211 3145 3265 eodem
3188 3212 3323 3276 loco,
3374 3228 3475 3281 quo
3510 3228 3595 3268 ea.

2022 3326 2139 3379 quae
2162 3309 2352 3377 ﬁebant
2396 3316 2486 3358 aut
2507 3305 2652 3372 facta
2683 3304 2914 3374 fuerant,
2947 3304 3086 3371 apud
3125 3302 3287 3356 Deum
3314 3304 3596 3356 censeban-

2025 3408 2134 3451 tur.
2169 3395 2329 3451 Varie
2357 3395 2742 3465 gubernatum.
2773 3392 2866 3448 Gr.
2902 3392 3383 3463 οἰκονομούμενοι).
3426 3388 3600 3443 (Eco-

2023 3490 2198 3544 uomia
2232 3495 2528 3552 autemest,
2566 3484 2705 3556 ejus,
2734 3484 2873 3556 quod
2917 3485 3254 3555 dispensatur
3287 3500 3349 3537 ac
3376 3484 3597 3553 regitur,

2021 3582 2171 3636 uaria
2221 3578 2596 3647 multiplexque
2641 3577 2972 3648 gubernatio,
3003 3575 3072 3629 ad
3100 3575 3214 3641 eius
3262 3579 3596 3629 commodum

2024 3671 2412 3742 utilitatemque
2436 3687 2469 3722 a
2498 3669 2834 3738 dispensante
2870 3668 3135 3721 instituta.
3173 3664 3310 3720 Nam
3344 3681 3436 3719 nos
3465 3680 3596 3733 quo-

2023 3784 2121 3840 que
2156 3764 2462 3820 maeroribus
2503 3774 2549 3818 et
2592 3761 2950 3832 uoluptatibus
2991 3759 3367 3831 gubernantur,
3410 3775 3595 3812 secun—

2022 3862 2214 3915 darunt
2245 3875 2417 3913 rerum
2443 3856 2887 3924 adversarumque
2911 3853 3145 3919 casibus,
3181 3852 3366 3906 timore
3401 3860 3448 3903 et
3497 3867 3595 3902 au-

2022 3954 2197 4018 dacia,
2228 3960 2536 4022 paupertate
2572 3958 2619 4002 et
2646 3949 2864 4012 divitiis,
2912 3948 3215 4012 ueterisque
3245 3944 3410 4012 hujus
3442 3960 3595 4014 gene-

2023 4048 2224 4110 ris;ac
2266 4053 2446 4113 postea
2492 4042 2560 4095 ad
2593 4040 2817 4094 alteram
2871 4039 3034 4092 vitam
3080 4037 3388 4105 ntigramus.
3418 4064 3475 4089 τ
3532 4035 3597 4088 Et

2022 4136 2166 4208 quod
2186 4134 2426 4207 mysterii
2457 4142 2760 4186 extremum
2789 4138 2893 4194 est,
2925 4128 2981 4181 id
3012 4138 3110 4193 est,
3136 4136 3291 4196 caput
3314 4136 3362 4179 et
3390 4142 3596 4179 summa

2025 4229 2185 4282 totius
2239 4226 2483 4280 humana:
2521 4223 2644 4277 vita:
2685 4221 3091 4291 dispensationis
3144 4235 3205 4272 ac
3242 4217 3593 4288 migrationis.

2024 4321 2190 4377 Porro
2222 4327 2380 4372 nutus
2415 4323 2463 4368 et
2494 4315 2752 4369 subvectio
2781 4314 2849 4368 ad
2886 4313 3043 4383 hujus
3087 4314 3208 4368 vitta
3242 4309 3596 4380 dispensatio-

2024 4429 2140 4467 nem
2197 4408 2468 4477 referenda
2506 4416 2584 4462 est
2628 4423 2647 4459 :
2688 4406 2986 4460 divinitatis
3029 4415 3203 4459 autent
3251 4403 3483 4472 adeptio,
3528 4401 3597 4456 ad

2021 4513 2285 4575 posteram
2332 4503 2515 4556 vitam.
2558 4498 2746 4553 Mentis
2796 4498 2934 4552 enim
2977 4496 3046 4551 ad
3100 4495 3267 4551 Deum
3313 4495 3595 4557 subvectio,

2022 4596 2301 4651 industria:
2362 4609 2493 4663 opus
2543 4602 2649 4657 est,
2699 4598 2747 4645 et
2793 4590 3044 4643 virtutum
3078 4587 3251 4641 cultus
3282 4603 3300 4639 :
3331 4586 3595 4653 deiﬁcatio

2023 4701 2224 4750 autem,
2259 4686 2432 4740 omnis
2462 4685 2585 4738 acti.
2607 4684 2688 4737 nis
2726 4692 2776 4736 et
2822 4678 3278 4748 contemplationis
3311 4686 3385 4729 est
3418 4676 3600 4728 termi-

2022 4800 2141 4838 nus.
2176 4780 2355 4845 Quare
2380 4793 2482 4831 nou
2527 4773 2752 4844 simplex
2777 4781 2852 4825 est
2885 4774 2985 4825 ista
3012 4770 3179 4823 animi
3213 4769 3282 4822 ad
3318 4766 3478 4820 Deum
3509 4766 3600 4818 iu-

2021 4873 2263 4932 clinatio.
2290 4868 2521 4923 Proinde
2563 4882 2732 4935 aperte
2768 4865 2993 4936 pretium
3018 4871 3098 4916 est
3129 4877 3433 4931 cognoscere
3470 4866 3595 4929 quot

2023 4983 2103 5021 res
2140 4966 2275 5018 inter
2330 4976 2422 5013 nos
2461 4975 2524 5011 ac
2554 4957 2720 5010 Deum
2760 4955 3047 5025 interfecta:
3081 4955 3209 5008 sint.
3243 4952 3478 5005 Primum
3516 4952 3597 5003 in-

2022 5052 2340 5113 accessibilis
2373 5032 2468 5104 illa
2491 5049 2682 5117 caligo,
2720 5064 2875 5115 quant
2908 5049 2993 5101 via:
3028 5062 3254 5115 unquam
3289 5043 3504 5115 quidam
3529 5058 3595 5096 ex

2023 5163 2223 5210 eorum,
2256 5144 2345 5214 qui
2382 5142 2587 5194 ratione
2612 5140 2823 5208 prtcditi
2848 5149 2992 5201 sunt,
3017 5137 3198 5190 ordine
3236 5136 3595 5205 prwtergressi

2022 5247 2145 5293 sunt
2179 5251 2198 5289 :
2233 5234 2421 5289 deinde
2447 5233 2700 5301 angelica:
2731 5233 2963 5293 virtutes,
2994 5238 3109 5298 post
3142 5228 3417 5296 caliginem
3441 5226 3594 5280 illam

2020 5329 2298 5400 proxima',
2330 5342 2446 5397 qua:
2482 5324 2546 5376 ab
2593 5339 2697 5376 uno
2743 5322 3021 5391 prodeunt,
3052 5330 3101 5374 et
3133 5320 3360 5373 unitates
3409 5320 3597 5371 dicun-

2023 5431 2127 5485 tur,
2162 5430 2272 5474 tum
2306 5433 2448 5470 meus
2486 5415 2788 5478 dimidiata,
2818 5414 2869 5466 in
2904 5430 3062 5483 quam
3085 5412 3192 5466 illa:
3220 5412 3594 5466 terminantur:

2018 5493 2206 5581 postea~
2245 5490 2597 5581 particulares
2640 5506 2883 5576 quwdam
2933 5515 3155 5569 mentes,
3206 5519 3347 5557 mox.
3377 5502 3593 5563 anima',

2021 5614 2131 5660 lunt
2164 5615 2370 5660 natura:
2394 5610 2443 5655 et
2469 5615 2713 5669 corpora,
2748 5615 2810 5654 ac
2848 5610 3107 5667 postremo
3136 5597 3378 5648 materia.
3413 5591 3469 5647 Is
3494 5592 3595 5663 igi-
