4050 6198
529 260 661 329 1331

1959 265 2213 328 ΑΒΒΕΝ
2222 268 2337 330 DA.

3599 273 3705 339 133?.

526 387 636 442 tur,
667 374 757 448 qui
805 375 1142 433 divinitatem
1187 375 1414 445 adipisci
1447 382 1625 445 parat,
1661 374 1892 444 primum
1929 390 1983 429 se
2031 375 2100 428 ad
2131 382 2174 436 Α
2206 394 2296 431 nec
2327 377 2470 448 infra
2519 388 2769 433 naturam
2825 379 3094 437 conditum
3139 386 3241 445 est,
3281 396 3368 435 nec
3408 388 3578 434 natura
3623 399 3706 437 eor-

526 471 765 526 animam
797 478 1063 524 convertat
1103 478 1151 522 et
1182 467 1399 538 colligat
1432 483 1638 523 necesse
1671 474 1769 529 est,
1798 465 1989 521 deinde
2015 481 2106 534 per

527 577 643 616 eam
674 561 742 616 ad
769 570 1014 624 mentem,
1045 576 1230 614 rursus
1261 575 1353 629 per
1385 570 1609 615 mentem
1628 556 1698 613 ad
1722 574 1783 612 ea
1815 574 1932 629 quae
1954 574 2107 627 supe-

529 654 678 709 riora
706 660 849 718 sunt,
877 669 940 706 ac
956 652 1178 721 denique
1208 668 1301 721 per
1316 668 1375 705 ea
1396 651 1465 705 ad
1497 650 1664 706 Deum
1691 651 1890 705 tendat.
1919 650 1984 704 At
2017 664 2108 703 nec

531 748 623 819 qui
650 745 719 799 ad
742 745 976 799 animam
1016 744 1240 813 seipsum
1267 742 1522 797 convertit
1568 759 1630 796 ac
1670 741 1928 804 subvexit,
1970 740 2108 793 divi-

531 837 752 891 nitatem
796 843 1106 888 consecutus
1151 842 1248 896 est,
1285 850 1377 887 nec
1401 832 1492 904 qui
1527 832 1596 894 ad
1624 838 1873 885 mentem.
1917 828 2108 885 Verum

530 926 624 981 ille
670 923 922 980 animalis
992 923 1147 978 homo
1199 923 1440 994 efficitur,
1499 938 1592 976 nec
1625 921 1767 991 capit
1821 937 1940 993 qua:
1986 932 2109 976 sunt

534 1019 794 1089 spiritus;
817 1016 901 1072 hic
931 1033 1069 1078 vero.
1106 1015 1479 1071 intellectualis
1508 1015 1717 1087 quidem
1749 1016 1839 1070 sed
1875 1015 2109 1068 nondum

534 1110 698 1168 licus.
737 1108 890 1177 Quod
916 1110 962 1163 si
991 1124 1084 1180 per
1119 1116 1341 1164 mentem
1375 1108 1426 1161 in
1464 1123 1715 1163 arcanam
1749 1108 1898 1161 illam
1926 1106 2116 1178 caligi-

533 1219 650 1259 nem
682 1203 1051 1273 penetraverit,
1086 1217 1151 1256 ac
1181 1218 1296 1254 cum
1331 1198 1435 1255 Deo
1472 1208 1726 1263 versetur,
1762 1208 1871 1252 tum
1901 1212 2019 1253 vero
2043 1197 2112 1252 ad

535 1296 704 1352 Deum
721 1296 839 1366 jam
873 1294 991 1363 ﬁeri
1024 1303 1070 1348 et
1106 1293 1436 1348 divinitatem
1463 1291 1693 1360 assequi,
1719 1300 1768 1347 et
1805 1290 1899 1344 Dei
1922 1290 2112 1360 splen-

533 1387 714 1441 dorem
739 1385 956 1451 intueri,
992 1400 1054 1437 ac
1072 1381 1232 1452 juxta
1277 1380 1428 1434 illum
1453 1380 1620 1451 edingi
1657 1392 1812 1450 atque
1842 1379 2114 1449 efformari

533 1479 752 1534 dicitur.
785 1477 1053 1551 Quoniam
1100 1486 1275 1532 autem
1322 1484 1556 1540 natum,
1582 1483 1640 1528 ut
1676 1489 1776 1544 par
1806 1483 1942 1537 erat,
1973 1488 2117 1526 men-

537 1570 730 1623 tionem
760 1567 1001 1636 fecimus,
1038 1566 1262 1637 agedum
1293 1566 1356 1621 de
1388 1582 1449 1619 ea
1497 1565 1734 1620 nonnihil
1767 1564 2111 1619 disseramus.

539 1648 753 1713 Natura
788 1659 963 1729 itaque
1006 1668 1196 1728 pra'ter
1238 1657 1375 1712 alias
1403 1658 1597 1712 multas
1636 1657 1802 1726 ipsius
1842 1656 2116 1727 signiﬁca-

2210 480 2502 540 rumpetur.
2528 503 2598 512 —
2623 468 2695 527 Ut
2740 466 2836 527 Dei
2880 472 3175 528 claritatem
3220 482 3273 527 et
3298 470 3495 527 videam
3532 481 3579 527 et
3614 490 3708 529 sen-

2211 565 2366 616 tiam.
2397 559 2497 617 Res
2524 563 2713 620 di‘vinte
2735 566 3085 635 corporaliter
3099 574 3355 635 utcunque
3368 564 3709 633 perspiciuntur,

2209 664 2365 724 atque
2409 668 2592 711 earnm
2643 658 2979 729 trajectiones
3025 658 3263 729 quaedam
3318 667 3453 713 sunt.
3501 657 3714 723 Quoniam

2210 756 2386 801 autem
2411 749 2476 803 de
2509 749 2813 819 hujusmodi
2838 749 2988 805 rebus
3007 751 3126 806 dua:
3152 757 3275 804 sunt
3298 751 3565 813 sententia,
3584 749 3715 803 altera

2210 844 2387 892 nostra
2413 846 2461 892 et
2487 839 2802 903 christiana,
2835 842 3005 894 altera
3032 856 3212 895 eorum
3238 841 3326 911 qui
3361 840 3494 910 apud
3528 840 3715 893 ethnicos

2208 929 2504 986 doctissimi
2534 932 2701 987 habiti
2730 942 2872 992 sunt.
2901 943 3122 1004 utraque
3171 933 3298 986 mihi
3332 933 3613 1001 exponenda
3641 943 3714 985 est.

2213 1022 2419 1087 Nostra
2465 1024 2642 1094 itaque
2688 1023 2784 1078 hoc
2830 1025 2986 1078 modo
3032 1040 3086 1078 se
3129 1024 3299 1078 habet.
3338 1021 3485 1087 Deus,
3516 1023 3718 1093 quidquid

2213 1112 2425 1166 tandem
2463 1120 2562 1178 est,
2596 1113 2933 1182 incorporeus
2979 1120 3076 1178 est,
3125 1113 3554 1182 immutabilisque
3589 1123 3631 1166 et
3664 1113 3721 1162 al-

2213 1201 2493 1256 terationis
2518 1212 2702 1268 expers
2733 1208 2907 1255 manet
2932 1214 2953 1255 :
2976 1216 3070 1255 nos
3095 1210 3271 1255 autem
3303 1202 3436 1256 circa
3470 1216 3574 1255 eum
3614 1217 3724 1253 com-

2214 1301 2501 1346 mutamur.
2557 1291 2698 1346 Nam
2746 1277 3188 1363 quemadmodum
3249 1304 3404 1345 unam
3445 1294 3724 1359 eamdemque

2213 1398 2406 1445 vocem,
2437 1382 2493 1435 in
2519 1380 2787 1436 subdivali
2805 1381 2982 1452 aliqua
3007 1381 3119 1436 loco
3135 1381 3403 1450 diffusam,
3431 1380 3518 1434 alii
3535 1393 3724 1433 nos'runt

2214 1475 2460 1541 audiunt,
2496 1475 2592 1530 alii
2620 1476 2870 1529 minime:
2899 1486 3054 1545 atque
3085 1489 3153 1529 ea:
3184 1475 3247 1528 iis
3273 1474 3360 1543 qui
3382 1472 3609 1534 audiunt,
3654 1472 3731 1524 atii

2214 1567 2413 1622 clarius
2446 1567 2688 1632 audiunt,
2712 1568 2811 1620 alii
2837 1566 3145 1630 obscurius;
3180 1582 3242 1619 ac
3288 1579 3462 1619 rursus
3482 1579 3539 1617 ex
3561 1564 3630 1616 liis
3659 1561 3728 1631 qui

2218 1675 2321 1713 non
2373 1657 2627 1724 audiunt,
2685 1657 2825 1712 alius
2856 1657 3056 1711 idcirco
3101 1671 3205 1710 non
3244 1656 3461 1715 audivit.
3488 1654 3597 1723 quia
3638 1665 3731 1719 pro-

537 1750 725 1815 tiones,
761 1759 838 1804 est
882 1746 1201 1819 principium
1240 1757 1410 1803 motus
1446 1759 1493 1803 et
1538 1748 1727 1819 quietis
1757 1748 1893 1817 ejus,
1919 1748 1975 1800 in
2005 1762 2108 1816 quo
2145 1738 2189 1794 Β
2216 1746 2301 1802 cul
2329 1756 2565 1801 remotus
2605 1755 2772 1810 esset,
2803 1747 2942 1799 alius
2975 1749 3115 1816 quod
3160 1744 3304 1797 auris
3333 1752 3547 1796 meatum
3566 1739 3733 1794 obstru-

534 1842 706 1911 prima
734 1840 869 1896 inest
907 1857 1000 1910 per
1031 1857 1107 1906 se,
1147 1849 1326 1895 etnon
1364 1856 1457 1910 per
1503 1839 1767 1894 accidens.
1817 1836 1929 1891 Iloc
1975 1839 2114 1893 enim

539 1930 825 2001 unicuique
858 1946 1034 1985 rerum
1065 1931 1397 1984 naturalium
1429 1929 1586 1999 a/fcrt
1632 1936 1847 1994 natura,
1871 1936 1929 1980 ut
1956 1927 2007 1980 in
2034 1942 2116 1981 se-

537 2024 653 2093 ipsa
684 2033 855 2078 motus
886 2024 1202 2093 principium
1228 2065 1243 2089 ,
1279 2022 1558 2093 eodemque
1587 2019 1741 2075 modo
1770 2020 1955 2091 quietis
1986 2006 2118 2090 qna-

536 2131 636 2186 que
668 2115 828 2184 ﬁnem
876 2114 1086 2172 habeat.
1120 2112 1373 2173 Crescunt
1421 2115 1560 2167 enim
1591 2110 1809 2182 plantw,
1848 2120 1902 2165 ut
1936 2111 1999 2164 ab
2035 2110 2115 2164 his

538 2205 879 2274 incipiamus,
906 2215 1079 2259 motus
1117 2205 1436 2275 principium
1476 2204 1530 2257 in
1561 2203 1743 2271 seipsis
1777 2201 2022 2256 habentes
2055 2215 2117 2254 ac

539 2312 769 2352 crescere
798 2296 1078 2363 desinunt,
1109 2294 1215 2365 fine
1266 2293 1506 2349 naturali
1548 2302 1830 2348 cessantes.
1870 2290 2018 2347 Idem
2054 2296 2117 2346 de

539 2387 745 2443 homine
793 2389 1091 2452 dicendum,
1137 2396 1185 2442 et
1227 2404 1379 2456 equo,
1409 2394 1461 2441 et
1504 2386 1648 2450 bove,
1696 2396 1745 2441 et
1768 2385 2010 2457 sphinge,
2066 2395 2116 2438 et

540 2479 785 2552 formica,
814 2490 861 2535 st
887 2497 1002 2551 ape,
1039 2490 1088 2534 et
1125 2490 1178 2533 ut
1209 2480 1347 2534 brevi
1375 2476 1714 2547 complectar,
1742 2477 1805 2530 de
1831 2475 1975 2530 omni
2001 2474 2117 2528 ani-

541 2570 693 2639 mali,
730 2574 837 2628 sive
872 2572 1071 2641 reptili,
1105 2573 1211 2628 sive
1243 2571 1479 2638 natatili,
1522 2572 1628 2627 sive
1672 2567 1902 2625 volatili.
1949 2568 2118 2638 Atque

539 2663 657 2733 ipsa
684 2664 846 2719 etiam
878 2674 1104 2735 quatuor
1149 2663 1404 2717 elementa
1442 2670 1713 2717 moventur
1740 2670 1787 2715 et
1820 2659 2113 2731 quiescunt.

541 2751 685 2825 Nam
718 2764 766 2809 et
807 2755 940 2826 ignis
970 2765 1017 2810 et
1038 2771 1130 2809 aer
1155 2764 1337 2825 suapte
1370 2762 1563 2821 natura
1588 2768 1797 2811 sursum
1823 2760 2117 2811 moventur,

538 2854 589 2900 et
614 2860 733 2898 cum
763 2844 832 2898 ad
857 2849 1073 2914 propria
1103 2847 1217 2900 loca
1239 2849 1584 2916 pervenerint,
1608 2843 1806 2898 mereri
1829 2843 2116 2897 desinunt:

539 2945 588 2992 st
624 2950 807 2987 rursus
838 2912 978 2986 terra
1003 2943 1052 2987 et
1085 2912 1248 3001 aqua,
1273 2912 1480 2989 .motum
1507 2941 1692 3001 suapte
1729 2940 1922 2984 natura
1963 2932 2118 2995 deor-

545 3033 981 3097 sumvergentem
1002 3027 1228 3093 sortitte,
1260 3024 1330 3078 ad
1356 3039 1592 3079 centrum
1623 3033 1862 3093 vergunt,
1905 3030 1956 3077 et
2001 3038 2119 3075 cum

2219 1848 2362 1893 ctum
2389 1838 2603 1893 haberet
2631 1837 2905 1910 (nimirum
2960 1845 3205 1890 concreta
3234 1835 3373 1890 circa
3406 1842 3589 1902 partem
3614 1831 3730 1884 illam

2217 1929 2456 2000 pituita),
2500 1929 2637 1984 alius
2662 1931 2785 2001 quia
2813 1945 2896 1983 res
2926 1928 3063 1983 alias
3099 1937 3280 2000 ageret
3311 1943 3329 1982 :
3361 1921 3731 1995 quemadmodum

2218 2024 2340 2077 item
2387 2022 2498 2078 sole
2531 2023 2588 2077 in
2615 2021 2953 2077 meridionali
2999 2020 3144 2075 linea
3174 2030 3344 2074 stante
3373 2017 3548 2073 culices
3570 2015 3733 2085 quidem

2220 2124 2271 2168 et
2318 2126 2524 2170 noctuce
2579 2115 2827 2184 exiguum
2857 2113 3109 2184 quiddam
3157 2122 3313 2184 atque
3354 2110 3602 2164 obscurum
3634 2103 3733 2158 lucis

2219 2204 2430 2257 radium
2450 2207 2757 2271 admittunt,
2789 2204 3022 2261 homines
3052 2214 3254 2270 autem,
3276 2212 3327 2258 et
3347 2198 3601 2271 elephanti,
3618 2202 3733 2263 proli

2219 2297 2437 2365 quisque
2464 2293 2693 2365 affectus
2720 2305 2821 2361 est,
2853 2297 3066 2351 uberius
3096 2296 3189 2350 vel
3205 2295 3411 2366 parcius
3439 2290 3735 2345 illuminatur:

2218 2385 2396 2441 eodem
2443 2386 2596 2441 modo
2647 2404 2740 2442 nos
2774 2404 2977 2460 quoque
3012 2389 3162 2442 circa
3209 2388 3374 2441 licunt
3419 2380 3736 2440 immutabilem

2219 2490 2647 2545 permanentem,
2684 2490 2842 2549 prout
2866 2482 3086 2550 quisque
3111 2480 3362 2551 afficitur,
3392 2484 3732 2531 commutamur.

2222 2568 2490 2634 Quocirca
2520 2564 2730 2633 Petrus,
2785 2582 2835 2624 et
2878 2573 2970 2640 qui
3017 2581 3129 2624 tum
3161 2570 3402 2633 aderant,
3442 2568 3600 2638 igneas
3641 2560 3735 2614 illis

2222 2657 2433 2729 linguas
2482 2661 2774 2729 conspicati
2822 2668 2998 2716 sunt:
3031 2676 3134 2715 non
3189 2660 3325 2731 quod
3372 2657 3547 2714 similis
3588 2652 3736 2719 tingue

2222 2748 2402 2802 divina
2460 2749 2634 2818 ﬁgura
2688 2750 2759 2804 sit
2789 2792 2804 2813 ,
2845 2749 2936 2805 sed
2970 2752 3099 2820 quia
3151 2753 3297 2805 circa
3334 2742 3554 2819 linguam
3599 2743 3736 2812 fututa

2220 2847 2336 2892 erat
2364 2838 2597 2909 Spiritus
2630 2842 2891 2909 operatio.
2923 2838 3237 2913 Atque‘hazc
3263 2857 3328 2897 es:
3352 2838 3576 2894 doctrina
3600 2840 3735 2887 nostra

2220 2929 2658 2999 deprompsimus.
2686 2931 2754 2983 At
2777 2931 2994 3000 gentiles
3016 2929 3337 3000 philosophi,
3368 2942 3569 3000 quorum
3588 2930 3738 2992 postre~

2221 3034 2339 3073 mus
2386 3018 2652 3089 lampadis
2682 3030 2916 3092 gestator
2941 3028 2993 3076 et
3024 3021 3393 3098 Herophontis
3423 3016 3612 3072 Proetus
3640 3008 3734 3077 lvii.

541 3117 612 3173 ad
657 3115 888 3170 universi
914 3117 1138 3173 medium
1185 3116 1527 3186 pervenerint,
1560 3117 1612 3169 in
1658 3115 1844 3183 seipsis
1869 3114 2113 3184 conquie—
2149 3099 2193 3158 α
2231 3110 2287 3161 in
2328 3110 2432 3163 tria
2463 3108 2570 3165 lues
2620 3111 2854 3165 divinam
2889 3111 3247 3167 evocationem
3280 3110 3583 3183 partiuntur.
3615 3101 3737 3168 Ali"

539 3220 713 3265 scunt.
741 3205 865 3264 llaec
894 3208 959 3263 de
982 3220 1178 3266 natura
1202 3209 1364 3264 tradit
1398 3208 1723 3267 Aristoteles.
1754 3207 1822 3260 At
1847 3208 1893 3260 si
1916 3204 2122 3275 Orpheo

540 3301 823 3362 cre..'imus,
863 3312 910 3355 et
943 3299 1256 3368 Platonicis,
1297 3311 1344 3355 et
1377 3299 1533 3371 Lycio
1584 3297 1889 3369 philosopho
1924 3296 1987 3351 de
2027 3310 2125 3348 na-

542 3400 664 3446 tura
687 3393 1062 3461 pertractanti,
1089 3401 1221 3453 eteo
1256 3391 1547 3461 antiquiori
1579 3389 1929 3443 Chalcedonia
1961 3388 2121 3440 Jam-

543 3482 716 3540 blicho
743 3482 1097 3556 Pythagorico
1126 3527 1141 3553 ,
1203 3494 1397 3539 natura
1454 3482 1551 3538 Dei
1602 3498 1690 3538 ars
1738 3482 1976 3554 quendam
2022 3489 2121 3535 est.

547 3576 824 3646 Triplicem
852 3593 1008 3647 porro
1030 3576 1122 3632 ille
1142 3579 1195 3631 in
1218 3579 1515 3632 universum
1546 3587 1712 3630 artem
1735 3575 1910 3629 habet.
1937 3573 2124 3627 Prima

544 3670 647 3739 ipsi
680 3671 840 3722 insita
886 3680 1000 3737 est,
1024 3685 1203 3739 nempe
1230 3686 1335 3739 qua
1372 3670 1548 3722 omnia
1586 3668 1758 3738 efficit,
1794 3683 1855 3720 ac
1890 3666 2125 3735 fabrica-

546 3770 651 3823 tur,
699 3766 855 3830 quam
897 3758 1072 3813 ideam
1120 3756 1278 3813 Plato
1315 3759 1628 3821 nominavit,
1674 3775 1767 3812 nos
1817 3768 2036 3810 mentem
2090 3773 2123 3810 α

544 3849 694 3909 nulla
736 3866 899 3909 causa
940 3861 1149 3923 ortam,
1184 3866 1274 3903 nec
1314 3850 1425 3909 ulla
1474 3851 1711 3903 oratione
1749 3848 2121 3919 explicabilem

544 3959 812 4003 vacamus.
844 3942 1045 4005 Altera.
1099 3943 1309 3999 tametsi
1346 3942 1493 3996 illinc
1532 3944 1759 4006 oriatur,
1798 3959 1902 3996 non
1949 3952 2123 3997 tamen

543 4036 591 4090 ei
619 4051 820 4105 semper
867 4033 1076 4088 adnexa
1118 4044 1194 4091 est
1221 4074 1234 4096 ,
1268 4033 1437 4087 sedeo
1468 4043 1715 4103 tempore,
1747 4048 1849 4102 quo
1890 4032 1960 4085 ad
2002 4046 2120 4086 eum

545 4129 847 4187 revertitur.
884 4125 1060 4181 Tertia
1098 4134 1273 4181 autem
1300 4134 1348 4179 et
1393 4136 1657 4195 postrema
1693 4124 1787 4179 Dei
1815 4140 1904 4178 ars
1930 4139 1993 4178 ea
2021 4133 2121 4190 est,

544 4236 661 4287 qua:
694 4218 934 4288 inferiori
962 4218 1169 4289 quidem
1217 4219 1330 4275 loco
1357 4227 1684 4283 numeratur,
1727 4230 1883 4288 quam
1918 4219 2119 4282 anima,

546 4319 791 4368 cit-terum
816 4308 1119 4377 corporibus
1152 4306 1457 4370 dominatur
1477 4348 1490 4371 ,
1523 4322 1684 4376 eaque
1743 4315 1791 4360 et
1827 4307 2029 4377 gignit,
2072 4316 2120 4361 et

2227 3199 2395 3253 aliam
2466 3201 2633 3270 ipsius
2690 3210 2892 3272 partem
2948 3203 3299 3274 αὐτοπτικὴν
3351 3205 3559 3262 vocant,
3616 3190 3737 3245 etiam

2225 3292 2557 3361 ὲποπτικὴν,
2590 3293 2755 3347 aliam
2775 3292 3160 3365 ὲνθεαστικήν.
3196 3292 3261 3351 Si
3279 3293 3392 3365 quis
3426 3289 3577 3361 igitur
3596 3283 3738 3339 intima

2224 3384 2572 3455 intelligentia
2606 3394 2655 3440 et
2686 3387 2851 3441 nitore
2885 3403 2948 3441 ac
2977 3387 3260 3457 splendore
3291 3376 3738 3457 ﬂuentum-illud,“

2225 3487 2416 3529 natura
2447 3485 2547 3543 est,
2578 3479 2847 3546 perspicit,
2869 3479 2979 3544 ipse
3001 3488 3189 3550 utpote
3210 3490 3452 3535 evocator
3469 3488 3514 3530 ct
3539 3473 3738 3541 τριςιαωι

2224 3567 2503 3637 αὐτόπτης
2551 3569 2767 3625 dicitur.
2806 3569 2866 3625 Si
2897 3573 3013 3642 quis
3046 3581 3229 3626 autem
3263 3567 3565 3641 imaginario
3597 3561 3739 3615 σπίνω

2225 3656 2455 3711 vehiculo
2493 3674 2574 3711 res
2618 3660 2820 3717 divinas
2855 3662 3180 3733 cogitatione
3228 3663 3505 3731 informet,
3542 3655 3596 3708 σὺ
3619 3648 3739 3703 dum

2222 3756 2446 3820 profano
2489 3752 2725 3824 theologo
2775 3754 2844 3806 ad
2858 3768 2861 3773 '
2895 3755 2949 3809 id
2987 3755 3248 3810 incitatus
3302 3754 3530 3821 ἐπόπτης
3560 3747 3630 3800 hic
3676 3753 3738 3792 v0-

2223 3843 2336 3896 cari
2398 3852 2580 3913 potest.
2643 3848 2711 3898 At
2774 3846 2843 3909 si,
2902 3862 2993 3901 nec
3038 3856 3233 3914 mente,
3290 3854 3381 3902 nc’c
3437 3834 3742 3913 imaginatione

2223 3938 2538 4003 speculetur,
2569 3937 2662 3990 sed
2691 3936 2858 3992 oculis
2888 3939 3016 3993 solis
3054 3940 3268 3995 divinas
3298 3938 3544 4012 quasdam
3567 3930 3739 3986 sitio!“

2222 4040 2316 4094 per
2344 4041 2511 4080 aerem
2550 4026 2754 4086 delatas
2784 4032 3049 4100 inspiciat,
3082 4032 3131 4086 is
3158 4030 3453 4101 ὲνσεαστὴς
3478 4026 3576 4083 dici
3596 4019 3736 4094 possit.

2226 4123 2371 4179 Nam
2400 4138 2707 4197 corporeum
2736 4147 2943 4203 quoque
2969 4132 3144 4188 lumen
3181 4133 3373 4188 divinis
3395 4129 3534 4185 rebus
3561 4122 3739 4180 substra-

2225 4224 2336 4270 tum
2370 4230 2518 4282 esse,
2558 4220 2878 4289 affirmant,
2922 4222 3065 4292 quod
3104 4226 3321 4294 quidem
3366 4219 3639 4289 arripiunt,
3671 4206 3739 4262 alii

2226 4310 2372 4364 nullo
2407 4313 2634 4380 negotio,
2668 4330 2729 4367 ea
2785 4314 2986 4369 scilicet
3042 4327 3255 4371 natura:
3303 4315 3526 4370 bonitate
3559 4300 3739 4378 praditi.

546 4402 665 4462 alit.
706 4409 756 4461 et
781 4409 959 4469 auget,
986 4412 1034 4458 et
1067 4409 1226 4455 movet
1252 4441 1269 4462 ι
1292 4410 1339 4453 et
1371 4399 1609 4469 perfecit,
1638 4415 1700 4453 ac
1730 4398 1954 4469 denique
1977 4399 2121 4469 quie-
2153 4440 2195 4495 Β
2224 4416 2330 4471 qua
2359 4412 2408 4457 et
2442 4401 2692 4459 Socrates
2738 4414 2788 4459 et
2827 4404 3070 4460 Plotinus
3115 4407 3355 4477 fuerunt,
3395 4405 3489 4462 alii
3514 4398 3576 4454 ad
3614 4401 3739 4449 certat

548 4502 651 4546 tem
685 4492 750 4546 iis
784 4491 963 4565 affert.
1001 4491 1169 4562 Atque
1219 4509 1283 4546 ea
1323 4491 1628 4546 materiales
1658 4492 1884 4545 rationes
1925 4491 2119 4546 habens

547 4600 729 4641 eorum
759 4601 877 4653 quce
903 4584 1071 4653 facit,
1095 4601 1286 4654 easque
1331 4585 1483 4637 modo
1527 4584 1753 4655 quodam
1800 4581 2119 4653 intelligens,

546 4693 872 4747 nequaquam
913 4677 982 4730 ad
1010 4692 1062 4730 se
1090 4677 1268 4743 refert,
1322 4692 1412 4729 nec
1446 4677 1515 4728 ad
1541 4676 1810 4744 proprium
1844 4675 2123 4728 essentiam

545 4771 819 4831 convertit.
853 4770 942 4824 sed
988 4768 1296 4838 corporibus
1324 4768 1751 4837 inseparabiliter
1782 4767 2038 4830 adhaeret,
2071 4765 2123 4818 in

545 4880 607 4920 ea
634 4873 936 4933 penetrans,
995 4878 1090 4916 nec
1135 4871 1417 4919 revertens.
1468 4862 1568 4914 Ars
1614 4859 1725 4914 ha'c
1775 4860 1938 4929 igitur
1982 4857 2123 4926 apud

548 4956 886 5025 philosophos
945 4970 1053 5017 eos,
1102 4970 1231 5024 quos
1299 4954 1859 5017 commemoravimus,
1927 4959 2123 5003 natura

551 5048 828 5102 nominata
867 5057 966 5101 est.
1003 5043 1132 5099 Hice
1168 5042 1325 5099 Plato
1358 5061 1477 5098 cum
1509 5043 1636 5098 caelo
1662 5052 1711 5097 et
1743 5052 1970 5111 tempore
2000 5057 2123 5110 pro-

548 5141 721 5215 genita
744 5154 855 5195 esse
875 5149 1066 5194 censet.
1102 5133 1280 5208 Neque
1308 5138 1449 5193 enim
1469 5138 1617 5206 prius
1642 5136 1936 5197 exstitisse,
1958 5146 2120 5202 quam

551 5228 734 5285 ctutum
763 5237 998 5282 creatum
1049 5236 1205 5282 esset.
1245 5226 1481 5280 (Primum
1510 5226 1649 5280 enim
1683 5224 1739 5277 id
1765 5238 1878 5277 esse
1918 5237 2122 5276 necesse

547 5326 647 5381 est,
687 5317 823 5387 quod
868 5334 1054 5387 corpus
1101 5334 1164 5371 ac
1210 5317 1417 5387 reliqua
1482 5314 1885 5383 complectitur:
1923 5325 1979 5369 at
2011 5330 2124 5369 cor-

552 5424 686 5476 pora
717 5408 915 5476 omnia,
940 5424 1057 5477 qua:
1083 5417 1197 5475 post
1237 5408 1423 5461 caelum
1453 5416 1634 5461 creata
1682 5416 1831 5470 sunt,
1860 5413 1976 5475 post
2027 5422 2122 5459 na-

551 5511 727 5563 turam
769 5509 816 5553 et
871 5500 1017 5569 infra
1061 5509 1309 5554 naturam
1362 5509 1545 5553 creata
1604 5509 1761 5560 sunt,
1814 5514 2119 5567 rursusque,

552 5602 757 5649 natura:
797 5592 904 5659 lege
942 5591 1279 5653 intereuntia,
1319 5591 1663 5658 corruptioni'
1699 5592 1927 5646 obnoxia
1974 5601 2118 5647 sunt.

553 5681 753 5744 (iclum
785 5691 978 5750 autem,
1014 5681 1059 5735 si
1100 5681 1212 5756 quis
1262 5683 1451 5753 optime
1495 5682 1827 5741 considerare
1877 5682 2114 5749 roluerit,

2224 4495 2582 4562 circuitiones,
2602 4496 2673 4550 ad
2692 4496 2863 4552 lumen
2889 4498 3029 4554 luna:
3047 4499 3276 4569 fortasse
3301 4499 3479 4552 mentis
3497 4490 3737 4548 emotioncnl

2224 4588 2505 4642 sentientes
2542 4605 2559 4644 :
2589 4586 2834 4659 Αἴθῃ)ιῆ
2864 4599 3061 4655 autem,
3091 4604 3147 4645 ut
3184 4592 3385 4661 ferunt,
3416 4587 3492 4642 vel
3524 4594 3664 4642 terra,
3686 4572 3738 4627 εἰσ

2223 4683 2364 4734 enim
2399 4690 2584 4736 vocant
2610 4720 2626 4747 ,
2662 4681 2841 4735 oculos
2876 4682 3165 4737 oblinentes
3190 4725 3204 4747 ,
3242 4684 3321 4738 vel
3369 4681 3525 4735 thuris
3553 4675 3736 4743 liquot?-

2230 4773 2303 4825 vel
2342 4771 2535 4826 bdellio
2567 4789 2580 4825 :
2606 4771 2814 4843 Assyrii
2839 4786 2980 4841 vero,
3028 4777 3239 4835 tesseris
3270 4772 3584 4846 quibusdam,
3607 4762 3741 4830 ἱιιῙακ·

2221 4863 2404 4933 disque
2422 4864 2718 4919 nominibus
2746 4864 3076 4937 mysticisque
3100 4866 3297 4929 litteris
3317 4868 3371 4923 in
3386 4852 3737 4919 sacerdotalibus

2223 4953 2448 5008 bracteis
2469 4956 2666 5022 seipsos
2684 4958 3095 5027 sanctiﬁcantes,
3121 4959 3445 5016 substratum
3468 4952 3588 5007 illud
3607 4949 3738 4999 incol-

2224 5045 2395 5115 poreis
2428 5046 2591 5114 copiis
2621 5046 2797 5100 lumen
2832 5043 3236 5117 perspexeruntﬁ
3273 5047 3399 5100 na'c
3432 5032 3736 5107 Porphyrmv

2222 5146 2273 5190 et
2298 5135 2650 5204 lamblichus,
2684 5150 2730 5193 et
2757 5128 2846 5192 ille
2866 5140 3290 5209 prodigiosorum
3321 5137 3575 5192 verborum
3602 5118 3736 5178 archi-

2224 5237 2390 5283 tectus
2432 5227 2654 5283 Praclus
2696 5231 2880 5297 nugati
2910 5241 3052 5285 sunt.
3107 5229 3222 5285 Nos
3259 5240 3430 5283 autem
3452 5263 3467 5288 ,
3497 5232 3554 5275 ne
3583 5210 3738 5305 then—lt:

2223 5319 2351 5389 gica:
2391 5322 2789 5388 speeulationis,
2866 5334 2984 5391 quia
3058 5323 3111 5375 in
3157 5322 3239 5374 his
3281 5318 3444 5375 verbis
3480 5314 3630 5369 lucet,
3666 5300 3734 5353 θεῖ

2223 5412 2521 5465 claritatem
2558 5420 2612 5465 et
2658 5412 2870 5465 videam
2911 5422 2966 5468 et
3010 5414 3274 5477 sentiam,
3308 5410 3508 5487 omnino
3547 5400 3736 5483 emer

2222 5502 2387 5555 simus
2410 5543 2422 5564 ,
2454 5502 2549 5555 hoc
2580 5506 2870 5570 exemplum
2913 5519 3285 5574 proponamus.
3320 5500 3400 5556 Sit
3431 5495 3648 5569 quidam:
3670 5490 3737 5547 4’“

2228 5593 2507 5648 ascendere
2535 5593 2606 5646 ad
2633 5594 2793 5648 solem
2822 5605 2991 5664 paret,
3025 5607 3080 5648 ut
3109 5592 3250 5649 illius
3282 5589 3442 5646 radiis
3464 5574 3735 5655 splendidi”

2227 5682 2576 5741 illuminctur.
2615 5684 2736 5752 llic,
2772 5687 2823 5741 in
2855 5699 2981 5742 actu
3004 5690 3209 5759 quidem
3236 5688 3352 5751 crit,
3383 5682 3498 5737 dum
3531 5677 3730 5728 consttﬂ'
