4050 6198
295 270 433 335 1333

1249 249 1572 313 manus
1621 246 1705 307 IN
1751 245 1973 305 ORAT.
2013 243 2179 305 xm
2223 243 2282 304 s.
2327 196 2558 304 unus.

3409 236 3550 303 133K

290 390 401 453 det,
450 398 645 455 pennas
697 387 910 447 u'roque
960 371 1114 427 lateri
1164 372 1431 439 imponens
1484 367 1595 439 (aut
1646 366 1692 419 si
1751 360 1877 432 quid
1907 364 1949 420 Α
1980 360 2237 414 alienum.
2291 359 2589 413 Maximum
2638 355 2781 413 enim
2827 354 3105 427 tranquilli
3145 352 3336 419 animi,
3385 365 3547 423 atque

296 464 449 534 aliud
508 469 901 544 excogitaverit)
952 464 1229 533 prosiliens
1266 479 1328 516 ac
1371 462 1597 529 scipsum
1647 472 1873 510 movens.

301 573 375 624 Ac
408 567 661 631 tantisper
711 560 922 640 quidem
958 572 1157 628 pennas
1208 551 1449 616 movebit,
1500 560 1653 618 atque
1700 549 1878 601 eodem

302 679 371 716 ιιι(
393 670 448 713 tu
493 654 802 726 agitabitur,
840 638 958 719 vquo
1014 648 1083 701 ad
1120 646 1452 715 splendidum
1497 645 1666 714 ipsum
1706 638 1879 694 orbem

301 759 570 819 provectus
607 745 793 815 fuerit.
830 741 955 797 Post
1009 755 1150 804 vero,
1186 754 1301 792 cum
1335 737 1496 792 solent
1529 736 1603 788 ita
1641 730 1879 793 subierit,

303 849 359 893 ut
388 855 491 893 non
524 837 732 905 longius
758 873 774 899 ,
804 848 963 902 quam
993 831 1159 901 palmi
1187 828 1464 882 intervallo
1507 825 1573 879 ab
1601 842 1659 878 eo
1688 824 1879 887 distet,

303 940 483 983 utrunt
525 930 734 979 tandem
781 923 948 991 ipsius
1001 919 1199 975 actioni
1231 918 1562 972 tribuendum
1593 915 1710 976 erit.
1745 914 1883 983 quod

303 1018 395 1071 illo
427 1015 789 1077 collustretur,
822 1027 996 1064 annon
1027 1010 1198 1076 potius
1229 1008 1368 1062 actio
1416 1006 1661 1067 cessabit,
1695 1019 1757 1055 ac
1784 1018 1880 1069 pa-

305 1106 470 1162 tiendi
490 1107 698 1160 initium
730 1104 887 1174 faciet
911 1105 935 1157 τ’
986 1099 1071 1153 Ῑια
1086 1101 1269 1171 procul
1295 1098 1472 1151 dubio.
1498 1094 1691 1149 Eadem
1723 1094 1888 1161 igitur

307 1210 488 1253 nostra
504 1212 707 1268 quoque
720 1204 796 1250 est
811 1182 1115 1249 ratio.Nam
1137 1202 1388 1261 quantum
1408 1191 1475 1243 ad
1498 1189 1749 1241 virtutum
1771 1183 1886 1238 cul-

310 1299 418 1344 tum
440 1300 595 1358 atque
606 1288 859 1351 studium,
876 1286 1099 1338 activam
1115 1282 1361 1336 habemus
1380 1281 1708 1351 facultatem.
1730 1293 1891 1346 quatt-

309 1389 420 1435 tum
448 1388 619 1433 autem
648 1378 716 1431 ad
738 1378 840 1430 vim
865 1374 1154 1429 divinitatis
1176 1373 1520 1436 sentiendum,
1550 1370 1836 1440 passivam.

378 1472 496 1524 Col.
529 1471 625 1525 631
654 1470 715 1524 C.
758 1467 911 1521 Hunc
942 1467 1151 1520 arbitrii
1183 1467 1427 1519 libertate
1466 1470 1745 1523 donatum,
1780 1470 1886 1515 etc.

309 1560 617 1629 Quicunque
658 1556 868 1610 tandem
894 1556 1211 1625 paradisus,
1251 1556 1366 1611 sive
1412 1553 1743 1608 intellectiiis
1774 1554 1889 1607 sive

308 1648 610 1706 sensibilis.
636 1647 962 1716 Quanquam
993 1646 1129 1701 mihi
1160 1646 1398 1712 videtur,
1427 1642 1886 1714 quemadmodum

310 1741 476 1795 homo
506 1738 862 1806 intelligibiiis
894 1736 1057 1793 simul
1096 1745 1153 1792 et
1183 1735 1460 1792 sensibilis
1500 1741 1717 1788 creatus
1763 1730 1879 1785 fue-

311 1842 417 1892 rat,
455 1831 529 1885 ita
575 1830 742 1885 etiam
777 1832 897 1899 eius
933 1828 1370 1884 sacratissimum
1403 1825 1692 1881 delubrum
1726 1823 1887 1878 intel-

316 1921 495 1977 iectiie
526 1920 690 1975 simul
736 1934 801 1975 ac
852 1918 1056 1974 sensile
1091 1918 1279 1981 fuisse,
1329 1916 1713 1987 duplicemque
1763 1910 1888 1982 spe-

321 2013 459 2068 ciem
493 2010 774 2067 habuisse.
804 2007 939 2063 Nam
978 2011 1147 2064 homo
1173 2022 1403 2079 corpore
1428 2002 1481 2061 in
1511 2007 1631 2062 loco
1655 1996 1890 2060 maxime

321 2105 508 2159 divino
536 2102 815 2167 habitans,
839 2101 893 2155 in
924 2102 1049 2155 loco
1078 2099 1491 2170 incomparabili
1526 2105 1791 2169 quantum
1822 2093 1888 2151 ad

322 2196 561 2251 animam
603 2193 1070 2249 commorabatur.
1114 2196 1152 2247 A
1190 2192 1300 2246 Deo
1347 2207 1513 2262 porro
1562 2191 1615 2244 id
1663 2187 1892 2243 lienoris

324 2294 652 2342 consecutus
707 2295 834 2349 est.
886 2293 947 2338 ut
1001 2283 1215 2338 arbitrii
1265 2282 1518 2336 libertate
1575 2281 1889 2334 donaretur.

327 2378 541 2434 idcirco
572 2385 752 2432 autem
790 2376 840 2429 ei
872 2376 1104 2429 liberum
1136 2374 1426 2428 arbitrium
1458 2373 1642 2427 datum
1693 2378 1797 2436 est,
1837 2379 1892 2421 ιιι

329 2468 536 2524 bonum
572 2480 680 2520 non
735 2466 940 2527 minus,
986 2473 1094 2517 etc.
1131 2462 1185 2516 Id
1237 2471 1343 2524 est,
1394 2470 1447 2514 ut
1490 2460 1716 2525 bonum,
1749 2459 1894 2528 quod

325 2566 624 2631 gereretur,
662 2569 954 2611 commune
1003 2562 1169 2615 esset,
1226 2566 1324 2606 nec
1365 2549 1474 2605 Deo
1523 2550 1752 2614 tantum,
1801 2550 1893 2603 sed

326 2649 534 2705 homini
583 2662 799 2717 quoque
834 2646 1221 2700 ‘aseriberetur
1264 2659 1278 2695 :
1314 2642 1389 2696 illi
1426 2636 1669 2711 quidem,
1695 2650 1756 2694 ut
1803 2655 1898 2692 na-

328 2747 463 2791 turae
518 2739 770 2792 humanae
820 2737 1083 2791 virtutum
1134 2734 1342 2788 semina
1396 2732 1682 2796 inserenti,
1736 2741 1788 2784 et
1841 2740 1899 2784 ut

328 2829 648 2898 adjuvanti;
677 2827 801 2881 huic
823 2837 1025 2891 autem,
1057 2833 1116 2878 ut
1147 2824 1358 2895 eligenti
1383 2832 1437 2878 et
1467 2822 1702 2878 facienti.
1726 2820 1898 2877 Omne

327 2919 473 2973 enim
509 2928 656 2973 recte
694 2919 896 2972 factum
927 2918 1214 2985 utriusque
1243 2930 1534 2970 commune
1571 2923 1675 2977 est,
1710 2928 1899 2982 nempe

1980 455 2048 506 ab
2087 451 2235 504 omni
2297 450 2491 505 allecto
2547 449 2669 519 puri
2720 457 2775 504 et
2816 447 2973 504 liberi
3019 448 3398 518 argumentum
3444 456 3545 509 est,

1994 536 2200 594 nudum
2258 553 2400 603 esse,
2457 554 2559 593 nec
2613 539 2957 593 erubescere.
3018 539 3095 592 Ae
3154 536 3297 592 Deus
3341 536 3546 592 homini

1983 629 2151 699 legem
2205 631 2330 692 dat,
2377 629 2532 698 quasi
2579 628 2860 683 materiam
2909 637 2963 683 et
3025 627 3333 683 facultatem
3396 626 3548 682 liberi

1982 720 2242 785 arbitrii,
2304 723 2365 775 ut
2424 720 2477 774 in
2532 736 2594 774 ea
2660 700 2835 775 virtus
2886 721 3144 774 eluceret.
3206 717 3315 772 Lex
3368 727 3547 772 autent

1985 822 2314 878 prmceptum
2351 821 2491 873 erat,
2536 818 2642 866 etc.
2674 810 2945 880 Scriptum
2995 818 3079 864 est
3108 806 3251 863 enim
3284 825 3297 862 :
3330 807 3392 861 Et
3419 823 3555 875 pra:-

1983 906 2117 971 cepit
2166 904 2418 956 Dominus
2473 901 2612 956 Deus
2648 902 2777 957 Adte
2825 900 3043 955 dicens:
3072 898 3156 955 Ea:
3214 900 3355 954 omni
3387 898 3549 968 ligno,

1985 995 2124 1065 quod
2174 1004 2250 1049 est
2304 995 2354 1047 in
2404 994 2700 1064 paradiso,
2758 992 2994 1047 comedes
3024 1010 3041 1048 :
3073 992 3135 1046 de
3181 992 3322 1060 ligno
3379 1000 3552 1043 autent

1987 1087 2220 1142 scientia:
2254 1087 2373 1141 boni
2398 1095 2447 1141 et
2486 1085 2614 1140 mali
2647 1102 2749 1140 non
2781 1086 3038 1139 comedes.
3069 1082 3393 1155 Quacunque
3418 1084 3554 1135 enim

1988 1179 2075 1232 die
2105 1178 2417 1242 comederis,
2463 1187 2629 1232 morte
2658 1177 2897 1231 morieris
2923 1176 2991 1229 ⁸ο.
3038 1175 3216 1229 Arbor
3251 1178 3430 1228 autem
3466 1173 3556 1226 ilia

1988 1277 2106 1326 erat
2145 1269 2387 1325 scientiae
2417 1268 2545 1324 boni
2580 1277 2633 1323 et
2668 1266 2817 1323 mali.
2848 1267 2984 1321 Nam
3021 1279 3144 1321 eum
3183 1280 3248 1318 ex
3283 1279 3343 1317 ea
3371 1262 3556 1317 come-

1990 1363 2159 1418 disset
2209 1350 2404 1424 Adam,
2456 1376 2722 1429 suamque
2772 1361 3070 1413 nuditatem
3116 1356 3399 1421 sensisset,
3446 1365 3556 1408 tum

1991 1454 2210 1509 demum
2256 1451 2544 1515 intellexit,
2575 1450 2722 1519 quod
2770 1450 2971 1502 bonum
3009 1449 3227 1518 quidem
3277 1454 3392 1502 erat
3423 1460 3561 1509 prte-

1992 1547 2135 1616 cepti
2169 1543 2503 1607 observatio,
2546 1543 2747 1596 malum
2791 1550 2972 1594 autem
3013 1538 3397 1607 transgressio.
3455 1535 3560 1589 Du-

1998 1639 2190 1707 piieem
2241 1644 2424 1690 autem
2472 1634 2757 1689 scientiam
2812 1647 2936 1687 esse
2991 1630 3249 1697 dicimus,
3308 1629 3558 1689 alteram,

1993 1744 2115 1798 qua:
2150 1743 2238 1782 res
2268 1726 2564 1787 antecedit,
2600 1740 2766 1795 quam
2801 1733 2855 1777 ct
2877 1723 3288 1792 dijudicativam
3325 1721 3564 1792 appella-

1995 1832 2115 1875 mus
2145 1838 2159 1873 :
2195 1817 2450 1880 alteram,
2502 1833 2623 1887 qua:
2657 1832 2745 1872 res
2781 1818 2928 1884 ipsas
2959 1815 3273 1878 comitatur,
3304 1829 3368 1868 ac
3400 1814 3563 1869 rcalis

1991 1911 2216 1965 dicitur.
2265 1907 2343 1962 Ea
2375 1909 2558 1980 igitur.
2590 1924 2712 1978 qua:
2758 1905 3099 1962 discernendi
3136 1920 3200 1960 ac
3229 1904 3562 1975 diiudicandi

1992 2001 2100 2055 vim
2148 1992 2348 2065 habet,
2405 2008 2531 2055 ante
2583 2000 2924 2071 degusmtam
2985 1999 3233 2054 arborem
3300 1998 3565 2070 prmditus

1992 2101 2111 2147 erat
2141 2086 2404 2147 Adamus.
2455 2091 2574 2162 Ipse
2604 2086 2749 2145 enim
2796 2103 2849 2146 et
2904 2090 3080 2145 brutis
3109 2078 3480 2144 animantibus
3512 2096 3565 2141 et

1995 2176 2410 2241 uxori'nomina
2450 2199 2549 2256 per
2582 2178 2957 2252 coniecturam
2989 2183 3273 2253 imposuit.
3312 2182 3389 2238 Ac
3435 2195 3563 2237 rea-

1995 2282 2097 2334 iem
2121 2279 2408 2350 degustala
2432 2274 2625 2333 arbore
2645 2279 2871 2346 insuper
2889 2276 3120 2346 adeptus
3148 2284 3252 2331 est.
3278 2273 3565 2340 Quodnam

1995 2381 2179 2425 autem
2237 2379 2383 2426 esset
2429 2370 2633 2440 lignum
2681 2368 2812 2424 illud
2866 2367 3239 2433 interdictum,
3286 2364 3569 2435 Scriptura

1997 2454 2223 2537 quidem
2274 2480 2385 2517 non
2440 2461 2706 2517 indicavit
2754 2468 3056 2516 :ca'terum
3120 2456 3400 2513 nonnullis
3447 2470 3567 2511 eam

2000 2556 2289 2610 ticuineam
2338 2551 2511 2606 fuisse
2575 2551 2800 2629 placuit,
2859 2565 2923 2605 ex
2989 2548 3148 2617 cujus
3207 2549 3372 2601 etiam
3424 2545 3571 2600 loliis

2001 2654 2125 2715 post
2194 2636 2526 2713 praereptum
2589 2642 2849 2697 violatum
2915 2640 3079 2710 primi
3147 2647 3402 2711 parentes
3467 2637 3569 2692 sibi

1999 2744 2177 2790 vestes
2223 2734 2562 2789 consuerint.
2611 2734 2688 2788 Ac
2723 2741 3019 2803 propterea
3065 2731 3330 2799 scriptum
3396 2744 3565 2785 esse:

2004 2825 2067 2878 Et
2119 2825 2394 2881 maledixit
2455 2812 2708 2879 Dominus
2765 2823 2987 2892 ﬂeui".
3055 2822 3320 2877 Arborem
3387 2829 3568 2874 autem

2002 2918 2125 2970 vitae
2176 2930 2299 2971 esse
2358 2916 2532 2980 aiunt,
2591 2904 2710 2969 eam
2768 2913 2876 2967 vim
2930 2913 3243 2977 habentem,
3297 2919 3357 2965 ut
3404 2909 3570 2963 vitam

329 3020 385 3065 et
414 3010 685 3073 facientis,
741 3018 797 3064 et
837 3008 954 3063 Dei.
1002 3009 1144 3063 Deus
1201 3008 1346 3061 enim
1387 3005 1679 3060 facultates
1731 3012 1785 3057 et
1820 3004 1894 3057 in-
1928 3023 1972 3081 ς
2005 3009 2195 3063 aﬂerat
2224 3026 2236 3061 :
2270 3022 2391 3076 qua
2433 3004 2652 3075 quidem
2709 3003 2778 3059 ab
2814 3003 2885 3059 iis
2932 3004 3086 3069 solis,
3137 3003 3233 3072 qui
3281 3000 3389 3055 vita
3425 2999 3574 3069 digni

329 3109 632 3156 Stramenta
684 3099 1036 3169 suppeditat:
1074 3098 1237 3151 homo
1292 3106 1473 3150 autem
1535 3096 1751 3149 actione
1801 3109 1899 3148 sua

330 3205 447 3245 rem
502 3190 762 3259 praeclare
802 3190 1045 3244 coniicit.
1094 3185 1187 3242 ille
1237 3186 1446 3242 semina
1507 3183 1773 3239 mandat:
1813 3183 1902 3236 hic.

332 3282 586 3354 agricolae
634 3297 861 3357 munere
902 3280 1171 3349 fungitur.
1226 3280 1359 3336 Nam
1392 3294 1513 3333 cum
1549 3279 1601 3330 in
1652 3275 1902 3345 paradiso

329 3383 552 3443 propter
597 3387 759 3444 opera
796 3373 936 3426 bona
990 3372 1290 3426 collocatus
1329 3376 1494 3433 esset,
1530 3367 1637 3421 nisi
1691 3365 1901 3419 arbitrii

331 3466 639 3531 libertatem
696 3465 1023 3529 habuisset,
1098 3477 1441 3533 nequaquam
1499 3475 1562 3513 ex
1625 3457 1904 3511 voluntate

329 3572 491 3625 agere
528 3557 821 3611 videretur.
857 3555 1147 3613 Enimvero
1183 3554 1402 3610 sensilis
1431 3550 1722 3622 paradisus
1747 3547 1901 3617 quis-

336 3663 460 3701 nam
513 3648 626 3709 sit,
688 3662 756 3702 ex
818 3646 1048 3701 Genesis
1084 3644 1316 3699 historia
1372 3641 1722 3713 perspicuum
1785 3654 1905 3694 esse

331 3749 514 3810 queat.
559 3737 828 3792 Plantavit
861 3738 1030 3798 enim,
1082 3735 1279 3804 inquit,
1320 3733 1456 3787 Deus
1507 3731 1821 3801 paradisum
1851 3730 1904 3783 in

333 3829 485 3885 Eden
535 3830 603 3882 od
655 3828 923 3884 Orientem
946 3827 1012 3881 δ’.
1048 3826 1117 3879 At
1151 3824 1446 3894 Gregorius
1498 3821 1781 3876 historiam
1837 3820 1903 3874 ad

336 3920 651 3990 allegoriam
682 3918 939 3981 traducit,
973 3928 1137 3988 atque
1164 3930 1260 3986 per
1293 3915 1657 3970 intellectiiem
1686 3910 1903 3983 quidem

333 4013 666 4086 paradisum,
721 4012 1002 4067 caelestem
1052 4010 1218 4064 vitam
1270 4007 1547 4078 intelligit,
1589 4005 1673 4059 vel
1709 4004 1906 4058 animae

333 4106 622 4177 puritatem
668 4115 724 4160 et
771 4103 1075 4158 claritatem
1106 4116 1120 4156 :
1154 4116 1247 4171 per
1299 4100 1509 4169 plautas
1556 4105 1761 4156 autem,
1806 4094 1907 4147 im-

335 4199 594 4255 mortales
637 4198 878 4252 rationes
911 4204 966 4251 et
1015 4195 1230 4251 divinas
1259 4193 1641 4260 cogitationes,
1673 4203 1903 4257 quarmn

335 4291 459 4346 alia:
492 4289 771 4345 tenuiores
798 4298 949 4355 sunt,
991 4287 1111 4343 alia:
1155 4283 1524 4355 perfectiores.
1559 4279 1731 4352 Porro
1763 4279 1906 4350 quod

2004 3109 2152 3164 sunt,
2193 3116 2293 3154 nec
2334 3099 2499 3154 morti
2551 3096 2858 3165 subiacent,
2888 3093 2977 3151 edi
3021 3100 3218 3164 potest.
3261 3090 3381 3146 1am
3431 3105 3573 3160 quo-

2006 3194 2155 3245 niam
2208 3189 2547 3257 spiritualem
2584 3185 2901 3256 paradisum
2935 3182 3345 3246 constituimus,
3380 3196 3442 3236 ac
3477 3196 3573 3250 per

2003 3296 2127 3335 eum
2169 3280 2445 3334 cmlestem
2476 3277 2639 3331 vitam
2671 3273 3067 3338 intelleximus,
3105 3272 3316 3342 lignum
3351 3284 3573 3340 quoque

2006 3371 2137 3426 illud
2173 3383 2355 3433 omne,
2386 3383 2455 3422 ex
2498 3380 2610 3435 quo
2661 3363 2998 3420 manducare
3042 3362 3205 3419 nobis
3243 3369 3572 3432 praeceptum

2005 3471 2108 3524 est,
2166 3460 2241 3513 ita
2290 3458 2567 3527 explicare
2620 3468 2943 3526 possumus,
2984 3461 3045 3509 ut
3092 3452 3363 3513 dicamus,
3417 3450 3578 3504 nobis

2007 3566 2105 3622 per
2131 3548 2261 3604 illud
2287 3548 2484 3602 divina:
2501 3543 2980 3616 contemplationis
3001 3541 3226 3598 delicias
3255 3538 3575 3610 signiﬁcari.

2008 3642 2148 3695 Deus
2194 3639 2343 3694 enim
2383 3636 2700 3692 universum
2753 3642 2859 3699 est,
2907 3633 2961 3687 in
2998 3646 3131 3703 quo,
3167 3638 3225 3684 et
3267 3641 3363 3698 per
3391 3641 3576 3697 quem,

2007 3740 2133 3788 sunt
2178 3730 2384 3786 omnia.
2473 3717 2579 3794 Qui
2635 3727 2799 3784 etiam
2853 3726 3067 3797 lignum
3132 3721 3255 3777 vita:
3308 3717 3579 3775 nominari

2011 3832 2207 3893 potest,
2235 3821 2495 3892 quoniam
2531 3819 2733 3875 divinae
2761 3813 3203 3887 participationis
3231 3809 3463 3869 dulcedo
3510 3810 3579 3863 iis

2008 3916 2103 3987 qui
2135 3914 2199 3968 ea
2246 3913 2527 3975 fruuntur,
2582 3894 2941 3965 vitam'nulla
2995 3915 3168 3961 morte
3220 3905 3577 3973 interruptam

2012 4007 2270 4076 impertit.
2309 4006 2448 4059 Tum
2479 4012 2666 4075 autem
2696 4002 2902 4070 lignum
2933 3999 3178 4054 scientiae
3204 3996 3332 4049 boni
3358 4005 3410 4049 et
3453 3992 3581 4048 mali

2013 4096 2335 4166 multiplicis
2355 4090 2837 4160 contemplationis
2852 4085 3164 4166 disquisitio
3177 4087 3373 4153 exponi
3393 4092 3581 4153 queat.

2012 4186 2116 4240 hoc
2157 4163 2241 4238 est
2270 4182 2505 4253 propria:
2543 4188 2753 4234 naturae
2787 4163 3017 4247 agnitio,
3061 4190 3183 4245 quae
3228 4174 3470 4246 quidem,
3522 4179 3583 4227 ut

2012 4274 2267 4348 perlectis
2323 4283 2378 4327 et
2434 4271 2487 4326 in
2548 4271 2730 4326 divina
2804 4268 3264 4339 contemplatione
3314 4264 3582 4323 altissime

334 4383 599 4450 soriptmn
651 4387 757 4441 est,
811 4380 1019 4435 nudum
1064 4375 1341 4430 hominem
1390 4372 1586 4437 fuisse,
1630 4348 1906 4433 trifariam
1934 4385 1984 4441 νυ
2014 4366 2286 4439 provectis
2345 4362 2490 4420 bona
2548 4370 2653 4443 est,
2716 4360 2788 4415 ita
2825 4348 2893 4414 iis
2947 4361 3041 4430 qui
3089 4375 3306 4417 summo
3362 4372 3417 4413 et
3479 4356 3581 4411 soli

342 4473 585 4540 exponit.
625 4469 818 4527 Nudus
871 4469 1061 4534 enim,
1094 4468 1293 4539 inquit.
1342 4473 1483 4537 erat,
1530 4472 1790 4531 quantum
1842 4461 1910 4533 ad

345 4577 558 4635 morum
625 4560 1077 4631 sinipiicitatem,
1140 4540 1381 4612 nondum
1435 4555 1579 4609 enim
1640 4548 1789 4609 fraus
1846 4567 1911 4607 ac

340 4655 579 4711 versutia
623 4661 678 4708 et
726 4651 928 4714 malitia
978 4648 1217 4705 admissa
1259 4645 1460 4702 fuerat.
1506 4644 1695 4700 Nudus
1743 4645 1907 4698 etiam

341 4756 617 4816 Quatenus
666 4744 912 4799 vestibus
955 4750 1011 4798 et
1056 4748 1199 4795 tecto
1234 4737 1499 4794 carebat:
1528 4744 1714 4808 postea
1762 4734 1907 4789 enim

344 4846 400 4892 et
458 4838 779 4892 vestimenta
837 4844 892 4889 et
949 4842 1092 4890 tecta
1154 4829 1457 4901 excogitata
1515 4833 1663 4881 sunt.
1725 4824 1912 4879 Diti‘ert

340 4939 527 4987 autem
564 4930 994 4997 integumentum
1022 4941 1053 4982 a
1085 4925 1426 4980 munimento
1458 4921 1574 4977 sive
1603 4932 1914 4990 propugna-

343 5023 469 5077 culo
500 5039 513 5074 :
544 5020 688 5091 quod
722 5020 856 5075 illud
885 5017 1099 5089 tegendi
1136 5015 1385 5085 corporis
1415 5028 1583 5068 causa
1632 5013 1910 5066 inventum

344 5111 441 5174 sit,
479 5119 538 5164 ut
571 5111 897 5166 vestimenta
926 5127 940 5164 :
976 5111 1079 5164 hoc
1108 5121 1286 5162 autem
1330 5104 1596 5160 custodiae
1639 5117 1702 5158 ac
1733 5100 1913 5156 tutela:

343 5216 532 5266 causa,
570 5211 632 5256 ut
663 5216 813 5257 arma
846 5208 899 5255 et
928 5201 1285 5255 instrumenta
1334 5188 1414 5252 ad
1456 5196 1563 5249 vim
1616 5186 1907 5248 arcendam

343 5292 616 5347 instituta.
662 5290 853 5346 Talem
900 5292 1044 5345 enim
1077 5305 1198 5345 esse
1238 5277 1595 5345 conveniebat
1647 5300 1770 5341 eum
1816 5282 1910 5354 qui

344 5398 375 5435 a
407 5381 516 5437 Deo
559 5391 779 5440 creatus
810 5389 983 5445 esset,
1018 5385 1120 5436 hoc
1165 5389 1269 5442 est,
1299 5379 1671 5438 innocentem.
1705 5374 1915 5445 simpli-

346 5486 485 5537 cem,
534 5489 664 5529 cura
705 5483 760 5529 et
813 5470 1180 5530 sollicitudine
1212 5485 1470 5536 vacuum,
1505 5470 1575 5524 ab
1624 5465 1912 5522 ali'ectibus

418 5629 615 5686 "Gen.
652 5647 710 5698 ιι,
751 5633 804 5686 8.
883 5632 1083 5687 "Gen.
1115 5645 1226 5695 xrt,
1264 5628 1349 5684 l7.
1426 5626 1467 5659 ⁸¹
1496 5624 1661 5680 Marc.
1699 5640 1775 5691 χι,
1813 5623 1899 5679 l3.

2016 4436 2161 4514 bono
2220 4455 2462 4512 nondum
2524 4436 2751 4508 tirmitcr
2814 4462 2868 4506 et
2928 4460 3244 4507 constanter
3304 4449 3580 4509 assident.

2018 4548 2180 4604 noxia
2223 4555 2344 4610 est,
2392 4553 2579 4615 utpOte
2628 4556 2769 4613 quos
2822 4550 3044 4611 propter
3097 4524 3366 4596 inﬁrmam
3419 4549 3584 4609 atque

2016 4636 2330 4694 instabilem
2360 4634 2414 4689 in
2451 4638 2596 4689 bono
2629 4634 2965 4689 tuansionem
2991 4630 3238 4700 corporis
3269 4645 3399 4685 cura
3425 4630 3489 4684 ad
3524 4645 3585 4683 se

2017 4722 2296 4787 retrahere
2340 4727 2620 4796 variisque
2658 4710 2889 4796 negotiis
2940 4723 3220 4794 implicare
3269 4722 3427 4777 solet.
3461 4720 3580 4783 Vel,

2018 4822 2061 4876 si
2105 4820 2314 4881 mavis,
2356 4833 2452 4888 per
2498 4831 2660 4870 omne
2695 4817 2896 4885 lignum
2940 4830 3060 4870 eam
3096 4813 3291 4869 divinae
3328 4812 3584 4883 potentiae

2021 4911 2354 4981 agnitionem
2422 4907 2699 4975 intellige,
2743 4920 2863 4976 qua:
2907 4920 2971 4961 ex
3027 4919 3210 4959 rerum
3270 4912 3577 4958 creatarnm

2018 4996 2452 5055 consideratione
2510 5004 2895 5062 comparatur,
2969 4992 3431 5064 quemadmodum
3505 4993 3582 5045 ait

2018 5087 2315 5158 Apostolus
2375 5102 2389 5139 :
2451 5080 2752 5138 luvisibilia
2809 5085 2950 5138 enim
3017 5084 3183 5152 ipsius
3248 5101 3279 5136 a
3339 5092 3584 5136 creatura

2015 5181 2198 5238 mundi
2247 5194 2338 5248 per
2396 5193 2455 5230 ea
2506 5191 2624 5247 (μειϐ
2652 5175 2814 5244 facta.
2854 5185 2999 5240 sunt,
3058 5173 3327 5228 intellecta
3378 5171 3585 5241 conspi-

2023 5280 2237 5333 ciuntur
2261 5274 2328 5328 ".
2380 5272 2637 5327 Omnium
2670 5281 2851 5327 autem
2889 5270 3154 5340 ejusmodi
3191 5269 3581 5338 cogitationum

2019 5364 2473 5424 excellentissima
2523 5371 2575 5415 et
2607 5363 2873 5419 altissima
2904 5373 2987 5419 est
3039 5363 3149 5426 illa,
3182 5377 3302 5433 qua:
3341 5362 3394 5415 in
3428 5375 3585 5416 creavr

2021 5461 2187 5515 tionis
2243 5464 2446 5511 nostrai
2486 5454 2698 5511 ratione
2746 5465 3019 5513 versatur.
3074 5450 3343 5509 Mirabilis
3392 5453 3574 5509 enim.

1974 5622 2018 5655 ³⁵³
2050 5619 2208 5675 Rom.
2236 5635 2273 5684 I,
2306 5617 2397 5673 20.
