3996 6206
585 276 719 341 1335

1986 279 2368 343 ADDENDA.
3707 292 3795 360 1336

581 387 780 459 inquit,
837 391 986 461 facta
1036 399 1113 446 est
1148 387 1367 446 scientia
1419 399 1512 445 tua
1557 406 1623 446 ea:
1672 407 1750 445 nte
1768 391 1838 457 ³³,
1891 393 1994 447 hoc
2040 402 2144 454 est.
2184 398 2225 452 Α
2255 395 2420 463 ptatis
2451 395 2720 455 illecebris
2750 399 3193 469 lenociniisque
3248 398 3400 468 capti
3446 408 3614 455 sunt:
3646 411 3795 475 stilus;

581 495 650 535 ex
692 483 794 536 mei
828 484 1259 539 constructione.
1289 484 1414 541 Haec
1442 495 1625 542 autem
1669 488 1910 559 cognitio
1940 489 2151 543 Adamo

583 574 886 644 periculosa
955 583 1111 643 erat,
1172 576 1430 632 nimirum
1500 594 1691 635 recens
1747 590 1928 636 creato
1990 593 2150 650 atque

584 665 763 720 adhuc
812 664 1152 733 imperfecto.
1204 664 1347 733 Quin
1413 669 1576 725 etiam
1625 686 1719 741 per
1774 672 1980 742 lignum
2027 675 2150 727 vita:

584 769 845 810 ascensus
886 755 977 810 ille
1025 756 1321 827 significari
1369 770 1565 829 potest,
1620 777 1729 832 quo
1776 777 1841 817 es
1891 763 2149 820 omnibus

581 845 751 902 rebus
798 846 1156 902 sensibilibus
1190 847 1256 902 ad
1297 846 1466 903 Deum
1497 852 1891 920 provehimur;
1945 868 2041 923 per
2085 852 2148 906 li-

581 955 743 1007 gnum
789 950 972 996 autem
1036 943 1283 998 scientia:
1313 943 1441 999 boni
1484 955 1539 1000 et
1593 948 1722 1002 mali
1769 948 2045 1004 sensibilis
2094 960 2150 1003 et

580 1032 960 1103 voluptuarius
991 1034 1172 1100 cibus,
1202 1036 1294 1106 qui
1328 1037 1548 1092 tametsi
1575 1039 1918 1095 dulcedinem
1953 1039 2149 1096 alferre

580 1121 849 1191 videatur,
884 1133 1060 1179 tamen
1090 1142 1277 1181 revera
1310 1128 1696 1198 percipientem
1733 1131 1892 1185 malis
1924 1130 2147 1186 immer-

580 1213 677 1283 git.
731 1213 810 1268 Es
866 1217 1007 1269 omni
1064 1216 1227 1286 igitur
1269 1218 1410 1289 ligno
1462 1221 1603 1290 quod
1656 1230 1736 1274 est
1791 1221 1846 1274 in
1895 1221 2146 1290 paradiso

579 1305 836 1368 comedas.
875 1305 978 1362 hoc
1017 1317 1123 1378 est,
1172 1324 1268 1379 per
1307 1325 1496 1367 omnes
1558 1325 1646 1367 res
1694 1320 1906 1367 creatas
1945 1311 2014 1366 ad
2060 1327 2146 1369 me

579 1394 888 1451 Creatorem
920 1397 1173 1464 evehere,
1203 1409 1368 1468 atque
1397 1416 1566 1455 unum
1600 1416 1665 1455 ex
1688 1401 1946 1457 omnibus
1982 1404 2145 1458 rebus

584 1489 823 1547 fructum
855 1493 1070 1562 collige,
1120 1509 1206 1549 me
1239 1495 1512 1557 videlicet.
1543 1496 1634 1564 qui
1670 1513 1796 1552 vera
1833 1498 1940 1552 vita
1972 1514 2093 1553 sum
2128 1515 2142 1553 :

580 1578 666 1634 Ea:
698 1582 841 1651 ligno
872 1592 1046 1636 autem
1078 1584 1311 1639 scientia:
1338 1586 1458 1639 boui
1492 1596 1540 1640 et
1576 1588 1703 1641 mali
1737 1604 1799 1641 ne
1832 1589 2138 1642 comedatis.

581 1668 902 1739 Quacunque
951 1684 1124 1727 autem
1172 1676 1257 1730 die
1308 1678 1642 1731 comederitis
1670 1720 1684 1743 ,
1731 1689 1898 1733 morte
1948 1679 2142 1733 morie-

580 1760 727 1813 mini.
777 1761 1107 1818 Naturaliter
1160 1764 1305 1819 enim
1353 1766 1630 1824 sensibilis
1683 1769 1841 1824 cibus
1889 1769 1939 1824 id
1999 1771 2142 1834 quod

577 1850 804 1919 ellluxit,
832 1854 1037 1923 replet;
1071 1871 1168 1911 nec
1199 1856 1311 1911 ﬁeri
1346 1867 1542 1927 potest,
1580 1869 1637 1914 ut
1675 1859 1723 1917 is
1748 1860 2144 1932 incorruptibi-

578 1942 646 1997 lis
696 1954 1050 2011 permaneat,
1113 1947 1206 2018 qui
1258 1947 1535 2005 sensibilis
1581 1949 1824 2004 alimenti
1871 1952 2144 2020 particeps

576 2040 681 2088 est.
731 2031 934 2091 Praeter
986 2036 1083 2092 hos
1127 2037 1288 2092 etiam
1332 2039 1524 2095 modos
1567 2039 1726 2095 aliter
1765 2039 1972 2110 lignum
2021 2042 2145 2097 vitae

574 2136 846 2191 exponere
899 2140 1211 2193 possumus,
1264 2135 1324 2181 ut
1379 2138 1708 2198 praeceptum
1765 2130 1898 2186 illud
1940 2147 1972 2187 a
2033 2133 2144 2188 Deo

575 2210 764 2266 datum
804 2210 1073 2283 signiticet
1117 2215 1346 2287 (lignum
1379 2218 1544 2274 etiam
1574 2218 1698 2275 vita:
1738 2228 1819 2276 est
1851 2232 1906 2277 et
1929 2223 2141 2289 iustitia

576 2304 832 2361 omnibus
887 2308 1059 2376 ipsam
1108 2309 1617 2378 amplectentibus);
1664 2310 1905 2367 scicntia:
1958 2322 2140 2368 autem

574 2396 781 2464 lignum
811 2397 1194 2453 discretionem
1222 2399 1350 2455 boni
1373 2408 1427 2455 et
1455 2400 1581 2455 mali
1607 2401 1875 2470 designet.
1897 2402 2139 2459 Primum

577 2480 744 2551 igitur
790 2484 1110 2553 simpliciter
1154 2494 1208 2541 et
1259 2487 1379 2543 sine
1408 2488 1515 2541 ulla
1547 2489 1894 2547 discussione
1932 2491 2142 2547 Adamo

574 2570 885 2627 faciendum
932 2584 1072 2642 erat,
1122 2587 1182 2631 ut
1221 2576 1325 2647 legi
1363 2579 1558 2635 divinat
1602 2592 1836 2652 pareret,
1868 2584 2041 2641 donec
2076 2587 2139 2641 ad

571 2663 873 2732 perfectum
918 2665 1140 2723 virtutis
1185 2668 1429 2724 habitum
1478 2672 1808 2740 perveniret,
1858 2684 2019 2747 atque
2068 2680 2141 2732 ita

472 2810 485 2817 ,
575 2754 792 2807 demum
837 2754 933 2810 Dei
974 2770 1200 2813 munere
1231 2758 1361 2813 boni
1416 2774 1480 2814 ac
1530 2760 1656 2816 mali
1692 2762 2138 2832 dijudicationem

575 2843 866 2912 acciperet,
912 2847 1057 2914 quod
1084 2849 1304 2916 quidem
1336 2850 1543 2920 lignum
1593 2863 1677 2908 est
1735 2854 1976 2910 scientiae
2009 2856 2138 2912 boni

575 2947 641 2987 ac
671 2933 821 2988 mali.
862 2933 1051 3005 Neque
1075 2938 1220 2991 enim
1268 2939 1317 2993 ei
1348 2943 1440 3008 qui
1477 2951 1664 2998 tenero
1709 2953 1793 2998 est
1833 2946 2137 3012 lnlellectu,

2254 486 2404 558 ligno
2438 489 2563 543 vita:
2587 490 2802 560 expulsi
2836 502 2890 546 et
2921 491 3227 547 mortales
3262 491 3397 546 facti
3430 502 3575 547 sunt.
3604 492 3662 548 At
3684 498 3798 551 cuim-
3870 524 3871 547 ι

2256 593 2383 633 vero
2417 578 2520 659 hoc
2555 580 2678 635 loco
2708 579 2817 636 Deo
2846 580 3083 637 invisus
3129 581 3498 652 Porphyrius
3527 592 3715 652 propter
3737 587 3801 643 hoc
3870 570 3873 603 ⁵

2252 669 2496 726 scientia:
2552 671 2758 741 lignum
2809 671 2988 726 Deum
3056 671 3417 726 alterutrius
3464 673 3659 740 pet-cati
3698 691 3800 730 reum

2255 776 2512 834 peragere
2564 771 2818 817 conatur.
2877 761 3003 817 lloc
3056 761 3226 816 enim
3294 762 3611 817 dilemmate
3651 767 3803 824 utitor:

2252 858 2358 912 Aut
2383 858 2544 912 arbor
2576 856 2666 911 illa
2696 854 3019 926 perniciose
3077 853 3316 908 consita
3351 865 3463 919 esr,
3496 864 3665 924 utpote
3685 858 3805 912 homi-

2252 947 2412 1002 nibus
2443 954 2671 1002 mortem
2725 945 2960 1001 allatura
2998 964 3015 1001 :
3055 956 3163 999 aut
3218 945 3270 999 si
3305 955 3457 1000 recte
3507 946 3716 1014 plantata
3738 960 3803 1010 est,

2252 1039 2487 1110 maligne
2516 1048 2664 1094 certe
2693 1047 2859 1109 atque
2895 1036 3103 1091 invide
3135 1035 3435 1107 prohibita
3464 1044 3568 1099 est,
3608 1036 3799 1090 nimirum

2250 1128 2362 1183 Deo
2409 1128 2691 1184 scientiam
2736 1127 3077 1181 hominibus
3137 1125 3463 1191 invidente,
3503 1127 3803 1195 vecordesque

2248 1234 2344 1273 eos
2368 1233 2491 1273 esse
2520 1217 2794 1284 cupiente.
2834 1214 2991 1271 Hanc
3026 1215 3221 1287 igitur
3257 1216 3622 1286 objectionem
3649 1216 3802 1271 diluens

2247 1310 2561 1380 Gregorius,
2614 1308 2693 1365 Ne
2725 1310 2780 1364 in
2811 1308 2917 1364 hoc
2943 1308 3210 1379 lignum,
3251 1307 3463 1378 inquit,
3495 1307 3635 1377 impii
3666 1322 3805 1362 manus

2247 1400 2515 1471 injiciant,
2549 1414 2650 1455 nec
2696 1408 3008 1470 serpentem
3069 1398 3409 1452 imitentur.
3445 1394 3577 1451 Nam
3601 1396 3681 1452 ille
3706 1413 3801 1466 quo-

2246 1507 2355 1561 que
2405 1491 2574 1545 Deum
2640 1489 2953 1544 hominibus
3010 1488 3345 1544 scientiam
3409 1502 3475 1543 ac
3525 1487 3798 1542 divinitatea

2249 1583 2491 1639 invidere
2539 1581 2781 1638 diccbat.
2812 1579 2926 1635 Nec
2952 1580 3121 1635 enim
3158 1578 3319 1634 male
3349 1578 3589 1650 plantat:
3630 1585 3699 1632 est
3720 1575 3799 1629 hac

2248 1674 2449 1739 arbor,
2504 1686 2604 1727 nec
2676 1669 2913 1740 maligne
2959 1669 3288 1724 interdicta
3352 1684 3368 1721 :
3425 1679 3606 1721 verum
3655 1672 3799 1718 natura

2245 1764 2466 1831 quidem
2514 1762 2657 1817 bona
2730 1770 2848 1816 erat
2885 1760 3044 1830 (vidit
3103 1759 3267 1813 enim
3324 1757 3467 1811 Deus
3510 1756 3670 1809 omnia
3706 1770 3789 1822 que

2246 1863 2465 1925 1ecerat,
2506 1866 2555 1907 et
2584 1862 2733 1907 erant
2774 1851 2923 1905 valde
2960 1850 3113 1904 bona
3141 1850 3248 1918 "),
3284 1863 3393 1903 usu
3426 1855 3597 1901 autem
3623 1855 3671 1900 et
3696 1846 3792 1897 bona

2245 1954 2365 2002 erat
2396 1955 2451 2001 et
2502 1945 2639 1999 mala
2666 1961 2683 2008 ;
2715 1944 2880 2008 bona,
2924 1942 2976 1998 si
3002 1955 3282 2012 congruo
3324 1947 3569 2008 tempore
3603 1935 3788 2003 percipe-

2247 2046 2415 2102 retur,
2467 2051 2627 2093 secus
2678 2045 2885 2100 autem,
2945 2034 2995 2088 si
3056 2041 3419 2104 praemature
3452 2030 3786 2096 decerperetur.

2246 2128 2486 2192 Etenim,
2536 2136 2593 2181 ut
2624 2125 2903 2181 intellectu
2947 2132 3006 2179 et
3034 2121 3533 2193 contemplatione
3558 2130 3782 2186 assequar.

2247 2219 2359 2275 ιιίιιε
2393 2219 2556 2273 arbor
2587 2217 2844 2288 cogitatio
2895 2232 2995 2273 seu
3026 2212 3459 2286 contemplatio
3507 2206 3716 2280 quedam
3743 2212 3781 2257 et

2246 2310 2441 2364 notitia
2508 2308 2802 2380 perfectior
2863 2319 3026 2372 erat,
3097 2304 3523 2373 sublimiorque
3570 2295 3778 2393 scientia.

2245 2416 2406 2472 quam
2442 2400 2814 2455 conscendere
2851 2400 2888 2454 ii
2917 2399 3021 2453 soli
3057 2407 3193 2453 tuto
3224 2403 3486 2468 possunt,
3521 2390 3627 2460 qui,
3654 2395 3700 2440 ut
3729 2390 3780 2435 ait

2241 2492 2531 2562 Apostolus
2559 2493 2626 2557 “,
2659 2507 2757 2561 pro
2794 2491 3221 2545 consuetudine
3273 2500 3481 2543 sensus
3522 2479 3776 2535 exercitatos

2244 2582 2447 2638 habent
2504 2583 2571 2637 ad
2624 2580 3012 2637 discretionem
3090 2578 3233 2634 boni
3303 2586 3364 2632 et
3434 2572 3574 2628 lttali.
3622 2567 3771 2621 Contra

2242 2688 2421 2730 autem
2463 2690 2526 2730 ea
2561 2673 2783 2729 minime
2815 2673 2957 2729 bona
2991 2672 3217 2728 teneris
3273 2668 3463 2725 adhuc
3515 2673 3565 2719 et
3603 2656 3771 2755 ιἰιιίίθξί

2242 2766 2464 2832 animis,
2511 2765 2973 2837 quemadmodum
3010 2780 3119 2820 nec
3170 2762 3396 2818 solidus
3430 2757 3575 2813 cibus
3602 2749 3768 2846 infanti-

2241 2857 2367 2910 bus.
2400 2855 2602 2911 Dentes
2635 2856 2783 2911 enim
2836 2869 3032 2910 recens
3073 2861 3253 2909 natos
3286 2848 3542 2908 convellit
3567 2839 3762 2914 gratissi-

2243 2962 2435 3017 mcque
2461 2947 2626 3001 laedit.

577 3022 824 3090 periculo
876 3033 1032 3078 vacat
1080 3024 1441 3095 dijudicatioq,
1490 3031 1634 3099 quod
1684 3046 1928 3088 crassam
1975 3008 2137 3107 atque
2167 3042 2208 3097 C
2313 3008 2432 3090 C-ol.
2461 3036 2553 3090 65]
2594 3034 2656 3090 C.
2698 3032 2958 3090 Psncws.
3003 3031 3258 3103 Lignum
3285 3026 3540 3086 scientiae.
3573 3019 3622 3075 In
3641 3008 3765 3086 primi

524 3154 525 3159 η
575 3109 860 3168 aﬂ'ectihus
911 3124 1237 3169 commotam
1289 3122 1341 3169 et
1393 3117 1822 3186 voluptuariam'
1869 3121 2136 3177 rationem

572 3199 793 3256 habeat.
835 3201 1104 3267 Quoniam
1153 3203 1319 3275 igitur
1369 3204 1634 3262 Adamum
1675 3219 1768 3279 per
1813 3207 2135 3282 simplicem,

574 3289 837 3360 omnique
872 3290 1266 3359 dijudicatione
1320 3304 1596 3351 carentem
1635 3298 1999 3356 obedientiam
2029 3301 2139 3357 Deo

573 3378 825 3451 conjungi
860 3382 1164 3451 oportebat,
1209 3398 1272 3438 ac
1311 3400 1405 3454 per
1436 3386 1750 3456 huiusmodi
1798 3392 2139 3461 conjunctio-

572 3485 695 3526 nem
725 3473 1026 3530 divinitatis
1061 3489 1202 3544 opus
1252 3490 1317 3530 eo
1347 3486 1611 3548 tempore,
1650 3495 1759 3550 quo
1799 3480 1943 3538 Deus
1978 3500 2139 3542 verus

570 3569 625 3615 et
656 3563 924 3618 naturalis
952 3564 1237 3631 voluisset,
1273 3569 1543 3637 accipere,
1572 3584 1866 3641 rerumque
1890 3575 2134 3629 omnium

570 3667 756 3708 veram
788 3653 1151 3723 cognitionem
1202 3665 1254 3710 et
1280 3657 1549 3726 judicium
1582 3669 1744 3730 atque
1771 3662 2134 3720 immortalem

569 3744 736 3798 vitam
773 3745 1087 3826 :‘simplicis
1136 3762 1298 3815 porro
1350 3750 1523 3818 ipsius
1567 3752 1895 3808 obedientiam:
1924 3758 2135 3826 experi-

569 3818 821 3890 mentum’
864 3837 984 3906 capi
1035 3839 1362 3906 oportebat,
1408 3850 1693 3911 propterea
1726 3844 1870 3900 Deus
1924 3818 2134 3916 pra-ece-

569 3934 723 3995 ptum
769 3925 818 3980 ei
853 3926 1024 3993 dedit,
1077 3942 1144 3982 ne
1184 3942 1248 3984 ex
1277 3929 1517 3986 scientia:
1544 3931 1693 4001 ligno
1735 3943 1996 4005 gustaret,
2036 3938 2137 3993 hoc

570 4024 679 4080 est,
737 4031 805 4071 ne
836 4019 1058 4088 proprio
1099 4018 1309 4090 judicio
1357 4020 1567 4077 ﬁderet.
1614 4023 1813 4079 Verum
1855 4040 1978 4081 cum
2020 4027 2137 4083 dia-

570 4108 732 4165 bolus
781 4110 886 4165 sub
931 4110 1203 4180 serpentis
1239 4115 1423 4182 specie
1478 4113 1653 4182 ipsum
1706 4124 1853 4172 esset
1891 4118 2136 4188 adortus,

567 4213 633 4254 ac
664 4199 894 4255 dixisset
927 4219 940 4254 :
975 4199 1143 4255 Eritis
1186 4202 1324 4257 sicut
1359 4202 1437 4259 dii
1473 4207 1691 4262 scientes
1723 4207 1915 4264 bonum
1944 4223 1991 4266 et
2024 4229 2137 4266 ma-

564 4290 679 4357 lum
703 4291 773 4357 “,
819 4293 865 4347 si
909 4293 1281 4359 comederitis,
1323 4297 1547 4364 proprio
1577 4296 1786 4367 judicio
1837 4305 2132 4372 acquievit,

2243 3127 2477 3198 parentis
2528 3127 2711 3202 anima
2755 3126 2891 3183 velut
2939 3130 2991 3181 in
3024 3125 3375 3183 diuinissimo
3408 3110 3615 3211 ἀποδέω
3649 3112 3755 3211 ham

2242 3196 2416 3273 omnes
2466 3196 2711 3272 scientias
2747 3218 2940 3286 species
2987 3218 3223 3271 consitae
3280 3220 3458 3268 erant.
3526 3196 3752 3295 Εεᾳιῷξε

2242 3311 2363 3362 alite
2395 3308 2528 3362 relut
2578 3310 2634 3362 in
2678 3308 2853 3361 orbem
2906 3308 3178 3362 stabant:
3228 3306 3358 3361 dua:
3386 3300 3510 3357 sola:
3541 3297 3586 3349 in
3629 3290 3752 3385 Mil“

2242 3401 2435 3454 anima:
2469 3411 2620 3469 parte
2665 3400 2839 3454 insitae
2871 3409 3045 3454 erant.
3091 3399 3208 3454 Per
3258 3414 3352 3452 eas
3401 3392 3572 3491 igitur,
3608 3387 3751 3491 aut:
3870 3387 3873 3491 ἕ

2241 3493 2419 3545 orbem
2453 3492 2713 3560 plantam
2745 3500 2916 3556 erant,
2948 3491 3018 3545 ad
3049 3508 3205 3546 esum
3249 3478 3604 3542 accommodus
3631 3476 3747 3524 rirli'

2240 3594 2348 3635 tum
2415 3583 2619 3651 fructus
2682 3583 2973 3647 indicatur,
3025 3600 3185 3653 quem
3246 3579 3507 3649 percipere
3554 3566 3748 3653 Addit!“

2239 3674 2525 3738 θρονιεὺαι,
2572 3674 2867 3743 animmque
2908 3676 3153 3727 sensoria
3186 3672 3454 3728 suavitate
3480 3651 3744 3730 perfundere.

2238 3757 2448 3810 [larum
2478 3767 2677 3824 autem,
2722 3775 2839 3829 qua
2861 3761 2915 3814 in
2951 3762 3123 3816 tredio
3158 3759 3398 3817 stabant.
3438 3752 3594 3805 altera
3621 3748 3746 3792 rem

2237 3857 2536 3902 creatarum
2589 3851 3084 3921 contemplationem
3139 3853 3410 3921 designat,
3457 3837 3669 3895 nimirum
3698 3837 3741 3878 τι

2236 3954 2353 4009 qua:
2405 3941 2643 3995 scientia
2703 3940 2827 3995 boni
2884 3952 2934 3997 et
2985 3944 3119 3998 ntali
3177 3955 3368 3997 nomen
3416 3921 3741 4024 Ιιαὺειῖξξιξξσ

2236 4030 2405 4101 ipsius
2440 4029 2533 4084 Dei
2587 4032 2940 4100 cognitionem
2973 4033 3461 4103 perceptionemque
3513 4009 3734 4086 εὲςηίβτοίί
3870 4032 3873 4099 ὲ

2236 4137 2355 4191 quas
2384 4122 2593 4191 quidem
2644 4123 2847 4194 lignum
2888 4126 3006 4179 vitae
3043 4124 3373 4195 appellatur.
3420 4106 3737 4195 Proinde!"

2235 4184 2415 4265 itatini
2448 4184 2851 4285 scientiwvligno
2886 4184 3089 4268 mmms'
3113 4184 3394 4268 admovere
3418 4184 3732 4292 delicuit“:-

2240 4315 2377 4367 mus,
2406 4316 2498 4355 nec
2528 4304 2812 4357 creatiouis
2845 4303 3077 4357 rationes
3105 4313 3156 4356 et
3187 4297 3415 4357 consilia
3434 4285 3731 4364 ροηδείέπῆ

566 4399 631 4440 ac
663 4384 806 4439 bona
837 4399 928 4440 res
958 4384 1035 4440 illi
1069 4401 1190 4442 esse
1233 4387 1536 4444 divinitatis
1569 4392 1786 4461 adeptio
1815 4403 1871 4449 et
1903 4370 2130 4453 scientia
2162 4379 2209 4438 ί)
2238 4408 2330 4447 nec
2361 4392 2431 4446 ad
2453 4393 2653 4462 judicii
2695 4404 2747 4449 et
2801 4394 3145 4463 providentia
3186 4390 3416 4463 diﬁciles
3457 4370 3727 4463 σοσίιαίίέν

564 4477 683 4532 visa
725 4485 830 4540 est,
879 4492 980 4533 nec
1025 4477 1158 4534 illud
1205 4494 1392 4535 secum
1439 4483 1734 4551 reputavit,
1763 4487 1908 4555 quod
1950 4490 2133 4544 omnia

564 4567 786 4638 quidem
819 4569 958 4625 bona
993 4578 1147 4639 sunt,
1199 4587 1392 4628 verum
1436 4589 1538 4629 suo
1584 4584 1846 4646 tempore,
1879 4582 2136 4651 quodque

566 4659 618 4714 id
652 4660 799 4730 quod
830 4668 1157 4740 accepturus
1190 4670 1331 4728 erat,
1364 4664 1660 4735 praeripere
1702 4682 1814 4723 non
1839 4672 2136 4740 oportebat

563 4760 760 4821 prater
806 4738 927 4819 ejus
976 4751 1310 4808 voluntatem
1371 4763 1426 4809 et
1475 4759 1798 4812 sententiam
1827 4797 1844 4819 ,
1879 4738 1989 4830 qui
2023 4776 2131 4816 non

567 4840 729 4896 modo
762 4839 910 4895 dedit
954 4848 1014 4896 ut
1042 4841 1239 4906 simus,
1265 4843 1358 4898 sed
1390 4844 1554 4899 etiam
1579 4856 1638 4900 ut
1667 4845 1825 4902 beate
1858 4849 2124 4907 vivamus.

564 4930 630 4985 Et
666 4930 801 4985 vidit
831 4930 976 5001 quod
1010 4941 1157 4987 esset
1187 4932 1412 5000 bonum,
1457 4943 1510 4988 et
1553 4936 1785 4991 comedit
1816 4953 1830 4991 :
1868 4946 2030 5009 atque
2063 4955 2128 4996 ea

564 5021 762 5077 mentis
786 5022 1174 5090 abstractione,
1198 5038 1305 5095 qua
1326 5025 1390 5079 ad
1419 5025 1584 5080 Deum
1608 5036 1800 5083 natura
1830 5027 2124 5098 ferebatur,

564 5111 827 5179 spoliatus
857 5121 958 5169 est.
1008 5113 1077 5169 Et
1105 5114 1277 5184 aperti
1308 5123 1437 5170 sunt
1469 5115 1612 5170 oculi
1655 5130 1867 5180 eorum.
1918 5120 2126 5175 scilicet

564 5204 875 5272 corporales
909 5212 1072 5275 atque
1114 5205 1280 5260 animi
1309 5204 1539 5262 allectus
1571 5209 1835 5263 commoti
1864 5218 2010 5265 sunt.
2059 5210 2126 5265 Et

562 5304 934 5361 cognoverunt
993 5298 1137 5367 quod
1196 5299 1322 5353 undi
1399 5309 1602 5366 essent,
1658 5308 1712 5354 et
1762 5302 2121 5369 erubueruut,

561 5393 726 5454 atque
770 5401 800 5441 a
856 5386 964 5444 Deo
1015 5391 1195 5491 avulsir
1234 5401 1380 5458 sunt,
1426 5407 1488 5447 ac
1529 5392 1675 5449 velut
1705 5393 1912 5463 pueruli
1968 5396 2128 5450 volu-

2234 4459 2513 4553 coulestint
2542 4459 2838 4551 accedere}
2856 4487 2947 4541 sed
2976 4486 3199 4541 virtutes
3225 4459 3402 4539 sedqu
3425 4473 3557 4543 W5“
3590 4459 3726 4553 σοφὴ

2235 4550 2392 4645 atque
2419 4591 2485 4631 ea:
2520 4575 2720 4644 plantis
2744 4577 2971 4631 externis
3003 4586 3053 4631 et
3085 4566 3466 4645 superﬁciariis
3498 4550 3718 4643 εοηκάινξν

2235 4676 2447 4737 tumque
2472 4667 2543 4721 ad
2568 4666 2880 4720 sublimiora
2913 4682 3025 4721 sese
3050 4668 3310 4736 conferre,
3341 4674 3402 4713 σε
3426 4653 3620 4726 P'lmum

2233 4734 2557 4810 demvrerum
2594 4767 2895 4810 creaturam
2938 4771 3128 4812 causas
3155 4754 3431 4826 inquirere.
3465 4749 3598 4807 αιιμισ
3616 4734 3718 4826 τας

2233 4846 2469 4901 absolute
2492 4847 2759 4902 intellecta
2782 4847 3102 4915 speculando
3117 4811 3271 4918 quasi
3292 4811 3715 4918 ιιίιειὶηερτοστίδίξ

2233 4938 2450 5010 vitroque
2482 4940 2679 5010 lignum
2709 4906 3003 5010 degustare,
3042 4906 3215 5009 sicilire
3233 4937 3349 5006 jam
3373 4940 3493 4999 μανι

2235 5032 2347 5101 ipso
2365 4996 2620 5101 colloqui.
2650 4996 2858 5084 Idcirco
2887 4996 3026 5084 enim
3058 4996 3141 5085 ha;
3160 4996 3278 5084 dua:
3303 4996 3498 5078 urbem
3523 5012 3570 5063 ίη

2231 5093 2471 5190 paradisi
2487 5093 2657 5187 erant,
2682 5122 2809 5191 quia
2830 5131 2944 5191 post
2964 5130 3204 5175 exactam
3224 5127 3272 5174 et
3297 5093 3708 5203 ubsolataftj’fz

2233 5185 2533 5265 creaturam
2562 5185 2908 5282 cognitionem
2937 5214 3178 5282 protinus
3229 5203 3454 5263 exoritur
3490 5191 3591 5244 vita
3619 5185 3709 5230 to"

2233 5301 2518 5370 templatio.

2305 5360 2459 5447 Ibant.
2501 5394 2671 5449 Arbor
2699 5396 2817 5451 vito:
2846 5394 3107 5466 sapientia
3128 5394 3298 5449 divina
3337 5388 3426 5444 est,
3472 5360 3699 5433 “illam”

631 5632 677 5663 "
711 5632 854 5689 Psal.
888 5650 1151 5700 cxsxvm,
1184 5636 1235 5689 6.
1315 5636 1359 5668 ⁸⁵
1387 5636 1521 5693 Gen.
1557 5653 1637 5704 ut,
1670 5639 1721 5694 5.
1797 5639 1841 5675 "
1864 5638 1996 5697 Gen.
2027 5658 2066 5713 ι,
2103 5642 2137 5696 5

2267 5645 2313 5680 ⁸⁸
2337 5642 2499 5702 llebr.
2537 5661 2591 5713 v,
2621 5645 2707 5701 l4.
