3996 6206
489 272 628 340 1339

1910 276 2289 338 ADDEN’DA.

3633 282 3804 349 13:0

460 383 739 455 ‘corporis
810 382 1004 439 oculos
1058 383 1110 439 in
1175 385 1287 442 Deo
1353 396 1409 444 et
1460 389 1715 459 paradiso
1768 399 2064 460 occupatos
2093 393 2577 456 Aexstt‘urtionc,
2607 393 2913 463 linguarum
2963 393 3287 449 confusione
3334 410 3400 449 ac
3437 395 3815 471 divisione,

487 473 775 535 habentes.
809 474 1074 529 nuditatis
1114 485 1278 530 sensu
1328 477 1550 534 minime
1587 477 1984 549 adiciebantur;
2012 487 2068 533 at

489 572 611 634 [mat
661 572 1027 634 perpetratum
1066 578 1348 633 peccatum
1391 569 1675 624 conversis
1724 580 1779 624 et
1825 570 2067 624 collectis

490 655 733 722 ipsorum
765 655 941 710 oculis
974 656 1140 724 (quod
1187 660 1538 715 conscientia:
1568 677 1768 716 munus
1795 662 1901 731 est)
1947 674 2068 715 eor-

487 746 669 813 poreis
698 744 916 814 quidem
959 750 1256 804 nuditatem
1307 760 1735 821 perspexerunt,
1772 752 2070 822 spirituali-

448 848 459 854 "
485 837 591 892 bus
627 845 809 906 autem
838 839 1040 894 bonum
1066 855 1133 895 ac
1161 842 1363 896 malum
1395 843 1770 912 pervidemnt.
1806 846 2069 914 Turpitu-

485 927 669 981 dinem
745 937 926 982 autem
995 931 1309 999 genitalium
1379 935 1623 1003 corporis
1695 935 2065 989 membrorum

483 1017 777 1087 intelligit,
809 1033 980 1088 aqua
1022 1022 1195 1076 etiam
1242 1022 1493 1091 pudenda
1545 1025 1688 1079 dicta
1740 1033 1891 1080 sunt.
1956 1022 2069 1080 "ac

484 1120 650 1179 porro
680 1108 749 1163 de
768 1123 933 1164 causa
965 1112 1108 1166 circa
1141 1128 1233 1168 eas
1269 1124 1450 1184 partes
1477 1115 1686 1184 pudore
1716 1114 1894 1171 atl‘ecti
1918 1122 2064 1180 sunt,

487 1196 615 1264 quia
673 1207 796 1267 post
830 1201 1322 1269 transgressionem
1360 1204 1596 1273 primum
1634 1205 1685 1258 in
1716 1220 1810 1260 eas
1840 1203 1968 1260 ferri
2003 1220 2068 1261 ac

486 1288 757 1343 stimulari
787 1302 1091 1360 eruperunt.
1142 1294 1457 1349 Acen-imus
1486 1296 1632 1349 enint
1670 1296 1815 1351 circa
1862 1310 1954 1351 eas
1985 1307 2070 1351 cst

489 1379 731 1436 hominis
788 1381 1039 1439 affectus.
1091 1384 1304 1454 Quippe
1352 1396 1407 1441 et
1451 1388 1644 1456 pueri,
1681 1389 1845 1444 simul
1904 1398 2081 1458 atque

485 1476 668 1525 mente
693 1472 855 1541 paulo
883 1473 1140 1530 solidiore
1162 1491 1283 1530 esse
1310 1477 1597 1546 incipiunt,
1622 1479 1834 1547 pudore
1859 1478 2070 1533 sntlun-

485 1557 726 1623 duntur,
784 1569 948 1629 atque
1003 1561 1101 1615 has
1150 1573 1334 1632 partes
1372 1566 1652 1635 obtcgttnt.
1705 1562 1775 1620 At
1808 1567 2066 1636 quoniam

488 1646 656 1698 semel
716 1648 1005 1716 prolapsus
1061 1649 1247 1716 homo,
1302 1652 1348 1706 si
1419 1653 1688 1707 moriendi
1760 1656 2067 1709 necessitati

2167 489 2388 550 propter
2420 494 2607 534 eorum
2659 481 2985 544 amentiam;
3021 481 3215 535 deinde
3268 478 3580 538 Sodomita
3626 487 3816 552 igne,

2170 567 2364 631 imbre.
2400 582 2464 621 ac
2501 567 2782 621 civitatum
2816 565 3219 636 deﬂagratione,
3254 579 3484 638 propter
3519 570 3823 629 libidinis

2168 661 2582 717 obscenitatcm.
2648 655 2786 713 Tum
2855 660 2974 725 illi,
3032 661 3123 727 qui
3183 662 3537 728 temporibus
3598 661 3822 718 LIOsiS

2171 755 2526 810 exstiterunt.
2560 751 2677 821 lege
2708 751 2934 820 scripta,
2961 750 3086 821 quia
3122 751 3384 819 impietati
3414 750 3825 822 Egyptiac:

2168 850 2541 907 assueverant,
2597 842 2794 897 eruditi
2843 852 3015 906 sunt;
3072 840 3311 910 posthaec
3357 842 3818 911 prophetarum

2168 944 2413 1005 tempore
2465 934 2796 1005 propheticis
2849 933 2984 1004 ipsis
3030 932 3413 987 hortamentis.
3464 930 3608 986 Iam
3652 948 3821 988 vero

2171 1027 2426 1098 permulti
2478 1025 2757 1082 beneﬁciis
2809 1034 2864 1081 et
2891 1023 3406 1079 comminationibus
3466 1038 3549 1077 ac.
3598 1024 3817 1093 plagis

2167 1120 2365 1175 eruditi
2417 1127 2566 1181 sunt,
2601 1128 2764 1187 atque
2821 1125 2948 1172 ante
2999 1115 3137 1169 alios
3184 1114 3380 1170 Adam.
3418 1115 3598 1170 llunc
3625 1116 3813 1170 enim

2171 1208 2312 1265 Deus
2342 1207 2607 1264 beneﬁcio
2637 1205 2838 1270 aﬁ‘ecit,
2875 1204 3133 1259 nimirum
3167 1206 3221 1259 in
3253 1205 3521 1275 paradiso
3555 1206 3813 1259 consti-

2169 1309 2329 1355 tucns
2360 1319 2374 1355 :
2403 1309 2566 1369 atque
2593 1298 2768 1353 eidem
2800 1296 3133 1351 minabunde
3181 1295 3537 1352 denuntiavit
3564 1295 3715 1350 fore
3749 1306 3819 1349 ut

2168 1396 2493 1455 moreretur,
2512 1391 2557 1444 si
2576 1390 2819 1445 scientia:
2834 1389 3040 1459 lignum
3059 1387 3363 1457 attigisset:
3384 1403 3451 1442 ac
3470 1398 3816 1458 postremo

2168 1483 2222 1537 in
2257 1490 2541 1553 peccatum
2576 1463 2904 1552 prolapsum.
2937 1480 3133 1533 mortis
3158 1478 3428 1534 sententia
3461 1478 3818 1548 percussit.

2167 1571 2285 1628 Jam
2318 1586 2446 1627 vero
2476 1570 2676 1625 eruditi
2732 1578 2863 1624 sunt
2895 1569 3148 1623 homines
3172 1568 3352 1632 bellis,
3390 1566 3701 1626 victoriis.
3751 1580 3817 1621 et

2170 1663 2438 1725 cladibus,
2470 1660 2634 1716 veluti
2690 1658 2901 1714 Hebraei
2955 1674 3018 1713 ex
3072 1657 3308 1730 «Egypto
3333 1659 3582 1730 egressi.
3640 1656 3811 1711 Nam

486 1737 759 1792 obnoxius
775 1753 880 1792 non
906 1738 1120 1804 fuisset,
1145 1741 1441 1797 maximum
1462 1748 1722 1800 damnum
1746 1758 2067 1815 accepturus
2103 1733 2139 1785 Β
2172 1771 2295 1809 cum
2355 1754 2555 1808 bellum
2597 1752 2861 1807 adversus
2921 1750 3119 1805 multas
3184 1750 3431 1805 nationes
3470 1760 3805 1819 gererent,

485 1839 627 1896 erat,
664 1833 921 1887 nimirum
955 1844 1209 1903 pecatum
1239 1851 1498 1907 operans,
1530 1841 1616 1894 hic
1650 1855 1867 1911 quoque
1907 1843 2068 1896 bene-

486 1922 611 1976 ﬁcio
666 1921 917 1978 allii-itur.
970 1923 1124 1992 Quod
1172 1940 1352 1981 autem
1409 1938 1494 1984 est
1543 1930 1644 1984 hoc
1702 1931 2068 1986 beneﬁcium?

486 2024 656 2068 mors.
692 2014 831 2080 Quid
868 2016 988 2069 ita?
1026 2019 1151 2086 quia
1206 2028 1488 2087 precatum
1529 2022 1673 2076 sistit
1713 2031 1876 2090 atque
1901 2023 2069 2077 inter-

492 2105 646 2159 cidit.
678 2104 1003 2176 QUanqnam
1036 2107 1178 2162 enim
1212 2125 1359 2165 nmrs
1387 2127 1559 2179 pugnae
1586 2113 1848 2167 rationem
1886 2115 2066 2178 habet,

487 2207 671 2263 utpote
708 2200 872 2250 vitam
906 2199 1262 2269 exstinguens
1297 2218 1312 2255 :
1343 2212 1522 2257 tamen
1549 2202 1602 2256 in
1636 2205 2067 2259 misericordiam

487 2289 700 2351 recidit,
742 2290 1105 2344 immortalem
1157 2308 1279 2347 esse
1334 2303 1670 2363 peccatorem
1718 2306 1821 2350 non
1860 2296 2067 2352 sitiens.

488 2376 677 2450 Neque
725 2381 867 2434 enim
904 2382 1223 2451 eXpediebat
1267 2385 1568 2449 hominem,
1619 2387 1857 2441 nendum
1893 2395 2069 2440 lenta-

487 2471 635 2525 tione
692 2473 976 2541 probatum
1033 2482 1087 2527 et
1160 2475 1527 2544 exploratum,
1605 2477 2067 2533 immortalitatem

486 2565 777 2634 consequi,
804 2576 874 2617 ne
907 2564 961 2618 in
1003 2565 1316 2634 superbiam
1343 2575 1396 2621 et
1423 2564 1622 2621 diaboli
1651 2568 1914 2637 judicium
1945 2582 2072 2635 pro-

488 2650 786 2707 laberetur.
826 2646 916 2708 llle
957 2655 1103 2709 enim
1143 2664 1367 2726 propter
1393 2666 1601 2712 natura:
1636 2654 2073 2729 incorruptibili-

491 2744 681 2806 tatem,
737 2754 1089 2816 posteaquam
1122 2756 1151 2802 ιι
1191 2742 1303 2803 Deo
1334 2749 1503 2804 libera
1538 2751 1817 2807 voluntate
1851 2752 2070 2808 decidit.

489 2833 842 2890 inﬂexibilem
882 2846 936 2893 et
992 2839 1392 2896 immutabilem
1453 2843 1505 2896 in
1568 2845 1714 2901 malo
1762 2844 2070 2899 ﬁrmitatem

489 2923 704 2977 habuit.
760 2920 1126 2990 Quamobrem
1193 2931 1467 2985 hominem
1532 2934 1752 3001 probari
1810 2941 1990 2997 antea,
2022 2942 2075 2990 et

487 3016 864 3083 experimento
899 3030 998 3086 per
1014 3018 1327 3073 mandatum
1362 3022 1545 3089 perlici
1570 3027 1871 3093 Oportebat,
1913 3034 2075 3096 atque

490 3107 564 3162 ita
580 3116 678 3177 pro
697 3108 912 3165 vit-tutis
930 3110 1151 3179 praemio
1171 3110 1630 3170 immortalitatem
1651 3119 1917 3186 accipere.
1935 3117 2067 3172 Nam

490 3206 614 3253 cum
645 3201 858 3255 medius
885 3201 1026 3257 inter
1063 3201 1232 3257 Deum
1262 3212 1315 3258 et
1341 3206 1623 3260 materiam
1659 3220 1872 3262 creatus
1904 3220 2071 3277 esset,

491 3290 546 3344 in
594 3307 655 3345 ea
696 3306 860 3347 causa
890 3301 1030 3359 erat,
1067 3301 1129 3347 ut
1170 3294 1440 3363 siquidem
1479 3296 1723 3350 divinum
1760 3299 2072 3353 mandatum

490 3382 830 3447 observaret,
861 3385 1277 3456 naturalemque
1307 3385 1374 3440 ad
1406 3402 1493 3440 res
1519 3378 1731 3442 creatas
1759 3372 2073 3443 relationem

491 3481 549 3530 et
581 3472 834 3528 allectum
871 3482 1186 3540 excuteret,
1242 3472 1353 3530 Deo
1379 3490 1501 3532 sese
1539 3477 1736 3533 uniens
1766 3519 1782 3542 ,
1811 3478 2073 3534 immuta-

495 3551 731 3620 bilem'in
765 3566 909 3623 bono
926 3566 1286 3623 constantiam
1306 3579 1467 3638 atque
1492 3569 1676 3624 habitu
1696 3573 2071 3626 conﬁrmatam

488 3658 764 3727 acciperet
800 3675 814 3712 :
848 3658 933 3713 sin
990 3668 1171 3714 autem
1223 3674 1320 3729 per
1348 3663 1839 3732 transgrchionem
1902 3665 2074 3735 magis

491 3749 557 3803 ad
590 3754 787 3802 terram
819 3758 873 3803 et
901 3752 1186 3804 materiam
1227 3753 1480 3818 ferretur,
1517 3765 1859 3823 mentemque
1886 3770 1916 3809 a
1964 3756 2072 3810 Deo

490 3839 856 3905 abstraheret,
884 3841 1223 3909 cor‘rttptioni
1252 3845 1523 3900 obnoxius
1564 3845 1975 3911 l'nturus‘esset,
2010 3862 2076 3902 ac

493 3931 742 3987 muliebri
774 3940 1068 4004 congrchu
1096 3947 1232 4004 opus
1266 3935 1507 4000 haberet,
1540 3945 1703 4005 atque
1732 3938 1802 3992 ob
1828 3937 1949 3991 vita:
1977 3953 2072 3993 cu-

489 4023 772 4093 piditatem
804 4024 1206 4095 Iucundissima
1229 4037 1479 4095 qtueque,
1513 4028 1657 4081 velut
1687 4038 1806 4083 eam
1841 4029 2070 4091 tuentia,

490 4111 956 4182 enntpleeteretnr
986 4126 1049 4166 ac
1098 4112 1457 4184 cupiditatem
1505 4117 1724 4186 quidem
1780 4132 1808 4173 a
1848 4116 1959 4173 Deo
2002 4121 2069 4176 ad

493 4203 798 4269 materiam,
831 4206 966 4259 iram
998 4208 1180 4261 autem
1218 4221 1248 4263 a
1276 4220 1402 4263 vero
1434 4210 1627 4266 salutis
1661 4210 1815 4267 hoste
1843 4212 2071 4284 ad’gen-

491 4294 641 4349 til‘em
674 4305 840 4348 suum
867 4297 1349 4367 contribulemque
1371 4301 1710 4357 transferret.
1936 4314 1939 4317 '

2174 1860 2563 1916 nonnunquam
2608 1842 2936 1907 vincebant,
2969 1855 3365 1912 nonnunquam
3409 1841 3593 1894 etiam
3662 1840 3807 1892 vin-

2174 1938 2456 1994 cebantur.
2504 1935 2716 1991 Eruditi
2752 1943 2882 1989 sunt
2934 1934 3104 2005 signis
3143 1932 3480 1996 coelestibus,
3525 1940 3598 1986 ut
3650 1949 3801 1987 cum

2174 2031 2325 2085 stetit
2364 2028 2445 2083 sol
2478 2039 2723 2097 tempore
2752 2025 2917 2081 Josue
2946 2026 3038 2080 lilii
3074 2023 3194 2081 Non
3229 2042 3243 2079 :
3274 2024 3450 2091 signis
3498 2025 3696 2085 aeris.
3736 2033 3798 2076 ut

2174 2124 2225 2176 in
2285 2121 2389 2176 illis
2445 2120 2614 2192 plagis
2668 2117 3395 2190 .‘Egyptiacis,cynomyia,
3458 2117 3800 2188 grandine,

2173 2211 2409 2266 tenebris
2454 2216 2584 2283 (quo
2602 2209 2763 2264 etiam
2795 2205 2984 2261 referri
3012 2207 3167 2261 debet
3193 2207 3282 2260 illa
3311 2206 3478 2262 nubis
3501 2208 3793 2260 columna

2175 2303 2408 2358 interdiu
2441 2300 2673 2370 fulgens,
2705 2310 2758 2354 et
2789 2300 3053 2354 nocturna
3082 2298 3224 2366 ignis
3245 2298 3526 2361 columna,
3565 2299 3791 2369 quibus

2174 2395 2349 2450 Israel
2368 2391 2665 2453 ducebatur
2695 2398 2747 2444 et
2779 2390 3243 2458 illuminabatuz');
3274 2390 3446 2463 signis
3480 2407 3553 2445 ex
3598 2402 3791 2458 terra,

2174 2500 2235 2544 ut
2269 2490 2320 2543 in
2353 2486 2458 2544 illis
2488 2484 2818 2549 (ltitttinibns,
2862 2499 2985 2555 qua:
3025 2483 3077 2537 in
3111 2482 3429 2553 sanguinem
3467 2495 3787 2539 converte-

2177 2582 2394 2641 bantur,
2424 2577 2476 2633 in
2504 2574 2835 2645 ciniphibns,
2859 2582 2909 2629 et
2938 2568 3151 2638 vesicis,
3182 2583 3233 2628 et
3262 2573 3449 2637 ranis;
3486 2574 3682 2642 signis
3713 2590 3787 2629 ex

2176 2662 2339 2735 mari,
2364 2678 2422 2724 ut
2448 2668 2500 2723 in
2534 2664 2819 2723 illa‘maris
2854 2656 3023 2720 Rubri
3055 2662 3406 2735 trajectione;
3443 2664 3784 2731 hominum,

2176 2763 2416 2825 urbium,
2435 2759 2671 2831 gentium
2695 2751 3451 2827 inscparatis'mutationibus,
3473 2756 3779 2812 hominum

2176 2852 2392 2922 netn'pe,
2428 2861 2487 2909 ut
2517 2847 2855 2921 temporibus
2885 2844 3194 2912 Samsonis,
3225 2842 3470 2909 Davidis,
3505 2842 3781 2904 Salomo-

2175 2948 2284 3011 nis,
2355 2939 2934 3005 Nabuchodunosoris,
2970 2939 3333 3009 complurium
3375 2940 3612 2993 aliorum
3659 2941 3773 3009 (illi

2176 3037 2320 3092 enim
2362 3036 2554 3106 partim
2586 3032 2904 3087 mirabiliter
2933 3024 3261 3095 ﬂoruerunt,
3298 3030 3488 3099 partim
3517 3029 3771 3084 calami-

2178 3128 2382 3183 tatibus
2418 3125 2597 3181 aﬂ'ecti
2632 3123 2808 3194 sunt),
2842 3131 3007 3192 atque
3036 3130 3331 3205 uirumque
3378 3128 3570 3190 prater
3603 3134 3764 3191 Spem

2174 3229 2228 3274 et
2271 3221 2761 3290 exspectationem;
2812 3215 3054 3280 urbium,
3130 3224 3188 3267 ut
3238 3213 3590 3277 Jerusalem,
3629 3213 3770 3268 alia-

2174 3326 2408 3380 rumque
2435 3309 2751 3370 tnultarnm.
2782 3322 2904 3376 quat
2932 3321 3056 3360 cum
3083 3304 3335 3360 diuturno
3363 3311 3617 3374 tempore
3649 3304 3759 3358 cla-

2174 3403 2434 3467 ruissent,
2454 3398 2696 3453 funditus
2714 3406 2901 3468 postea
2920 3388 3107 3451 deletae
3123 3411 3185 3450 ac
3197 3395 3425 3450 deserue
3442 3404 3577 3450 sunt
3595 3412 3613 3461 ;
3632 3409 3764 3465 gen-

2177 3495 2336 3557 tium,
2365 3489 2824 3556 quemadmodum
2855 3494 3081 3556 regnum
3114 3487 3390 3543 Medorum
3420 3487 3493 3542 ab
3515 3485 3760 3556 Assyriis

2174 3600 2422 3642 everSnm
2445 3592 2549 3649 est,
2588 3582 2794 3653 Assyrii
2823 3596 3016 3635 rursus
3041 3595 3071 3634 a
3099 3580 3279 3636 Persis
3291 3579 3564 3651 oppressi,
3584 3578 3760 3634 Persa

2176 3674 2361 3730 itidem
2388 3688 2418 3724 a
2447 3666 2861 3735 Macedonibus,
2889 3664 3208 3723 Macedones
3233 3666 3468 3737 denique
3496 3680 3532 3720 a
3557 3662 3762 3721 Roma-

2175 3765 2283 3819 nis.
2341 3743 2444 3818 Pcr
2477 3763 2594 3819 hate
2630 3762 2794 3833 igitur
2828 3762 3013 3815 omnia
3066 3752 3475 3827 disciplinarbm
3532 3773 3759 3829 genera,

2175 3870 2297 3927 quae
2329 3850 2777 3925 commemoravi,
2810 3864 2979 3907 unum
3030 3849 3083 3907 id
3134 3849 3422 3919 agebatur,
3456 3857 3520 3902 ut
3569 3863 3758 3919 pecca-

2175 3946 2488 4018 tum,.quod
2522 3940 2892 4013 multipliciter
2938 3952 2994 3998 et
3043 3941 3150 3995 late
3189 3937 3370 3994 fusum
3401 3949 3525 3993 erat
3547 3980 3564 4003 ,
3594 3949 3755 4007 atque

2176 4038 2449 4092 hominem
2476 4036 2672 4092 misera
2713 4036 2979 4091 servitute
3003 4030 3305 4101 premebat,
3333 4027 3400 4085 de
3433 4026 3618 4083 medio
3654 4030 3753 4083 tol-

2174 4129 2395 4186 leretur.
2441 4127 2728 4184 Postremo
2778 4142 2911 4183 vero
2940 4123 3230 4181 eilicaeiori
3264 4124 3396 4193 o‘pu‘s
3425 4130 3550 4176 erat
3585 4121 3755 4174 medi-

2173 4224 2449 4282 camento,
2501 4219 2629 4288 quia
2683 4215 2933 4271 videlicet
2981 4223 3204 4284 peccata
3247 4221 3301 4267 et
3352 4212 3526 4266 m’orbi
3572 4212 3753 4282 ingra-

2173 4308 2465 4364 vescebant
2491 4348 2506 4372 ,
2543 4306 2741 4381 virque
2797 4304 3064 4358 medicam
3101 4315 3319 4385 manum
3354 4297 3751 4385 admittebant.

561 4384 829 4444 601.634
874 4388 936 4444 Β.
990 4388 1175 4445 Multis
1211 4392 1384 4446 autem
1435 4392 1581 4461 prius
1636 4396 1805 4453 modis
1850 4404 2141 4471 propter!)
2167 4394 2300 4454 Nam
2358 4374 2670 4452 et'mntuis
2719 4388 2957 4449 caedibus
3011 4374 3256 4447 homines
3312 4374 3463 4444 sése‘
3496 4378 3754 4444 conficie-

493 4478 665 4533 muﬂa
696 4484 938 4548 peccata,
965 4489 1069 4537 etc.
1106 4481 1267 4539 Prius
1295 4483 1488 4554 inquit,
1522 4487 1840 4558 ca‘Stigatus‘,
1873 4490 1926 4545 id
1959 4502 2063 4560 est,

491 4582 619 4630 ante
660 4568 1051 4630 humanitatem
1094 4591 1123 4628 a
1151 4575 1371 4631 Cln-iSto
1419 4588 1780 4651 assumptam,
1815 4584 2065 4652 pluribus

492 4667 933 4737 correptionibus
1006 4667 1320 4739 exploratus
1368 4679 1472 4735 est,
1532 4682 1639 4725 non
1702 4672 1820 4742 ipse
1893 4674 2070 4729 solum

495 4759 692 4825 Adam,
719 4760 812 4815 sed
839 4774 1032 4816 omnes
1053 4761 1171 4830 ejus
1196 4762 1421 4831 posteri.
1454 4761 1760 4833 Castigatus
1784 4769 1863 4819 c‘st
1894 4772 2075 4819 autem

492 4860 548 4907 et
579 4852 809 4908 diversis
850 4852 1193 4923 temporibus
1223 4867 1277 4909 et
1311 4852 1541 4909 divertiis
1572 4854 1639 4909 de
1665 4854 1871 4920 causis,
1901 4856 2072 4911 Adam

492 4943 639 5004 enim
683 4951 810 4999 ante
836 4954 1026 4999 omnes
1048 4959 1148 5014 per
1177 4954 1484 5001 sermonem
1517 4942 1764 5001 eruditus
1796 4959 1879 5003 est
1910 4947 2077 5021 (Deus

492 5036 641 5090 enim
683 5050 807 5091 cum
846 5051 910 5091 co
949 5037 1252 5092 collocutus
1303 5039 1406 5107 cst)
1431 5076 1446 5103 ,
1483 5048 1537 5093 et
1580 5038 1788 5093 violati
1821 5040 2076 5112 praecepti

498 5144 691 5201 poenas
741 5117 1015 5207 pependit.
1054 5127 1191 5185 Cain
1244 5139 1424 5184 autem
1476 5137 1599 5200 post
1650 5130 1799 5184 illum
1843 5131 2078 5200 gemitus

498 5229 665 5290 atque
720 5220 970 5274 tremoris
999 5233 1157 5289 pinna
1182 5220 1252 5273 ob
1278 5218 1498 5274 fratrem
1530 5220 1915 5290 interemptum
1945 5218 2078 5276 affe-

498 5322 620 5370 Ctus
648 5322 752 5368 est.
806 5313 1019 5375 Postea,
1054 5322 1295 5383 tempore
1325 5310 1459 5378 Nee,
1510 5313 1765 5368 homines
1800 5326 2070 5382 aquarum

500 5404 857 5460 inundatione
919 5402 1094 5475 puniti
1144 5413 1314 5469 sunt,
1373 5405 1518 5474 quod
1573 5405 1822 5459 voluntas
1885 5419 2073 5460 eorum

496 5494 722 5553 omnino
786 5495 1079 5567 depravata
1147 5505 1340 5561 esset;
1390 5509 1554 5561 tuos,
1627 5495 1682 5550 in
1744 5495 1833 5550 illa
1909 5495 2077 5550 turris

563 5612 618 5689 ἰο
650 5654 807 5710 Rom.
843 5668 881 5714 i,
915 5647 1007 5705 25.

2172 4489 2322 4548 bant,
2373 4493 2428 4541 et
2477 4501 2543 4540 eo
2576 4484 2817 4541 audaciae
2873 4482 3320 4554 prorumpebant,
3377 4487 3437 4532 ut
3489 4472 3753 4534 adulteria

2176 4576 2602 4643 committerent,
2631 4585 2685 4631 et
2713 4575 3057 4645 peierarent,
3111 4580 3166 4628 et
3195 4569 3406 4626 nefario
3439 4566 3748 4625 Sodomita-

2182 4683 2301 4723 rum
2349 4662 2552 4724 scelere
2575 4668 2785 4737 seip’sus
2815 4664 3176 4728 devincirent,
3227 4670 3301 4728 et,
3333 4661 3482 4733 quod
3515 4672 3752 4730 tempore

2182 4746 2403 4829 quidem
2443 4766 2798 4828 postremum,
2835 4754 3084 4810 criminis
3115 4754 3298 4808 autent
3329 4750 3616 4806 atrbci'tale
3643 4752 3750 4820 pri-

2183 4860 2329 4905 mum
2360 4857 2465 4915 εει,
2515 4846 2825 4905 simulacris
2881 4845 3094 4901 divinos
3147 4844 3384 4900 honores
3433 4843 3751 4905 tribuerent,

2183 4953 2345 5012 atque
2368 4942 2734 4996 ad‘oratidnem
2757 4955 2785 4992 a
2808 4930 3068 4993 Creatore
3097 4938 3167 4991 ad
3183 4945 3463 4990 creaturas
3493 4932 3751 4989 transfer-

2184 5044 2326 5096 rent.
2351 5043 2405 5087 et
2433 5033 2673 5088 colerent
2699 5046 2763 5086 ac
2789 5029 3059 5087 servirent
3087 5028 3353 5082 creaturae
3378 5022 3563 5096 potius
3586 5040 3744 5095 quam

2182 5122 2428 5179 Creatori
2453 5124 2523 5177 '°.

2250 5214 2368 5270 Col.
2410 5210 2515 5270 634
2541 5208 2601 5272 C.
2639 5204 2770 5282 ρὐω
2816 5214 3066 5285 ᾳιιὸηὶαιη
3116 5208 3605 5281 majus‘auxilium,
3643 5216 3744 5263 etc.

2182 5307 2387 5362 "orum
2422 5310 2709 5364 verborum
2746 5327 2760 5362 :
2796 5305 2927 5361 ch
2975 5306 3233 5376 quoniam
3274 5302 3454 5374 majus
3497 5300 3745 5354 assium

2181 5401 2551 5471 requirebant,
2576 5399 2751 5469 majus
2775 5399 2939 5453 etiam
2968 5404 3300 5468 acceperunt,
3336 5396 3382 5450 is
3411 5402 3696 5451 sensusest
3725 5408 3741 5446 :

2183 5494 2341 5552 Prius
2372 5492 2589 5565 quidem
2626 5492 2895 5559 homines,
2940 5490 3274 5547 moderatius
3303 5484 3742 5554 tobrabiliusqae
