4050 6198
315 236 445 302 1341

1260 239 1583 300 NICETAS
1624 239 1704 300 ΙΝ
1745 239 1969 302 ORAT.
2008 240 2175 306 XLII
2211 241 2273 301 S.
2312 243 2544 305 GREG.

3419 251 3564 318 i352

313 358 624 419 peccantes,
671 345 1063 401 au‘xiiiatriecm
1116 346 1289 416 legem
1327 348 1618 409 habebant,
1666 356 1722 400 et
1757 362 1882 415 pro-
1916 355 1958 410 Α
1991 347 2314 417 ἐκμάσσειν,
2370 351 2425 412 id
2482 361 2585 418 est,
2636 357 2956 424 exprimere,
3014 368 3068 414 et
3124 363 3279 431 quasi
3345 365 3566 424 haurire

313 443 507 510 plietas
534 441 970 503 concinnatores,
1001 454 1064 493 ac
1117 455 1213 509 per
1241 440 1394 510 signa
1427 439 1881 508 corripiebantur.

311 535 676 601 Posteaquam
711 539 892 586 autem
926 531 1027 600 ipsi
1058 531 1112 586 in
1157 530 1481 600 gravissima
1525 529 1729 585 scelera
1761 546 1884 598 pro-

307 633 557 687 ruerunt,
613 621 808 691 majori
853 637 1074 692 quoque
1105 623 1312 678 auxilio
1359 637 1501 690 opus
1551 623 1880 678 habuerunt.

305 713 482 783 Majas
521 727 685 782 porro
713 712 999 777 auxilium,
1021 725 1075 768 et
1103 715 1237 784 lege,
1267 723 1320 768 et
1353 712 1655 782 prophetis,
1689 723 1741 767 et
1767 713 1878 782 sig-

303 805 412 868 nis,
447 801 616 856 Filius
661 802 757 857 Dei
793 812 937 869 erat,
971 803 1064 872 qui
1123 805 1192 858 ad
1244 803 1532 873 imaginem
1566 818 1744 868 suam,
1779 803 1882 858 hoc

302 909 388 953 est
423 895 492 951 ad
530 894 817 950 hominem
853 896 1088 965 imagine
1128 897 1298 967 ipsius
1327 897 1672 965 insignitum,
1712 896 1880 952 venit.

301 987 421 1045 Non
453 991 631 1045 solum
679 1000 862 1044 autem
915 989 982 1042 ad
1013 988 1302 1057 imaginem
1354 987 1455 1043 Dei
1492 987 1672 1043 lactus.
1716 988 1881 1042 homo

300 1082 334 1136 d
360 1085 524 1148 citur,
565 1083 658 1138 sed
703 1093 757 1138 et
799 1083 979 1151 imago
1019 1079 1118 1135 Dei
1148 1083 1204 1134 in
1235 1081 1515 1152 Scriptura
1548 1080 1876 1134 nominatur.

301 1171 576 1241 Scriptura
628 1181 713 1225 est
747 1171 893 1224 enim
933 1171 986 1223 in
1028 1169 1307 1239 Sapientia
1361 1170 1710 1224 Salomonis:
1741 1169 1879 1222 Deus

298 1272 514 1332 propter
554 1262 1078 1327 iucorruptionemet
1111 1261 1574 1315 immortalitatem
1617 1260 1878 1313 hominem

295 1355 492 1406 crearit
531 1363 685 1421 atque
715 1355 996 1421 imaginem
1035 1352 1346 1406 teternitatis
1367 1368 1479 1406 sua:
1519 1351 1641 1420 fecit
1674 1352 1873 1406 eum“.

296 1441 460 1498 Venit
484 1443 645 1511 igitur
668 1444 732 1497 ad
753 1442 1219 1512 suamimaginem
1246 1442 1362 1512 ipse
1385 1443 1483 1497 Dei
1506 1442 1697 1508 Filius,
1719 1443 1874 1511 juxta

291 1533 424 1586 illud
454 1535 604 1588 Isaia:
638 1552 651 1588 :
694 1531 817 1587 Non
847 1535 1073 1604 legatus,
1102 1549 1208 1587 non
1235 1535 1476 1604 angelus,
1505 1536 1595 1588 sed
1627 1535 1738 1604 ipse
1767 1534 1874 1587 Do-

1989 438 2243 496 lortnam.
2278 442 2474 498 Forma
2524 455 2727 510 autem,
2762 464 2888 504 cum
2941 451 3006 506 de
3050 452 3330 511 divinitate
3363 459 3563 526 agitur,

1985 543 2236 586 naturam
2271 534 2564 604 signiﬁcat.
2601 537 2888 594 Immotum
2916 542 3050 596 illud
3078 545 3336 614 sigillum,
3367 549 3417 601 id
3450 561 3562 614 est,

1984 622 2130 690 quod
2167 639 2274 679 non
2310 626 2600 692 alteratur,
2633 645 2731 685 nec
2763 631 2828 685 ad
2865 631 3024 686 aliam
3053 633 3279 690 formam
3312 653 3565 693 comnm-

1984 722 2151 768 tatur.
2192 713 2246 768 ln
2272 719 2608 776 carminibus
2639 734 2818 777 autem
2857 724 3092 800 sigillum
3128 737 3329 782 motum
3355 729 3562 786 habena

1982 803 2189 860 dicitur
2223 807 2414 874 Filius,
2451 811 2554 866 hoc
2584 821 2703 878 est,
2737 815 2958 870 vivens.
3000 814 3076 869 Ita
3107 817 3320 874 diversa
3352 823 3562 876 ratione

1983 903 2282 967 utrumque
2311 909 2416 958 est.
2447 899 2584 956 Nam
2618 914 2888 974 quatenus
2924 916 3114 962 natura
3147 908 3336 965 ﬁrmus
3365 922 3419 965 et
3453 912 3561 966 imo

1982 985 2265 1040 mutabilis
2293 978 2406 1053 est,
2433 991 2717 1047 immotum
2744 994 3086 1066 signaculum
3119 999 3332 1053 dicetur
3349 999 3556 1065 Filius;

1979 1085 2250 1145 quatenus
2277 1091 2460 1136 autem
2493 1083 2834 1152 signaculum
2863 1088 2995 1142 illud
3034 1105 3381 1159 nequaquam
3413 1108 3559 1145 mor-

1984 1174 2134 1217 tuum
2190 1176 2303 1231 est,
2359 1169 2452 1223 sed
2504 1171 2714 1232 vivum,
2767 1175 2966 1229 mobile
3017 1176 3320 1232 vocabitur.
3387 1175 3560 1244 Sigilli

1979 1263 2159 1308 autem
2186 1273 2387 1312 nomen
2408 1276 2438 1313 a
2467 1258 2747 1331 Scriptura
2777 1277 3055 1333 sumptum
3086 1279 3188 1322 est.
3216 1267 3366 1321 "unc
3390 1269 3557 1329 enim,

1979 1346 2175 1416 inquit,
2236 1349 2402 1405 Pater
2433 1354 2661 1423 signavit
2717 1356 2941 1410 Deus".
2978 1357 3077 1410 Per
3140 1362 3320 1413 omnia
3366 1360 3558 1413 similis

1985 1439 2183 1510 imago.
2238 1442 2426 1498 Filius.
2449 1445 2624 1500 Patris
2654 1446 2834 1512 imago
2891 1448 3094 1504 dicitur
3136 1438 3262 1519 quia
3303 1466 3366 1503 ex
3397 1449 3558 1505 Patre

1977 1541 2057 1585 est
2099 1548 2112 1584 :
2153 1547 2258 1586 non
2313 1544 2491 1588 autem
2541 1547 2736 1591 contra
2785 1535 2951 1592 Pater
3000 1554 3069 1593 cx.
3118 1539 3259 1609 ipso.
3310 1538 3434 1592 llaec
3477 1549 3559 1594 cst

286 1624 466 1677 "tinus
486 1624 552 1690 οι,
577 1625 693 1694 qni,
719 1635 778 1680 ut
807 1625 884 1680 ait
911 1624 1150 1681 Joannes
1178 1643 1193 1680 :
1223 1625 1286 1680 In
1315 1627 1576 1697 principio
1601 1638 1711 1682 erat
1752 1627 1877 1682 γετ-
1904 1612 1950 1672 Β
1980 1621 2247 1690 imaginis
2290 1637 2508 1690 natura,
2537 1637 2597 1680 ut
2632 1628 2703 1682 sit
2737 1629 3071 1697 exemplaris
3101 1629 3350 1682 imitatio.
3383 1628 3556 1683 Carte-

287 1715 498 1768 bunt”.
537 1716 760 1771 chulis
813 1719 1102 1788 antiquior.
1135 1717 1421 1788 Temporis
1465 1719 1609 1774 enim
1649 1730 1865 1776 creator

288 1809 515 1876 tempori
571 1808 990 1878 haudquaquam
1044 1810 1272 1874 subest,
1317 1818 1505 1880 utpote
1557 1826 1652 1879 per
1709 1826 1869 1879 quem

287 1898 450 1950 etiam
487 1897 650 1952 Pater
678 1900 878 1954 saecula
911 1900 1122 1965 fuerit,
1158 1911 1220 1954 ut
1247 1911 1330 1955 est
1361 1901 1502 1970 apud
1539 1901 1763 1954 Paulum
1802 1901 1868 1955 “.

292 1985 599 2042 Invisibilis.
623 1988 791 2043 Deum
807 1991 954 2044 enim
980 2006 1140 2046 nemo
1161 2007 1400 2061 unquam
1422 1993 1554 2047 vidit
1572 1994 1866 2059 ‘°,hocest-,

291 2079 383 2132 Dei
437 2089 710 2134 naturam.
746 2078 1322 2147 lncompreltensibilis,
1355 2083 1406 2135 id
1445 2093 1548 2144 est,
1585 2086 1676 2136 vix.
1713 2099 1871 2138 com-

288 2169 703 2240 prehensibilis.
736 2169 868 2224 Nam
898 2171 1028 2224 illud
1062 2187 1282 2241 quoque
1308 2173 1686 2237 simulacrum,
1720 2177 1864 2243 quod

284 2275 352 2313 cx
386 2273 612 2330 Operam
662 2261 833 2330 ipsius
869 2262 1262 2330 imaginatione
1291 2264 1526 2333 quadam
1563 2266 1862 2335 colligitur,

285 2349 608 2419 priusquam
644 2359 789 2405 recte
819 2359 1092 2414 tenentur,
1129 2351 1284 2421 fugit.
1322 2353 1414 2408 Vel
1444 2355 1864 2424 incmuprehen-

287 2440 484 2504 sibilis,
523 2442 664 2496 idem
701 2450 809 2506 est,
841 2446 988 2512 quod
1022 2444 1470 2509 interminabilis,
1495 2453 1546 2498 ct
1571 2445 1866 2500 incircum-

283 2531 540 2598 scriptus,
575 2547 640 2586 ac
673 2535 879 2590 mentis
909 2545 1124 2603 captum
1161 2537 1452 2591 excedens.
1493 2537 1684 2608 Neque
1717 2540 1870 2592 enim.

283 2623 559 2678 intellectu
603 2627 822 2696 concipi
875 2639 973 2680 nec
1007 2627 1384 2682 circumscribi
1427 2638 1626 2698 potest.
1672 2628 1862 2683 lucor-

281 2731 494 2784 poreus.
555 2716 667 2771 lloc
717 2733 747 2771 a
804 2716 1082 2788 Theologo
1151 2719 1422 2788 adjectum
1477 2728 1561 2776 est
1642 2732 1863 2791 propter

281 2804 710 2861 incarnationem
751 2814 806 2862 et
851 2807 1240 2862 humanitatem
1291 2810 1494 2863 Chi-isti
1527 2849 1544 2875 ,
1594 2812 1660 2864 ad
1695 2823 1858 2879 quam

282 2914 402 2954 mox
438 2910 798 2970 perventurus
825 2911 928 2958 est.
962 2903 1106 2958 Illud
1137 2920 1204 2956 ea)
1233 2905 1490 2975 principio
1517 2907 1855 2975 principium.

1975 1728 2094 1766 runt
2125 1713 2214 1768 hic
2242 1714 2572 1772 luculentius
2603 1733 2662 1772 se
2700 1734 2785 1772 res
2823 1719 3002 1772 habet.
3034 1718 3244 1772 Etenim
3279 1720 3331 1773 in
3361 1720 3556 1788 imagi-

1974 1803 2137 1858 nibus
2163 1814 2280 1860 arto
2323 1805 2480 1863 factis
2510 1809 2692 1878 imago
2719 1819 2865 1864 motu
2901 1818 3048 1863 caret
3071 1852 3084 1875 ,
3120 1826 3242 1864 cam
3272 1813 3556 1879 exemp'ar

1971 1896 2096 1974 vitta
2127 1896 2200 1950 sit
2235 1900 2543 1965 prteditum,
2575 1917 2639 1956 ac
2690 1912 2997 1957 moveatur.
3032 1905 3100 1953 At
3137 1902 3222 1956 hic
3269 1901 3469 1969 imago,
3503 1913 3557 1955 ct

1971 1993 2079 2047 vivi
2109 2000 2194 2048 est
2223 1992 2524 2061 archetypi.
2557 2001 2611 2045 et
2646 1991 2764 2046 viva
2799 1991 2944 2060 ipsa,
2972 1990 3240 2059 longeque
3286 1991 3546 2058 mttjtit'i'ttl

1970 2081 2388 2138 similitudinem
2419 2081 2628 2145 habet,
2671 2096 2833 2148 quam
2865 2082 2936 2134 sit
2967 2095 3027 2134 ea
3049 2119 3066 2142 ,
3103 2095 3209 2147 qua
3249 2079 3375 2132 Sctli
3408 2079 3553 2130 Ada-

1971 2187 2121 2225 ntum
2157 2169 2362 2233 refert,
2397 2171 2479 2224 vel
2527 2187 2629 2239 qua
2669 2168 2937 2240 quidquid
2975 2169 3231 2238 gignitur,
3268 2166 3320 2224 id
3369 2182 3400 2221 a
3445 2183 3554 2236 quo

1969 2271 2264 2334 generatur
2302 2263 2581 2330 exprimit.
2643 2260 2717 2314 Ea
2771 2261 2916 2314 enim
2950 2271 3035 2314 cst
3082 2258 3409 2326 simplicium
3455 2275 3552 2311 na-

1974 2364 2117 2416 tura,
2153 2364 2208 2408 ιιι
2236 2370 2354 2408 non.
2384 2355 2582 2422 partim
2618 2353 2818 2406 similia
2853 2353 2982 2415 sint,
3015 2351 3209 2421 partim
3242 2350 3548 2414 dissimilia,

1967 2445 2062 2499 sed
2099 2454 2270 2498 totum
2307 2445 2472 2499 totius
2504 2449 2671 2513 ligura
2705 2445 2797 2507 sit,
2827 2452 2991 2513 atque
3025 2440 3331 2496 identitatis
3367 2440 3547 2510 potius

1967 2553 2132 2608 quam
2165 2538 2542 2592 similitudinis
2572 2537 2836 2591 rationem
2870 2536 3088 2590 habeat.

2041 2626 2222 2681 Patris
2247 2637 2294 2680 et
2323 2629 2578 2681 terminus
2600 2636 2650 2680 et
2695 2627 2856 2680 ratio.
2906 2624 3026 2679 Hoc
3057 2624 3216 2678 modo
3251 2622 3422 2677 Filius
3458 2637 3552 2690 apo

1964 2717 2214 2785 poliatur,
2249 2726 2304 2771 ut
2359 2716 2574 2773 Patrem
2615 2719 2910 2772 ostendens
2942 2732 3007 2772 ac
3060 2716 3543 2779 deliniens,homi-

1967 2807 2239 2877 nibusque
2291 2811 2649 2878 conspicuum
2716 2808 2990 2868 reddens,
3034 2808 3192 2877 quod.
3243 2806 3405 2861 Pater
3476 2806 3550 2860 sit

1963 2904 2129 2966 atque
2171 2900 2333 2953 etiam
2401 2900 2528 2968 quia
2581 2899 2718 2954 citra
2776 2899 2948 2953 ullum
3004 2897 3253 2951 allectum
3301 2912 3364 2950 ac
3422 2911 3548 2965 pro-

280 2991 612 3057 Principium
651 2995 797 3048 enim
827 2996 1072 3050 omnium
1106 3011 1229 3064 qua:
1292 3004 1441 3059 sunt,
1475 2996 1636 3050 Pater
1663 3006 1765 3060 est,
1800 3006 1856 3049 ut
1885 2975 1925 3032 (ἶ
1960 2986 2255 3042 Πυιίοηθιιι
2315 2991 2390 3045 ab
2441 3006 2509 3046 eo
2557 2990 2773 3061 genitus
2812 2999 2914 3052 est.
2965 2989 3424 3058 quemadmodum
3476 3003 3544 3042 ex

278 3093 443 3131 cans
475 3095 491 3133 :
523 3080 849 3150 principium
909 3096 1126 3152 quoqm:
1177 3090 1264 3136 est
1325 3082 1518 3142 Filius,
1570 3091 1630 3135 ut
1677 3097 1859 3137 causae

277 3183 524 3224 consors.
559 3172 637 3224 Ad
670 3171 883 3226 Patrem
921 3175 1068 3228 enim
1106 3173 1270 3227 David
1295 3175 1457 3228 vorba
1492 3173 1722 3239 faciens,
1751 3176 1854 3228 ait:

278 3257 468 3314 Tecum
497 3262 813 3332 principium
836 3265 903 3319 ⁸⁸.
954 3264 1050 3318 Est
1100 3265 1265 3334 igitur
1298 3264 1470 3319 Filius
1504 3265 1855 3333 principium

273 3367 336 3405 cx
369 3353 665 3423 principio,
710 3355 760 3408 id
787 3365 891 3422 est,
925 3369 992 3411 ex
1029 3355 1212 3410 Patre.
1248 3354 1394 3409 Illud
1421 3370 1486 3408 ex
1522 3355 1718 3408 lumine
1770 3355 1854 3408 lu-

277 3460 412 3498 mcn.
463 3446 704 3503 Joanhrs
730 3448 788 3502 in
816 3448 1056 3517 Epistula
1091 3464 1188 3503 sua
1213 3451 1384 3518 prima
1423 3450 1500 3502 ait
1535 3464 1552 3500 :
1591 3447 1728 3501 Deus
1764 3448 1856 3500 lux

271 3548 346 3589 est
371 3536 437 3591 ⁶’.
471 3537 533 3592 Et
556 3537 819 3594 Christus
838 3541 905 3594 de
933 3542 1148 3610 seipse:
1187 3539 1294 3610 Ego
1317 3555 1436 3593 sum
1466 3540 1560 3592 lux
1582 3538 1764 3591 mundi
1787 3539 1849 3592 ⁸⁸.

270 3627 446 3695 Atque
465 3629 590 3684 hinc
624 3630 812 3686 Patres
871 3632 944 3685 illi
978 3631 1072 3700 qui
1104 3639 1516 3686 sacrosanctum
1534 3629 1866 3700 Symbolum—

272 3719 597 3781 cd‘tderunt,
628 3719 927 3774 doctrinam
967 3721 1262 3774 salutarem
1301 3719 1531 3773 mutuati
1587 3728 1753 3780 sunt,
1789 3733 1856 3773 ac

272 3808 525 3861 dixerunt
586 3825 600 3862 :
659 3808 862 3864 Laurea
905 3811 968 3864 de
1009 3811 1244 3873 lumine»,
1313 3809 1510 3863 Filium
1563 3825 1630 3865 ex
1692 3807 1851 3862 Patre

271 3899 601 3971 profulgere,
630 3908 691 3954 ut
719 3903 1095 3971 incorpoream
1123 3911 1178 3956 et
1203 3901 1502 3971 simplicem
1533 3914 1652 3954 eam
1687 3915 1850 3965 gene-

268 3993 536 4045 rationem
571 3992 952 4060 ostendrreut;
994 4008 1192 4048 rursus
1231 3995 1344 4048 tunc
1377 3993 1537 4046 verba
1573 4004 1849 4060 apposue-

268 4093 450 4136 runt:
495 4081 576 4136 Ea:
627 4083 760 4152 ipso,
816 4091 865 4138 et
921 4085 973 4138 in
1026 4085 1174 4154 ipso,
1213 4092 1271 4137 ut
1307 4092 1534 4150 uterque
1593 4081 1849 4148 peculiari

269 4173 437 4228 tnodo
461 4173 761 4229 subsistere
793 4174 1146 4244 intelligatur.
1182 4173 1340 4227 Pater
1373 4172 1516 4227 enim
1557 4169 1716 4224 Pater
1747 4177 1846 4233 est,

264 4272 319 4317 et
349 4281 458 4317 non
496 4261 663 4319 Filius
697 4283 711 4318 :
745 4264 917 4320 Filius
951 4266 1078 4319 item
1114 4262 1311 4329 Filius,
1341 4271 1396 4317 et
1418 4277 1524 4317 non
1563 4261 1719 4316 Pater
1750 4278 1763 4314 :
1796 4271 1848 4314 et

267 4354 321 4406 in
364 4354 643 4409 itleutitate
672 4363 879 4408 natum
910 4355 1130 4424 prepria
1162 4363 1246 4408 est
1279 4355 1565 4423 utriusque
1585 4358 1845 4407 essentia.

271 4441 414 4497 Fons
454 4446 577 4498 vita,r
598 4455 647 4500 et
683 4445 1133 4500 immortalitatis.
1165 4443 1287 4497 llazc
1315 4458 1533 4512 quoque
1557 4458 1586 4496 a
1615 4442 1848 4511 prophe-

267 4533 335 4586 tis
361 4545 576 4605 sumpta
603 4546 751 4590 sunt.
787 4534 1055 4590 Jcremins
1085 4535 1230 4588 enim
1263 4534 1334 4587 ita
1366 4533 1606 4602 loquitur
1641 4547 1656 4582 :
1693 4531 1850 4584 Dareo

267 4625 533 4695 liquerunt
559 4627 757 4695 fontem
780 4641 933 4696 aqua:
967 4626 1247 4680 Dominum
1268 4624 1333 4678 ".
1363 4622 1430 4678 Et
1455 4623 1622 4678 David
1654 4640 1666 4675 :
1696 4623 1848 4690 Apud

274 4727 323 4772 te
365 4729 441 4772 est
475 4719 591 4788 {ous
630 4720 831 4774 sine”.
872 4719 1016 4786 Quin
1061 4720 1226 4774 etiam
1261 4716 1516 4772 Christus
1549 4714 1617 4768 de
1671 4716 1850 4785 seipse

270 4811 349 4865 ait
390 4827 405 4865 :
455 4811 566 4882 Ego
607 4828 724 4865 sum
762 4813 871 4875 sia,
914 4813 1106 4866 veritas
1131 4850 1147 4876 ,
1179 4820 1228 4864 et
1262 4811 1371 4863 vita
1387 4809 1455 4860 τί.
1489 4805 1842 4861 Fons-autern

267 4903 471 4958 dicitur
502 4906 573 4959 ob
601 4904 1033 4973 perennitatem;
1065 4903 1172 4954 vita
1211 4911 1394 4953 autem
1433 4907 1490 4952 ιιι
1528 4897 1646 4951 fons
1681 4899 1841 4963 vitm,

280 5010 388 5051 non
429 5006 638 5050 tantum
675 4997 852 5050 brevis
884 4994 1046 5063 hujus
1074 5001 1127 5047 et
1165 5000 1407 5061 tempore
1437 4991 1714 5060 periturae,
1750 4989 1844 5044 sed

262 5085 428 5138 etiam
459 5081 850 5152 ‘scmpitcrnaz.
907 5080 1022 5161 Hoc
1058 5080 1203 5134 enim
1257 5079 1494 5134 declarat
1531 5076 1698 5131 dictio
1750 5077 1842 5131 illa

259 5175 719 5240 Immortalitatis,
760 5189 923 5246 quam
950 5167 1158 5242 adjicit.
1212 5170 1494 5239 Archetypi
1547 5171 1835 5238 expressio,

257 5269 309 5322 id
357 5278 466 5332 est,
503 5268 805 5322 similitudo
828 5307 842 5332 ,
876 5265 1216 5336 signaculum
1246 5301 1261 5328 ,
1290 5279 1354 5318 ac
1402 5262 1548 5316 velut
1577 5278 1836 5333 expressa

255 5361 462 5431 ctligics
524 5361 640 5416 Dei.
709 5361 1043 5428 Ἐκμαγεῖον
1091 5363 1272 5410 autem
1318 5354 1523 5410 dicitur
1582 5369 1614 5410 ιι
1675 5356 1841 5411 verbo

329 5506 542 5576 "#Sap.
576 5521 636 5570 tt,
664 5505 756 5560 25.
798 5575 803 5576 ί
832 5506 876 5576 °_’
907 5505 1010 5560 lsa.
1043 5505 1286 5576 unt,"9.
1352 5575 1359 5576 ί
1387 5505 1435 5576 οξ
1465 5503 1624 5558 Jonn.
1675 5519 1711 5568 t,
1736 5503 1796 5576 _l.

257 5577 299 5609 ⁸⁷
329 5576 342 5628 l
377 5573 535 5628 Joan.
569 5593 607 5637 ι.
637 5577 688 5628 5.
766 5575 810 5607 ⁵⁸
845 5573 1001 5631 Joan.
1035 5589 1149 5643 vni,
1177 5575 1244 5630 12
1321 5575 1365 5608 ⁶⁹
1399 5573 1603 5632 Jereut.
1637 5589 1697 5643 tt,
1731 5573 1812 5630 l8.

250 5637 299 5679 ”
339 5645 363 5700 δ
405 5660 436 5706 a
462 5666 490 5699 t.
530 5663 640 5713 xw,
670 5645 722 5701 9.

1905 5503 1949 5535 “
1975 5503 2136 5560 Hebr.
2167 5521 2206 5566 ι.
2236 5505 2292 5560 2.

1899 5575 1943 5608 ⁷ο
1969 5574 2113 5633 Psal.
2147 5592 2310 5643 xxxv,
2353 5577 2437 5632 l0.

1963 3089 2141 3133 mente
2171 3095 2374 3135 sermo.
2401 3081 2496 3137 Sic
2527 3082 2671 3135 enim
2708 3097 2768 3135 se
2802 3082 2966 3135 habet
2995 3082 3060 3133 a.l
3096 3081 3314 3133 Patrem
3350 3077 3542 3141 Filius,

1959 3173 2419 3239 quemadmodum
2465 3187 2647 3226 sermo
2701 3175 2768 3226 ad
2829 3179 3064 3225 mentem
3102 3208 3118 3232 ,
3183 3187 3291 3224 non
3363 3171 3541 3226 solum

1957 3258 2028 3312 ob
2091 3260 2502 3327 generationem
2574 3258 2725 3312 omni
2792 3258 2986 3311 alter-tu
3056 3267 3337 3312 vacantem
3371 3298 3385 3322 ,
3443 3258 3538 3312 sed

1957 3348 2122 3401 etiam
2162 3358 2385 3418 propter
2432 3349 2855 3403 connexionem.
2891 3345 3078 3414 Neque
3115 3349 3262 3401 enim
3299 3363 3329 3402 a
3382 3348 3543 3402 Patre

1962 3440 2135 3496 Filius
2183 3442 2424 3510 separari
2466 3451 2663 3510 potest,
2709 3441 3170 3511 quemadmodum
3215 3455 3315 3494 nec
3352 3455 3538 3494 sei-mo

1955 3545 1986 3584 a
2043 3540 2245 3596 mente.
2311 3529 2452 3584 Tum
2507 3530 2674 3584 etiam
2723 3531 2800 3584 ita
2853 3539 3078 3600 propter
3125 3529 3234 3584 vim
3284 3529 3540 3584 enuntia-

1958 3624 2122 3676 tivam
2184 3624 2376 3678 vocari
2415 3632 2630 3693 potest;
2699 3639 2824 3677 nam
2895 3634 2956 3677 ut
3014 3639 3196 3679 sermo
3256 3633 3531 3693 parentem

1955 3730 2112 3769 suam
2167 3725 2402 3768 mentem
2443 3715 2647 3784 profert
2703 3727 2758 3770 ct
2809 3716 3082 3782 enuntiat,
3130 3716 3203 3770 ita
3242 3714 3410 3770 Filius
3435 3714 3539 3768 Pa-

1955 3813 2115 3858 trem.
2165 3805 2401 3860 Possunt
2454 3806 2615 3860 etiam
2671 3809 2784 3861 hate
2837 3808 2945 3860 duo
2983 3807 3107 3877 ὅρος
3150 3818 3204 3860 et
3247 3806 3404 3874 λόγος
3439 3823 3535 3876 pro

1953 3899 2143 3952 eodem
2201 3900 2376 3969 accipi
2423 3917 2438 3954 :
2493 3900 2940 3968 quandoquidem
2992 3908 3046 3952 et
3094 3899 3344 3952 deﬁnitio
3376 3899 3538 3964 λόγος

1954 3990 2177 4054 dicitur,
2227 4001 2284 4046 ut
2322 4006 2448 4046 cum
2502 3993 2574 4045 ita
2635 3991 2910 4058 loquimur
2959 4006 2974 4044 :
3051 3988 3305 4042 Deﬁnitio
3355 3991 3536 4043 homi-

1958 4082 2043 4134 nis
2100 4089 2206 4143 est,
2269 4081 2470 4134 animal
2531 4081 2743 4133 ratione
2797 4077 3123 4147 praeditum,
3174 4087 3228 4132 et
3285 4080 3530 4132 mortale.

1953 4171 2126 4237 Quam
2189 4172 2355 4241 igitur
2403 4171 2672 4224 rationem
2717 4168 2881 4224 habet
2924 4167 3171 4223 deﬁnitio
3217 4166 3283 4221 ad
3339 4167 3534 4223 delini-

1955 4271 2094 4324 tum,
2138 4261 2389 4316 eamdem
2441 4259 2614 4315 Filius
2646 4260 2713 4315 ad
2760 4260 3003 4316 Patrem.
3040 4261 3222 4330 ipsum
3255 4259 3406 4314 enim.
3432 4260 3532 4314 de-

1953 4355 2128 4408 clarat
2151 4353 2616 4422 quemadmodum
2641 4351 2910 4415 deﬁnitio,
2945 4353 3019 4418 id,
3049 4353 3196 4420 quod
3229 4354 3299 4406 ab
3330 4368 3410 4408 ea,
3435 4353 3530 4407 den

1953 4442 2166 4499 linitur.
2211 4444 2585 4510 Quamobrem
2615 4445 2780 4500 etiam
2829 4444 3082 4500 Christus
3122 4445 3340 4500 dicebat
3372 4462 3386 4498 :
3419 4445 3524 4509 Qui

1951 4552 2036 4590 me
2084 4537 2348 4592 intellexit
2397 4537 2525 4608 (hoc
2551 4537 2701 4592 enim
2757 4537 3080 4606 signiﬁcat:
3122 4535 3227 4600 Qui
3261 4537 3390 4590 uidit
3428 4538 3528 4603 me)

1947 4627 2163 4683 Patrem
2221 4643 2440 4699 qualine
2499 4629 2765 4684 intellexit
2795 4629 2892 4694 ⁷³;
2947 4637 3187 4699 paterna:
3255 4627 3526 4698 siquidem

1954 4731 2170 4776 naturae
2240 4720 2630 4790 compendiosa
2682 4719 3114 4777 -demonstratio
3185 4726 3270 4775 est
3328 4719 3524 4773 Filius.

1954 4811 2144 4866 Oumis
2201 4812 2346 4865 enim
2395 4811 2577 4880 proles
2633 4812 2878 4880 parentis
2931 4810 3012 4866 sui
3063 4811 3227 4866 tacita
3273 4820 3356 4864 est
3388 4809 3527 4863 ratio

1951 4903 2063 4956 sive
2089 4901 2358 4956 detinitio.
2411 4900 2509 4956 Hic
2545 4903 2707 4971 igitur
2747 4902 2842 4957 Dei
2887 4902 3065 4956 Filius
3088 4902 3157 4956 ad
3190 4915 3344 4955 suam
3379 4901 3520 4955 ima-

1952 4993 2155 5064 ginem,
2201 4994 2304 5048 hoe
2337 5002 2442 5058 est,
2489 4995 2555 5047 ad
2595 4995 2896 5059 hominem,
2932 5009 3096 5065 quem
3125 4991 3519 5062 adimagincm

1949 5099 2102 5138 suam
2138 5086 2368 5149 creavit,
2432 5086 2664 5150 accedit,
2699 5101 2763 5140 ac
2816 5092 3032 5155 promer
3057 5099 3278 5138 carnem
3328 5084 3524 5137 huma-

1949 5190 2096 5238 nam,
2141 5191 2359 5231 carnem
2413 5179 2671 5240 assumit,
2713 5187 2772 5233 et
2805 5184 3023 5247 propter
3055 5175 3318 5242 animam,
3359 5189 3519 5243 quam

1946 5269 2129 5323 divina
2175 5271 2542 5328 insulilatione
2585 5280 2866 5342 acceptam
2926 5272 3096 5326 homo
3143 5270 3378 5338 caligine
3421 5269 3520 5322 οὺς

1945 5361 2177 5416 duxerat
2239 5372 2293 5417 et
2357 5363 2800 5429 labelactaverat,
2869 5362 3191 5418 rationalem
3253 5370 3308 5416 et
3350 5359 3511 5414 intel-

3071 5505 3116 5537 “
3158 5502 3297 5557 Psal.
3322 5519 3433 5563 Ctx,
3462 5501 3518 5558 5.

2403 5509 2448 5540 ⁸⁵
2483 5509 2502 5560 l
2542 5507 2700 5564 Joan.
2741 5523 2814 5570 tv,
2849 5508 2934 5561 l2.
3071 5507 3116 5537 “
3158 5507 3297 5557 Psal.
3322 5519 3433 5563 Ctx,
3462 5507 3516 5558 ὅ.

2403 5578 2437 5632 l.
2514 5580 2554 5612 '”
2585 5577 2743 5634 loan.
2777 5594 2889 5640 xiv,
2921 5579 2973 5632 ti.
3055 5575 3278 5630 "Joau.
3312 5587 3386 5640 vr,
3421 5569 3516 5626 27.

2514 5580 2554 5612 '”
2585 5577 2743 5634 Joan.
2777 5594 2889 5645 xtv,
2921 5579 2973 5632 ti.
