3996 6206
3694 304 3867 367 Ἑζὶὶ

533 316 668 380 1343
1932 314 2310 376 ADDENDA.

530 425 815 481 lectualem
873 424 1109 478 animam
1172 422 1401 493 accipit,
1461 429 1520 476 ιιι
1577 423 1655 478 sic
1715 438 1814 492 per
1867 436 2085 477 carnem
2120 434 2160 484 Α
2193 436 2333 475 unus
2364 428 2553 474 natura
2575 419 2858 478 assistens.
2882 418 2974 474 sed
3006 420 3241 473 coitione
3260 427 3315 469 et
3331 430 3667 469 concursu
3702 420 3873 467 dar:-

531 525 859 585 assumptam
917 513 1044 568 Adae
1092 528 1310 567 carnem
1358 513 1560 582 peccati
1616 514 1866 569 sordibus
1902 513 2085 584 inqui-
2189 530 2308 567 rum
2331 510 3323 581 naturaruminunamhypostasiu.ln
3344 525 3409 563 ea
3430 510 3621 563 enim
3662 508 3867 561 Verbs

534 616 715 661 natant
748 613 1021 674 repurget,
1070 619 1164 671 per
1193 605 1429 658 animam
1465 613 1668 666 autem,
1699 604 1941 673 ejusdem
1970 604 2059 659 ani
2189 603 2285 658 Dei
2343 617 2594 672 persona,
2636 614 2754 672 qua:
2786 603 2939 671 prius
2966 611 3104 667 erat,
3136 603 3374 655 animata
3418 603 3647 670 ipsius
3710 618 3873 655 cars

528 712 695 757 mam,
753 703 915 763 atque
961 694 1033 748 ita
1090 703 1230 748 totus
1269 696 1363 748 toti
1413 695 1544 749 mihi
1595 696 1821 753 salutem
1877 692 2085 761 amarat,
2188 702 2366 747 creata
2393 693 2637 746 eamdem
2660 692 3282 761 hypostasinbabuit,“
3304 692 3869 761 partesillzecou-

527 786 965 856 quandoquidem
1001 795 1144 841 totus
1178 786 1348 839 Adam
1384 787 1566 854 lapsus
1595 799 1697 841 est.
1734 785 1858 841 "are
1907 797 2085 841 autem
2189 798 2386 855 gressu:
2420 794 2583 853 atque
2609 785 2917 850 conjunctae
2947 791 3068 851 post
3090 781 3407 850 hujusmodi
3445 796 3677 834 conca
3693 783 3861 833 γάρ·

526 876 603 929 ait
654 874 947 944 Gregorius
1015 874 1275 928 adversus
1329 874 1647 943 Apollinarii
1705 873 1936 928 haaresin
1995 873 2089 928 de-
2189 889 2308 929 nem
2332 873 2686 929 indivisibiles
2712 884 3200 927 manseruntznon
3223 871 3621 940 quodatiimo
3652 880 3860 924 eteo-

528 960 794 1036 pugnans,
861 965 952 1033 qui
1014 963 1293 1017 Christum
1364 977 1605 1026 carnem,
1662 972 1717 1029 et
1775 971 1975 1025 mente,
2034 971 2086 1015 et
2190 963 2455 1034 gitationo
2483 975 2780 1029 earumque
2817 960 3131 1014 diversitate
3176 959 3427 1028 separari
3476 970 3859 1027 nequam.

525 1057 706 1112 anima
756 1068 980 1109 vacuam
1021 1055 1275 1109 habuisse
1325 1055 1628 1108 aiiirmabat
1665 1070 1679 1106 :
1712 1053 1855 1122 quod
1891 1053 2087 1107 divini-
2190 1053 2447 1121 sedquod
2471 1069 2526 1106 re
2546 1061 2599 1105 et
2617 1062 2739 1105 actu
2764 1052 3086 1105 nullomodo
3106 1050 3340 1105 discerni
3356 1065 3424 1104 ac
3446 1050 3674 1104 dividi
3704 1066 3856 1117 pos-

523 1159 685 1203 tatcm
730 1162 827 1216 pro
874 1155 1058 1200 mente
1101 1156 1265 1215 atque
1316 1146 1498 1220 anima
1528 1144 1775 1199 sufﬁcere
1807 1144 2089 1198 existima-
2188 1142 2316 1197 sint.
2353 1141 2504 1196 Unus
2532 1143 2810 1195 enimvero
2838 1155 2902 1195 ex
2929 1140 3143 1195 duabus
3173 1140 3385 1195 naturis
3434 1149 3647 1193 natus
3690 1151 3799 1193 est
3836 1159 3851 1191 :

524 1247 626 1292 ret.
692 1238 893 1291 Eodem
970 1251 1189 1304 quoque
1248 1235 1518 1304 pertinent
1550 1228 1555 1232 ’
1590 1248 1698 1302 quo
1758 1241 2083 1300 sequuntur.
2188 1245 2419 1299 quarunt
2454 1232 2642 1294 altera,
2681 1244 2875 1299 nempe
2902 1230 3437 1292 divina,humanam
3486 1230 3852 1284 divinitan:

524 1331 624 1384 Per
663 1330 846 1383 omnia
900 1329 1064 1391 enim,
1117 1327 1315 1394 inqttit,
1372 1326 1537 1379 homo
1590 1324 1783 1394 plenus
1840 1337 1905 1377 at:
1958 1335 2123 1390 ρει-⁸
2185 1321 2632 1388 donavit;altera
2654 1322 2986 1386 autem,hoc
3029 1331 3114 1376 est
3134 1322 3849 1383 humanauiivinilatm

524 1421 698 1475 iectus
746 1419 1000 1480 efﬁcitur,
1047 1418 1310 1473 duntaxat
1366 1426 1596 1483 excepto
1655 1423 1896 1484 peccato.
1953 1414 2084 1468 Pec-
2187 1427 2215 1464 a
2250 1411 2434 1465 divina
2479 1413 2708 1480 accepit.
2768 1412 2904 1467 Cum
2944 1427 3123 1467 autem
3164 1415 3393 1470 dixisset
3433 1415 3842 1485 Gregorius.

522 1521 703 1566 catum
758 1510 927 1570 enim,
973 1524 1077 1562 non
1124 1524 1153 1561 a
1206 1516 1424 1572 natura,
1464 1507 1557 1560 sed
1606 1520 1636 1558 a
1677 1505 1949 1559 voluntate
1973 1503 2085 1557 ori-
2187 1502 2354 1556 Deum
2392 1513 2668 1572 assumpta
2720 1519 2885 1558 carne
2914 1513 3099 1558 natum
3133 1520 3279 1571 esse,
3309 1514 3487 1575 atque
3512 1518 3841 1562 eumdem

521 1602 698 1672 ginem
781 1599 965 1653 habet.
1031 1596 1395 1664 Quamobrem
1472 1596 1737 1651 Dominus
1810 1595 2080 1648 naturalia
2186 1606 2311 1646 eum
2360 1602 2637 1662 assumpta
2673 1594 3006 1649 humanitate
3067 1605 3280 1657 natum,
3331 1596 3550 1651 Filium
3614 1614 3833 1650 unum

522 1692 703 1744 omnia
737 1690 1066 1759 suscipiens.
1103 1696 1404 1757 peccatum,
1434 1700 1491 1743 ut
1531 1702 1559 1740 a
1592 1697 1781 1741 natura
1818 1687 2079 1745 alienum,
2184 1698 2327 1746 essm
2353 1696 2456 1734 non
2486 1681 2647 1745 duos,
2677 1682 3036 1737 admiratione
3058 1694 3364 1752 correptus,
3386 1700 3450 1739 ac
3480 1689 3663 1737 velut
3697 1698 3837 1738 stu-

521 1800 628 1838 non
665 1783 893 1850 accepit.
943 1781 1030 1834 Ait
1062 1781 1203 1833 enim
1255 1780 1546 1849 Apostolus
1578 1796 1591 1833 :
1643 1778 1910 1831 Habemus
1959 1794 2084 1846 pon-
2117 1791 2154 1844 ις
2187 1786 2314 1839 pore
2366 1771 2648 1834 perculsus
2682 1772 2984 1837 addubitat,
3031 1783 3213 1827 utrum
3243 1785 3693 1829 concurrentes
3732 1777 3829 1829 hac

522 1875 711 1943 tiﬁcem
756 1881 1011 1926 tentatum
1035 1887 1126 1937 per
1159 1872 1334 1926 omnia
1361 1886 1458 1940 pro
1489 1870 1856 1933 similitudine,
1886 1868 2080 1936 absque
2183 1871 2817 1943 naturaucontemperataz
2831 1865 3042 1929 sint,an
3062 1867 3241 1933 potius
3265 1868 3617 1921 eommistae.
3662 1868 3823 1920 Nam

519 1976 728 2035 peccata
787 1965 853 2020 ".
922 1963 1176 2029 Quonam
1237 1972 1415 2016 autem
1477 1962 1638 2015 modo
1690 1968 1915 2028 peccato
1963 1958 2081 2013 solo

519 2064 741 2124 excepto
792 2055 985 2123 plenus
1045 2069 1106 2106 ae
1153 2054 1425 2122 perfectus
1476 2053 1640 2107 homo
1670 2050 2078 2107 sit?Nimirnm

518 2146 646 2215 quia
711 2154 765 2198 et
835 2145 1067 2197 humana
1125 2142 1438 2197 conditione
1499 2143 1782 2197 sublimior
1846 2142 1921 2195 illi
1981 2140 2082 2194 fuit

517 2235 845 2304 conceptio,
901 2241 1089 2302 utpote
1139 2232 1363 2288 seminis
1406 2248 1646 2302 expers,
1696 2241 1752 2286 ct
1802 2232 2078 2294 nativitas,

520 2336 580 2381 ut
629 2324 997 2395 corruptionis
1044 2324 1252 2380 nescia.
1306 2323 1492 2395 Neque
1530 2325 1673 2379 enim
1729 2324 1903 2380 soluta
1951 2332 2082 2378 sunt

518 2415 844 2486 virginitatis
906 2415 1187 2487 signacula
1250 2432 1265 2471 :
1316 2417 1750 2486 quandoquidem
1804 2415 2118 2487 generatio-

517 2525 613 2580 per
666 2509 1077 2578 corruptionem
1148 2509 1501 2579 progrediens
1560 2517 1783 2578 peccato
1856 2515 2077 2574 accepta

517 2601 797 2657 referenda
841 2609 945 2667 est,
991 2602 1447 2671 quemadmodum
1507 2602 1585 2656 ait
1650 2601 1812 2655 David
1875 2617 1889 2655 :
1946 2598 2081 2653 Ecce

511 2693 649 2746 enim
679 2692 734 2746 in
774 2691 1151 2762 iniquitatibus
1199 2701 1476 2760 conceptus
1502 2707 1640 2756 sum,
1673 2700 1721 2746 et
1754 2691 1808 2744 in
1850 2691 2078 2758 pereatis

513 2786 749 2851 concepit
809 2800 889 2838 me
934 2793 1102 2836 mater
1150 2797 1266 2837 mea
1287 2782 1355 2839 ".
1401 2782 1533 2839 Post
1583 2783 2075 2852 transgressionem

512 2873 656 2928 enim
713 2872 978 2938 Adantus,
1030 2872 1271 2927 libidinis
1300 2882 1468 2928 uestro
1521 2873 1797 2939 concitus,
1844 2886 2075 2927 uxorem

2181 1953 2227 2008 si
2260 1964 2680 2023 contemperata:
2704 1967 2852 2019 sunt,
2877 1956 3136 2011 confusas
3162 1971 3385 2026 quoque
3402 1974 3508 2012 eas
3525 1974 3682 2013 esse
3713 1976 3821 2013 ae-

2181 2060 2331 2100 cesse
2366 2056 2450 2101 est
2481 2046 2583 2115 (sic
2606 2047 2749 2100 enim
2787 2046 2889 2101 l'ert
2923 2057 3116 2102 natura
3147 2062 3336 2103 earum
3380 2065 3621 2112 rerum,
3668 2068 3817 2119 qua:

2180 2144 2676 2204 contemperautnr,
2702 2146 2759 2189 ut
2781 2138 2890 2191 vini
2921 2148 2978 2191 et
3002 2138 3178 2208 aqum)
3207 2155 3223 2192 :
3249 2138 3332 2193 sin
3361 2150 3567 2193 autem
3600 2141 3809 2195 solum

2181 2226 2482 2281 commistte
2507 2236 2654 2289 sunt,
2684 2230 2994 2282 necessario
3016 2238 3296 2298 sequetur,
3330 2244 3431 2285 eas
3451 2231 3646 2284 etiam
3685 2231 3803 2283 ati-

2181 2316 2398 2384 quando
2440 2326 2566 2371 aetu
2601 2316 2795 2371 dividi.
2825 2316 2951 2372 Haec
2975 2319 3119 2373 enim
3147 2325 3339 2375 eorum
3367 2335 3503 2390 qua:
3536 2321 3702 2375 inter
3737 2336 3801 2375 se

2181 2409 2496 2474 miscentur,
2543 2419 2731 2464 natura
2774 2418 2879 2475 est,
2928 2420 2987 2465 ut
3022 2412 3186 2467 tritici
3218 2424 3273 2467 et
3322 2413 3551 2468 hordei.
3611 2417 3794 2482 Atqui

2181 2515 2355 2568 neque
2398 2498 2641 2554 confusa:
2691 2510 2843 2565 sunt,
2898 2511 2954 2556 et
3005 2512 3186 2557 tamen
3232 2504 3400 2559 semel
3442 2519 3797 2573 congressae

2179 2587 2536 2659 indivisiltiies
2586 2600 2929 2655 manserunt,
2974 2591 3334 2646 diiferentiam
3382 2608 3555 2647 suam
3598 2596 3787 2647 etiam

2178 2688 2302 2747 post
2331 2678 2627 2734 coitionem
2675 2695 2741 2736 ac
2789 2680 3207 2736 concursionem
3262 2690 3581 2742 servantes.
3630 2681 3780 2736 Ριοσ

2182 2770 2305 2826 inde
2331 2784 2470 2825 nova
2499 2781 2554 2825 et
2583 2771 2743 2839 plane
2780 2773 3044 2843 stupenda
3079 2771 3181 2827 l'nit
3215 2773 3305 2828 illa
3340 2774 3392 2827 in
3446 2789 3568 2828 uno
3599 2774 3782 2828 Chri-

2179 2869 2264 2913 sto
2312 2862 2655 2929 temperatio,
2707 2862 3051 2930 duarumque
3099 2862 3243 2917 inter
3285 2877 3345 2918 se
3386 2866 3781 2934 pugnantium

511 2977 667 3018 suam
727 2960 889 3015 Evam
943 2961 1216 3031 cognovit,
1272 2976 1447 3030 caque
1492 2964 1741 3032 concepit
1796 2979 1861 3018 ae
1908 2979 2082 3034 pepe-

514 3051 601 3106 rit.
653 3049 743 3106 Sic
782 3060 1056 3118 peceatnm
1114 3052 1485 3120 conceptionis
1542 3066 1710 3109 causa
1771 3063 1875 3117 est,
1944 3070 2073 3110 con-

2180 2960 2498 3005 naturarum
2569 2952 2898 3009 commistio.
2963 2950 3228 3017 Quocirca
3311 2967 3438 3007 cum
3503 2953 3772 3009 Theolo-

2179 3056 2280 3110 gus
2311 3056 2417 3095 non
2450 3051 2657 3112 posset,
2706 3042 2786 3098 vel
2835 3044 3118 3097 misturam
3176 3043 3359 3098 solum
3407 3043 3622 3107 dicere,
3670 3048 3769 3100 vel

511 3144 688 3212 ceptio
735 3116 1057 3208 nativitatis,
1107 3116 1392 3212 atque-ita
1443 3154 1674 3214 utraque
1722 3147 1824 3198 sub
1856 3156 2071 3215 peccato

2177 3130 2498 3200 simpliciter
2549 3133 3120 3201 contemperationem,
3176 3143 3412 3203 utraque
3456 3149 3602 3189 voce
3661 3153 3757 3191 ue-

509 3243 614 3291 est.
656 3231 923 3299 Quoniam
982 3240 1163 3286 autem
1219 3231 1576 3294 nativitatem,
1608 3236 2070 3303 quemadmodum

510 3334 564 3382 et
629 3323 1047 3380 beneficentiam
1118 3337 1248 3394 erga
1308 3341 1479 3394 genus
1529 3327 1874 3391 humanum,
1935 3340 2070 3396 prae-

508 3421 740 3470 stantem
790 3421 843 3468 et
885 3412 1260 3469 admirabilem
1296 3430 1419 3470 esse
1467 3418 1769 3485 oportebat,
1801 3433 1864 3472 ex
1897 3418 2069 3487 puella

513 3505 730 3575 Virgine
773 3505 1037 3559 nascitur.
1094 3515 1175 3569 ut,
1237 3512 1506 3575 quatenus
1537 3507 1804 3571 nascitur,
1855 3509 2071 3577 nuptias

507 3609 571 3648 ac
613 3595 1016 3662 generationem
1082 3593 1314 3648 honeret
1395 3594 1724 3664 (honorabile
1773 3597 1917 3651 enim
1949 3614 2072 3650 con-

507 3684 721 3737 uubium
755 3693 801 3735 et
836 3684 1015 3735 thorus
1044 3683 1421 3738 immaculata:
1453 3685 1558 3751 7‘);
1590 3696 1857 3755 quatenus
1888 3698 2066 3741 autem

505 3791 570 3830 ex
624 3772 862 3841 Virgine,
916 3773 1282 3841 virginitatem
1340 3774 1610 3841 praeferat,
1672 3786 1725 3832 ut
1789 3779 2070 3831 matrimo-

507 3866 599 3919 nio
636 3863 1095 3918 excellentiorem.
1133 3863 1440 3934 Conceptus
1484 3876 1569 3921 est
1599 3868 1783 3938 igitur,
1823 3870 1924 3923 hoc
1963 3881 2069 3939 est,

508 3948 561 4001 in
643 3944 886 4016 Virginis
969 3948 1300 4015 praignantis
1374 3959 1531 4004 utero
1598 3961 1883 4020 gestatus,
1922 3947 2068 4022 qua:

502 4036 721 4107 quidem
770 4048 866 4107 per
910 4036 1145 4106 Spiritus
1174 4034 1353 4092 'saneti
1397 4042 1910 4107 superventionem.
1942 4051 2063 4098 tam

503 4125 708 4191 animo,
741 4140 905 4195 quam
946 4141 1175 4194 corpore
1207 4140 1547 4198 praepurgata
1580 4140 1715 4185 erat.
1750 4130 1850 4186 Per
1888 4134 2063 4201 ipsum

500 4217 645 4270 enim
677 4217 746 4270 ab
772 4232 838 4271 eo
864 4224 1084 4285 peccato
1116 4230 1415 4290 expurgata
1444 4232 1549 4286 est,
1583 4224 1828 4292 quodex
1865 4226 2067 4278 nativi-

503 4316 615 4362 tate
654 4320 841 4364 secum
897 4309 1170 4374 trahebat,
1226 4313 1485 4368 nimirum
1538 4331 1568 4369 a
1611 4317 1789 4386 primo
1840 4332 2067 4388 parente
2108 4328 2113 4333 ’

500 4397 830 4469 pretiosum,
855 4408 1019 4471 atque
1040 4406 1106 4456 ad
1133 4403 1447 4460 universum
1473 4405 1643 4474 ipsius
1674 4423 1844 4476 genus
1873 4409 2059 4466 fusum

499 4498 554 4543 et
569 4499 941 4561 propagatum.
975 4491 1239 4549 Sic-enim
1260 4496 1485 4566 angelus
1511 4510 1631 4551 eam
1649 4498 1917 4554 allocutus
1939 4511 2018 4555 est
2043 4519 2058 4554 :

500 4579 738 4649 Spiritus
788 4592 1003 4638 sanctus
1032 4588 1356 4655 superveniet
1391 4588 1448 4641 in
1495 4596 1564 4652 te,
1604 4598 1655 4642 et
1691 4590 1857 4645 uirtus
1899 4593 2063 4646 Altis-

498 4675 617 4727 simi
648 4670 978 4730 obumbrabi-t
1017 4678 1113 4731 tibi
1159 4678 1228 4733 ".
1269 4677 1473 4734 Verum
1529 4688 1587 4735 ut
1625 4681 1691 4735 ad
1730 4698 1844 4738 rem
1880 4683 2064 4736 redea—

499 4779 643 4826 mus.
680 4766 922 4836 virgineo
949 4768 1169 4840 quidem
1198 4779 1353 4826 utero
1380 4780 1620 4840 gestatus
1650 4782 1733 4829 est
1770 4773 2058 4839 Dominus,

498 4854 698 4922 prodiit
716 4868 892 4912 autem
912 4874 975 4913 ae
990 4869 1288 4929 prognatus
1311 4873 1393 4917 est
1411 4877 1535 4918 cum
1561 4879 1725 4918 carne
1751 4875 2055 4935 assumpta,

496 4955 639 4997 unus
660 4944 933 4999 assistens
960 4962 1026 5001 ex
1050 4945 1265 5004 duabus
1293 4952 1523 5019 naturis,
1544 4967 1706 5008 carne
1728 4954 1982 5009 nimirum
2007 4964 2063 5009 et

496 5033 718 5100 spiritu.
755 5034 941 5098 idest,
966 5038 1250 5094 divinitate
1278 5052 1334 5096 et
1377 5043 1734 5111 humanitate,
1766 5047 2059 5101 contrariis

497 5124 880 5191 quideminter
904 5141 985 5189 se,
1025 5128 1129 5184 hoc
1150 5139 1256 5195 est,
1290 5133 1519 5189 diversis
1558 5135 1852 5205 (quatenus
1885 5137 2054 5189 altera

500 5225 624 5275 pars
645 5211 826 5266 divina
847 5223 964 5269 erat
984 5224 1201 5280 natura,
1229 5220 1397 5275 aitera
1424 5221 1684 5292 humana)
1705 5223 1756 5277 in
1782 5238 1942 5277 unam
1970 5222 2063 5278 Dei

500 5314 784 5364 personant
822 5309 1294 5366 conrurrentibns.
1336 5309 1473 5366 Nam
1517 5321 1737 5382 propter
1766 5314 2065 5384 hypnstati-

500 5399 621 5439 eam
641 5388 875 5443 duarum
898 5388 1435 5467 harumfnatut'armn
1470 5401 1747 5464 unionem,
1772 5416 1914 5456 unus
1939 5418 2064 5456 cum

500 5478 835 5534 humanitate
851 5493 1127 5554 assumpta
1145 5488 1400 5545 Christus
1417 5505 1576 5548 natus
1595 5503 1699 5555 εει,
1719 5508 1825 5546 ιιοη
1848 5493 2064 5561 quidem

2174 3221 2415 3276 eessario
2452 3235 2583 3278 usus
2610 3233 2714 3285 est,
2760 3224 2922 3292 idque
2966 3238 3091 3279 cum
3120 3223 3441 3288 additione.
3503 3223 3755 3278 Altera-ti

2154 3311 2318 3366 .euim
2348 3327 2543 3367 novam
2573 3312 2729 3379 dixit,
2761 3313 2987 3368 alteram
3024 3314 3425 3368 admirandam.
3458 3312 3563 3370 llic
3596 3318 3750 3371 enim

2176 3404 2358 3460 mistio
2386 3403 2762 3459 confusionem
2788 3406 2980 3469 nescit,
3006 3420 3107 3460 nec
3133 3415 3310 3461 tamen
3336 3407 3596 3461 divisioni
3620 3411 3750 3463 sub-

2171 3504 2257 3551 est
2286 3510 2301 3552 :
2333 3496 2475 3564 quod
2505 3495 2747 3565 proiecto
2786 3497 3095 3553 mirandum
3135 3506 3242 3552 est.
3277 3496 3529 3568 Utraque
3567 3500 3740 3568 igitur

2173 3587 2389 3655 utrique
2435 3587 2692 3656 adjuncta
2722 3588 2924 3650 mistio,
2954 3603 3150 3657 nempe
3201 3590 3542 3657 temperatio,
3572 3592 3747 3660 peric-

2174 3685 2342 3739 ctam,
2386 3677 2739 3747 numerisque
2794 3680 3052 3735 omnibus
3124 3680 3428 3734 absolutam
3476 3681 3743 3737 doctrinae

2170 3765 2583 3833 explicationem
2606 3778 2805 3823 servat.
2822 3765 2999 3832 Nunc,
3029 3783 3149 3836 quae
3171 3781 3471 3837 sequuntur
3495 3773 3741 3826 excutis.

2171 3870 2293 3909 mus
2320 3872 2337 3909 :
2372 3854 2474 3919 Qui
2504 3865 2616 3921 est,
2645 3856 2728 3925 ﬁt,
2759 3866 2868 3913 etc.
2900 3858 3134 3912 Diversis
3166 3859 3343 3913 modis
3370 3858 3423 3913 id
3459 3864 3609 3928 quod
3634 3878 3737 3925 est.

2172 3943 2286 3997 ﬁeri
2338 3945 2560 3998 dicitur.
2609 3943 2815 4010 Primo,
2847 3961 2994 4011 cum,
3046 3955 3300 4015 corrupta
3336 3950 3737 4016 pmexsistentc

2169 4035 2498 4099 substantia,
2533 4034 2679 4090 aliud
2706 4038 2963 4103 quiddam
2983 4053 3048 4091 ex
3074 4051 3138 4091 ea
3165 4036 3363 4092 factum
3379 4048 3482 4093 est.
3518 4039 3630 4105 Qua
3663 4041 3733 4094 si-

2167 4127 2511 4196 gniﬁcatione
2535 4143 2696 4182 ovum
2718 4143 2867 4187 avem
2905 4129 3018 4184 lieri
3040 4130 3293 4192 dicimus,
3319 4129 3474 4184 ctlac
3493 4146 3732 4194 caseum,

2166 4230 2221 4272 et
2248 4218 2419 4273 lutum
2446 4227 2667 4284 testam,
2705 4229 2758 4273 et
2806 4234 3027 4274 arenam
3065 4220 3289 4276 vitrum.
3335 4222 3521 4276 Altero
3552 4226 3731 4286 modo,

2170 4324 2335 4372 cum,
2375 4309 2652 4369 incolumi,
2692 4321 2748 4365 et
2792 4310 3078 4366 iiutnutata
3134 4322 3385 4367 manente
3423 4316 3727 4369 substantia

2170 4401 2597 4473 prmexsistente,
2643 4416 2739 4471 per
2766 4401 3019 4457 accidens
3047 4402 3250 4473 aliquid
3281 4414 3535 4472 praetcrea
3559 4406 3725 4461 vitici-

2173 4503 2263 4548 tur
2289 4508 2305 4546 :
2336 4508 2444 4567 quo
2474 4508 2637 4548 sensu
2667 4494 2901 4548 dicimus
2918 4510 2981 4549 ex
2999 4509 3105 4548 aare
3125 4503 3358 4549 statuam
3381 4494 3576 4564 {nexam
3590 4514 3725 4551 esse.

2169 4584 2328 4637 Salva
2369 4585 2513 4638 enim
2546 4595 2603 4638 et
2648 4585 2907 4639 incolumi
2953 4597 3209 4640 manente
3250 4586 3546 4642 substantia
3576 4590 3716 4648 :cris.

2171 4674 2345 4730 forma
2373 4676 2593 4745 insuper
2618 4678 2850 4730 accessit
2878 4693 2892 4730 :
2920 4678 2999 4733 sic
3026 4678 3187 4733 etiam
3218 4678 3491 4733 hominem
3522 4677 3719 4747 instrui

2168 4776 2221 4822 et
2248 4776 2497 4824 sanctum
2526 4767 2867 4836 factumjcsse
2890 4768 3144 4824 dicimus.
3169 4768 3349 4823 Tertio
3373 4770 3553 4833 modo,
3579 4786 3714 4832 cum,

2172 4859 2510 4928 precedente
2541 4859 2847 4914 substantia
2898 4859 3107 4929 integra
3141 4870 3414 4923 manente,
3450 4860 3553 4913 alia
3586 4863 3714 4937 sub-

2171 4950 2368 5007 stantia
2421 4948 2641 5018 insuper
2688 4949 2990 5006 assumitur
3027 4966 3040 5002 :
3074 4949 3228 5017 juxta
3260 4964 3423 5015 quam
3452 4948 3717 5016 signiﬁca-

2173 5042 2374 5095 tionem
2429 5049 2699 5094 armatutn
2754 5040 2953 5096 factum
3005 5055 3128 5095 esse
3188 5040 3414 5095 militem
3469 5038 3711 5094 dicimus.

2170 5132 2344 5200 Atque
2382 5131 2438 5184 in
2495 5130 2600 5185 hoc
2638 5132 2802 5186 tertio
2851 5131 3156 5201 significatu
3191 5131 3354 5186 verba
3389 5132 3500 5185 hare
3531 5130 3712 5184 intelli-

2169 5222 2341 5291 genda
2393 5230 2540 5277 sunt.
2594 5221 2696 5287 Qui
2729 5233 2830 5283 est,
2859 5224 2942 5291 ﬁt.
3014 5222 3148 5276 Cum
3198 5222 3342 5276 enim
3386 5229 3528 5276 esset
3557 5222 3705 5284 Deus,

2172 5311 2335 5367 homo
2366 5313 2528 5366 etiam
2593 5311 2769 5367 iactus
2818 5322 2922 5376 est,
2969 5328 3036 5367 ac
3088 5312 3276 5367 militis
3331 5326 3481 5365 more
3503 5327 3700 5366 carnem

2172 5400 2428 5464 iuducns,
2462 5411 2668 5455 natura;
2720 5412 2918 5457 nostra:
2972 5404 3187 5458 hostem
3219 5402 3508 5472 oppressit.
3547 5402 3700 5455 Porro

2174 5490 2285 5543 han:
2316 5490 2476 5544 verba
2511 5507 2525 5543 :
2561 5490 2664 5556 Qui
2707 5501 2805 5557 est,
2847 5493 2927 5560 ﬁt,
2979 5506 3025 5547 et
3063 5493 3328 5547 increatus
3375 5499 3592 5555 creatur,
3644 5505 3699 5545 ea

573 5653 619 5686 "
648 5652 810 5709 llelr.
846 5667 919 5721 tv,
955 5656 1038 5712 i5.
1114 5656 1159 5691 "
1196 5654 1337 5714 Psal.
1368 5676 1418 5729 1.,
1448 5659 1498 5714 7.
1576 5663 1620 5695 ἰδ
1662 5634 1824 5718 Hebr.
1864 5677 1980 5727 xm,
2014 5662 2066 5719 4.

2173 5666 2187 5696 ⁷
2220 5661 2352 5719 Luc.
2389 5678 2426 5731 ι,
2461 5665 2515 5719 5.
