4050 6198
232 255 366 320 1245

1179 246 1504 311 NICETAS
1544 243 1625 305 IN
1664 242 1890 304 ORAT.
1930 240 2098 301 XLII
2139 240 2200 303 S.
2242 238 2475 301 GREG.

3343 248 3479 317 1346

226 370 400 437 tigura
463 362 815 435 proferuntur
846 403 862 428 ,
934 378 1043 433 qua
1112 373 1334 435 pr0pter
1401 362 1795 435 hypostaticam
1828 362 1875 418 Α
1905 365 2044 421 erat,
2094 364 2146 411 et
2173 370 2296 425 qua;
2345 356 2602 424 habebat,
2657 367 2878 430 propter
2923 360 3335 419 instaurationis
3382 380 3479 434 ge-

226 456 590 519 identitatcm,
624 461 979 522 mutuumque
1014 451 1236 507 alterius
1279 451 1332 504 in
1371 449 1594 505 alteram
1616 454 1797 500 trans-

229 547 388 611 itum,
454 554 681 614 utraque
747 550 939 597 natura
1013 541 1169 597 alteri
1255 541 1615 613 proprietates
1668 548 1799 590 suas

225 638 614 691 communicat.
676 634 794 702 Qua
848 636 1059 690 ratione
1115 634 1272 689 nobis
1334 633 1403 687 de
1458 630 1678 686 Christo
1729 626 1796 680 ad

225 730 372 784 hunc
412 727 632 781 modum
694 726 842 797 loqui
897 727 1024 781 licet
1077 743 1093 781 :
1148 724 1249 779 llic
1320 724 1459 778 Deus
1521 730 1696 775 noster
1742 719 1798 771 in

225 830 367 874 terra
408 819 546 872 visus
572 827 649 871 est
676 817 743 871 ⁷³.
796 816 862 871 Ει
911 835 924 872 :
975 816 1073 871 Hic
1101 818 1264 870 homo
1296 818 1572 870 increatus
1610 820 1715 874 est,
1745 817 1799 865 et

222 913 291 964 ab
338 909 629 964 allectibus
677 907 889 962 alienus
918 946 934 972 ,
988 918 1150 977 atque
1194 901 1794 976 incomprehensibilis;

221 1000 683 1072 quemadmodum
744 998 848 1054 hoc
921 1014 1137 1069 quoque
1185 998 1306 1053 loco
1366 995 1503 1051 dixit
1558 993 1795 1049 Theolo-

221 1107 323 1163 gus
354 1107 371 1144 :
402 1089 507 1156 Qui
537 1101 637 1157 est,
693 1091 775 1157 ﬁt,
806 1100 855 1145 et
886 1091 1153 1145 insreatus
1210 1096 1443 1143 creatur.
1506 1084 1799 1140 Enimvero

221 1195 347 1233 cum
411 1179 504 1250 qui
554 1190 658 1243 est,
722 1179 834 1233 tieri
887 1195 902 1232 :
948 1188 1004 1234 et
1053 1193 1177 1233 cum
1226 1177 1319 1248 qui
1373 1177 1649 1232 increatus
1690 1180 1797 1239 est,

222 1271 425 1335 creari,
479 1270 690 1325 tametsi
722 1270 972 1324 mirabile
1009 1278 1118 1334 est,
1157 1284 1265 1322 non
1297 1278 1476 1323 tamen
1515 1268 1567 1323 id
1600 1280 1796 1321 secun-

223 1365 351 1417 dum
406 1362 761 1416 mutationem
813 1360 1189 1431 accipiendum
1224 1369 1329 1424 est,
1362 1374 1552 1415 verum
1594 1372 1796 1412 secun—

225 1470 352 1525 pum
409 1452 856 1520 assumptionem.
915 1449 1050 1504 Nam
1096 1450 1150 1507 id
1194 1450 1340 1522 quod
1386 1459 1501 1505 erat
1549 1463 1795 1511 manens,

220 1546 275 1598 id
304 1546 446 1614 quod
480 1558 587 1597 non
640 1551 756 1595 erat
807 1542 1123 1612 assumpsit.
1180 1541 1331 1608 Quod
1364 1552 1547 1597 autem
1587 1541 1791 1610 inquit,

218 1649 343 1688 eum
380 1634 473 1702 qui
507 1632 653 1687 nullo
679 1631 799 1688 loco
829 1633 951 1702 capi
1005 1649 1069 1688 ac
1094 1634 1362 1690 contineri
1394 1640 1591 1704 potest,
1622 1632 1796 1687 conti-

1902 449 2053 504 neris
2109 448 2336 502 humani
2388 450 2709 515 consilium,
2752 452 3037 507 occultans
3090 469 3150 507 ea
3206 470 3327 523 qua:
3368 470 3477 506 non

1900 550 2040 604 erat,
2064 554 2162 594 nec
2202 539 2457 605 habebat,
2493 542 2813 611 assumpsit,
2849 552 2910 596 ut
2951 542 3295 611 perfectionis
3331 543 3479 598 illius

1901 627 2016 698 ipse
2046 629 2312 699 particeps
2348 630 2475 684 llam
2499 668 2514 694 ,
2567 631 2826 685 nimirum
2862 633 2998 688 deus
3027 649 3243 704 quoque
3279 635 3477 689 lactus.

1902 719 2073 776 Porro
2117 720 2441 777 inanitionis
2489 736 2690 776 nomen
2717 738 2780 777 ex
2814 722 2963 777 Pauli
3005 725 3070 777 ad
3102 723 3475 796 Philippenses

1901 810 2142 881 Epistula
2184 820 2460 881 sumptum
2517 822 2623 878 est,
2661 813 2748 868 ubi
2786 814 2866 868 sic
2903 813 2969 868 de
3007 815 3225 870 Christo
3274 815 3475 870 scribi-

1901 915 1989 958 tttr
2028 923 2041 959 :
2076 903 2319 974 Seipsum
2350 905 2664 969 exinanivit,
2707 906 2932 975 [armant
2958 908 3093 961 serui
3115 907 3379 975 accipiens
3408 908 3477 961 ⁸⁸.

1900 997 2266 1052 Plenitudinis
2318 1007 2502 1053 autem
2536 1014 2734 1055 nomen
2776 1014 2840 1052 ex
2869 997 3100 1054 Joannis
3133 998 3430 1069 Evangelio
3460 1016 3476 1053 :

1900 1088 1981 1143 De
2041 1089 2372 1158 plenitudine
2416 1091 2555 1145 enim
2618 1091 2824 1161 ipsius,
2877 1091 3094 1162 inquit,
3153 1108 3249 1146 nos
3304 1106 3481 1146 omnes

1901 1182 2202 1251 accepimus
2236 1181 2329 1235 ⁸⁸⁸.
2367 1180 2495 1237 Erat
2539 1193 2720 1237 autem
2763 1197 2993 1238 summae
3033 1183 3288 1251 potentize
3323 1198 3485 1251 argu-

1900 1279 2147 1324 mentum
2193 1268 2285 1323 illa
2332 1268 2586 1324 inanitio.
2636 1268 2867 1324 Evimia‘.
2920 1271 3066 1326 enim
3125 1280 3290 1342 atque
3338 1286 3477 1325 exu-

1900 1360 2144 1415 berantis
2175 1359 2462 1429 cujusdam
2512 1361 2770 1430 potentiae
2818 1371 2937 1416 erat
2968 1362 3187 1417 excelso
3227 1361 3326 1426 illi,
3363 1371 3482 1417 tan-

1903 1459 2090 1521 topere
2134 1449 2417 1505 humiliari
2450 1451 2712 1519 potuisse.
2765 1451 3034 1517 Quocirca
3077 1469 3203 1508 eum
3250 1454 3483 1507 adrnira-

1903 1540 2053 1596 tione
2080 1540 2195 1596 haec
2237 1542 2513 1596 connectit
2547 1541 2883 1612 Theologus,
2921 1544 3113 1599 dicens
3157 1562 3170 1597 :
3219 1544 3480 1607 Quaenam

1902 1631 1987 1686 hac
2044 1630 2246 1686 divina:
2299 1630 2571 1687 bonitatis
2619 1631 2845 1695 divitiae,
2889 1644 2944 1687 et
2997 1634 3169 1703 copia:
3215 1634 3483 1688 bonitatis

216 1723 362 1789 neri,
396 1724 500 1778 hoc
521 1738 650 1778 vero
680 1723 790 1779 vita
826 1740 1087 1779 arcanum
1112 1733 1195 1780 est
1223 1734 1277 1780 et
1303 1725 1545 1791 difﬁcile,
1570 1733 1627 1778 ut
1651 1725 1795 1778 nulla
1830 1689 1872 1745 Β
1904 1723 2041 1777 Dei?
2090 1722 2381 1789 Quodnam
2423 1739 2511 1780 me
2543 1722 2863 1780 circumstat
2907 1726 3273 1795 mysterium?
3302 1741 3479 1781 .arca-

218 1814 432 1869 ratione
453 1814 715 1883 explicari
748 1825 933 1887 queat,
956 1832 1055 1873 nec
1081 1817 1226 1872 aliud
1252 1815 1550 1887 quidquam
1575 1816 1677 1871 dici
1703 1831 1797 1886 po-

220 1914 348 1970 test,
378 1920 543 1975 quam
572 1908 717 1976 quod
760 1907 832 1961 ob
854 1908 1209 1962 excellentem
1239 1910 1491 1977 potentiae
1524 1908 1797 1977 magnitu~

221 1997 428 2060 dinem,
472 1995 575 2051 hoc
619 1998 921 2066 perfectum
971 2007 1076 2055 est.
1128 1999 1307 2068 Atque
1358 2000 1519 2053 etiam
1576 1999 1796 2054 modum

220 2088 385 2158 hujus
416 2088 923 2159 comprehensionis
970 2090 1216 2161 exponit.
1279 2089 1475 2144 Anima
1517 2091 1686 2155 enim,
1718 2090 1800 2145 in-

220 2181 385 2250 quit,
461 2180 607 2235 inter
658 2180 1001 2236 divinitatem
1069 2181 1429 2252 corporisque
1495 2184 1797 2238 crassitiem

221 2269 401 2325 media
438 2270 773 2335 intercessit,
812 2270 917 2325 hoc
951 2281 1054 2338 est,
1088 2271 1412 2341 interposita
1446 2272 1626 2326 anima
1656 2271 1799 2329 Deus

222 2379 348 2417 cum
380 2379 545 2418 carne
566 2362 791 2433 junctus
825 2373 929 2419 est.
963 2362 1156 2418 Anima
1182 2367 1326 2420 enim
1366 2374 1587 2436 propter
1607 2364 1801 2435 imagi-

222 2455 307 2509 nis
329 2455 641 2524 dignitatem
667 2464 829 2525 atque
849 2455 1177 2526 intelligendi
1202 2456 1307 2510 vim
1332 2458 1436 2511 Deo
1452 2456 1800 2524 coniunctior

221 2555 325 2599 est.
376 2547 454 2600 Ae
515 2546 740 2616 proinde
794 2547 909 2601 haec
952 2548 1147 2618 prima,
1196 2556 1256 2603 ut
1300 2547 1539 2603 materiae
1582 2563 1795 2618 expers,

221 2636 521 2690 divinitatis
570 2636 841 2706 particeps
888 2634 1031 2692 facta
1077 2647 1180 2702 est,
1229 2652 1294 2691 ac
1337 2651 1434 2707 per
1466 2650 1586 2690 eam
1632 2635 1799 2690 etiam

220 2740 372 2780 caro.
424 2723 612 2797 Neque
660 2727 807 2782 enim
860 2726 977 2781 ﬁeri
1030 2727 1191 2782 aliter
1245 2734 1444 2796 potest,
1489 2725 1622 2797 quin
1654 2724 1799 2795 quod

226 2815 572 2887 hypostatica
631 2818 833 2872 unione
900 2818 1252 2888 conjunctum
1315 2827 1437 2881 est,
1499 2816 1800 2871 divinitatis

222 2905 408 2975 gloria:
439 2906 509 2960 sit
535 2907 828 2976 particeps.
860 2905 938 2961 Ita
973 2909 1147 2963 media
1175 2908 1451 2976 interiecta
1481 2917 1594 2961 erat
1619 2908 1799 2961 anima

224 2994 362 3048 inter
403 2995 740 3050 divinitatem
790 3003 845 3051 et
910 3011 1152 3063 carnem,
1218 3011 1283 3051 ac
1344 3012 1439 3065 per
1491 2992 1610 3049 eain
1672 3010 1796 3051 cum

1901 1830 2030 1869 num
2102 1825 2159 1872 et
2231 1814 2531 1871 occultum.
2598 1815 2769 1882 Quasi
2826 1815 3032 1904 diceret
3088 1834 3101 1870 :
3169 1816 3312 1882 Quid
3378 1817 3481 1872 sibi

1901 1908 2018 1963 vult
2061 1909 2203 1964 Deus
2231 1946 2246 1973 ,
2286 1906 2435 1977 quod
2500 1921 2722 1962 carnem
2770 1922 2945 1961 meam
2993 1907 3234 1974 accipit?
3288 1907 3480 1962 Postea

1880 1990 2131 2055 dubium
2186 1999 2355 2062 illud.
2412 1999 2560 2070 quod
2601 2015 2726 2054 cum
2774 1999 3139 2055 admiratione
3190 2000 3483 2066 extulerat,

1903 2094 2085 2159 Solvit,
2114 2102 2275 2163 atque
2301 2092 2379 2146 ait
2418 2108 2434 2147 :
2487 2091 2785 2160 Imaginem
2826 2093 3037 2163 accepi.
3079 2107 3180 2147 nee
3213 2107 3334 2147 eam
3364 2107 3484 2146 sar-

1902 2193 2013 2239 tam
2059 2192 2369 2254 lectamque
2420 2182 2614 2249 habui,
2662 2198 2852 2239 verum
2911 2199 3007 2252 per
3053 2195 3336 2253 peccatum
3398 2184 3485 2239 la-

1905 2275 2196 2331 befactavi.
2274 2274 2359 2332 Ol)
2412 2277 2555 2331 hanc
2613 2289 2836 2330 causam
2893 2272 3190 2339 Christus,
3245 2273 3482 2338 videns,

1901 2367 2170 2438 quidquid
2228 2366 2297 2422 de
2341 2382 2441 2423 suo
2488 2366 2544 2421 in
2585 2382 2708 2422 meo
2756 2379 2987 2435 corpore
3052 2365 3373 2429 collocarat,
3428 2365 3482 2420 id

1905 2467 2079 2514 totum
2115 2473 2146 2513 a
2193 2458 2455 2528 pestifero
2505 2465 2729 2528 peccato
2783 2457 2975 2525 deleri,
3018 2458 3200 2513 carnis
3247 2473 3383 2513 meae
3424 2457 3483 2512 lit

1908 2550 2181 2619 particeps
2208 2556 2291 2615 ut,
2333 2548 2590 2620 supplens
2627 2549 2679 2604 id
2709 2548 2856 2619 quod
2901 2549 3038 2604 mihi
3105 2552 3310 2611 deerat,
3340 2548 3481 2603 ima-

1908 2640 2130 2709 ginem,
2200 2639 2254 2694 id
2306 2649 2390 2696 est
2456 2639 2655 2696 animm
2718 2641 3089 2711 dignitatem,
3152 2640 3480 2695 incolumem

1905 2738 2145 2797 tueatur,
2199 2744 2266 2785 ac
2324 2745 2423 2801 per
2456 2745 2611 2786 suam
2662 2745 2695 2786 a
2727 2731 2960 2787 mortuis
3008 2730 3469 2786 resurrectionem

1904 2819 2059 2876 carni
2109 2818 2575 2875 immortalitatem
2608 2819 2819 2875 aﬂ'erat.
2865 2818 3011 2886 Quin
3044 2820 3208 2873 etiam
3240 2833 3481 2888 praesens

1906 2912 2012 2965 hoc
2071 2911 2439 2977 consortium,
2493 2926 2604 2981 quo
2663 2911 2980 2977 nobiscum,
3033 2920 3255 2981 propter
3309 2911 3484 2980 hypo-

1905 3003 2156 3058 staticam
2222 3001 2503 3065 unionem,
2554 3001 2824 3073 jungitur,
2879 3002 3046 3071 priori
3105 3001 3196 3056 illo
3242 3002 3483 3064 admira-

224 3084 338 3154 ipsa
385 3101 600 3157 quoque
647 3102 810 3143 carne
861 3088 1010 3141 unita
1053 3098 1137 3143 est
1189 3087 1465 3142 divinitas.
1516 3083 1870 3143 CrassitieiC
1912 3092 2074 3146 bilius
2124 3100 2209 3146 est
2260 3099 2313 3145 et
2369 3090 2681 3146 sublimius.
2719 3091 2858 3145 Tum
2912 3091 3058 3146 enim
3112 3092 3242 3147 unio
3275 3091 3484 3147 ratione

224 3186 407 3230 autem
459 3178 792 3233 vocabulum
836 3179 1087 3248 adiunxit
1128 3178 1441 3249 Gregorius,
1502 3189 1560 3231 ut
1609 3178 1801 3233 itteﬂ'a-

225 3268 389 3327 bilem
465 3267 557 3323 Dei
638 3269 998 3325 humilitatem
1078 3285 1143 3325 ac
1198 3269 1558 3338 dejectionem
1616 3278 1803 3323 osten-

225 3359 397 3424 deret,
455 3362 545 3430 qui
602 3371 750 3417 tanto
796 3379 985 3417 amore
1036 3362 1287 3417 homines
1327 3361 1646 3429 complexus
1694 3370 1799 3426 est,

227 3461 284 3504 ut
328 3467 520 3505 eorum
571 3467 739 3508 causa
791 3470 914 3509 cum
968 3456 1193 3509 materia
1242 3453 1496 3524 conjungi
1548 3470 1654 3508 non
1703 3453 1804 3506 du-

228 3540 660 3609 bitaverit:Qui
687 3545 821 3600 alios
876 3547 1036 3613 ditat,
1092 3562 1293 3616 pauper
1348 3545 1569 3614 efﬁcitur
1621 3559 1640 3598 :
1692 3560 1799 3600 non

225 3643 491 3702 quantum
538 3636 604 3688 ad
665 3638 946 3705 pecunias,
995 3638 1089 3692 sed
1145 3645 1407 3707 quantum
1457 3639 1523 3690 ad
1579 3650 1800 3691 carnem

226 3722 544 3778 humanam.
596 3725 810 3797 Pauper
836 3727 980 3781 enim
1017 3741 1145 3781 caro
1172 3736 1276 3791 est,
1313 3734 1372 3781 ut
1408 3727 1594 3781 multis
1635 3727 1801 3782 rebus

223 3815 292 3871 ad
329 3816 412 3869 sui
455 3819 931 3873 conservationem
979 3834 1119 3889 Opus
1150 3819 1379 3875 habens.
1408 3818 1611 3874 Contra
1647 3818 1802 3875 dives

228 3914 310 3959 est
340 3904 620 3974 divinitas,
655 3918 713 3962 ut
764 3910 912 3962 nulla
969 3910 1193 3964 omnino
1235 3925 1293 3965 re
1344 3909 1616 3979 indigens.
1676 3908 1803 3964 Haec

226 4007 407 4051 autem
442 3998 633 4073 “verba
680 4015 747 4054 ex
804 4000 1047 4055 secunda
1092 4000 1161 4056 ad
1211 4000 1524 4057 Corinthios
1557 4001 1802 4074 Epistola

226 4099 511 4143 mutuatus
556 4097 661 4154 est,
719 4092 772 4143 in
831 4107 941 4159 qua
996 4093 1075 4146 sic
1123 4093 1384 4161 scripturn
1437 4100 1520 4148 est
1574 4112 1588 4148 :
1644 4093 1801 4148 Scitis

227 4181 369 4234 enim
422 4184 651 4251 gratiam
718 4182 931 4236 Domini
989 4185 1155 4238 nostri
1219 4183 1348 4239 Jesu
1391 4184 1612 4248 Christi,
1677 4187 1803 4256 quia

223 4279 438 4339 propter
474 4289 563 4326 vos
602 4290 791 4343 egenus
833 4275 1007 4344 factus
1043 4286 1142 4341 est,
1184 4292 1303 4328 cum
1352 4277 1491 4329 dives
1537 4288 1688 4343 esset,
1745 4287 1802 4330 ut

225 4379 314 4415 vos
349 4365 462 4427 eius
511 4377 822 4436 paupertate
868 4368 1056 4423 divites
1112 4370 1291 4422 essetis
1340 4369 1407 4424 ⁷⁸.
1466 4370 1637 4440 Atque
1688 4371 1804 4425 ιιωο

228 4453 445 4521 quidem
472 4471 537 4509 ex
566 4458 656 4511 illo
688 4457 807 4512 loco
861 4459 1116 4527 sumpsit.
1170 4459 1288 4528 Ipse
1314 4470 1493 4514 autem
1528 4460 1798 4530 adjunxit,

229 4555 393 4615 atque
435 4552 687 4618 exposuit
728 4566 846 4620 quae
887 4551 998 4607 sint
1057 4552 1139 4605 ha:
1187 4550 1386 4604 divitiae
1422 4567 1558 4620 quas
1615 4568 1805 4608 conse~

229 4638 345 4691 cuti
382 4636 611 4706 fuimus,
653 4641 915 4697 nimirum
943 4642 1220 4698 divinitas.
1253 4640 1354 4710 Qui
1388 4642 1581 4712 plenus
1608 4652 1711 4711 est,
1740 4652 1801 4699 ut

232 4728 394 4795 Deus,
419 4743 734 4802 evacuatur,
770 4745 955 4804 utpote
1005 4734 1169 4788 homo
1200 4732 1395 4789 factus.
1441 4734 1802 4789 lnanitiouem

229 4830 414 4877 autem
454 4834 627 4893 ,Vocat
679 4827 1102 4881 submissionem
1150 4826 1295 4880 illam
1347 4825 1545 4879 divina:
1596 4824 1804 4895 gloriae,

226 4898 328 4967 ac,
375 4915 729 4970 sublimitatis
787 4916 1170 4986 abjectionem.
1241 4914 1564 4972 Exinanitus
1620 4924 1803 4972 autem

226 5016 353 5058 esse
399 5005 622 5071 dicitur,
680 5017 737 5060 ut
776 5016 902 5061 ante
948 5006 1306 5060 inanitionem
1347 5005 1401 5058 in
1459 5012 1653 5059 natura
1705 5018 1805 5059 sua

229 5095 622 5164 plenitudinem
665 5098 893 5163 habens,
924 5106 1193 5169 quatenus
1229 5096 1368 5151 Deus
1402 5097 1802 5152 consideratur.

230 5186 356 5241 ﬂare
403 5204 532 5243 vero
588 5191 771 5245 omnia
828 5208 937 5245 non
989 5188 1328 5254 mutationis,
1378 5189 1472 5243 sed
1511 5198 1806 5258 assumptaa

229 5277 591 5342 humanitatis
626 5262 839 5338 ratione
887 5280 1236 5350 intelligenda
1277 5287 1426 5336 sunt.
1467 5280 1619 5347 Quod
1652 5282 1801 5336 enim

300 5397 345 5429 ⁷⁸
378 5402 597 5456 Baruch
633 5417 717 5468 ιιι,
756 5403 848 5457 58.
921 5403 967 5434 τ’
1006 5400 1049 5456 ll
1078 5400 1205 5457 Cor.
1235 5401 1442 5465 vtu,'9.
1518 5399 1563 5432 ⁸ο
1601 5398 1834 5470 Philipp.
1866 5415 1925 5466 tt,
1958 5399 2010 5453 7.

300 5493 415 5566 (19)
434 5496 612 5551 Animi
628 5512 783 5553 sensa
814 5512 931 5549 cum
957 5497 1193 5551 oratione
1221 5504 1531 5566 congruunt.
1568 5493 1633 5548 (ἓ.
1670 5509 1804 5566 καῖ-

227 5561 477 5632 αλλήλοις
521 5567 635 5634 ἔχει
690 5566 767 5636 τῷ
799 5566 942 5633 λόγῳ
982 5568 1041 5618 τὸ
1078 5570 1274 5637 νόημα..
1320 5561 1436 5635 Εεο
1494 5564 1803 5637 ιλιιιειιῄιιίο

231 5638 494 5688 tuendum
551 5632 676 5693 csse
739 5632 1019 5708 suspicor,
1076 5632 1482 5705 ac'legcndum
1524 5636 1582 5686 τὸ
1639 5632 1797 5701 λόγου

1907 3180 2161 3250 imaginis
2202 3189 2323 3234 erat
2381 3197 2395 3234 :
2458 3194 2607 3233 nunc
2661 3189 2845 3233 autem
2898 3180 3109 3234 ratione
3152 3181 3479 3250 hypostasis.

1902 3270 2106 3326 Adhtec
2141 3269 2428 3324 deil'ormis
2469 3277 2599 3322 tunc
2656 3269 2878 3336 quidem
2923 3284 3018 3340 per
3053 3269 3309 3339 imaginis
3342 3286 3478 3326 con-

1906 3359 2141 3415 sortium
2228 3358 2396 3413 homo
2464 3357 2808 3412 efﬁciebatur
2866 3375 2881 3411 :
2944 3373 3091 3413 nunc
3152 3369 3332 3413 autem
3388 3374 3485 3428 per

1859 3444 2165 3503 ‘unionem
2250 3446 2650 3518 hypostaticatn
2732 3463 2839 3500 non
2914 3448 3200 3502 deil‘ortnis
3257 3450 3479 3515 solum,

1903 3540 1996 3596 sed
2046 3537 2209 3592 etiam
2238 3536 2413 3591 deus:
2470 3539 2933 3608 quemadmodum
2993 3550 3179 3594 noster
3209 3541 3349 3594 idem
3383 3556 3484 3595 au-

1902 3642 2023 3687 ctor
2045 3628 2153 3685 alio
2196 3628 2341 3694 loco,
2363 3628 2430 3684 de
2455 3628 2809 3684 humanitatis
2837 3631 3213 3700 assumptione
3232 3632 3483 3701 loquens,

1902 3726 1980 3781 ait
2022 3744 2036 3781 :
2070 3724 2350 3780 Audenter
2380 3738 2598 3794 quoque
2638 3723 2782 3788 dico,
2818 3724 3047 3777 σύνθεον
3080 3726 3371 3779 condeunt.

1972 3818 2092 3875 Col.
2141 3817 2247 3872 654
2286 3814 2349 3871 C.
2410 3815 2668 3872 PsELLus.
2713 3814 2893 3869 Patris
2946 3818 3205 3869 terminus
3247 3826 3296 3869 et
3345 3818 3483 3871 ratio

1905 3906 2022 3979 (Gr.
2056 3909 2180 3978 ὅρος
2207 3904 2303 3958 καὶ
2329 3904 2532 3975 λόγος).
2560 3903 2781 3958 Divinus
2804 3904 2890 3958 hic
2922 3906 3126 3968 doctor,
3160 3905 3214 3956 in
3244 3905 3485 3960 carnibus

1905 3997 2212 4053 Aristotelis
2270 4004 2321 4050 et
2382 3994 2626 4049 Plutonis
2675 3994 3031 4049 voluminibus
3085 3996 3485 4050 accuratissime

1905 4103 2167 4154 versatus,
2202 4104 2339 4141 nunc
2375 4088 2492 4149 ltoc,
2519 4101 2658 4140 nunc
2688 4085 2795 4138 alio
2826 4085 2981 4138 modo
3009 4085 3073 4139 de
3112 4085 3301 4139 iisdem
3331 4089 3482 4139 rebus

1904 4183 2141 4237 disserit.
2188 4181 2455 4244 Quoniam
2504 4179 2644 4231 enim
2703 4178 2783 4230 illi
2842 4194 2975 4231 nunc
3035 4194 3250 4231 causam
3312 4179 3485 4248 e/fccti

1906 4275 2163 4328 rationem
2190 4287 2299 4323 esse
2328 4271 2501 4331 aiunt,
2533 4284 2671 4321 nunc
2705 4278 2893 4323 contra
2933 4270 3174 4338 effectum
3200 4287 3392 4335 causte,
3415 4271 3485 4323 ad

1833 4407 1883 4467 Ι)
1908 4380 2069 4434 quant
2100 4360 2208 4415 vult
2242 4360 2555 4413 sententiam
2589 4371 2635 4413 et
2666 4357 2706 4430 ἰ·
2730 4368 2887 4429 prout
2929 4360 3098 4412 animi
3150 4377 3304 4413 sensa
3365 4378 3482 4414 cum

1910 4458 2149 4513 oratione
2176 4463 2468 4523 congruunt
2495 4450 2627 4523 (ιιι),
2652 4467 2833 4505 eorum
2863 4451 3194 4521 philosophia
3226 4452 3486 4505 abutitur.

1912 4548 1993 4603 Ne
2022 4548 2228 4617 longius
2262 4561 2467 4609 eamus,
2489 4553 2535 4598 et
2563 4542 2744 4608 Plato,
2764 4554 2812 4595 et
2834 4543 3167 4608 Aristoteles,
3190 4554 3238 4595 et
3266 4559 3485 4612 magnus

1907 4640 2239 4697 Jamblicltus
2290 4641 2486 4692 animo:
2535 4638 2791 4691 rationent
2838 4652 2947 4690 esse
2977 4645 3185 4690 censent
3221 4651 3334 4689 eam
3364 4635 3487 4696 vim,

1907 4749 2022 4803 qua:
2050 4746 2142 4802 per
2167 4745 2220 4783 se
2249 4741 2499 4783 movetur.
2535 4726 2647 4782 Nec
2678 4737 2852 4781 tamen
2881 4726 2973 4781 illa
3001 4727 3076 4781 vis
3103 4727 3295 4780 animo:
3323 4742 3485 4779 causa

1907 4833 2006 4887 est,
2034 4837 2211 4875 verum
2236 4821 2415 4873 animo
2446 4819 2622 4889 potius
2660 4822 2731 4872 eis
2766 4805 2912 4871 illius
2932 4857 2949 4888 ,
2981 4834 3084 4889 qua
3113 4834 3203 4888 per
3233 4834 3287 4872 se
3309 4817 3479 4886 agita-

1910 4925 2018 4969 tur.
2042 4913 2273 4968 Causam
2304 4926 2460 4981 porro
2506 4910 2744 4980 intelligo
2779 4927 2880 4964 non
2934 4919 2990 4964 ut
3039 4920 3363 4980 separatam,
3394 4911 3484 4963 sed

1910 5015 1968 5059 ut
2024 5004 2185 5060 simul
2236 5006 2596 5059 exsistentem.
2666 5005 2814 5058 Mens
2876 5004 3017 5060 enim
3075 5015 3221 5058 motu
3294 5014 3483 5058 caret:

1911 5112 2100 5166 corpus
2127 5109 2303 5150 autem
2341 5095 2559 5151 aliunde
2598 5108 2851 5151 movetur.
2907 5095 3141 5151 Proinde
3189 5098 3326 5151 inter
3374 5098 3485 5153 Italo

1910 5189 2183 5242 contraria
2214 5187 2442 5242 medium
2472 5188 2727 5259 quiddam
2762 5190 3075 5244 intervenire
3107 5175 3315 5244 necesse
3345 5200 3483 5244 erat.

1908 5282 1982 5355 ad
2036 5283 2200 5351 igitur
2249 5291 2324 5336 est
2381 5284 2583 5350 animo,
2630 5282 2785 5351 cujus
2835 5284 2974 5338 ratio
3004 5282 3082 5339 vis
3116 5283 3210 5337 illa
3240 5291 3340 5349 est,
3380 5297 3485 5353 qua

2086 5397 2158 5430 '°'
2189 5397 2349 5452 Joan.
2391 5414 2429 5463 ι,
2458 5398 2546 5453 16.

1903 5492 2099 5561 ὄνομα,
2151 5504 2212 5547 ιιι
2266 5493 2418 5566 velit
2449 5491 2661 5549 Psel!us
2721 5492 3045 5566 Gregorium
3086 5494 3142 5549 in
3175 5509 3243 5551 eo
3292 5508 3486 5550 sensuo

1906 5566 1999 5637 qui
2032 5566 2119 5637 illi
2174 5565 2512 5619 commodior
2551 5576 2713 5633 atque
2766 5565 3156 5637 congruentior
3209 5567 3486 5623 videatur.

1906 5634 2003 5686 τοῦ
2031 5636 2189 5703 λόγου
2227 5651 2423 5691 nomen
2448 5638 2714 5704 accipere.
