3996 6206
235 277 384 343 134)

1197 278 1518 341 NICETAS
1554 275 1637 337 IN
1680 273 1901 336 ORAT.
1942 274 2109 336 XLII
2150 276 2212 339 S.
2252 274 2487 339 GREG.

3369 278 3508 345 1350

240 397 442 459 fuisse,
485 395 574 451 sed
604 394 910 449 universam
942 408 1160 465 quoque
1188 394 1361 464 legem
1404 395 1611 448 umbrae
1643 390 1819 446 ratio-
1861 396 1907 453 Α
1936 389 2081 445 enim
2147 396 2360 446 tantum
2419 391 2769 458 cernebatur,
2802 401 2858 449 et
2906 395 3101 468 caligo,
3150 403 3205 451 et
3254 395 3419 467 ignis,
3459 400 3514 453 rt

242 505 379 544 nem
408 489 624 543 habere.
655 488 945 557 Apostolus
975 487 1143 552 enim,
1177 486 1244 542 de
1267 486 1533 563 legalibus
1564 484 1828 542 sacerdo-

248 583 403 637 tibus
439 582 691 651 loquens,
727 579 1026 649 exemplari
1062 588 1225 650 atque
1256 579 1466 633 umbras
1516 593 1612 633 eos
1644 578 1832 633 deser-

247 675 371 728 vire
396 672 593 742 inquit,
640 686 705 727 ac
742 687 937 727 rursus
979 672 1148 742 legem
1209 670 1518 727 futurorum
1558 670 1828 726 bonorum

251 766 529 829 umbram,
576 779 685 818 non
719 776 900 819 autem
946 763 1121 833 ipsam
1187 778 1368 818 rerum
1414 762 1700 832 imaginem
1731 761 1831 814 ha-

246 853 440 908 buisse
464 860 695 907 testatur
735 852 809 906 ³³³.
839 850 981 917 Quin
1012 854 1129 921 ipse
1158 865 1373 922 quoque
1404 849 1568 913 Deus,
1598 863 1721 904 cum
1763 850 1831 902 de

250 945 342 999 his
368 945 531 998 rebus
569 946 713 1012 leges
743 943 994 1007 dictaret,
1038 943 1239 998 Mosetn
1297 942 1599 1012 alloquens,
1632 940 1830 1011 legales

249 1033 612 1089 cii-remonias
638 1034 864 1103 ﬁgurant
890 1036 1238 1090 nominabat:
1262 1031 1452 1088 Facies
1473 1035 1610 1088 enim
1632 1032 1830 1097 Omnia,

251 1126 453 1195 inquit,
476 1125 639 1194 juxta
658 1125 881 1195 ﬁguram
910 1126 1004 1181 tibi
1028 1127 1082 1180 in
1108 1137 1292 1180 monte
1321 1134 1583 1192 ostensam
1610 1122 1698 1177 δ”.
1720 1123 1831 1178 Nec

248 1230 389 1270 vero
438 1215 643 1271 frustra
693 1218 866 1288 posita
926 1225 1054 1272 sunt
1113 1218 1229 1273 lucc
1288 1216 1567 1283 adverbia,
1618 1226 1827 1277 temere,

250 1307 662 1371 imonsidemtc,
721 1307 938 1377 abjecte.
974 1307 1203 1363 Temere
1236 1308 1379 1362 enim
1428 1309 1508 1372 lit,
1550 1304 1692 1377 quod
1724 1304 1832 1360 fru-

253 1407 370 1455 stra
410 1409 465 1454 et
501 1399 622 1454 sine
650 1398 760 1454 ulla
815 1399 1047 1453 utilitate
1076 1400 1152 1453 tit.
1184 1398 1589 1454 inconsiderate
1622 1407 1825 1462 autem,

252 1490 403 1559 quod
441 1492 560 1546 sine
590 1492 697 1545 ulla
727 1492 870 1562 iusta
902 1507 1086 1546 causa.
1137 1490 1361 1560 Abiccte
1390 1490 1647 1559 denique,
1683 1489 1828 1559 quod

254 1581 541 1638 humiliter
561 1590 615 1636 et
633 1581 852 1636 exiliter
869 1596 933 1636 ac
961 1580 1201 1637 sordide.
1227 1582 1374 1636 Nihil
1404 1582 1568 1652 igitur
1600 1591 1827 1647 temere,

254 1672 804 1734 necinconsiderate,
833 1687 936 1727 nec
964 1671 1175 1740 abiecte
1218 1673 1481 1728 indictum
1524 1679 1688 1743 atque
1723 1674 1827 1727 im-

1938 481 2144 537 fumns.
2181 481 2348 539 Deum
2383 484 2528 543 enim
2563 499 2749 540 revera
2803 500 2964 541 nemo
3028 503 3267 555 unquam
3330 489 3511 547 vidit:

1936 589 2048 643 quo
2106 574 2251 629 enim
2295 574 2460 630 modo
2504 575 2674 632 videri
2719 588 2928 648 posset,
2958 579 3052 649 qui
3122 578 3295 643 forma
3327 583 3514 643 caret?

1937 663 2072 721 Vide
2102 677 2281 720 autem
2319 681 2482 737 quam
2516 677 2771 723 accurate
2823 676 2987 739 atque
3025 680 3214 725 exacte
3259 671 3514 747 loquatur

1938 757 2256 830 Gregorius.
2279 758 2415 815 Cum
2439 760 2585 831 enim
2610 761 2837 817 dixisset
2868 761 3064 832 partim
3090 761 3261 819 Deum
3293 765 3515 820 descen-

1936 851 2089 916 dere,
2124 850 2547 921 haudquaquam
2578 853 2885 923 subiunxit,
2916 854 3116 923 partim
3177 870 3275 915 uos
3319 870 3516 919 ascen.

1937 944 2087 1007 dere,
2117 943 2236 1005 Sed,
2262 941 2459 1012 partim
2499 958 2601 998 nos
2625 943 2693 998 ab
2717 957 2783 1005 eo
2803 945 3053 999 subvehi.
3098 944 3308 1013 Quibus
3332 946 3512 1004 verbis

1938 1034 2101 1104 huius
2141 1048 2362 1104 quoque
2386 1034 2557 1091 nostri
2590 1050 2855 1091 ascensus
2895 1036 3060 1095 Deum
3087 1046 3365 1093 auctorem
3391 1052 3515 1097 esse

1937 1126 2202 1180 declarat.
2240 1126 2520 1197 Scriptum
2546 1126 2745 1197 quippe
2766 1133 2853 1184 est
2886 1128 2938 1182 in
2963 1128 3149 1183 Exodo
3181 1144 3196 1182 :
3229 1127 3296 1182 Et
3316 1131 3515 1191 vocatu]

1939 1212 2194 1271 Dominus
2220 1214 2433 1271 Mosam.
2454 1218 2523 1271 ad
2572 1210 2813 1272 verticem
2847 1220 3036 1273 montis
3063 1220 3133 1275 ⁸¹.
3162 1217 3232 1276 Ει
3258 1219 3454 1276 iterum
3493 1236 3509 1272 :

1938 1308 2176 1364 Ascende
2215 1309 2284 1361 ad
2318 1318 2396 1363 me
2420 1308 2514 1362 ⁸⁸⁸.
2559 1306 2670 1365 Nec
2701 1324 2832 1365 vero
2859 1310 2972 1365 Deo
3019 1310 3073 1367 id
3125 1312 3515 1370 imbecillitatis

1938 1401 2291 1457 tribuendum
2342 1410 2446 1462 est,
2480 1402 2623 1470 quod
2662 1409 2808 1458 totus
2863 1417 2893 1456 a
2948 1402 3108 1463 nobis
3140 1404 3260 1474 capi
3302 1405 3514 1475 nequit,

1938 1507 2126 1551 verum
2173 1490 2528 1562 providentia:
2567 1490 2769 1560 potius.
2829 1490 3115 1559 Quatenus
3161 1494 3308 1548 enim
3354 1496 3516 1552 nobis

1937 1594 2115 1638 tutum
2150 1593 2254 1651 est,
2288 1598 2353 1638 ac
2391 1583 2673 1654 possibile,
2719 1590 2932 1638 tantum
2966 1583 3132 1639 etiam
3185 1586 3512 1655 concipitur.

1938 1674 2093 1742 Quod
2122 1683 2302 1728 autem
2340 1674 2593 1744 superius
2628 1673 3071 1741 imaginationem
3111 1685 3167 1732 et
3199 1679 3516 1749 conceptio-

253 1772 511 1834 p‘cratnm
544 1772 629 1818 est
673 1778 685 1815 :
721 1764 1187 1834 quandoquidem,
1214 1775 1266 1819 et
1304 1766 1396 1835 qui
1439 1764 1553 1819 haec
1620 1762 1831 1828 indixit,
1868 1754 1909 1809 Β
1940 1780 2063 1820 nem
2123 1763 2282 1827 dixit,
2336 1763 2482 1817 idem
2539 1778 2685 1819 nunc
2735 1764 3019 1835 περίνοιαν
3059 1777 3239 1833 vocat,
3273 1768 3376 1826 hoc
3408 1779 3514 1839 est,

255 1857 527 1926 sapientia
578 1855 697 1925 ipsa
757 1865 867 1919 est,
908 1867 961 1911 et
1000 1855 1253 1911 minister
1302 1856 1569 1927 sapientia
1620 1859 1833 1910 instru-

256 1956 406 2012 ctus,
467 1949 682 2000 tametsi
731 1957 1122 2018 congruentem
1176 1948 1476 2018 unicuique
1530 1948 1733 2002 umbra:
1773 1963 1835 2003 ac

261 2038 448 2108 figurae
503 2038 935 2108 speculationem
991 2041 1310 2109 excogitare
1378 2055 1739 2109 nequeamus,
1784 2040 1834 2093 id

265 2138 376 2193 cst,
403 2130 802 2199 expositionem
823 2139 986 2201 atque
1006 2131 1339 2202 allegoriam.
1377 2130 1511 2198 Quis
1544 2133 1687 2187 etaim
1707 2147 1839 2186 cou-

259 2223 527 2293 templare
572 2232 739 2292 atque
788 2224 1061 2293 explicare
1114 2233 1298 2294 queat,
1335 2239 1505 2295 quare
1536 2240 1717 2279 arcam
1773 2240 1837 2280 ea

260 2314 437 2382 llgura
464 2315 673 2369 exstrui
708 2315 851 2371 Deus
875 2317 1209 2385 praeceperit,
1235 2324 1399 2386 atque
1439 2331 1503 2370 cx
1546 2316 1639 2370 tali
1667 2325 1837 2370 mate-

259 2406 370 2472 ria,
407 2406 499 2461 tali
532 2422 785 2462 mensura
821 2423 836 2460 :
877 2408 1122 2478 quidque
1166 2408 1269 2463 hoc
1309 2410 1411 2463 sibi
1460 2408 1609 2474 velit,
1635 2410 1780 2478 quod
1809 2422 1837 2461 a

260 2495 485 2563 Levitis,
559 2498 614 2553 id
659 2508 743 2554 est
793 2501 1200 2566 sacerdotibus,
1272 2501 1366 2571 qui
1429 2500 1752 2559 sacerdotali
1786 2510 1841 2555 et

264 2589 424 2659 legali
461 2591 654 2655 cultui,
684 2606 750 2647 ac
779 2590 1027 2663 religioni
1058 2592 1465 2658 ministrabant,
1504 2593 1618 2663 ipsa
1659 2603 1842 2663 gesta-

263 2690 455 2733 rctur:
487 2681 621 2750 quid
675 2681 803 2734 item
858 2679 1133 2736 sacriﬁcia
1186 2688 1239 2735 et
1293 2683 1646 2751 purgationes
1679 2691 1842 2750 atque

265 2771 575 2826 oblationes
605 2771 918 2841 signiﬁcent
945 2771 969 2825 ?
1008 2771 1180 2827 Porro
1219 2787 1313 2842 per
1344 2771 1633 2837 sacriﬁcia,
1657 2774 1837 2825 omnia

262 2876 386 2931 quae
416 2863 689 2918 immolari
726 2865 1001 2929 solebant,
1034 2864 1294 2931 intellige,
1344 2873 1403 2918 ut
1461 2878 1615 2928 oves,
1647 2864 1837 2928 boves,

266 2952 484 3017 vitulos,
530 2963 794 3020 turtures,
827 2956 1136 3010 columbas.
1183 2954 1284 3010 Per
1340 2956 1691 3025 purgationes
1739 2970 1837 3008 au-

266 3050 396 3104 tem,
434 3042 850 3110 puriﬁcationes
901 3059 1013 3111 eas,
1079 3061 1201 3115 qua:
1254 3060 1351 3116 per
1402 3045 1720 3113 sanguinem
1748 3055 1840 3098 aut

266 3130 508 3185 cinerem
537 3132 758 3198 iiebant,
810 3148 874 3190 ac
926 3136 1170 3204 pollutos
1210 3148 1264 3189 ct
1297 3134 1614 3205 inquinatos
1640 3149 1841 3202 purga-

268 3223 402 3279 bant
430 3240 444 3277 :
476 3236 573 3292 per
621 3224 980 3297 ἀφαιρέματα
1021 3225 1277 3293 denique,
1321 3234 1502 3293 partes
1522 3238 1637 3289 eas,
1659 3237 1778 3290 quae
1808 3235 1840 3274 a

267 3314 511 3371 victimis
540 3316 996 3378 extrahebantur,
1029 3315 1175 3378 quod
1223 3329 1397 3384 genus
1428 3322 1583 3367 erant
1626 3320 1842 3380 pectus-

268 3408 451 3464 culum
476 3447 492 3474 ,
531 3405 783 3463 dextrum
826 3407 1135 3470 brachium,
1173 3414 1229 3459 et
1273 3403 1409 3457 libra
1444 3403 1677 3472 bepatis.
1706 3401 1841 3455 Nam

268 3495 590 3566 huiusmodi
644 3495 902 3565 mysteria
953 3494 1021 3548 iis
1086 3494 1355 3548 duntaxat
1405 3499 1534 3546 nota
1564 3500 1713 3555 sunt,
1747 3491 1841 3560 qui

268 3589 471 3643 virtute
496 3586 700 3641 Mosem
727 3583 1063 3655 exprimunt,
1116 3593 1213 3639 aut
1249 3598 1356 3638 non
1409 3583 1568 3654 longe
1596 3581 1665 3638 ab
1694 3581 1844 3637 illius

269 3678 578 3751 praestantia
612 3688 667 3733 et
695 3679 1001 3732 eruditione
1039 3676 1231 3732 remoti
1262 3687 1412 3732 sunt.

342 3769 478 3825 ibid.
510 3767 569 3821 Β.
614 3765 759 3821 Nam
792 3769 844 3822 in
868 3768 982 3837 ipso
1011 3783 1213 3837 quoque
1251 3776 1422 3821 monte
1450 3766 1585 3821 Deus
1618 3765 1845 3822 homini-

273 3863 388 3927 bus,
425 3871 531 3916 etc.
589 3858 690 3915 Hic
755 3859 1108 3929 allegoricum
1164 3857 1526 3927 expositionis
1587 3873 1842 3929 campum

274 3953 480 4024 ingredi
520 3950 731 4021 incipit.
758 3950 1066 4020 Anagogice
1103 3949 1251 4004 enim
1289 3947 1459 4005 Mosis
1494 3949 1561 4004 ad
1604 3960 1843 4005 montem

273 4060 566 4101 ascensum
603 4043 877 4111 intelligit.
915 4040 988 4096 Ut
1020 4041 1166 4095 enim
1209 4055 1366 4097 mons
1408 4050 1546 4095 terra
1596 4041 1847 4111 superior

273 4146 379 4198 est,
408 4134 553 4188 cmlo
587 4139 769 4186 autem
811 4131 972 4199 longe
1012 4129 1242 4185 interior
1276 4146 1291 4185 :
1328 4130 1521 4187 eodem
1563 4134 1723 4186 modo
1748 4147 1848 4187 nos

274 4242 489 4299 quoque
539 4240 567 4278 a
637 4223 864 4278 terrenis
916 4233 971 4278 et
1030 4224 1309 4293 corporeis
1390 4226 1554 4281 rebus
1619 4226 1849 4281 subvehi

276 4331 500 4374 necesse
527 4324 611 4370 est
640 4332 656 4369 :
693 4313 864 4369 Deum
907 4322 1088 4369 autem
1115 4315 1466 4373 descendere.
1502 4314 1702 4372 Verum
1738 4333 1847 4373 non

1947 1853 2333 1924 particularem
2385 1868 2610 1924 operum
2660 1853 2752 1909 Dei
2798 1856 3187 1924 cognitionem.
3230 1858 3338 1914 Nec
3367 1862 3516 1915 cnim

1939 1947 2084 2004 Deus
2135 1947 2437 2003 secundum
2493 1961 2745 2007 naturam
2802 1964 3003 2016 suam,
3068 1951 3163 2006 sed
3213 1953 3516 2009 secundum

1937 2054 2099 2109 opera
2127 2054 2225 2093 sua
2276 2046 2331 2092 et
2362 2038 2688 2093 creationem
2729 2049 2912 2094 mente
2963 2040 3320 2103 adumbratur
3355 2057 3368 2094 :
3409 2053 3517 2098 ter-

1942 2132 2054 2188 reni
2086 2140 2270 2187 autem
2298 2131 2463 2201 huius
2488 2130 2736 2201 corporis
2769 2132 2961 2197 moles,
2987 2134 3182 2205 inquit.
3212 2134 3521 2207 menli<que

1938 2227 2100 2281 etiam
2158 2235 2360 2281 nostrae
2408 2224 2736 2292 crassities,
2778 2225 3038 2289 nimirum
3099 2242 3226 2283 cum
3286 2243 3519 2299 corpore

1939 2317 2272 2384 constrictae,
2310 2330 2375 2370 ac
2425 2316 2656 2385 proinde
2685 2316 2936 2388 corporis
2970 2319 3225 2377 crassitie
3250 2322 3518 2389 quodam-

1943 2408 2104 2462 modo
2146 2408 2401 2477 impletae,
2449 2422 2517 2462 ne
2558 2409 2906 2478 perexiguam
2939 2410 3158 2479 quidem
3196 2409 3289 2464 Dei
3316 2411 3521 2483 cogni-

1943 2498 2143 2552 tionem
2171 2496 2418 2565 accipere
2453 2505 2647 2563 potest,
2673 2496 2778 2551 nisi
2821 2496 3082 2551 divinitus
3117 2498 3424 2567 adjuvetur,
3455 2515 3521 2555 ac

1941 2589 2088 2643 velut
2142 2602 2309 2641 manu
2361 2587 2618 2651 ducatur,
2648 2603 2842 2659 nempe
2897 2604 2993 2661 per
3050 2590 3142 2643 Dei
3188 2590 3515 2646 descensum

1945 2680 2296 2749 hominisque
2326 2680 2770 2747 subvectionem,
2806 2679 3266 2748 quemadmodum
3304 2681 3433 2735 olim
3466 2682 3519 2735 in

1946 2780 2129 2824 monte
2178 2770 2431 2840 contigit.
2484 2769 2642 2826 Tunc
2691 2770 2836 2825 enim
2872 2770 3295 2841 haudquaquam
3329 2772 3521 2825 eodem

1944 2862 2063 2913 loco
2089 2868 2253 2929 atque
2303 2860 2498 2914 ordine.
2551 2860 2699 2930 digni
2745 2860 2915 2916 h’abiti
2962 2870 3113 2925 sunt,
3148 2860 3241 2914 sed
3283 2860 3523 2927 diverso,

1943 2959 2233 3019 quatenus,
2268 2958 2325 3003 nt
2347 2951 2562 3020 opinor,
2596 2959 2879 3020 purgatam
2914 2959 3152 3004 mentem
3180 2951 3523 3006 attulissent.

1945 3038 2208 3094 Nonnulli
2245 3041 2409 3094 etiam
2446 3040 2673 3095 omnino
2711 3041 2922 3111 expulsi
2953 3054 3102 3105 sunt,
3136 3042 3229 3112 qui
3272 3042 3527 3096 videlicet

1952 3136 2076 3188 vita:
2098 3134 2441 3204 turpitudine
2488 3145 2541 3188 et
2594 3134 2929 3199 obscenitate
2961 3133 3197 3201 pecudes
3227 3142 3279 3186 ct
3319 3126 3527 3187 belluas

1949 3223 2282 3278 referebant.
2344 3223 2491 3276 Dixit
2558 3223 2704 3276 enim
2777 3224 2844 3275 ad
2921 3221 3125 3277 Mosem
3196 3223 3524 3279 Dominus:

1948 3311 2183 3365 Ascende
2217 3309 2286 3362 ad
2321 3326 2421 3374 me,
2472 3319 2554 3370 tu.
2595 3317 2642 3361 et
2682 3308 2883 3373 Aaron,
2915 3320 2961 3362 ct
2997 3308 3215 3373 Nadab,
3256 3325 3304 3363 et
3334 3312 3524 3374 Abiud,

1952 3417 2001 3461 et
2042 3405 2379 3474 septuaginta
2425 3419 2453 3456 e
2486 3403 2779 3457 senioribus
2812 3401 3008 3465 Israel,
3039 3412 3087 3456 et
3146 3403 3443 3483 adorabunt
3496 3421 3527 3458 a

1950 3501 2101 3569 longe
2125 3498 2434 3564 Dominum,
2472 3507 2521 3552 ct
2577 3499 3016 3567 appropittquabit
3063 3498 3234 3555 Moses
3281 3501 3423 3557 solus
3454 3501 3524 3559 ad

1955 3588 2121 3642 Deum
2176 3602 2196 3641 :
2247 3586 2348 3655 ipsi
2404 3597 2579 3643 autem
2643 3603 2745 3640 non
2800 3591 3289 3659 appropinquabqu
3335 3589 3402 3646 ⁸³.
3458 3590 3525 3649 Ει

1954 3693 2196 3733 rursus:
2232 3676 2562 3733 Descendens
2613 3689 2908 3733 contestare
2961 3681 3235 3749 populum,
3286 3697 3348 3735 ne
3392 3682 3530 3751 forte

1953 3768 2356 3838 appropinquct,
2391 3780 2446 3822 ut
2482 3784 2563 3823 me
2592 3769 2787 3835 videat,
2813 3780 2861 3823 ct
2911 3772 3070 3822 cadat
3119 3784 3185 3824 ea:
3230 3772 3306 3826 eis
3353 3773 3532 3826 multi-

1954 3861 2078 3914 tudo
2108 3861 2176 3916 ⁸⁸.
2230 3861 2295 3914 Et
2350 3861 2513 3930 paulo
2566 3859 2797 3916 inferius
2848 3878 2863 3915 :
2920 3861 3104 3923 Omnis
3158 3864 3248 3932 qui
3306 3866 3531 3934 tetigerit

1952 3959 2201 4018 montem,
2237 3962 2404 4006 morte
2430 3953 2691 4005 morietur
2722 3951 2791 4005 ⁸³.
2831 3949 2949 4005 Νυη
2990 3959 3178 4025 tanget
3215 3953 3369 4008 illum
3413 3970 3534 4008 nia--

1955 4059 2081 4109 nus,
2100 4052 2297 4097 verum
2350 4042 2623 4112 lapidibus
2663 4042 2950 4104 obruetur,
2996 4041 3081 4096 vel
3125 4041 3307 4112 iaculo
3341 4044 3537 4098 coulo-

1955 4134 2152 4199 dietur,
2210 4132 2324 4187 sive
2394 4132 2582 4192 homo,
2630 4132 2745 4185 sive
2806 4134 3142 4199 iumentum,
3201 4148 3310 4186 non
3366 4134 3530 4190 vivet.

1957 4226 2133 4293 Atque
2199 4222 2312 4276 haec
2364 4221 2420 4275 in
2469 4219 2643 4275 Exodi
2704 4221 2847 4275 libro
2902 4223 2980 4276 ita
3038 4222 3323 4281 habentur.
3374 4223 3535 4291 Quod

1958 4325 2141 4372 autem
2172 4313 2459 4384 theologus
2486 4312 2675 4373 eodem
2731 4318 2878 4367 statu
2921 4322 3086 4382 atque
3116 4313 3311 4370 ordine
3337 4330 3534 4370 omnes

278 4420 484 4481 quanta
539 4403 811 4476 subiectio
869 4413 1058 4459 nostra
1124 4414 1230 4471 est,
1292 4416 1441 4463 tanta
1495 4423 1715 4480 quoque
1754 4407 1849 4462 Dei
1881 4430 1931 4490 ι)
1959 4407 2381 4477 haudquaquam
2413 4403 2609 4475 dignos
2646 4401 2863 4458 habitos
2900 4401 3072 4458 fuisse
3113 4416 3532 4463 commemorat.

178 4540 183 4543 -
279 4501 560 4571 depressio
586 4507 694 4561 est,
716 4496 836 4565 sed,
860 4507 919 4552 ut
948 4512 979 4551 a
1000 4496 1159 4552 nobis
1178 4497 1382 4553 dictum
1415 4510 1517 4565 cst,
1549 4502 1851 4556 secundum

283 4590 697 4665 proportionem
742 4588 947 4644 montis
984 4595 1041 4644 et
1082 4588 1230 4643 cmli.
1267 4586 1535 4654 Quocirca
1572 4591 1688 4647 haec
1713 4607 1856 4662 quo-

282 4701 386 4754 que
425 4684 560 4740 visio
604 4681 701 4739 Dei
742 4682 798 4737 in
841 4691 1026 4737 monte
1068 4680 1489 4752 designatricem
1522 4683 1630 4737 vim
1671 4683 1853 4739 habet.

282 4773 491 4829 Idcirco
524 4774 672 4827 enim
731 4771 1015 4829 descendit
1048 4771 1213 4837 Deus,
1240 4785 1304 4826 ac
1339 4770 1541 4845 Mosem
1582 4772 1853 4839 subvexit,

285 4872 345 4917 ut
369 4863 674 4927 discamus,
708 4864 922 4932 quoties
947 4862 1111 4917 homo
1138 4861 1250 4916 Deo
1276 4860 1634 4929 coniungitur
1659 4859 1856 4930 partim

287 4954 455 5010 Deum
491 4964 549 5008 ut
586 4953 886 5021 excelsum,
920 4962 1085 5024 atque
1113 4954 1377 5008 omnibus
1412 4953 1577 5009 rebus
1609 4954 1858 5023 superio-

287 5060 397 5101 rem
438 5044 767 5099 descendere
822 5059 931 5098 non
981 5046 1221 5113 gravari,
1261 5044 1460 5113 partim
1491 5048 1657 5099 etiam
1690 5045 1859 5098 homi-

288 5154 435 5204 nem,
492 5138 643 5192 humi
694 5144 857 5206 atque
920 5135 975 5190 in
1029 5136 1193 5191 rebus
1255 5137 1483 5207 abiectis
1528 5146 1581 5192 et
1627 5135 1858 5192 terrenis

287 5233 634 5306 provolutum
670 5232 725 5287 in
770 5231 1001 5286 sublime
1057 5231 1293 5284 trahere.
1331 5228 1397 5284 Ut
1421 5228 1863 5300 incomprehensi-

289 5328 410 5383 bilis
435 5327 526 5382 ille
558 5326 913 5395 concipiatur,
940 5324 992 5380 id
1015 5333 1120 5391 est,
1151 5333 1208 5378 ut
1233 5323 1278 5380 is
1317 5324 1409 5395 qui
1429 5324 1611 5379 omnia
1649 5324 1857 5394 implet,

288 5420 508 5491 paulum
539 5435 572 5474 a
608 5428 798 5473 natura
833 5428 1020 5472 creata
1062 5416 1182 5486 capi
1223 5416 1416 5486 possit.
1464 5414 1643 5472 Verbo
1672 5426 1856 5472 autem

291 5514 620 5581 φαντάζεται
655 5528 786 5569 usus
810 5523 916 5574 est.
938 5510 992 5565 id
1014 5517 1120 5575 est,
1150 5508 1340 5564 obcurc
1389 5508 1622 5564 videtur.
1677 5508 1887 5585 Nubes‘

1651 5626 1695 5658 ss
1724 5623 1898 5680 Exod,
1921 5639 2033 5690 xIx,
2089 5621 2179 5677 9.0.
2259 5619 2334 5654 ³⁸”
2362 5619 2533 5676 Exod.
2580 5634 2731 5684 ηιν,
2764 5618 2819 5673 ίο

358 5632 402 5666 ἰ
439 5628 600 5683 Hebr.
630 5644 679 5683 x.
714 5630 733 5680 l
776 5642 931 5698 seqq.

290 5713 406 5769 xix,
438 5700 527 5756 t2.
629 5699 674 5731 υ
696 5698 835 5766 ibid.

1005 5627 1073 5659 “‘
1102 5625 1275 5681 Exod.
1300 5641 1429 5693 xxv,
1461 5626 1549 5682 ιο.

939 5694 986 5727 ⁸⁸
1010 5696 1156 5752 Psal.
1194 5712 1309 5760 vin,
1330 5695 1386 5752 8.

1958 4501 2162 4559 Ordine
2193 4501 2412 4571 quidem
2444 4498 2596 4565 dicit,
2621 4499 2751 4568 quia
2784 4498 2837 4552 in
2875 4500 3327 4554 annumeratione
3358 4500 3539 4570 primo

1954 4596 2077 4651 loco
2132 4590 2336 4647 Musem
2387 4590 2691 4654 constituit,
2727 4588 2925 4645 deinde
2961 4589 3256 4657 Aaronem,
3296 4606 3420 4645 mox
3451 4605 3538 4645 se-

1952 4684 2237 4757 ptuaginta
2267 4683 2534 4740 seniores.
2580 4681 2739 4737 Statu
2786 4689 2996 4749 autem,
3030 4681 3294 4753 quoniam
3336 4695 3535 4735 ascen-

1952 4779 2180 4839 dentes,
2239 4777 2320 4831 sie
2374 4783 2691 4839 steterunt,
2738 4783 2800 4829 ut
2848 4773 3026 4828 vocati
3100 4782 3277 4827 erant.
3343 4769 3541 4825 Bellui-

1955 4884 2055 4926 nos
2114 4879 2293 4922 autem
2349 4865 2673 4930 nominavit,
2710 4864 3021 4936 allegorice,
3074 4871 3129 4917 ut
3171 4863 3391 4933 opinor,
3442 4860 3537 4930 iu-

1959 4970 2204 5017 mentum
2247 4972 2547 5028 exponens,
2582 4958 2651 5012 de
2706 4973 2819 5028 quo
2848 4959 3039 5013 eodem
3074 4953 3245 5009 Exodi
3286 4952 3429 5008 libro
3479 4952 3541 5005 lit

1958 5052 2187 5106 mentio.
2266 5048 2397 5104 Nam
2466 5062 2781 5118 quanquam
2855 5047 3230 5117 iumentorum
3316 5043 3541 5098 nomine

1961 5143 2182 5217 proprie
2226 5150 2509 5199 mansueta
2568 5149 2629 5201 et,
2671 5138 2974 5197 domestica
3024 5134 3286 5193 animalia
3328 5133 3540 5205 signiti-

1965 5241 2183 5296 centur,
2225 5227 2461 5284 ferarum
2516 5236 2697 5282 autem
2745 5224 2968 5283 nomine
3001 5223 3235 5294 agrestia
3264 5222 3541 5291 appellen-

1966 5332 2080 5391 tur,
2134 5306 2424 5390 ‘Scriptura
2456 5328 2640 5373 tamen
2682 5316 3005 5388 plerumque
3039 5313 3277 5384 iumenti
3324 5311 3546 5366 nomine

1965 5415 2108 5471 feras
2174 5426 2392 5483 quoque
2458 5418 2701 5480 agrestes
2785 5406 3209 5477 complectitur,
3282 5413 3338 5460 ut
3396 5403 3543 5473 apud

1961 5504 2349 5563 Psalmistam:
2385 5501 2612 5573 Insuper
2651 5510 2700 5557 et
2739 5516 2927 5572 pecora
2953 5500 3125 5569 campi
3151 5499 3225 5555 ⁸⁸.
3253 5498 3549 5570 Perspicua

2922 5615 2971 5651 ⁸³
3008 5613 3147 5671 Ibid.
3279 5613 3327 5648 ⁸⁵
3366 5611 3540 5668 Exod.
