4050 6198
405 151 421 166 ”
503 177 633 246 last

1935 172 2312 232 ADDENDA.

3621 176 3766 246 1352

499 293 644 346 enim
679 296 893 345 constat
943 287 1054 342 illic
1105 287 1170 341 de
1202 286 1458 340 tunuilms
1487 284 1930 355 quadrUpedibus
1960 286 2066 354 agi.
2100 296 2142 348 Α
2171 295 2224 340 et
2253 285 2486 342 obscura
2539 286 2701 357 hujus
2735 285 2834 343 loci
2874 285 3086 343 videtur
3117 301 3237 343 esse
3282 288 3578 355 sententia,
3629 296 3760 360 quia

499 384 578 438 Ac
636 397 826 435 rursus
880 381 1063 434 bestia:
1125 379 1489 448 appellatione
1564 385 1845 429 mansueta
1907 377 2070 430 etiam

499 473 757 525 animalia
794 469 1166 538 designantur,
1223 476 1282 520 ut
1342 466 1395 520 in
1426 467 1544 520 illo“
1569 465 1688 519 loco
1724 481 1739 519 :
1777 463 1843 517 Et
1875 466 2073 518 crearit

500 561 641 614 Dens
674 565 736 612 de.
773 570 910 612 terra
940 575 1116 612 omnes
1163 558 1357 612 bestias
1406 559 1544 626 agri,
1576 566 1625 610 et
1685 558 1864 610 omnia
1925 558 2074 611 vola-

501 654 618 706 tilia
643 651 758 704 ca’li
792 651 858 704 ⁸⁷.
897 651 1208 711 Enimvero,
1243 649 1287 702 si
1330 660 1520 704 exacte
1564 649 1895 719 loquendum
1958 657 2068 714 est,

498 746 768 800 belluinos
796 743 1062 814 quosdam
1089 758 1292 798 vocans
1317 741 1632 810 Gregorius,
1668 756 1776 794 non
1803 740 1870 793 ad
1907 738 2073 794 Vetus

498 835 963 898 lnstrumentum,
1011 833 1105 889 sed
1162 833 1227 887 ad
1281 832 1465 886 divum
1513 830 1738 886 Paulum
1794 831 1926 886 tuihi
1987 847 2072 885 re-

495 929 737 993 Spexisse
789 927 1029 990 videtur,
1088 926 1168 980 sic
1240 926 1306 977 ad
1390 923 1645 978 llehrzeos
1701 923 2069 977 scribentem:

496 1018 728 1072 Etiamsi
769 1017 932 1071 bestia
975 1016 1199 1086 tetigerit
1261 1024 1512 1078 montem,
1572 1014 1838 1081 lapidibus
1887 1013 2074 1067 obrue-

493 1123 580 1164 tur
609 1110 678 1174 ⁸⁸,
711 1110 855 1180 quod
884 1109 1102 1179 quidem
1151 1109 1203 1162 in
1237 1105 1418 1161 Veteri
1458 1105 1808 1160 Testamento
1856 1105 1922 1159 ad
1955 1121 2074 1160 ver-

497 1203 1010 1272 bummxpressum
1067 1217 1176 1255 non
1230 1200 1521 1254 invenitur.
1576 1195 1690 1251 Nisi
1753 1197 1876 1266 quis
1935 1197 2072 1252 forte

495 1294 697 1346 dixerit
730 1293 1077 1362 Apostolum,
1119 1293 1234 1346 haec
1267 1289 1427 1344 verba
1459 1288 1766 1343 audientem
1801 1306 1813 1341 :
1842 1286 2072 1342 Etiamsi

492 1383 788 1448 iumentum
830 1385 882 1436 in
933 1392 1161 1434 montem
1212 1379 1526 1444 ascenderit,
1572 1396 1673 1433 non
1713 1380 1842 1432 vivet
1874 1379 1941 1446 ",
1982 1379 2072 1449 ju-

496 1477 664 1528 menti
715 1475 938 1528 nurnine
991 1474 1199 1528 belluas
1229 1487 1448 1542 quoque
1487 1471 1861 1525 intellexisset.
1895 1470 2068 1525 Crete.

499 1589 618 1625 rum
654 1572 784 1625 illud
824 1572 1104 1626 sciendum
1142 1579 1245 1635 est,
1295 1569 1464 1638 quod,
1500 1569 1757 1638 quoniam
1805 1567 1857 1620 in
1915 1565 2070 1620 nobis

494 1661 738 1732 duplices
776 1664 1000 1717 all‘ectus
1039 1669 1187 1723 sunt,
1237 1662 1314 1714 ira
1363 1661 1615 1715 videlicet
1663 1666 1718 1714 et
1773 1659 2068 1728 cupiditas,

497 1753 620 1807 ideo
647 1770 676 1807 a
708 1755 887 1808 divina
928 1753 1385 1822 contemplatione
1424 1751 1913 1814 submovebautur,
1958 1761 2070 1802 tum

497 1846 532 1900 ii
563 1848 656 1915 qui
683 1845 923 1901 ferarum
963 1847 1069 1900 ritu
1109 1847 1416 1915 agrestibus
1445 1854 1497 1899 et
1523 1845 1799 1898 iracundis
1825 1845 2071 1899 moribus

493 1939 703 2008 prtediti
742 1948 920 2003 erant,
954 1950 1066 1992 tum
1121 1939 1215 2008 qui
1261 1937 1528 2008 pecudum
1581 1952 1730 1991 more
1782 1937 1834 1991 in
1867 1947 2069 1991 terram

493 2039 682 2102 pastus
710 2031 882 2100 gratia
917 2029 1189 2100 provoluti
1230 2039 1403 2094 erant,
1457 2044 1520 2083 ac
1555 2029 1786 2098 turpiter
1839 2037 1892 2084 et
1930 2028 2069 2085 Rede

495 2122 888 2192 cupiditatibus
920 2121 1247 2176 serviebant.

565 2213 686 2267 Col.
718 2211 820 2266 638
859 2211 921 2268 C.
969 2209 1081 2265 Nos
1125 2220 1302 2264 tamen
1337 2210 1510 2263 media
1543 2211 1774 2282 quadam
1817 2215 1902 2266 via
1933 2215 2070 2267 inter

493 2319 613 2368 eos,
664 2313 770 2358 etc.
819 2303 1270 2374 Quandoquidem
1326 2303 1499 2359 virtus
1550 2303 1601 2359 in
1655 2303 2066 2372 mediocritate,

492 2411 751 2451 excessus
800 2408 981 2451 autent
1021 2409 1074 2451 et
1114 2395 1361 2452 defectus
1411 2396 1463 2449 iu
1509 2397 1640 2451 vitio
1687 2398 1847 2466 pesiti
1895 2408 2061 2464 sunt,

497 2496 778 2556 propterea
821 2488 1118 2556 Gregorius
1150 2487 1462 2558 allegoriam
1498 2488 1863 2558 ingressurus,
1895 2490 2068 2543 factu-

495 2594 614 2632 rutn
649 2594 708 2632 se
751 2579 1052 2648 pollicetur,
1091 2587 1149 2632 ut
1183 2580 1358 2632 media
1400 2579 1636 2648 quadam
1673 2580 1754 2632 via
1792 2579 2066 2648 ingredia-

492 2677 598 2732 tur,
631 2668 683 2721 id
717 2677 823 2732 est,
854 2684 916 2722 ea
960 2677 1168 2722 tantum
1217 2668 1281 2722 ad
1315 2667 1628 2736 allegoriam
1663 2669 1914 2739 arcipiat,
1944 2686 2066 2739 qua:

491 2774 612 2813 eam
640 2761 933 2814 admittunt
958 2777 973 2814 :
999 2761 1204 2830 reliqua
1232 2769 1416 2815 autem
1441 2776 1505 2815 eo
1526 2776 1688 2814 sensu
1719 2761 2064 2829 intelligenda

492 2849 787 2918 relinquat,
821 2866 980 2920 quem
1019 2853 1197 2904 littera
1243 2853 1420 2920 primo
1453 2850 1631 2905 fronte
1659 2851 1837 2905 olfert.
1870 2849 2064 2906 Omnia

2176 373 2351 448 longis
2397 377 2709 448 hyperbatis
2738 379 2958 432 concisa
3002 386 3086 433 est
3128 379 3242 433 hate
3281 380 3560 449 periodus.
3596 380 3755 435 lluuc

2175 477 2356 523 autem
2405 485 2627 525 sensum
2678 470 2862 525 habet.
2907 470 3321 535 Existimamus,
3373 471 3572 540 inquit,
3622 489 3759 543 quo-

2177 564 2320 614 niam
2353 576 2527 630 usque
2555 561 2619 616 ad
2653 561 3013 616 idololatriam
3045 563 3278 632 prolapsi
3311 577 3552 626 eramus,
3586 573 3757 633 atque

2175 650 2403 705 excitari
2444 665 2542 706 uos
2575 652 2817 723 erigique
2865 656 3170 722 oportebat,
3217 654 3421 708 idcirco
3462 656 3624 710 nobis
3665 672 3760 711 ve-

2177 751 2343 794 terem
2392 741 2564 811 legem
2601 741 2784 796 datam
2817 757 2958 808 esse,
2992 757 3118 797 cum
3152 743 3258 797 alia
3307 745 3574 814 permulta
3624 761 3762 814 pra:-

2174 840 2348 900 cepta,
2397 848 2516 901 qua
2565 847 2666 887 nos
2717 833 2784 886 ab
2833 833 3104 888 idolorum
3159 834 3308 888 cultu
3362 835 3756 901 abducebant,

2177 922 2652 992 complectentem,
2682 932 2795 978 tum
2822 939 2885 980 ea
2909 924 3096 988 etiam,
3121 940 3241 994 qua:
3265 926 3330 980 ad
3357 927 3758 982 sacriﬁciorum

2177 1011 2442 1068 rationem
2477 1015 2841 1084 pertinebant.
2874 1015 3057 1086 Atque
3082 1013 3395 1087 hujusmodi
3423 1031 3622 1072 sensus
3649 1026 3755 1072 est.

2174 1103 2331 1159 Nunc
2367 1103 2583 1174 singula
2631 1105 2990 1161 excutiamus.
3045 1106 3148 1160 Per
3193 1116 3499 1176 peceatum,
3551 1106 3754 1176 inquit,

2167 1197 2280 1266 jam
2334 1198 2458 1252 inde
2501 1212 2530 1250 a
2578 1197 2844 1269 principio
2891 1198 3225 1263 corruimus,
3272 1199 3326 1254 id
3369 1208 3473 1263 est,
3528 1214 3595 1254 ex
3645 1215 3760 1268 quo

2175 1297 2418 1356 tempore
2455 1291 2668 1358 primus
2702 1305 2901 1361 parens
2944 1289 3230 1360 prolapsus
3263 1299 3366 1356 est,
3409 1305 3472 1346 ac
3515 1306 3614 1359 per
3665 1307 3760 1345 voc

2173 1378 2433 1448 luptatem
2465 1381 2674 1451 decepti
2713 1389 2874 1450 atque
2909 1382 2963 1434 in
2995 1380 3242 1434 fraudem
3284 1381 3502 1449 impulsi
3537 1397 3761 1443 sumus,

2175 1487 2282 1525 non
2326 1487 2422 1540 per
2456 1473 2688 1541 primam
2738 1473 2885 1528 illam
2931 1475 3110 1528 solum
3149 1473 3433 1542 (scriptum
3465 1483 3552 1526 est
3577 1473 3761 1533 enim,

2175 1564 2316 1632 quod
2355 1564 2557 1618 bonum
2591 1573 2709 1619 erat
2741 1565 2947 1634 lignum
2980 1563 3047 1618 ad
3081 1565 3428 1629 vescendum,
3455 1574 3509 1616 et
3536 1570 3764 1630 gratum

2176 1657 2348 1710 oculis
2398 1658 2463 1709 ad
2513 1656 2844 1723 videndum,
2893 1666 2946 1712 et
2992 1656 3278 1726 pulchrum
3325 1655 3389 1708 ad
3443 1654 3766 1720 intelligen-

2175 1748 2304 1802 dum
2331 1749 2410 1819 ’°)
2443 1750 2536 1804 sed
2572 1765 2690 1802 eam
2727 1751 2917 1811 etiam.
2961 1764 3068 1819 qua
3108 1756 3385 1817 peccatum
3434 1761 3600 1800 omne
3636 1761 3766 1814 per-

2175 1837 2357 1892 lusum
2403 1848 2507 1893 est.
2565 1835 2825 1906 Voluptas
2869 1837 3016 1892 enim
3056 1845 3340 1906 peccatum
3387 1849 3554 1889 oume
3600 1843 3766 1886 ante-

2173 1930 2336 1996 cedit,
2388 1943 2596 1999 nosque
2645 1929 2976 1993 ludiﬁcatur,
3021 1936 3075 1983 et
3125 1928 3177 1980 in
3224 1924 3468 1978 fraudem
3519 1923 3768 1985 inducit,

2173 2037 2236 2077 ac
2266 2023 2414 2078 velut
2461 2022 2640 2093 pisces
2670 2022 2896 2078 inescat.
2933 2019 3001 2075 Et
3042 2019 3259 2090 quidem
3296 2017 3368 2072 ita
3413 2015 3618 2070 misere
3648 2015 3765 2067 cit—

2171 2114 2444 2169 cumventi
2496 2127 2707 2180 sumus,
2762 2122 2821 2168 ut
2869 2113 2936 2166 ad
2999 2110 3315 2166 idololatria:
3365 2107 3575 2162 crimen
3626 2121 3766 2175 pro-

2171 2206 2468 2270 rucrimus,
2508 2213 2673 2274 atque
2720 2203 2786 2258 ad
2823 2201 3061 2258 nefarios
3107 2214 3357 2264 cruores,
3410 2197 3504 2268 qui
3561 2197 3764 2250 nefarii

2171 2300 2454 2362 dicuntur,
2504 2295 2648 2365 quod
2699 2295 2960 2350 scelerate
3022 2307 3087 2348 ac
3151 2291 3358 2346 nefarie
3401 2286 3763 2343 dmmonibus

2171 2388 2520 2443 oderantur:
2561 2385 2644 2440 vel
2678 2386 2842 2440 etiam
2895 2381 3134 2438 nefarios
3179 2396 3274 2436 eos
3321 2389 3479 2433 vocat
3526 2387 3765 2448 propter

2173 2479 2419 2534 Immines
2467 2477 2720 2534 sacrilicii
2770 2492 2935 2532 causa
2988 2483 3276 2530 mactatos.
3324 2471 3762 2526 Immolaeerant

2169 2572 2333 2640 enim,
2381 2570 2580 2641 inquit,
2619 2571 2757 2639 ﬁlios
2803 2579 2850 2622 et
2888 2568 3032 2638 ﬁlias
3073 2583 3197 2620 suas
3239 2564 3512 2620 dtemoniis
3547 2565 3619 2614 ἰ.
3659 2561 3764 2617 llis

2171 2662 2337 2731 igitur
2384 2662 2542 2716 malis
2578 2661 2800 2717 allectos
2842 2659 3085 2715 revocari
3117 2673 3219 2713 nos
3245 2671 3274 2710 a
3305 2655 3411 2711 Deo
3439 2653 3759 2725 oportebat,

2170 2764 2352 2823 utpote
2380 2770 2409 2807 a
2454 2765 2600 2808 recta
2647 2754 2729 2806 via
2775 2753 3114 2812 aberrantes.
3153 2761 3313 2820 atque
3359 2750 3411 2803 in
3457 2746 3756 2818 antiquunm

2169 2855 2370 2901 statum
2411 2847 2648 2913 restitui,
2677 2845 2781 2900 hoc
2821 2854 2924 2909 est,
2953 2843 3019 2898 ad
3063 2842 3156 2898 Dei
3198 2842 3586 2912 cognitionem,
3627 2851 3762 2893 ante

491 2940 636 2993 enim
659 2978 674 3002 ,
726 2956 846 3009 qua:
880 2940 1044 2993 veteri
1080 2939 1195 3009 lege
1228 2941 1596 3006 continentur,
1628 2955 1891 3010 corporeo
1922 2941 2067 2995 dun-
2091 2951 2136 3013 ρ
2171 2937 2537 2993 idololatriam
2572 2937 2626 2992 in
2654 2937 2851 2992 animis
2879 2936 3083 2991 nostris
3118 2935 3410 3000 lucentem,
3439 2941 3490 2988 et
3518 2933 3754 3002 quidem

492 3040 640 3085 taxat
679 3029 838 3083 modo
885 3043 950 3084 ac
984 3032 1284 3084 secundum
1334 3030 1620 3086 lilteralem
1667 3040 1722 3085 et
1759 3029 2059 3086 dilucidum

492 3132 714 3171 sensum
756 3118 1123 3185 interpretari.
1168 3129 1251 3172 est
1279 3133 1591 3172 crassorum
1631 3128 1686 3174 et
1717 3120 2057 3188 stupidorum

494 3209 796 3274 hominum,
821 3220 984 3278 atque
1010 3210 1077 3263 ad
1111 3211 1626 3279 contemplationem
1659 3227 1885 3281 prorsus
1916 3212 2062 3266 iner-

491 3301 626 3354 tiutu
671 3311 831 3368 atque
875 3301 1246 3368 tor-petilium,
1295 3297 1608 3368 Judwisque
1652 3301 1935 3355 similium.
1985 3301 2064 3356 llli

486 3393 633 3446 enim
683 3391 992 3444 universam
1042 3393 1210 3461 legem
1254 3391 1408 3460 juxta
1457 3390 1691 3445 litteram
1737 3391 2064 3461 intelligunt,

490 3495 589 3535 nec
634 3481 902 3550 spiriluali
948 3496 1112 3536 sensu
1155 3481 1452 3549 quidquam
1501 3482 1796 3550 accipiunt.
1842 3480 2064 3547 COIlll‘n,

489 3575 672 3626 omnia
727 3573 810 3627 vel
862 3573 1232 3625 minutissima
1281 3588 1507 3640 quaeque
1559 3574 1846 3643 allegorice
1893 3590 2057 3643 expo-

493 3679 641 3726 nere,
667 3662 868 3717 curiosi
895 3673 977 3716 est
1003 3663 1224 3732 ingenii,
1254 3674 1413 3730 atque
1442 3666 1493 3716 in
1525 3667 1803 3736 anagogia:
1828 3667 2062 3731 ratiooc,

492 3770 592 3809 nec
642 3755 900 3821 modum,
952 3769 1052 3808 nec
1106 3754 1538 3808 mediocritatem
1594 3757 1848 3812 tenentis.
1902 3756 2066 3828 quue

490 3861 622 3901 sane
654 3845 939 3900 ridiculum
967 3855 1070 3913 est,
1103 3860 1167 3900 ac
1195 3847 1354 3915 plane
1385 3849 1721 3901 somniorum
1755 3850 2064 3919 conjectore

489 3941 735 4009 dignum.
773 3938 965 3993 Omnia
1001 3941 1147 3993 enim
1197 3941 1406 3994 somnia
1444 3941 1494 3992 iu
1531 3941 1699 4010 signis
1744 3950 1907 4011 atque
1943 3960 2063 3997 um-

486 4033 599 4087 bris
643 4035 968 4088 cousistuut.
1006 4032 1328 4100 Quicunque
1378 4032 1541 4104 igitur
1585 4033 1768 4088 omnia
1815 4036 1882 4088 ad
1929 4052 2062 4090 ana-

487 4127 734 4196 gogieum
799 4141 1022 4179 sensum
1085 4124 1372 4189 referunt,
1445 4127 1658 4180 somnia
1719 4127 2063 4198 interpretari

486 4218 757 4271 videntur.
813 4217 982 4271 Porro
1018 4219 1220 4273 littera:
1274 4221 1550 4275 mordicus
1599 4221 1912 4284 adhaerere,
1965 4239 2061 4278 nec

2170 3029 2404 3093 restitui,
2453 3046 2560 3084 non
2609 3041 2827 3100 pr0ptcr
2861 3044 3026 3100 opera
3061 3037 3273 3091 nostra,
3323 3041 3423 3080 nec
3452 3025 3600 3080 enim
3642 3023 3756 3076 ulla

2171 3119 2524 3184 habebamus,
2556 3122 2651 3176 sed
2683 3122 2837 3190 juxta
2874 3121 3020 3175 illam
3059 3121 3198 3190 apud
3230 3120 3429 3172 Lucam
3469 3115 3759 3170 Zacharia:

2170 3212 2535 3281 prophetiam,
2583 3224 2802 3283 prepter
2842 3213 3046 3267 viscera
3090 3209 3468 3266 misericordia:
3516 3209 3614 3262 Dei
3661 3224 3758 3260 no-

2167 3303 2267 3356 stri
2296 3303 2365 3369 ",
2411 3305 2543 3357 tanti
2595 3320 2788 3358 manus
2839 3319 2950 3359 sua:
2997 3303 3199 3374 Opilicii
3242 3303 3516 3372 jacturam
3566 3301 3756 3354 facere

2169 3409 2274 3446 non
2321 3394 2669 3448 sustinentis.
2703 3392 2938 3447 Tantum
2985 3402 3168 3446 autem
3213 3393 3345 3446 dixit
3380 3407 3485 3443 non
3524 3392 3752 3459 quanti-

2169 3489 2297 3544 tate,
2327 3482 2418 3535 sed
2447 3483 2743 3550 qualitate:
2779 3481 2966 3552 Magna
3005 3484 3148 3537 enim
3183 3497 3290 3548 res,
3331 3482 3527 3550 inquit,
3560 3482 3755 3539 llnltto.

2167 3589 2231 3628 ac
2273 3573 2531 3642 prmclara
2575 3584 2628 3628 et
2667 3575 2866 3629 eximia
2916 3590 3023 3640 res,
3069 3576 3169 3630 vir.
3201 3575 3369 3641 Quem
3410 3574 3759 3628 subliruiuris

2169 3667 2330 3719 etiam
2396 3667 2673 3734 sapientia:
2737 3667 3010 3736 specimen
3069 3667 3318 3730 vocavit,
3380 3675 3434 3721 et
3486 3681 3757 3734 magnum

2167 3759 2432 3813 mundum
2477 3759 2532 3815 iu
2574 3775 2784 3830 parvo:
2818 3760 2978 3828 idque
3011 3773 3118 3814 non
3147 3774 3209 3813 ea
3251 3767 3458 3812 tantum
3509 3761 3755 3821 ratione,

2165 3855 2292 3924 quia
2323 3871 2385 3910 ea
2414 3856 2598 3909 omnia
2641 3856 2826 3919 habet,
2862 3870 2983 3925 qua:
3029 3853 3302 3909 sensibilis
3348 3852 3437 3907 hic
3483 3857 3752 3915 mundus.

2166 3961 2229 4000 ac
2264 3957 2527 4014 praeterea
2577 3946 2788 4000 ratione
2835 3947 3138 4000 instructus
3177 3955 3259 3999 est
3292 3961 3305 3998 :
3340 3959 3529 3996 verum
3581 3945 3752 3998 etiam

2166 4038 2293 4108 quia
2347 4041 2582 4093 mundus
2632 4049 2849 4108 propter
2898 4038 3077 4108 ipsum
3131 4038 3384 4092 conditus
3433 4047 3539 4090 est.
3591 4036 3753 4102 Quod

2167 4136 2344 4182 autem
2397 4128 2630 4197 alicujus
2676 4143 2840 4183 causa
2888 4126 3094 4181 factum
3123 4139 3228 4194 est,
3274 4127 3498 4181 inferius
3543 4139 3630 4181 est
3668 4143 3754 4190 eo.

2167 4231 2388 4288 propter
2451 4220 2594 4288 quod
2657 4219 2858 4273 factum
2915 4228 3018 4273 est.
3087 4218 3262 4273 llomo
3326 4228 3506 4273 autem
3564 4221 3758 4274 divina

489 4324 722 4377 unquam
756 4310 1042 4364 sublimius
1097 4325 1406 4378 assurgere,
1445 4311 1689 4366 delectus
1727 4324 1812 4368 est,
1840 4315 1953 4385 (20)
1987 4330 2000 4367 :
2036 4331 2065 4369 θ
2097 4297 2142 4354 D
2171 4325 2332 4363 nrauu
2366 4309 2591 4364 effectus
2613 4319 2714 4375 cst,
2739 4310 2894 4379 juxta
2919 4308 2970 4362 id
3007 4309 3151 4380 quod
3184 4311 3445 4378 scriptum
3473 4310 3755 4364 habetur:

486 4398 700 4454 diverso
733 4400 916 4455 omnia
959 4403 1024 4455 ad
1066 4403 1420 4472 allegoricum
1463 4418 1684 4458 sensum
1729 4406 1942 4460 trahere
1969 4422 2062 4460 ex-

487 4508 710 4557 cessus,
757 4503 922 4564 atque
972 4506 1267 4564 utrumque
1318 4495 1596 4550 vitiosum.
1642 4496 1711 4549 At
1785 4496 1950 4551 in.ca
2003 4513 2061 4552 re

486 4585 742 4638 decorum
775 4601 1013 4651 servare,
1060 4585 1408 4640 mediocritas
1439 4595 1520 4640 est
1550 4595 1603 4640 et
1644 4587 1837 4651 virtus,
1885 4603 2061 4656 neque

487 4675 540 4727 id
590 4677 888 4730 absurdum
930 4686 1032 4740 est,
1083 4685 1169 4743 ut,
1204 4677 1450 4732 littcralis
1478 4687 1529 4731 et
1573 4679 1816 4732 historici
1868 4694 2061 4734 sensus

487 4768 732 4834 pertinax
774 4770 1056 4836 amplexus
1082 4807 1096 4831 ,
1133 4784 1232 4821 nec
1274 4768 1582 4834 ridiculum,
1620 4779 1675 4822 ut
1703 4771 2048 4833 somniatrix,

485 4856 574 4908 illa
603 4865 799 4909 cuncta
832 4858 1116 4927 allegorice
1151 4859 1453 4926 explicandi
1492 4860 1650 4915 ratio.

557 4946 992 5016 Quandoquidem
1028 4948 1164 5001 enim
1205 4965 1320 5016 nos,
1355 4951 1418 5002 ab
1464 4951 1636 5017 initio,
1671 4961 1776 5006 etc.
1822 4949 2057 5003 Dillicilis

555 5112 600 5143 ον
626 5113 763 5184 Ger).
795 5129 835 5178 ι,
870 5112 1057 5180 24,25.
1102 5111 1181 5184 3'
1211 5110 1379 5168 llebr.
1421 5127 1520 5179 xu,
1553 5111 1644 5166 eo.
1721 5113 1767 5146 ε’
1809 5113 1978 5171 Exod.
2006 5134 2118 5184 χιχ,
2159 5105 2244 5174 15'.

485 5182 574 5237 78.
655 5183 850 5238 "Psal.
879 5199 1068 5248 cum,
1087 5180 1190 5237 '75.

554 5338 667 5412 (:29)
724 5343 947 5412 August.
1006 5339 1098 5396 lib.
1149 5357 1263 5398 xvu
1312 5339 1390 5394 De
1437 5342 1579 5395 civit.
1639 5339 1754 5405 Dei,
1803 5355 1921 5408 cap.
1967 5341 2001 5394 5
2048 5360 2063 5397 :

490 5427 510 5462 ι
541 5407 670 5462 Mihi
705 5407 844 5466 sicut
877 5423 1105 5465 multum
1137 5414 1386 5466 \ideulur
1411 5425 1614 5473 errare,
1647 5413 1737 5481 qui
1769 5407 1946 5464 nullas
1979 5427 2064 5465 res

487 5487 666 5546 gestas
711 5482 762 5531 in
801 5495 864 5532 ro
900 5496 1096 5548 genere
1133 5484 1433 5534 litterarum
1481 5481 1707 5548 (SClllt'Cl
1759 5483 2061 5546 sacrarum)

479 5549 690 5617 aliquid
736 5549 876 5604 aliud
929 5560 1122 5619 praeter
1157 5553 1207 5604 id
1255 5554 1400 5620 quod
1432 5568 1496 5605 eo
1529 5553 1689 5604 modo
1722 5563 1882 5620 gesta:
1912 5563 2060 5615 sunt,

2169 4402 2364 4457 Manus
2392 4415 2493 4458 tute
2524 4404 2756 4473 fecerunt
2787 4421 2885 4470 me,
2914 4415 2959 4457 et
2995 4404 3388 4473 plasmaverunt
3421 4420 3500 4456 me
3528 4405 3593 4458 ’³.
3626 4406 3753 4470 Quo

2169 4496 2288 4549 loco
2325 4511 2539 4558 manus,
2576 4509 2633 4549 ut
2663 4495 2772 4550 Deo
2802 4497 3024 4566 dignum
3061 4505 3163 4559 est.
3199 4497 3563 4567 intelligenda:
3592 4509 3748 4562 sunt,

2170 4586 2426 4639 nimirum
2492 4601 2590 4654 pro
2665 4585 3019 4640 fabricatione
3081 4587 3194 4640 Dei.
3254 4585 3522 4652 Quoniam
3585 4588 3752 4656 igitur

2172 4677 2490 4742 instaurari,
2515 4687 2676 4746 atque
2702 4679 2769 4730 ah
2796 4693 2984 4732 errore
3013 4680 3256 4733 revocari
3283 4679 3758 4748 hontiuemopor-

2168 4770 2330 4834 lebat,
2360 4782 2466 4837 quo
2497 4769 2710 4822 tandem
2744 4769 2904 4823 modo
2930 4770 2981 4823 id
3012 4770 3126 4824 lieri
3152 4770 3419 4826 deeebatl
3445 4773 3758 4840 prudenter

2158 4873 2307 4916 certe
2354 4871 2407 4916 et
2464 4862 2704 4929 provide.
2764 4862 2904 4916 Nam
2969 4865 3427 4932 quemadmodum
3494 4867 3758 4920 medicus

2158 4955 2357 5008 vulnus
2387 4953 2723 5021 abstergere,
2756 4965 2851 5009 aut
2885 4954 2992 5011 alio
3024 4957 3184 5014 modo
3218 4973 3454 5028 purgare
3489 4963 3757 5025 cupiens,

3417 5121 3462 5149 ⁹¹
3500 5117 3641 5173 Luc.
3697 5137 3757 5184 ι,

2335 5121 2380 5153 ⁹⁰
2415 5121 2549 5178 Gen.
2591 5138 2649 5178 Ill
2674 5161 2689 5188 ,
2727 5120 2781 5177 6.
2857 5123 2902 5154 "
2951 5121 3095 5178 Psal.
3131 5137 3218 5188 cv,
3251 5120 3343 5174 57.

2165 5341 2475 5410 signiﬁcare
2538 5343 2875 5398 arbitrantur
2922 5363 2937 5400 :
2990 5345 3063 5399 ita
3118 5347 3346 5400 multum
3393 5344 3600 5400 audere
3649 5351 3753 5414 qui

2166 5428 2390 5485 prorsus
2428 5415 2498 5468 ibi
2549 5415 2732 5467 omnia
2778 5415 3267 5482 signiﬁcationibus
3302 5416 3610 5485 allegorit-is
3659 5421 3754 5472 in-

2108 5540 2117 5547 ,
2167 5483 2344 5535 voluta
2378 5499 2499 5539 esse
2529 5485 2883 5538 contendunt.
2923 5503 2942 5536 ι
