3996 6206
183 329 357 398 1353

1164 327 1481 388 NICE’I‘AS
1521 321 1598 380 IN
1641 317 1860 379 ORAT.
1903 314 2064 373 XLII
2108 315 2166 374 S.
2199 316 2431 380 GREG.

3306 315 3366 378 13
3383 318 3449 378 5ιὶ

186 445 244 501 si
283 443 547 514 asperius
584 454 796 495 manum
834 441 1139 502 admoveat,
1181 454 1286 492 non
1323 435 1486 490 modo
1519 447 1624 486 non
1659 443 1782 497 pur-
1813 428 1854 479 Λ
1885 423 2011 514 sed_
2042 423 2316 514 sapienter
2374 429 2537 489 atque
2591 421 2865 514 industrie
2908 423 3452 514 perrsrubtractiones

189 534 396 602 gabit,
436 531 528 587 sed
567 531 728 586 etiam
774 530 1011 584 dolorem
1052 527 1267 597 augebit
1308 533 1362 579 et
1404 518 1736 578 exulcerabit
1771 535 1785 569 :

188 625 287 678 sic
321 624 490 679 etiam
521 622 756 675 animam
789 621 1103 674 vulneribus
1139 631 1477 686 oppressam,
1517 611 1622 666 nisi
1665 610 1788 680 quis

191 713 356 766 scite
407 719 461 765 et
505 711 696 764 leniter
737 709 1122 772 attrectaverit,
1154 722 1260 761 non
1297 707 1457 758 modo
1491 700 1622 755 nihil
1668 713 1786 753 eam

187 804 438 869 juverit,
486 803 578 856 sed
629 802 850 869 insuper
924 801 1087 853 etiam
1140 798 1370 862 lzeserit,
1416 810 1480 850 ac
1542 791 1785 860 pervica-

194 893 425 945 ciorem
456 891 720 945 ell'ecerit.
742 888 974 942 Proinde
1010 888 1292 941 violentior
1323 883 1588 937 medicina
1619 896 1785 950 repu-

193 980 418 1033 dianda
455 990 507 1033 et
552 977 842 1047 rejicienda
886 988 1026 1041 erat,
1063 984 1248 1046 utpote
1293 988 1416 1043 qua:
1465 987 1571 1026 non
1615 972 1787 1024 solum

197 1070 471 1124 homines
522 1085 630 1122 non
681 1067 958 1134 ﬂexisset,
1009 1068 1103 1122 sed
1155 1081 1295 1121 novo
1355 1064 1519 1119 etiam
1567 1062 1790 1115 vulnere

196 1162 514 1224 aﬁecisset,
564 1175 628 1214 ac
674 1160 933 1214 scelerate
981 1158 1286 1213 viventibus
1337 1155 1403 1209 ad
1454 1153 1788 1224 peccandum

199 1251 612 1318 impudentiam
648 1249 967 1312 addidisset,
1008 1257 1230 1318 prepter
1273 1253 1614 1301 contractum
1649 1251 1788 1296 tem-

203 1341 376 1411 poris
429 1342 785 1394 diuturnitate
837 1351 1128 1403 tumorem,
1183 1339 1232 1391 id
1285 1345 1388 1402 est,
1437 1344 1656 1404 propter
1702 1333 1786 1387 in-

203 1441 516 1485 vetet-alam
585 1430 840 1500 peccandi
914 1429 1362 1486 consuetudinem
1427 1428 1479 1482 in
1538 1437 1788 1482 naturam

201 1535 562 1575 conversam.
597 1521 948 1579 Consuetudo
995 1521 1136 1574 enim
1181 1528 1343 1589 atque
1391 1518 1609 1574 habitus
1657 1532 1787 1586 pro-

203 1611 508 1675 pemodum
559 1621 766 1665 natura:
827 1614 933 1666 vim
997 1611 1178 1666 habet.
1233 1611 1497 1676 Quocirca
1547 1609 1613 1662 ad
1666 1608 1790 1661 vita:

202 1703 615 1757 correctionem
676 1703 1038 1758 moderatiore
1100 1705 1331 1774 quadam
1394 1703 1519 1756 vitae
1581 1700 1788 1755 ratione

209 1793 564 1848 revocandus
595 1804 710 1846 erat
743 1813 757 1848 :
787 1809 908 1863 quae
951 1794 1169 1864 quidem
1221 1809 1328 1847 non
1372 1792 1606 1847 subitam
1642 1793 1787 1847 sani-

206 1892 385 1938 tatem
427 1884 702 1954 cfllagitat,
748 1901 932 1940 verum
968 1886 1169 1940 sensim
1214 1899 1278 1938 ac
1319 1884 1576 1953 paulatim
1613 1899 1784 1953 aegro-

205 1983 329 2028 tum
377 1977 442 2029 ad
472 1990 590 2029 eam
629 1977 858 2030 reducit.
898 1975 1030 2030 Nam
1074 1976 1309 2030 intortus
1342 1989 1559 2044 quoque
1600 1989 1784 2028 ramus

206 2066 454 2120 subitam
479 2065 548 2120 ab
570 2067 891 2136 obliquitate
918 2067 970 2120 in
1002 2075 1208 2122 rectum
1238 2065 1582 2120 inflexionem
1610 2065 1784 2120 haud-

207 2171 492 2226 quaquam
535 2157 876 2213 sustinuerit.
906 2157 1048 2225 Quin
1079 2159 1283 2229 potius,
1325 2157 1371 2212 si
1411 2157 1534 2227 quis
1563 2165 1786 2226 repente

207 2263 338 2302 eum
378 2262 474 2316 per
515 2249 623 2302 vim
659 2249 937 2319 subrigere
973 2260 1223 2316 conetur,
1258 2251 1418 2304 citius
1461 2250 1636 2319 ipsum
1667 2265 1788 2319 per-

213 2337 462 2407 fregerit,
503 2354 666 2407 quam
711 2339 990 2394 direxerit.
1022 2339 1164 2406 Quin
1208 2341 1373 2394 etiam
1417 2355 1595 2416 equps
1636 2340 1786 2394 ferox

210 2435 265 2480 et
302 2428 620 2492 indomitus,
657 2430 914 2498 mirasque
957 2430 1366 2501 magnitudinis,
1412 2421 1574 2500 atqu'e
1613 2431 1789 2486 aetatis

214 2518 414 2571 ardore
460 2519 702 2576 insolens
749 2523 1166 2591 haudquaquam
1216 2522 1426 2577 frenum
1473 2524 1786 2588 admiserit,

215 2609 324 2662 nisi
378 2612 688 2681 poppysmis
738 2613 1126 2668 demulceatur.
1178 2615 1516 2683 Poppysmus
1571 2624 1786 2679 autem,

217 2701 434 2769 equina:
473 2703 856 2771 permulsionis
903 2720 1074 2773 genus
1105 2715 1206 2759 est.
1253 2703 1408 2770 Quod
1456 2717 1651 2758 nomen
1694 2717 1790 2772 per

217 2795 676 2861 onomatopaziam
723 2795 946 2850 ductum
992 2805 1076 2850 est
1119 2796 1186 2849 ab
1228 2810 1294 2850 eo
1340 2808 1497 2859 sono,
1540 2794 1682 2863 quod
1723 2808 1787 2847 ex

220 2883 548 2951 equisonum
578 2899 670 2940 ore
699 2895 906 2951 manat,
934 2900 1056 2940 cum
1085 2901 1254 2954 equos
1283 2885 1634 2939 adulabundo
1659 2897 1792 2937 con-

220 2985 366 3027 tactu
401 2975 628 3030 delinire
657 2977 894 3030 student.
926 2977 1002 3028 Ac
1033 2977 1278 3044 proinde,
1311 2976 1363 3028 id
1394 2987 1496 3039 est,
1529 2976 1786 3045 quoniam

1891 512 2148 581 paulatim
2207 511 2378 566 factas
2436 525 2535 565 nos
2590 511 2915 566 immutavit.
2977 513 3250 567 [dolorum
3303 515 3448 569 enim

1896 604 2102 658 cultum
2139 601 2294 673 prius
2329 601 2646 666 sustulerat,
2683 611 2737 655 et
2779 603 3045 658 sacriﬁcia
3081 619 3298 673 quoque
3339 607 3451 675 ipsa

1889 694 2202 748 sublaturus
2250 703 2388 756 erat,
2439 700 2600 761 atque
2644 709 2673 746 a
2716 694 3106 748 sacriﬁciorum
3159 697 3346 750 nidore
3387 711 3452 750 ac

1892 783 2156 850 sanguine
2223 783 2288 836 ad
2348 785 2690 837 incruentum
2748 781 3075 836 sacrificium
3136 785 3454 854 cultumque

1891 873 2208 927 rationalem
2251 882 2306 926 et
2349 873 2714 943 evangelicum
2756 874 2968 927 animos
3013 885 3228 930 nostros
3273 877 3454 930 tradu-

1893 975 2102 1018 cturus.
2135 963 2363 1028 Quando
2408 972 2588 1018 autem
2625 964 2677 1017 id
2709 963 2993 1018 facturus?
3033 967 3286 1021 nimirum
3330 983 3452 1020 cum

1895 1069 1993 1109 nos
2019 1055 2080 1107 ad
2109 1054 2468 1109 obedientiam
2504 1055 2638 1109 satis
2663 1054 3001 1111 assuefactos
3022 1065 3075 1110 et
3105 1057 3454 1120 exercitatos,

1895 1153 2055 1213 atque
2085 1144 2198 1211 jam
2231 1152 2375 1198 recte
2405 1159 2467 1198 ac
2495 1145 2755 1213 praeclare
2789 1147 3041 1201 mandatu
3068 1161 3156 1210 eo,
3187 1149 3332 1217 quod
3367 1163 3458 1202 ae-

1893 1247 2230 1302 ceperamus,
2270 1233 2582 1301 perfunctos
2615 1234 2935 1290 invenisset.
2968 1235 3237 1301 Quidnam
3277 1247 3455 1292 autem

1895 1323 2065 1377 illud?
2109 1324 2364 1377 nimirum
2409 1322 2710 1392 perfectum
2753 1325 3020 1379 idolorum
3060 1335 3457 1395 contemptum,

1893 1421 2016 1480 post
2042 1425 2202 1479 quem
2233 1411 2483 1464 victimas
2510 1411 2696 1476 etiam,
2729 1426 2851 1480 qua:
2876 1427 2941 1467 ex
2972 1413 3105 1482 legis
3135 1415 3458 1483 praescripto

1894 1499 2286 1565 oﬂ‘erebantur,
2337 1499 2542 1553 aboleri
2595 1499 2896 1568 oportebat.
2944 1499 3267 1569 Priusquam
3314 1503 3456 1556 enim

1895 1585 2072 1658 primo
2123 1599 2391 1660 praacepto
2441 1605 2646 1646 morem
2693 1592 3080 1660 gessissemus,
3129 1591 3456 1659 superﬂuum

1898 1680 2090 1734 fuisset
2114 1681 2411 1734 secundum
2443 1680 2678 1734 tradere.

1820 1763 1861 1819 Β
1962 1791 2081 1845 Col.
2126 1790 2230 1846 639
2277 1789 2338 1846 c.
2391 1789 2482 1844 Sic
2523 1791 2686 1860 igitur
2723 1801 2879 1860 atque
2925 1790 3005 1844 an
3053 1793 3116 1844 de
3159 1791 3336 1845 causis
3377 1791 3462 1844 lex:

1889 1881 2132 1950 scripta,
2183 1889 2288 1935 etc.
2354 1879 2645 1936 Mosaicam
2706 1879 2922 1949 legem,
2988 1881 3245 1948 scriptam
3302 1891 3461 1935 vocat

1889 1971 2198 2041 Theologus
2240 1971 2304 2026 ad
2339 1971 2699 2026 differentiam
2741 1971 2876 2040 legis
2911 1986 3019 2025 non
3063 1971 3299 2040 scriptae,
3336 1985 3458 2040 qua:

1890 2063 2120 2128 Adamo,
2159 2063 2352 2132 iisque,
2395 2062 2489 2132 qui
2535 2063 2604 2116 ab
2645 2077 2711 2117 eo
2753 2062 3015 2132 originem
3051 2064 3342 2127 duxerunt,
3379 2063 3460 2117 di-

1891 2154 2066 2208 versis
2098 2153 2429 2223 temporibus
2459 2154 2581 2206 data
2612 2161 2714 2207 est.
2752 2151 2846 2207 Vel
2877 2154 3044 2208 etiam
3071 2155 3135 2207 ad
3163 2154 3457 2209 discrimen

1889 2246 2329 2300 constituendum
2393 2245 2535 2298 inter
2583 2259 2704 2299 eam
2753 2256 2807 2299 et
2855 2245 3204 2314 Evangeliunt
3251 2261 3265 2298 :
3317 2248 3459 2314 quod

1890 2337 2052 2391 etiam
2115 2337 2290 2406 ipsum
2348 2335 2513 2389 nullis
2572 2336 2769 2390 litteris
2825 2335 3200 2404 consignatum
3260 2338 3462 2390 sanctis

1891 2428 2154 2498 apostolis
2207 2429 2462 2481 traditum
2519 2435 2623 2482 est.
2675 2426 2751 2480 De
2788 2441 2897 2496 quo
2949 2427 3114 2480 etiam
3170 2425 3310 2480 Deus
3367 2441 3464 2494 per

1891 2519 2178 2574 .Ieremiam
2207 2518 2422 2572 dicebat
2453 2535 2466 2571 :
2503 2516 2616 2572 lloc
2643 2526 2731 2571 est
2761 2525 3142 2571 testamentum
3175 2526 3228 2570 et
3258 2517 3331 2570 fa:
3351 2518 3458 2580 ius,

1893 2611 2038 2680 quod
2085 2625 2208 2664 cum
2244 2609 2348 2664 illis
2397 2609 2586 2662 feriam
2631 2608 2769 2662 dans
2813 2609 2980 2676 leges,
3015 2608 3067 2659 in
3109 2615 3282 2660 mente
3325 2615 3380 2660 et
3407 2608 3460 2659 in

1893 2702 2057 2756 corde
2085 2715 2275 2754 eorum
2313 2700 2607 2754 inscribam
2652 2713 2765 2752 eas.
2811 2697 2978 2766 lgitttr
3023 2699 3104 2752 lex
3156 2697 3354 2765 scripta
3388 2697 3462 2750 ita

1893 2801 1978 2846 est
2025 2793 2170 2857 data,
2213 2801 2272 2845 ut
2316 2792 2760 2856 commemoravi,
2808 2800 2971 2858 atque
3000 2789 3071 2842 ob
3101 2787 3200 2842 bas
3245 2801 3462 2852 causas,

1898 2899 2034 2954 quas
2062 2883 2282 2952 protuli,
2318 2883 2422 2936 hoc
2453 2891 2556 2946 est,
2585 2882 2712 2950 quia
2740 2881 3046 2949 perniciosa
3072 2889 3129 2934 et
3159 2879 3461 2948 periculosa

1894 2985 2011 3029 erat
2061 2973 2348 3044 asperitas,
2379 2973 2572 3026 lenitas
2600 2981 2780 3027 autem
2813 2971 2981 3035 utilis,
3015 2979 3178 3040 atque
3227 2970 3296 3025 ad
3351 2980 3464 3023 tra-

220 3065 508 3132 asperitate
560 3067 868 3133 posthabita
915 3067 1175 3121 leniorem
1223 3081 1286 3120 ac
1333 3065 1637 3121 molliorem
1691 3082 1863 3150 cu-C
1897 3067 2122 3122 claudos
2185 3067 2396 3120 animos
2462 3064 2730 3134 apposita.
2785 3065 2962 3132 Atque
3020 3065 3241 3132 insuper
3294 3063 3465 3116 intro-

221 3154 376 3206 randi
425 3156 662 3209 hominis
723 3158 988 3210 rationem
1048 3159 1172 3227 eligi
1229 3159 1624 3211 conveniebat:
1677 3158 1788 3210 Lex

225 3242 371 3295 nobis
403 3243 456 3294 in
489 3244 767 3308 auxilium,
802 3254 860 3298 ut
890 3244 1040 3298 Isaiae
1065 3245 1244 3299 verbis
1275 3255 1418 3306 utar,
1453 3247 1581 3297 data
1609 3255 1691 3298 est
1716 3247 1785 3298 °".

226 3331 424 3388 Facilis
452 3339 597 3388 enim
627 3344 681 3389 et
714 3336 908 3389 blanda
933 3344 1018 3389 est
1050 3336 1183 3403 legis
1207 3337 1440 3398 curatio,
1471 3336 1661 3389 leniter
1687 3351 1787 3391 nos

227 3424 292 3476 ab
336 3439 523 3479 errore
571 3425 927 3490 abducentis,
973 3433 1135 3493 atque
1181 3425 1248 3478 ad
1295 3425 1574 3479 veritatem
1629 3424 1790 3478 redu-

228 3516 414 3567 centis.
451 3514 528 3566 Ac
567 3513 724 3566 nobis
757 3514 896 3567 muri
929 3514 1213 3582 cujusdam
1243 3525 1294 3568 et
1328 3515 1582 3569 maceriae
1616 3515 1788 3570 vicem

232 3605 446 3672 praebet.
471 3605 936 3670 Quemadmodum
963 3609 1108 3661 enim
1137 3608 1368 3661 maceria
1405 3607 1790 3677 impedimento

231 3705 328 3758 est,
372 3697 684 3764 quominus,
721 3697 813 3765 qui
854 3698 996 3752 intra
1040 3712 1158 3752 eam
1197 3706 1344 3763 sunt,
1382 3713 1504 3752 cum
1547 3700 1790 3753 externis

231 3787 518 3856 iungantur
564 3803 578 3838 :
624 3788 702 3840 sic
746 3787 908 3840 etiam
956 3788 1042 3841 lex
1090 3798 1301 3856 septum
1339 3788 1614 3856 quoddam
1649 3796 1786 3851 erat,

235 3877 368 3929 inter
418 3875 581 3927 Deum
633 3885 796 3942 atque
849 3876 992 3929 idola
1044 3875 1388 3944 interjectutn
1447 3895 1460 3930 :
1513 3885 1672 3946 atque
1720 3881 1788 3932 ab

235 3962 383 4017 idolis
409 3963 625 4031 quidem
654 3977 754 4017 nos
781 3963 1106 4028 abducebat,
1133 3965 1196 4016 ad
1227 3963 1393 4019 Deum
1420 3975 1602 4020 autem
1628 3968 1788 4020 redu-

231 4054 400 4104 cebat.
452 4053 530 4105 Ac
584 4052 737 4114 tnihi,
786 4067 988 4121 quaeso,
1042 4052 1133 4106 Dei
1171 4055 1461 4109 consilium
1507 4065 1561 4109 et
1610 4058 1790 4124 provi-

237 4142 460 4194 dentiam
513 4142 818 4196 considera.
855 4141 1124 4206 Quoniam
1177 4146 1322 4198 enim
1375 4159 1494 4208 nos,
1537 4155 1589 4200 et
1636 4146 1789 4200 bruta

241 4233 522 4286 animantia
553 4234 1017 4300 sacriﬁcabamus,
1053 4237 1217 4304 idque
1263 4238 1444 4302 idolis,
1478 4254 1788 4308 quanquam

241 4323 495 4378 sacriﬁcia
535 4325 651 4392 ipsa
698 4325 884 4379 tollere
917 4336 1078 4395 atque
1122 4328 1384 4398 abrogare
1421 4331 1579 4384 vellet
1623 4330 1787 4396 Deus,

1899 3164 2080 3225 ducta,
2113 3159 2215 3212 hoc
2241 3165 2346 3220 est,
2377 3155 2692 3224 praescripta
2727 3165 2811 3208 est
2842 3155 2949 3220 lex,
2985 3164 3044 3207 ut
3081 3155 3201 3222 ejus
3231 3154 3462 3208 lectione

1897 3253 1962 3306 ad
1990 3249 2266 3304 Creatoris
2296 3247 2628 3316 agnitionem
2657 3246 3040 3298 excitaretnur.
3068 3243 3265 3297 Eodem
3297 3253 3460 3299 ιηοιιο

1896 3340 2158 3397 sacriﬁcia
2190 3346 2410 3408 propter
2454 3335 2874 3390 sacriﬁcantium
2924 3335 3290 3388 inﬁrmitatem
3323 3351 3423 3389 con
3443 3363 3456 3372 -

1900 3446 2052 3486 cessa
2071 3439 2216 3483 sunt.
2238 3426 2333 3482 His
2347 3426 2488 3480 enim
2510 3426 2733 3488 assueti,
2755 3423 3171 3493 haudquaquam
3192 3439 3256 3479 ea
3273 3427 3457 3479 statim

1901 3521 2135 3590 abjit-ere
2173 3517 2563 3588 potuissemus.
2596 3515 2772 3583 Atque
2802 3515 2915 3569 haec
2962 3515 3352 3570 sacriﬁciorum
3383 3527 3466 3570 est

1900 3612 2059 3673 ratio,
2094 3608 2145 3662 id
2175 3617 2278 3671 est,
2307 3621 2496 3670 causa,
2531 3615 2590 3659 ut
2627 3605 2846 3674 quidem
2892 3620 3010 3660 mea
3043 3614 3126 3660 est
3168 3607 3328 3671 ratio,
3363 3608 3464 3660 hoc

1899 3711 2002 3764 est,
2051 3709 2110 3754 ut
2151 3704 2266 3770 ipse
2299 3712 2591 3768 cognosco.
2625 3695 2749 3751 Haec
2790 3707 2972 3750 autem
3023 3699 3191 3765 figura
3221 3712 3250 3751 a
3287 3699 3465 3753 rheto-

1899 3793 2054 3847 ribus
2097 3791 2411 3846 extenuatio
2459 3790 2683 3853 dicitur,
2729 3802 2836 3858 qua
2890 3787 3216 3857 cognitionis
3263 3803 3327 3842 ac
3369 3791 3465 3845 do-

1898 3883 2087 3936 ctrina;
2116 3897 2228 3936 sua:
2272 3881 2590 3935 tenuitatem
2637 3877 2937 3948 praetendit,
2974 3887 3228 3946 tanquam
3259 3879 3466 3934 scilicet

1899 3974 2037 4027 alius
2066 3973 2336 4043 quispiam
2370 3972 2602 4026 fortasse
2629 3969 3005 4026 sublimiorem
3033 3981 3252 4022 causam
3281 3968 3466 4023 animo

1899 4066 2188 4133 concipere
2239 4079 2306 4118 ac
2350 4064 2590 4129 proferre
2634 4044 2818 4128 queat,
2868 4073 3032 4126 quam
3086 4059 3156 4110 sit
3201 4073 3263 4112 ea
3299 4075 3460 4126 quam

1901 4158 2016 4226 ipse
2049 4151 2325 4224 produxit.
2365 4153 2506 4219 Ergo
2551 4151 2667 4203 haec
2699 4149 2918 4217 quidem
2956 4147 3224 4202 sacriﬁcia
3256 4147 3327 4202 ob
3369 4151 3465 4202 has

1899 4250 2138 4304 rationes
2172 4245 2438 4315 permissa
2491 4250 2638 4296 sunt.
2681 4239 2746 4294 Ut
2791 4249 2968 4294 autem
3015 4240 3332 4295 immensam
3381 4241 3463 4293 di‘

1899 4341 2037 4392 vina:
2098 4334 2378 4405 sapientiae
2428 4329 2854 4402 profunditatem
2911 4329 3216 4398 intelligas,
3279 4330 3460 4384 omnia

243 4429 458 4483 seseque
505 4417 682 4479 nobis,
735 4426 792 4469 ut
839 4417 1102 4486 integram
1153 4423 1438 4474 sanitatem
1489 4439 1784 4493 conseque-
1821 4421 1874 4479 Ι)
1900 4431 2172 4500 sapienter
2195 4441 2257 4480 ac
2277 4439 2439 4495 supra
2471 4422 2748 4476 hominum
2788 4419 3165 4488 cogitationem
3195 4420 3462 4480 facientis,

244 4525 434 4573 rentur,
484 4509 916 4578 cognoscendum
971 4509 1258 4576 praebere;
1331 4522 1506 4568 tautcn
1556 4515 1792 4568 subitam

249 4603 583 4656 mulationem
621 4616 762 4670 mgre
805 4599 1017 4653 admitti
1067 4615 1418 4669 cognoscens,
1457 4603 1521 4654 ad
1566 4603 1796 4656 infirmi-

248 4700 393 4744 tatem
427 4702 669 4745 nostram
705 4707 762 4743 se
793 4691 1033 4756 demisit,
1065 4705 1129 4744 ac
1157 4692 1370 4744 duobus
1410 4691 1566 4747 malis
1601 4708 1796 4762 propo-

250 4781 374 4843 sitis,
398 4783 567 4836 altero
587 4783 804 4850 quidem
833 4783 1104 4852 graviore,
1134 4796 1327 4849 nempe
1349 4781 1440 4834 Dei
1471 4785 1794 4850 ignorantia,

252 4871 403 4923 altero
433 4883 612 4923 autem
656 4873 877 4935 leviore,
913 4873 1172 4925 nimirum
1217 4873 1460 4925 cruentis
1490 4872 1791 4935 sacriﬁciis,

255 4962 298 5014 id
328 4963 457 5030 quod
501 4964 670 5016 levius
704 4974 837 5024 erat,
885 4964 983 5015 hoc
1028 4973 1131 5026 est,
1167 4964 1460 5026 sacriﬁcia,
1496 4963 1794 5018 inﬁrmitati

256 5066 430 5110 nostra:
477 5055 771 5116 concessit,
807 5064 882 5116 ut,
932 5058 1073 5122 quod
1124 5056 1302 5123 majus
1333 5066 1469 5118 erat,
1505 5058 1794 5124 acciperet,

258 5148 343 5200 hoc
368 5155 466 5212 est,
504 5155 562 5200 ut
592 5147 769 5214 ipsum
803 5160 990 5198 verum
1023 5143 1189 5199 Deum
1229 5161 1703 5214 cognosceremus,
1734 5164 1796 5202 ac

259 5244 419 5304 postea
478 5234 762 5289 commodo
810 5245 1051 5303 tempore
1099 5234 1364 5287 sacriﬁcia
1413 5249 1631 5305 quoque
1677 5237 1793 5305 ipsa

261 5326 465 5391 tolleret,
489 5335 652 5394 atque
685 5327 735 5379 id
770 5327 1106 5382 adorationis
1133 5342 1326 5396 genus,
1353 5329 1498 5398 quod
1521 5330 1572 5384 in
1597 5331 1789 5399 spiritu

259 5426 304 5470 et
345 5418 558 5472 veritate
607 5418 856 5472 consistit
892 5420 962 5484 ",
1011 5419 1392 5474 introduceret.
1448 5421 1653 5476 Idcirco
1701 5440 1794 5476 ne-

261 5523 502 5579 quaquam
539 5511 741 5574 omnia,
794 5527 922 5580 (ιιιςιῖ
962 5513 1205 5579 volebat,
1256 5515 1418 5568 simul
1472 5517 1790 5581 constituit,

319 5677 356 5706 "
395 5674 494 5730 lsa.
541 5690 670 5736 \‘III,
703 5673 774 5726 20
817 5689 926 5730 sec.
977 5674 1135 5729 LXX.
1240 5678 1284 5706 "
1319 5675 1476 5729 Joan.
1518 5692 1590 5742 tv,
1625 5676 1715 5731 2i.

550 5769 818 5829 PATROL.
863 5770 978 5827 Gn.
1026 5767 1338 5829 CXXVII.

1901 4532 2061 4590 atque
2111 4529 2170 4572 ut
2215 4518 2409 4571 uberes
2453 4523 2508 4568 et
2542 4513 2841 4566 luculentas
2894 4511 3460 4578 impervestigabilium

1902 4615 2026 4681 (hoc
2062 4620 2168 4675 est,
2203 4624 2322 4678 quae
2355 4622 2460 4661 non
2506 4604 2667 4658 modo
2701 4618 2805 4656 non
2845 4601 3122 4671 cognosci,
3154 4601 3248 4654 sed
3281 4615 3348 4655 ne
3385 4601 3463 4652 iu-

1901 4703 2041 4772 quiri
2078 4702 2294 4772 quidem
2340 4707 2589 4766 possunt,
2622 4696 2793 4765 ipsius
2819 4692 3150 4762 iudiciorum
3195 4700 3245 4744 et
3287 4690 3464 4743 consi-

1903 4799 2098 4848 liorum
2153 4791 2371 4845 divitias
2415 4789 2660 4858 cognitas
2708 4786 2926 4848 habeas,
2974 4797 3040 4838 ne
3085 4781 3200 4850 ipsa
3246 4779 3460 4848 quidem

1903 4884 2169 4942 sacriﬁcia
2199 4882 2470 4950 paulisper
2495 4891 2775 4939 concessa,
2805 4873 3046 4943 mysterii
3071 4870 3246 4925 omnis
3271 4883 3462 4937 exper-

1901 4979 1971 5032 tia
2005 4976 2220 5044 reliquit
2255 4974 2368 5042 (Gr.
2416 4971 2625 5038 a'vispat,
2661 4968 2712 5023 id
2747 4978 2850 5029 est,
2884 4965 3021 5019 nihil
3055 4970 3462 5016 sacrosanctum

1899 5076 1952 5120 et
1989 5063 2271 5133 spirituale
2311 5070 2471 5128 atque
2505 5058 2856 5126 allegoricum
2890 5051 3166 5118 habentia)
3239 5065 3338 5102 nec
3380 5048 3459 5100 itt-

1901 5156 2074 5217 utilia,
2105 5153 2156 5205 id
2184 5159 2288 5216 est,
2322 5150 2386 5202 ad
2419 5149 2554 5202 nihil
2595 5147 2882 5202 sublimius
2917 5143 3249 5199 conferentia
3278 5151 3328 5194 et
3362 5143 3457 5194 uti-

1905 5249 2107 5300 litatem
2139 5241 2435 5306 aﬁcrentia,
2468 5255 2565 5294 nec
2594 5241 2648 5293 in
2677 5238 2822 5293 nudo
2847 5247 2900 5290 et
2927 5235 3157 5304 simplici
3197 5234 3463 5300 sanguine

1899 5338 2094 5391 deﬁxa.
2125 5333 2315 5388 Nudus
2339 5342 2516 5386 autem
2543 5330 2764 5400 sanguis
2789 5329 3003 5392 dicitur,
3027 5327 3116 5396 qui
3145 5323 3460 5393 simpliciter

1900 5439 1953 5482 et
1986 5428 2138 5496 juxta
2167 5407 2385 5480 sensum
2432 5421 2698 5486 futtditnr,
2748 5435 2847 5474 nec
2892 5417 3131 5489 mysterii
3169 5415 3461 5485 quidquam

1901 5521 2212 5573 abstrusum
2243 5530 2306 5569 ac
2338 5513 2669 5568 reconditum
2717 5513 2898 5567 habet.
2940 5509 3092 5578 Quod
3127 5523 3298 5576 genus
3338 5519 3463 5567 διηιι

3043 5763 3113 5824 43
