4050 6198
551 284 687 345 1355

1967 279 2218 338 ADDEN
2231 280 2346 340 DA.

3659 294 3792 358 1356

548 401 830 476 geutdiuni
871 398 1157 454 sacriﬁcia.
1206 396 1411 450 lloruin
1468 397 1612 450 enim
1669 397 1894 466 sanguis
1940 396 2117 449 nudus
2145 405 2192 454 Α
2222 397 2420 451 sionem
2473 397 2659 455 ductus
2688 413 2787 468 est,
2825 413 2873 458 et
2907 405 3042 458 sicut
3097 422 3260 477 agnus
3321 410 3569 465 innocens
3615 430 3796 466 coram

550 511 756 552 tantum
802 502 940 555 erat,
971 489 1166 558 quippe
1208 489 1298 556 qui
1333 502 1430 542 nec
1471 502 1564 554 per
1612 486 1873 555 Spiritum
1911 486 2118 540 sancti-

550 593 822 649 tiearetur,
873 596 974 635 nec
1023 579 1248 634 alterius
1298 577 1547 631 sacriﬁcii
1599 579 1825 646 ﬁguram
1874 586 2116 646 gereret,

2222 495 2464 548 tondente
2482 511 2535 548 se
2557 497 2818 551 obmutuit
2838 516 2860 553 .:
2879 500 2952 553 sic
2988 516 3091 554 non
3125 505 3327 572 aperuit
3355 521 3410 559 os
3430 523 3581 559 suum
3600 508 3669 561 ⁹⁹.
3688 506 3796 563 Nec

2223 599 2356 640 vero
2415 597 2632 657 propter
2678 591 3041 646 innocentiam
3075 596 3250 649 solun)
3279 611 3455 667 agnus
3478 599 3797 662 assumitur,

547 681 675 750 quin
704 675 884 746 potius
909 671 1084 728 fmdus
1107 680 1163 725 et
1187 669 1468 724 satanicus
1497 678 1660 738 atque
1687 668 1925 724 exitialis
1950 676 2115 721 esset.
2145 660 2186 726 β
2224 677 2315 730 sed
2350 677 2514 732 etiam
2548 682 2697 747 quia,
2730 685 3188 750 quemadmodum
3236 660 3353 743 ovi;
3403 689 3716 744 indumenta
3737 660 3803 745 ea—

546 769 699 836 Quod
750 773 931 818 autem
979 759 1258 830 sapientia:
1318 758 1740 826 profunditatem
1793 758 1904 822 ait,
1959 767 2122 826 atque

542 846 1062 928 impervestigabilia
1087 849 1292 919 judicia
1320 847 1437 909 Dei,
1467 848 1568 902 hoc
1595 847 1662 901 ab
1687 847 1946 915 Apostolo
1971 862 2121 900 sum-

547 954 686 1024 psit,
718 949 811 1020 qui
847 948 909 1001 ad
946 945 1224 999 Romanos
1265 941 1532 1001 scribens.
1573 940 1656 994 his
1689 937 1865 994 verbis
1907 938 2118 991 utitur:

550 1046 593 1100 0
645 1040 873 1096 altitudo
918 1036 1224 1090 divitiarum
1277 1033 1551 1104 sapientia:
1596 1040 1643 1084 et
1687 1031 1928 1084 scientim
1977 1029 2120 1083 Dei!

547 1152 705 1206 quant
738 1128 1220 1201 imperscrutabilia
1251 1135 1373 1179 sunt
1406 1124 1614 1193 judicia
1655 1122 1791 1192 ejus,
1820 1129 1867 1176 et
1910 1122 2122 1176 investi-

547 1229 746 1298 gabiles
779 1225 874 1278 vite
907 1222 1022 1290 ejus
1051 1221 1132 1273 ’δι
1169 1221 1233 1271 Ει
1278 1218 1330 1269 in
1379 1216 1550 1285 Epist.
1599 1214 1664 1268 ad
1710 1213 1910 1282 Ephes.
1941 1228 1954 1264 :
1991 1211 2120 1264 .lli/ii

549 1319 784 1372 omnium
846 1323 1146 1368 sanctorum
1195 1310 1412 1362 minimo
1460 1308 1588 1360 data
1641 1317 1715 1358 est
1764 1306 1938 1373 gratia
1969 1305 2119 1368 liceo,

548 1413 601 1462 in
654 1407 892 1478 gentibus
953 1403 1312 1472 erangelizare
1371 1397 1863 1466 impervestigabiles
1910 1397 2123 1449 divitias

547 1500 749 1554 Christi
783 1499 848 1550 ’⁷.
891 1495 995 1549 Sed
1022 1495 1134 1563 jam
1168 1493 1233 1546 ad
1265 1490 1534 1546 sacriﬁcia
1567 1490 1875 1552 redeamus,
1907 1503 1970 1542 ac
2001 1504 2120 1544 eum

547 1591 825 1659 Theologo
859 1588 1130 1648 dicamus,
1177 1583 1368 1647 Deum,
1426 1597 1550 1636 cum
1606 1581 1720 1636 haec
1768 1582 2121 1650 permisisset,

552 1683 975 1750 haudquaquam
1029 1674 1350 1746 infrugifera
1383 1689 1447 1728 ea
1491 1673 1801 1743 reliquisse,
1851 1688 2036 1727 verum
2071 1675 2122 1726 in

551 1776 636 1830 liis
686 1771 890 1828 Christi
943 1767 1262 1840 mysterium
1325 1766 1474 1821 velut
1520 1765 1573 1820 in
1622 1768 1795 1836 ligura
1847 1764 2121 1819 defossum

548 1882 712 1940 atque
748 1865 1044 1920 immistum
1087 1862 1278 1918 fuisse.
1315 1860 1513 1931 Figura
1547 1861 1690 1916 enim
1736 1861 2122 1931 mysteriorum

547 1959 753 2016 Christi
804 1973 835 2012 a
890 1955 1173 2025 Scriptura
1238 1954 1506 2024 appellata
1559 1962 1728 2018 sunt,
1780 1951 2125 2023 victimaeque

548 2053 713 2115 illius,
750 2065 914 2121 quam
964 2061 1214 2118 magnam
1255 2053 1310 2100 et
1355 2045 1776 2100 iinmactabilem
1817 2044 2123 2116 Gregorius

550 2153 726 2199 vocat.
757 2141 812 2195 In
844 2155 952 2210 quo
984 2135 1526 2193 animadvertendum
1559 2144 1664 2200 est,
1692 2135 1835 2205 quod
1867 2150 2120 2206 magnam

549 2235 720 2299 dicit,
772 2245 880 2285 non
941 2237 1122 2284 autem
1187 2227 1493 2297 majorem,
1557 2233 1616 2280 ut
1664 2226 2123 2296 comparationem

550 2340 769 2383 omnem
788 2338 911 2379 cum
937 2322 1104 2378 altera
1126 2319 1360 2390 quadam
1387 2316 1581 2386 fugiat.
1603 2317 1891 2373 Vielimam
1917 2324 2123 2381 autem,

551 2421 697 2489 quod
744 2431 841 2486 pro
875 2414 1077 2470 mundo
1122 2426 1259 2468 casa
1301 2412 1393 2478 sit,
1425 2418 1690 2480 quantum
1734 2410 1800 2464 ad
1845 2409 2123 2464 humilita-

553 2523 661 2563 tem
693 2527 706 2562 :
742 2504 1164 2562 immactabilem
1209 2502 1464 2572 denique,
1502 2513 1766 2570 quantum
1797 2501 1862 2556 ad
1894 2502 2124 2570 primam

551 2613 826 2666 naturam,
872 2598 973 2653 hoe
1003 2606 1108 2662 est,
1140 2595 1506 2662 divinitatem,
1537 2609 1660 2664 quae
1687 2607 1788 2649 nec
1825 2607 1987 2663 passa
2018 2604 2123 2656 est,

551 2711 654 2750 nec
684 2692 984 2749 immolata.
1034 2687 1217 2744 Prima
1263 2699 1466 2752 autem,
1516 2696 1711 2742 natura
1756 2687 2012 2742 divinitas
2042 2687 2124 2742 di-

552 2783 716 2843 citur,
751 2790 864 2834 tum
915 2788 974 2833 ut
1024 2777 1376 2848 principium,
1419 2772 1536 2830 tum
1582 2786 1640 2830 ut
1687 2775 1917 2829 aliarum
1968 2784 2126 2829 natu-

553 2887 740 2927 rarum
775 2885 941 2924 causa
967 2909 980 2932 ,
1020 2878 1134 2920 tum
1170 2867 1335 2920 etiam
1372 2876 1650 2935 postremo
1685 2874 1744 2918 ut
1783 2864 2126 2923 humanitate

553 2956 923 3032 praestantior.
981 2955 1118 3009 Cum
1179 2965 1357 3007 autem
1429 2969 1593 3006 unum
1657 2963 1820 3020 atque
1871 2953 2120 3008 eumdem

2222 784 2344 836 qua:
2381 784 2448 822 ex
2506 770 2628 824 lana
2671 783 3072 841 contexuntur,
3108 778 3268 834 nobis
3321 780 3632 850 suppeditat
3672 784 3803 836 :sie

2223 861 2386 914 etiam
2417 860 2692 927 Christus,
2734 875 2930 920 nostrae
2963 870 3152 924 salutis
3172 885 3334 925 causa
3367 883 3660 934 mactatus.
3714 875 3800 928 in-

2225 952 2541 1008 (iumentum
2571 955 2732 1010 nobis
2767 958 3024 1020 efﬁcitur,
3059 971 3114 1014 et
3143 963 3362 1029 quidem
3399 963 3472 1017 ita
3504 965 3723 1026 efﬁcax,
3743 975 3804 1016 ut

2225 1044 2690 1102 immortalitatem
2723 1049 2933 1115 aﬂ‘erat,
2960 1067 3154 1122 nempe
3175 1070 3270 1123 per
3290 1055 3642 1124 baptismum.
3665 1055 3803 1108 Illud

2226 1147 2404 1192 autem
2475 1139 2899 1211 incorruptionis
2952 1145 3354 1210 indumentum,
3416 1163 3479 1201 ex
3517 1147 3807 1200 Octahiblu

2225 1229 2560 1285 Clementina
2601 1244 2880 1302 sumptum
2941 1245 3046 1301 est,
3095 1238 3182 1291 ubi
3241 1238 3355 1292 hazc
3411 1240 3574 1291 verba
3627 1249 3806 1294 sunt:

2228 1319 2298 1374 Ut
2341 1321 2532 1390 dignos
2555 1337 2650 1378 eos
2675 1324 2870 1380 habeat
2908 1325 3124 1382 lavacro
3152 1329 3608 1398 regenerationis,
3657 1333 3811 1398 quod

2227 1413 2654 1483 iucorruptionis
2692 1417 3068 1473 indumentum
3111 1429 3216 1474 est.
3249 1421 3539 1475 Enimvero
3562 1422 3811 1489 perfecta

2227 1500 2366 1569 Ovis,
2397 1506 2543 1574 quod
2577 1507 2644 1562 ad
2676 1509 2875 1562 realem
2905 1525 3126 1566 sensum
3155 1513 3368 1575 attinet,
3413 1527 3475 1566 ea
3539 1523 3645 1574 est,
3686 1530 3815 1582 quae

2226 1607 2426 1647 annum
2470 1610 2637 1649 unum
2687 1597 2922 1666 explevit
2980 1601 3124 1670 (agni
3155 1601 3423 1670 siquidem
3467 1605 3630 1657 unius
3674 1605 3814 1658 anni

2227 1685 2403 1754 spatio
2426 1685 2478 1739 in
2513 1685 2776 1754 integram
2822 1698 3034 1743 aetatem
3079 1691 3431 1759 adolescunt)
3460 1710 3477 1760 ;
3511 1693 3814 1762 allegorice

2227 1786 2410 1830 autem
2441 1779 2699 1845 quoniam
2731 1778 2987 1836 Christus
3011 1798 3228 1849 quoque
3255 1793 3307 1838 et
3344 1784 3621 1853 perfectus
3661 1783 3817 1838 Deus

2225 1877 2280 1922 et
2302 1867 2577 1937 perfectus
2591 1869 2754 1924 homo
2777 1878 2882 1927 est.
2914 1871 3048 1926 Nam
3069 1889 3170 1928 nec
3199 1874 3480 1928 divinitate
3503 1874 3815 1943 quidquam

2226 1962 2538 2031 perfectius,
2573 1971 2760 2032 utpote
2801 1980 2832 2020 a
2877 1981 2982 2035 qua
3038 1967 3300 2036 perfectio
3343 1969 3409 2024 ad
3470 1969 3575 2024 alia
3620 1971 3815 2025 omnia

2226 2063 2544 2124 promanct:
2581 2056 2881 2112 divinitatis
2916 2073 3080 2127 porro
3110 2059 3262 2128 signa
3295 2062 3478 2114 omnia
3509 2063 3563 2114 in
3583 2061 3820 2117 Christo

2226 2145 2537 2200 elucebant.
2577 2147 2718 2212 Quin
2755 2148 2919 2202 etiam
2978 2150 3315 2217 humanitas,
3347 2152 3637 2208 divinitate
3691 2169 3824 2222 per-

2227 2245 2412 2302 uncta,
2441 2237 2494 2292 id
2536 2237 2677 2292 facta
2713 2249 2818 2305 est,
2861 2241 3005 2308 quod
3046 2257 3109 2296 ea
3135 2257 3280 2311 pars,
3320 2257 3348 2294 a
3377 2259 3484 2311 qna
3537 2256 3820 2311 per-uncta

2225 2337 2326 2394 est,
2361 2330 2464 2384 hoc
2494 2339 2597 2410 est,
2632 2330 2939 2386 divinitatis
2972 2332 3144 2394 socia,
3178 2349 3290 2387 non
3327 2334 3548 2404 quidem
3585 2342 3823 2398 natura,

2226 2418 2319 2472 sed
2384 2416 2690 2474 divinitatis
2751 2421 3166 2486 consecutione,
3219 2421 3693 2489 quemadmodum
3769 2433 3826 2478 et

2225 2507 2432 2562 ferrum
2465 2506 2693 2577 ignitum
2721 2506 2862 2578 ignis
2891 2507 3090 2564 dicitur
3117 2523 3224 2562 non
3249 2517 3461 2572 natura,
3481 2509 3576 2563 sed
3597 2507 3824 2562 inﬂam-

2228 2601 2489 2654 matione.
2528 2597 2715 2669 Neque
2753 2601 2896 2656 enim
2939 2615 2968 2655 a
3007 2601 3224 2670 propria
3272 2609 3465 2655 natura
3525 2601 3819 2670 migravit.

2227 2691 2439 2746 Rursus
2468 2691 2631 2744 etiam
2651 2691 2741 2760 pio
2778 2707 2939 2746 sensu
2973 2693 3252 2747 Dominica
3278 2707 3406 2747 caro
3437 2690 3585 2745 Deus
3607 2692 3822 2746 dicitur

2228 2791 2450 2850 propter
2481 2796 2751 2836 summam
2785 2782 3064 2837 unionem.
3097 2781 3238 2848 Quin
3289 2783 3358 2836 ob
3403 2783 3543 2836 hanc
3582 2797 3818 2852 quoque

2226 2887 2450 2927 causam
2483 2871 2752 2942 perfectus
2791 2881 2875 2926 est
2895 2872 3165 2937 Christus,
3195 2872 3322 2940 quia
3351 2872 3497 2926 nulla
3522 2871 3578 2925 in
3609 2887 3674 2926 eo
3696 2873 3827 2940 jus-

2228 2965 2357 3019 titia:
2372 2978 2497 3033 pars
2514 2963 2872 3018 desideratur.
2889 2963 2962 3017 Ita
2982 2979 3216 3034 namque
3231 2965 3297 3020 de
3333 2966 3511 3032 seipse
3527 2964 3818 3031 loquitur:

553 3051 836 3108 ΟΙιΐῖειυηι
897 3057 1189 3102 "130lan
1255 3044 1416 3100 δίιυυί
1477 3053 1640 3112 anluc
1703 3045 2121 3101 Ῐωιυῧοιεὺίιεῐῐι
2152 3058 2196 3118 C
2227 3053 2316 3109 Sic
2337 3055 2474 3108 enim
2505 3055 2650 3108 decet
2679 3071 2771 3108 nos
2795 3055 3010 3122 implere
3035 3074 3237 3110 omnem
3263 3057 3573 3125 justitiam'.
3611 3055 3768 3108 Tum
3799 3076 3813 3110 :

557 3145 805 3208 dixisset,
835 3143 998 3211 idque
1040 3139 1315 3209 amigmati
1356 3137 1573 3194 cuidam
1617 3138 1792 3193 simile
1833 3153 1952 3193 esse
1997 3153 2127 3194 sen-

556 3241 704 3302 tiret,
737 3235 1022 3303 subjunxit
1051 3250 1065 3288 :
1093 3230 1163 3286 Ut
1193 3232 1270 3286 ita
1311 3230 1523 3300 loquar,
1568 3231 1651 3286 his
1680 3231 1860 3287 verbis
1897 3231 2125 3297 Scilicet,

551 3331 694 3402 quod
725 3329 919 3385 durius
951 3336 1114 3398 atque
1145 3325 1411 3382 audacius
1442 3325 1645 3380 dictum
1690 3325 1857 3380 videri
1892 3336 2126 3396 poterat,

553 3421 860 3479 emollieus.
913 3422 992 3475 Ac
1046 3417 1203 3485 mihi,
1248 3432 1455 3487 quaeso,
1509 3418 1910 3486 incomparatas
1966 3418 2129 3472 hasce

553 3512 994 3583 comparationes
1041 3509 1302 3579 expende.
1352 3507 1595 3562 Primum
1649 3509 1917 3563 victimam
1963 3507 2128 3576 Chri-

555 3616 700 3660 stum
726 3603 1049 3664 nominavit,
1074 3616 1182 3655 non
1211 3599 1493 3669 majorem,
1520 3615 1615 3669 per
1639 3598 2125 3668 comparationem,

554 3697 647 3749 sed
695 3708 953 3762 magnam
1013 3691 1353 3759 simpliciter,
1409 3689 1606 3744 deinde
1658 3689 2080 3743 inunectabilem
2111 3727 2124 3753 ,

560 3793 751 3854 postea
799 3782 969 3836 totius
1009 3780 1158 3833 orbis
1205 3789 1471 3833 terrarum
1519 3780 1904 3846 sempiternam
1941 3779 2128 3847 expia-

555 3877 768 3939 tricem,
815 3885 926 3927 non
958 3879 1138 3924 autem
1173 3884 1352 3939 parva:
1396 3868 1682 3938 cujusdam
1729 3869 1920 3937 partis,
1953 3885 2130 3938 neque

556 3967 623 4022 ad
665 3976 877 4020 certum
925 3978 988 4017 ac
1029 3962 1190 4015 breve
1235 3960 1452 4031 aliquod
1503 3971 1735 4028 tempus,
1770 3959 2128 4029 quemadmo-

553 4063 682 4113 dum
719 4057 910 4127 legalia
957 4054 1044 4108 illa
1100 4052 1390 4114 sacriﬁcia,
1442 4068 1561 4121 qua:
1609 4053 1783 4106 solam
1815 4051 2127 4107 Judaeorum

554 4150 856 4218 regionem,
907 4146 1008 4198 hoc
1057 4153 1161 4208 est,
1209 4146 1559 4214 perexiguam
1609 4143 1758 4198 orbis
1807 4144 2126 4213 particulam

555 4239 896 4300 lustrabant,
944 4248 1108 4304 atque
1155 4233 1222 4288 ad
1269 4235 1432 4290 breve
1467 4235 1745 4304 quoddam
1799 4244 2031 4303 tempus,
2077 4243 2130 4287 et

557 4330 722 4385 certis
766 4328 983 4400 ﬂagitiis
1023 4327 1309 4397 eXpiandis
1350 4328 1601 4383 instituta
1642 4337 1820 4381 erant.
1868 4325 2130 4395 Deinceps

551 4423 821 4478 enimaliis
835 4419 1240 4490 aspersionibus
1255 4419 1827 4488 atqueexpiationibus
1839 4435 1975 4489 opus
1994 4428 2130 4473 erat.

624 4512 743 4568 Col.
769 4509 874 4565 659
909 4509 1224 4564 C.Proimle
1252 4524 1417 4578 agnus
1450 4507 1679 4578 quidem,
1717 4510 1998 4578 accipitur,
2029 4518 2136 4563 etc.

553 4603 806 4667 Proinde,
843 4601 898 4656 id
933 4609 1036 4666 est,
1090 4601 1218 4670 quia
1255 4599 1518 4670 legalibus
1577 4598 1868 4653 sacrificiis
1903 4597 2131 4662 Christi,

553 4698 732 4767 magni
780 4694 1060 4759 sacrilicii,
1097 4693 1281 4761 ﬁgura:
1315 4691 1574 4759 inspersa;
1620 4697 1797 4743 erant.
1855 4689 2131 4756 Seriptum

551 4795 634 4843 est
654 4789 799 4842 cuitu
828 4789 880 4840 in
915 4784 1137 4839 Exodo:
1163 4782 1401 4849 Accipiat
1422 4781 1771 4849 unusquisque
1794 4795 1984 4849 agnum
2010 4795 2129 4847 pcr-

551 4881 772 4948 fectum,
795 4876 1114 4940 masculum,
1145 4873 1450 4926 anniculam
1467 4871 1534 4926 ⁸⁸.
1557 4871 1710 4936 Quod
1723 4880 1900 4925 autem
1929 4873 2005 4924 ait
2024 4871 2124 4923 irii-

553 4972 907 5030 maculatum,
933 4967 985 5019 in
1015 4967 1198 5019 Exodo
1226 4980 1332 5018 non
1357 4964 1610 5026 habetur,
1640 4962 1734 5017 sed
1787 4977 1851 5015 ex
1888 4962 2127 5016 Levitico

552 5070 828 5131 sumptum
847 5069 950 5116 est.
973 5059 1074 5114 Ubi
1101 5058 1382 5127 permultae
1410 5057 1477 5110 de
1494 5055 1889 5109 sacriﬁciorum
1918 5053 2126 5106 ratione

553 5157 698 5224 leges
748 5159 986 5206 exstant.
1043 5150 1225 5219 igitur
1278 5149 1349 5203 ad
1411 5147 1613 5201 Christi
1676 5147 1900 5215 figuram
1956 5160 2128 5212 agnus

554 5247 843 5313 accipitur,
903 5253 1126 5314 propter
1173 5240 1572 5311 simplicitatem
1628 5249 1682 5292 et
1735 5238 2126 5292 innocentiam.

559 5336 738 5403 Neque
771 5337 936 5400 enim,
977 5338 1140 5390 etiam
1169 5349 1295 5388 cum
1329 5334 1395 5387 ad
1430 5347 1616 5385 necem
1647 5331 1899 5404 trahitur,
1926 5328 2129 5382 vocife-

559 5434 730 5489 ratur,
773 5440 1043 5489 nec,cum
1104 5426 1379 5488 tondetur,
1437 5424 1655 5475 clamat.
1709 5419 1910 5474 Eodem
1963 5420 2126 5471 modo

545 5515 826 5582 Christus,
860 5525 919 5570 ut
944 5526 1029 5570 est
1067 5513 1447 5583 apud‘lsaiam,
1475 5523 1724 5581 tauquam
1759 5512 1867 5563 ovis
1892 5510 1960 5562 ad
1986 5511 2126 5562 occi-

620 5681 669 5713 νδ
701 5677 861 5730 iloin.
897 5690 971 5741 xi,
1009 5674 1100 5728 '55.
1136 5676 1176 5707 ⁸⁷
1203 5673 1405 5743 Ephes.
1441 5689 1522 5739 in,
1558 5675 1609 5738 ὃ,
1637 5673 1690 5726 9-

1769 5672 1812 5703 θε
1853 5670 2017 5724 Exod.
2065 5685 2159 5734 xu,
2221 5669 2329 5736 4,5.

2232 3145 2338 3211 Sit,
2362 3146 2832 3216 inquit,masculus
2857 3163 3022 3214 agnus
3047 3164 3068 3212 ;
3093 3164 3208 3203 mas
3229 3149 3425 3203 etenim
3458 3147 3670 3202 femina
3693 3163 3818 3216 per-

2231 3238 2444 3302 fectior,
2475 3246 2528 3292 et
2551 3237 2858 3308 principatu
2885 3238 3121 3308 dignior.
3153 3238 3245 3294 Sic
3267 3239 3528 3292 nimirum
3552 3236 3818 3291 Chrisuis

2229 3343 2447 3399 quoque
2476 3337 2690 3384 natura:
2722 3343 2816 3383 rex
2841 3339 2946 3394 est,
2982 3340 3044 3384 ut
3073 3345 3192 3384 mas
3221 3330 3455 3392 fcmime,
3490 3343 3555 3382 ac
3575 3330 3818 3396 proinde

2232 3419 2407 3474 totius
2465 3419 2723 3474 humanae
2770 3429 3000 3486 naturae,
3065 3421 3221 3490 quasi
3269 3420 3468 3474 nubilis
3521 3419 3828 3487 cujusdam

2230 3508 2423 3577 puellae
2451 3509 2603 3565 solus
2637 3524 2875 3577 sponsus
2905 3518 3008 3573 est,
3040 3511 3132 3578 qui
3162 3512 3358 3564 animis
3379 3510 3582 3564 nostris
3615 3510 3814 3580 cogni-

2231 3597 2394 3652 tionis
2411 3596 2607 3652 divinae
2634 3597 2844 3652 semina
2867 3598 3288 3654 insevitJ’rzetcr
3306 3599 3402 3653 has
3423 3599 3586 3653 etiam
3613 3613 3818 3653 causa

2231 3689 2369 3743 hanc
2394 3703 2609 3757 quoque
2642 3688 2868 3743 adducit
2904 3689 3606 3759 Grcgorius,curChristus
3639 3707 3819 3760 agnus

2231 3781 2509 3836 masculus
2536 3780 2628 3841 sit,
2659 3780 2917 3836 nimirum
2949 3782 3076 3851 quia
3107 3797 3202 3851 pro
3224 3782 3433 3835 Adamo
3461 3782 3812 3850 potissimum

2230 3869 2447 3924 oblatus
2469 3879 2571 3923 est.
2605 3868 2740 3922 Illud
2770 3881 2949 3924 autem
2992 3871 3335 3940 potissimum
3399 3870 3650 3924 ostendit
3691 3886 3812 3924 eum

2230 3961 2477 4016 mulieris
2510 3976 2729 4034 quoque
2767 3977 2932 4017 causa
2959 3964 3204 4016 oblatum
3238 3961 3429 4026 luisse,
3461 3962 3566 4015 etsi
3631 3964 3815 4032 potius

2231 4066 2330 4120 pro
2366 4053 2502 4115 viro,
2530 4056 2788 4122 quoniam
2819 4055 2932 4124 ipse
2963 4068 3182 4122 quoque
3216 4053 3434 4122 gravius
3464 4065 3811 4120 peccaverat,

2232 4151 2291 4196 ut
2317 4143 2407 4212 qui
2428 4154 2482 4198 et
2501 4145 2725 4200 lirmiori
2743 4146 2926 4199 animo
2945 4145 3202 4214 pra'ditus
3225 4152 3388 4207 esset,
3418 4153 3471 4197 et
3489 4145 3812 4198 mandatum

2231 4233 2550 4302 accepisset.
2577 4233 2809 4288 Firmior
2841 4234 3024 4302 itaque
3043 4234 3270 4286 muliere
3294 4233 3573 4285 Adauius:
3603 4231 3815 4285 ﬁrmior

2237 4330 2416 4374 autem
2479 4337 2542 4375 ac
2599 4323 2876 4377 robustior
2904 4323 3130 4376 Adamo'
3157 4324 3430 4378 Christus.
3463 4320 3560 4377 Ille
3590 4325 3746 4376 enim
3786 4342 3813 4371 ξι

2239 4419 2462 4480 peccato
2508 4422 2798 4482 superatus
2837 4421 2919 4466 est
2958 4432 2971 4468 :
3008 4413 3262 4468 Christus
3293 4424 3472 4468 autem
3526 4423 3816 4481 peccatum

2231 4502 2413 4573 fregit,
2442 4513 2496 4558 et
2532 4505 2853 4574 profligavit.
2885 4506 3067 4571 Quare
3106 4521 3211 4560 non
3248 4507 3345 4560 abs
3375 4522 3433 4560 re
3453 4521 3554 4575 pro
3586 4507 3818 4559 robusto

2232 4596 2511 4649 robustior
2549 4607 2819 4651 mactatus
2849 4608 2948 4651 est.
2972 4597 3108 4663 Quid
3137 4599 3208 4652 ita
3247 4600 3270 4651 ‘l
3295 4599 3578 4666 quoniam,
3609 4597 3816 4664 inquit,

2231 4685 2473 4742 Adanius
2501 4687 2707 4756 primus
2739 4689 2792 4742 in
2830 4698 3110 4757 peccatum
3145 4689 3360 4742 incidit.
3397 4688 3565 4756 Atqui
3614 4688 3818 4741 mulier

2233 4779 2384 4846 prior
2412 4780 2654 4847 peccavit
2679 4778 2702 4831 ?
2729 4777 2821 4833 Est
2848 4780 3063 4850 quidem
3102 4783 3192 4834 ita.
3223 4778 3419 4833 Verum
3444 4780 3571 4847 quia
3602 4788 3819 4830 natura:

2235 4869 2580 4924 imbecillitas
2615 4879 2894 4938 peccatum
2922 4870 3095 4938 ipsius
3133 4871 3304 4923 levius
3329 4868 3610 4932 reddebat,
3635 4877 3818 4920 totum

2232 4963 2440 5015 crimen
2470 4960 2679 5015 Adaino
2722 4961 3058 5030 assignatum
3108 4970 3212 5016 est.
3248 4961 3426 5029 Atque
3488 4960 3606 5012 haec
3633 4962 3818 5027 prima

2232 5063 2318 5108 est
2347 5055 2506 5117 ratio,
2527 5069 2627 5108 cur
2645 5054 2897 5109 Christus
2925 5054 3204 5109 masculus
3233 5054 3468 5107 dicatur.
3488 5052 3678 5106 Altera
3713 5063 3818 5115 est,

2231 5131 2359 5212 quia
2384 5145 2636 5200 Christus
2677 5145 2813 5198 nihil
2845 5146 2897 5198 in
2930 5161 2989 5200 se
3023 5145 3318 5198 femineum
3355 5143 3540 5206 habet,
3570 5145 3678 5196 hoc
3710 5156 3815 5198 est.

2232 5236 2396 5290 molle
2437 5247 2490 5291 et
2522 5238 2758 5291 solutum
2790 5235 2856 5290 ad
2897 5237 3250 5306 voluptatem,
3302 5252 3368 5290 ac
3411 5251 3479 5288 ne
3532 5237 3820 5289 tantillum

2235 5326 2452 5394 quidem
2488 5328 2551 5381 ad
2596 5328 2847 5382 vitiosum
2881 5327 3050 5382 ullum
3087 5327 3341 5382 allectum
3374 5327 3639 5394 elanguit.
3679 5327 3821 5379 Ter-

2231 5423 2327 5483 tia,
2353 5418 2478 5486 quia
2532 5418 2758 5487 insignis
2799 5430 2881 5474 est
2914 5419 3118 5474 Christi
3159 5421 3436 5488 potentia:
3476 5417 3621 5471 hanc
3665 5421 3819 5472 enim

2232 5511 2543 5566 violentiam
2577 5522 2753 5576 vocat,
2780 5526 2884 5580 qua
2916 5512 3152 5565 adhibita
3187 5521 3378 5579 praeter
3405 5518 3617 5562 natura:
3669 5511 3822 5579 ‘CS.S

2409 5669 2452 5700 ⁹⁹
2488 5670 2588 5725 lsa.
2623 5684 2742 5734 LIII,
2781 5671 2830 5724 7.
2912 5671 2926 5701 ¹
2970 5667 3166 5724 Matth.
3205 5684 3286 5736 ut,
3318 5666 3403 5724 15.
