4050 6198
287 303 423 374 1357

1246 295 1569 360 NICETAS
1609 292 1691 357 IN
1734 294 1961 356 ORAT.
2004 294 2169 355 XLII
2213 295 2273 356 S.
2318 294 2548 356 GREG.

3407 297 3542 360 i358

284 413 878 493 virginitatis°cl2ustra
898 411 1133 483 aperuit,
1157 411 1303 466 virili
1326 425 1623 481 congressu
1651 424 1859 480 nequa-
1887 412 1938 470 Α
1966 409 2031 463 Ει
2053 407 2516 480 quemadmodum
2550 407 2631 463 sol
2656 415 2921 479 quantum
2980 408 3200 478 quidem
3238 406 3305 461 ad
3359 409 3541 465 lumen

283 525 449 584 quam
491 513 752 563 reserata.
795 502 1049 574 Virginea
1098 511 1280 557 autem
1313 512 1367 556 et
1425 511 1670 556 materna
1726 515 1859 555 con-

278 601 464 672 junxit
513 605 737 668 propter
787 595 865 649 rei
930 594 1275 648 miraculum.
1337 591 1464 647 Hice
1526 592 1669 647 enim
1725 593 1856 658 duo,

286 706 479 763 nempe
504 688 787 761 virginitas
813 695 860 742 et
898 693 1108 757 partus,
1152 686 1241 741 hie
1268 678 1691 741 concurrerunt.
1737 683 1856 741 Jan:

285 782 567 841 Christum
599 793 816 850 quoque
862 778 1161 833 masculum
1201 778 1366 833 Isaias
1417 779 1686 844 nominat,
1732 791 1859 833 cum

286 874 402 931 ait:
448 873 517 927 Et
557 872 757 927 accessi
782 870 851 925 ad
878 870 1285 941 prophetissam,
1316 877 1366 923 et
1390 869 1643 939 concepit,
1673 878 1722 923 et
1772 884 1862 936 pe-

284 968 419 1035 perit
449 965 646 1036 ﬁlium,
670 980 732 1018 ac
753 964 1061 1034 priusquam
1088 971 1276 1031 partus
1299 959 1451 1015 dolor
1481 961 1699 1015 venisset
1727 960 1863 1029 effu-

286 1063 382 1132 git,
413 1070 462 1114 et
506 1055 800 1111 mascutum
835 1055 1029 1123 peperit
1053 1054 1099 1107 '.
1136 1050 1487 1121 Prophetissa
1544 1051 1709 1116 enim,
1742 1058 1863 1105 erat

287 1151 541 1221 Deipara,
569 1158 754 1219 utpOIc
782 1148 847 1203 de
870 1164 931 1203 se
952 1145 1239 1202 vaticinata
1268 1162 1282 1205 ;
1314 1142 1449 1199 Ecce
1472 1145 1634 1209 enim,
1662 1144 1860 1215 inquit,

289 1245 495 1299 beatam
529 1256 609 1294 me
635 1240 802 1293 dicent
836 1254 1011 1294 omnes
1067 1238 1423 1308 generationes
1446 1236 1485 1289 ³.
1509 1235 1684 1306 Atque
1737 1237 1861 1300 erit,

292 1334 490 1405 inquit,
521 1330 813 1385 anniculus
843 1329 928 1382 vel
962 1336 1226 1398 quantum
1275 1330 1342 1382 ad
1385 1341 1623 1397 tempus,
1678 1342 1748 1380 ne
1804 1334 1863 1380 ut

291 1426 642 1496 imperfectus
678 1420 974 1490 rejiciatur,
1002 1421 1047 1475 si
1072 1420 1318 1474 nondum
1353 1435 1559 1474 annum
1585 1418 1862 1472 vittelem-

291 1533 391 1584 pus
442 1513 785 1584 expleverit:
827 1511 908 1565 vel
956 1510 1083 1580 quia
1148 1511 1581 1566 anniversarium
1636 1508 1863 1565 Pascha:

289 1607 486 1662 festum
543 1602 869 1659 celebraturi
924 1611 1099 1667 erant,
1144 1602 1211 1656 ‘id
1260 1611 1344 1657 est
1371 1600 1604 1671 singulis
1659 1600 1860 1663 annis,

287 1705 475 1767 utpote
497 1695 639 1750 bona
661 1694 821 1749 nobis
842 1708 939 1764 per
989 1693 1302 1763 passionem
1334 1704 1650 1764 comparata
1694 1692 1865 1747 lucri-

288 1789 569 1844 facientes.
602 1785 909 1841 Anniculus
943 1785 1105 1839 etiam
1135 1800 1309 1856 agnus
1355 1785 1424 1840 ob
1482 1799 1604 1840 eam
1641 1788 1866 1840 causam

287 1880 611 1941 assumitur,
639 1875 768 1946 quia
824 1889 1002 1930 novus
1028 1874 1083 1929 in
1119 1888 1261 1929 terra
1297 1884 1380 1929 est
1433 1873 1717 1942 Dominus,
1770 1889 1869 1930 nec

288 1970 578 2025 vetustatis
609 1969 859 2023 humana
888 1967 1184 2037 quidquam
1226 1968 1451 2022 habens.
1501 1967 1869 2034 Quamobrem

292 2062 339 2118 si
373 2062 498 2131 quis
529 2059 869 2115 divinitatem
908 2057 1172 2114 beneficio
1214 2066 1271 2112 et
1325 2057 1497 2128 gratia
1548 2071 1868 2113 concessam

294 2152 527 2209 Domino
579 2153 707 2209 Iesu
757 2150 952 2216 fuisse,
994 2166 1059 2207 ac
1102 2163 1213 2205 non
1253 2164 1437 2205 veram
1465 2164 1589 2206 esse
1651 2149 1868 2215 asserit,

293 2247 382 2301 ille
410 2244 709 2300 masculum
737 2258 933 2313 agnum
974 2257 1088 2312 pro
1119 2256 1177 2296 se
1197 2250 1487 2297 mactatum
1518 2255 1628 2296 non
1687 2242 1869 2296 habet.

293 2336 577 2393 Consimili
622 2335 783 2392 modo
805 2336 848 2389 si
884 2334 1009 2406 quis
1038 2333 1176 2390 senii
1207 2348 1272 2389 ac
1306 2333 1591 2389 vetustatis
1623 2335 1871 2389 liamante

292 2430 590 2500 quidquam
624 2428 689 2483 ad
730 2426 1008 2483 Christum
1049 2422 1235 2491 refert,
1270 2424 1360 2480 hic
1390 2424 1701 2480 anniculum
1762 2424 1898 2478 non'

296 2522 480 2576 habet.
511 2519 654 2586 Quin
693 2517 856 2573 etiam
882 2517 1178 2572 anniculus
1205 2515 1738 2571 Christusdicendus
1765 2520 1869 2577 est,

294 2621 355 2668 ut
384 2611 465 2667 sol
491 2609 735 2681 iustitiae,
772 2610 926 2679 juxta
963 2607 1097 2662 illud
1135 2606 1450 2662 Malachiae:
1487 2604 1704 2661 Orietur
1727 2606 1871 2660 vobis

296 2701 601 2757 timentibus
635 2716 821 2754 nomen
882 2714 1052 2753 meum
1074 2697 1169 2753 Sol
1184 2698 1411 2768 justitiaz
1427 2697 1467 2753 ".
1505 2696 1622 2764 Quo
1651 2698 1771 2752 loco
1792 2697 1873 2752 sol

298 2792 554 2847 Christus
580 2790 799 2855 dicitur,
857 2791 1087 2858 primum
1136 2789 1263 2858 quia
1290 2788 1600 2858 spirituales
1653 2795 1874 2842 nostros

298 2894 517 2948 sensus,
535 2880 905 2950 mundumque
921 2894 1135 2934 omnem
1156 2879 1518 2935 intellectilem
1544 2879 1831 2934 eollustrat
1859 2893 1873 2940 ;

301 2971 499 3027 deinde
542 2970 672 3041 quia
703 2984 868 3025 causa
902 2976 1002 3034 est,
1036 2984 1131 3023 cur
1163 2969 1344 3023 omnia
1376 2970 1505 3033 sint,
1547 2978 1600 3024 et
1628 2968 1871 3038 gignant,

303 3075 358 3118 et
380 3069 650 3127 crescant,
708 3073 772 3116 ac
818 3058 1059 3115 fructum
1113 3057 1412 3129 proferant.
1469 3059 1609 3112 Tum
1656 3056 1784 3129 quia
1818 3066 1873 3112 et

303 3155 595 3223 praesentia
620 3168 719 3209 sua
760 3153 966 3218 lucem,
1018 3162 1072 3207 et
1113 3152 1361 3206 absentia
1413 3151 1667 3206 tenebras
1696 3146 1870 3205 affert.

303 3246 502 3299 Adhaec
529 3244 652 3314 quia
675 3253 917 3312 tempora
932 3239 1121 3307 efﬁcit,
1148 3240 1251 3295 hoc
1275 3250 1380 3305 est,
1408 3241 1602 3294 animae
1623 3240 1872 3293 virtutes.

306 3334 443 3389 Tum
470 3336 600 3405 quia
631 3332 698 3388 ad
732 3332 1019 3387 utilitatem
1057 3330 1241 3385 omnia
1287 3330 1584 3398 dispensat,
1621 3341 1730 3382 non
1787 3342 1876 3383 sc-

280 3425 484 3501 ‘cunda
513 3434 722 3478 tantum
744 3432 797 3479 et
816 3437 1099 3494 prospera,
1126 3436 1315 3477 verum
1342 3420 1503 3475 etiam
1531 3433 1654 3488 qua:
1679 3418 1875 3474 acerba

305 3517 576 3579 videntur,
610 3532 714 3570 non
746 3529 906 3572 secus
933 3529 995 3569 ar
1027 3512 1111 3569 sul
1159 3513 1247 3567 hic
1299 3520 1523 3581 aspectu
1576 3509 1872 3575 sensibilis,

305 3624 418 3663 non
434 3607 581 3662 veris
607 3607 867 3661 duntaxat
889 3613 943 3660 et
963 3604 1169 3660 aestatis
1200 3617 1365 3659 causa
1388 3610 1491 3669 est,
1511 3600 1605 3657 sed
1625 3600 1876 3653 autumni

311 3708 365 3755 et
399 3698 618 3753 hiemis.
639 3696 703 3751 Et
729 3694 1188 3766 quemadmodum
1213 3695 1362 3764 prius
1385 3693 1567 3748 lumen
1597 3691 1874 3746 conditum

307 3796 413 3853 est,
442 3786 637 3841 deinde
657 3785 748 3840 illa
768 3784 994 3840 luminis
1019 3782 1238 3849 domus,
1259 3783 1361 3835 hoc
1392 3789 1475 3835 est
1492 3779 1625 3836 solis
1643 3793 1875 3848 corpus:

307 3891 390 3932 sic
421 3876 668 3933 Christus
702 3876 791 3930 lux
822 3874 912 3930 illa
947 3888 1095 3941 vera,
1120 3872 1419 3929 secundum
1456 3871 1693 3932 divinam
1720 3884 1875 3925 suam

313 3978 557 4030 naturam
586 3969 736 4038 prius
759 3976 896 4033 erat,
930 3965 1230 4022 secundum
1285 3964 1645 4035 posteriorem
1694 3972 1875 4017 autem

310 4060 666 4115 humanitatis
711 4067 767 4113 et
808 4057 987 4113 carnis
1017 4056 1451 4125 assumptionem
1474 4055 1607 4110 solis
1661 4054 1877 4123 corpori

310 4151 616 4222 comparari
644 4157 842 4221 potest.
875 4149 1051 4218 Atque
1080 4149 1150 4204 ob
1184 4162 1279 4202 eas
1302 4160 1498 4201 causas
1520 4145 1602 4200 sol
1624 4145 1878 4200 Christus

312 4243 626 4299 nominatur
660 4241 932 4311 :justitia:
962 4251 1166 4305 autem,
1226 4248 1285 4292 ut
1323 4252 1541 4292 onmem
1594 4236 1649 4291 in
1697 4236 1877 4305 seipso

310 4347 421 4391 tam
459 4336 699 4391 divinam
747 4349 911 4405 quam
940 4334 1229 4388 humanam
1264 4332 1514 4386 virtutem
1537 4329 1877 4400 complexus.

1902 1771 1941 1825 Β

1902 3108 1945 3166 C

1968 501 2180 565 attinet,
2208 500 2586 557 circumscribi
2618 516 2725 555 non
2757 509 2957 571 potest,
2983 512 3246 572 quantum
3272 509 3453 557 autem
3474 505 3542 557 ad

1968 594 2157 649 orbem
2234 609 2420 658 suum,
2455 594 2904 664 circumscriptus
2954 603 3090 650 est:
3140 594 3220 648 sic
3268 593 3542 658 Christus,

1968 677 2233 755 quantum
2288 686 2357 740 ad
2387 685 2729 741 divinitatem
2764 686 2915 740 nullo
2969 685 3131 741 modo
3168 684 3542 741 circumscribi

1969 790 2174 849 potest,
2237 790 2498 850 quantum
2546 781 2613 835 ad
2653 790 2858 849 partem
2921 781 3216 849 visibilem,
3255 781 3308 837 id
3342 791 3445 846 est,
3474 782 3544 837 ad

1969 884 2215 936 carnem,
2246 872 2701 942 circumscriptus
2722 883 2821 926 est.
2871 874 3045 943 Atque
3074 874 3238 928 etiam
3293 873 3557 939 Christus,

1972 960 2250 1016 benedicta
2278 977 2478 1017 corona
2508 963 2861 1035 benignitatis
2902 973 3010 1030 est,
3033 965 3190 1034 juxta
3228 965 3358 1021 illud
3386 965 3553 1027 Davis

1970 1051 2152 1106 dicum
2176 1071 2190 1106 :
2218 1051 2502 1109 Benedices
2526 1071 2736 1111 corona:
2765 1057 2894 1110 anni
2928 1057 3260 1127 benignitatis
3296 1065 3400 1111 tute
3428 1057 3469 1110 ⁸.
3502 1058 3547 1109 A

1972 1143 2087 1197 sole
2122 1143 2339 1212 quidem
2363 1159 2559 1206 annus.
2591 1145 2659 1200 ab
2694 1160 2842 1201 anno
2894 1154 3075 1201 autem
3109 1162 3308 1203 corona
3367 1157 3547 1201 trans-

1973 1243 2188 1304 sumpta
2210 1243 2292 1289 est
2317 1234 2752 1306 (quadripartitis
2777 1236 2922 1291 enim
2953 1238 3290 1307 temporibus
3308 1238 3547 1292 circulus

1972 1325 2101 1380 anni
2123 1327 2339 1380 cinctus
2369 1326 2474 1395 est)
2496 1341 2527 1381 a
2552 1341 2753 1381 corona
2786 1342 2978 1383 rursus
2992 1328 3273 1399 aequalitas
3302 1347 3315 1381 :
3342 1343 3547 1383 corona

1973 1418 2116 1472 enim
2155 1426 2376 1488 propter
2408 1418 2670 1472 circulum
2716 1418 2942 1488 aequalis
2969 1429 3070 1475 est.
3093 1421 3307 1476 Corona
3366 1418 3550 1492 itaque

1972 1508 2226 1565 Christus
2255 1517 2361 1573 est,
2410 1516 2600 1579 utpote
2644 1510 2982 1565 credentium
3031 1513 3245 1568 animos
3274 1529 3550 1570 exornans

1974 1609 2134 1671 atque
2149 1601 2545 1656 condecorans.
2608 1601 2799 1655 Annus
2819 1612 2999 1656 autem
3021 1601 3393 1673 benignitatis,
3414 1614 3553 1659 tem-

1975 1708 2077 1762 pus
2110 1691 2239 1746 illud
2272 1699 2409 1758 erat,
2441 1705 2552 1761 quo
2574 1691 2829 1748 Christus
2866 1693 3108 1748 bonitate
3141 1703 3343 1760 motus,
3373 1695 3548 1750 Evan-

1973 1784 2172 1856 gelium
2198 1783 2602 1853 promulgabat,
2646 1786 3111 1854 quemadmodum
3166 1788 3233 1843 de
3259 1803 3324 1843 eo
3378 1787 3549 1843 lsaias

1974 1875 2200 1945 inquit:
2259 1873 2641 1946 anngelizare
2693 1878 3010 1946 pauperibus
3049 1881 3190 1934 misit
3240 1897 3338 1948 me,
3366 1898 3553 1938 vocare

1972 1983 2170 2023 annum
2198 1966 2414 2020 Domini
2433 1968 2805 2036 acceptabitem
2826 1969 2868 2022 ⁸.
2900 1968 3042 2039 Ergo
3068 1985 3268 2026 corona
3291 1972 3443 2028 omni
3483 1988 3551 2028 ex

1973 2069 2126 2127 parte
2145 2057 2248 2113 sibi
2269 2057 2495 2127 aequalis
2524 2066 2626 2112 est.
2648 2059 2859 2113 Etenim
2874 2060 2919 2114 si
2938 2062 3062 2130 quis
3084 2061 3281 2117 lineam
3298 2079 3330 2118 a
3353 2079 3551 2135 super-

1975 2163 2045 2204 na
2088 2147 2531 2203 circumferentia
2562 2148 2631 2202 ad
2653 2148 2967 2205 inferiorem
2999 2152 3246 2220 duxerit,
3269 2171 3333 2211 ac
3353 2172 3548 2212 ruzsus

1976 2240 2326 2294 transversim
2343 2238 2482 2293 idem
2508 2239 2718 2305 fecerit,
2737 2241 2964 2311 aequalia
2986 2242 3269 2299 intervalla
3294 2247 3550 2312 reperiet.

1978 2331 2185 2387 Similis
2213 2333 2340 2388 item
2392 2331 2493 2387 sibi
2543 2347 2746 2387 corona
2780 2342 2888 2401 est,
2923 2336 3049 2405 quia
3092 2339 3240 2393 omni
3277 2354 3340 2393 ex
3401 2350 3554 2409 parte

1982 2422 2176 2479 similis
2227 2423 2397 2493 ipsius
2434 2424 2604 2492 figura
2664 2426 2954 2481 cernitur:
3014 2408 3370 2500 uudiquaque
3402 2408 3550 2485 enim

1977 2515 2213 2569 rotunda
2242 2514 2745 2572 cernitur.Proinde
2775 2529 2830 2573 et
2879 2516 3155 2586 Christus,
3187 2530 3454 2591 quantum
3482 2522 3553 2576 ad

1983 2605 2402 2668 humanitatem,
2458 2606 2812 2677 benignitatis
2862 2624 3065 2665 corona
3116 2612 3336 2675 dicitur,
3373 2626 3431 2667 ut
3483 2629 3552 2669 ex

1979 2695 2233 2750 omnibus
2264 2686 2562 2752 virtutibus
2594 2698 2886 2764 conflatus,
2935 2715 3034 2755 nec
3066 2701 3233 2755 ullum
3291 2703 3553 2759 bonitatis

1972 2786 2308 2857 iustitiaeque
2340 2788 2500 2842 linem
2538 2789 2763 2856 habens,
2788 2791 2949 2861 cujus
2968 2790 3195 2861 iustitia:
3227 2795 3443 2865 propria
3467 2802 3555 2849 est

1978 2877 2281 2946 aequalitas,
2318 2877 2370 2932 id
2402 2887 2506 2944 est,
2538 2888 2596 2933 ut
2621 2895 2719 2934 nee
2751 2883 2995 2946 excedat,
3022 2898 3124 2937 nec
3149 2884 3391 2941 deﬁciat.
3412 2883 3549 2940 Nam

1980 2982 2241 3023 excessus
2267 2977 2322 3023 et
2368 2967 2631 3035 defectus,
2658 2985 2766 3026 non
2806 2986 2836 3024 a
2875 2976 3072 3027 virtute
3104 2989 3205 3029 nec
3257 2989 3288 3029 a
3336 2975 3553 3044 justitia

1980 3058 2253 3122 oriuntur,
2284 3058 2376 3114 sed
2396 3074 2425 3113 a
2457 3060 2588 3115 vitio
2617 3070 2669 3115 et
2691 3062 2981 3129 iniustitia.
3012 3064 3077 3118 Et
3096 3066 3553 3133 quemadmodum

1979 3154 2060 3207 sol
2102 3153 2414 3221 quantitate
2461 3152 2689 3220 aequalis
2710 3164 2814 3216 est,
2856 3162 2914 3207 ut
2981 3170 3080 3209 nec
3118 3171 3420 3225 augescens
3448 3174 3553 3213 nec

1977 3242 2325 3306 decrescens,
2343 3239 2602 3310 qualitate
2619 3240 2782 3294 etiam
2809 3240 3027 3307 similis,
3051 3244 3222 3313 utqui
3251 3259 3352 3300 nec
3371 3247 3554 3316 seipse

1978 3330 2228 3394 calidior,
2249 3345 2348 3384 nec
2380 3329 2626 3400 frigidior
2660 3331 2755 3385 liat
2787 3347 2802 3385 :
2839 3332 2921 3386 sic
2945 3332 3129 3386 divina
3165 3334 3254 3388 illa
3281 3345 3334 3390 et
3356 3335 3556 3391 immu-

1978 3420 2159 3477 tabilis
2189 3429 2379 3474 natura
2408 3435 2582 3491 neque
2603 3423 2907 3477 secundum
2945 3410 3329 3492 quantitatem,
3376 3442 3554 3497 neque

1978 3512 2278 3566 secundum
2300 3510 2643 3580 qualitatem,
2663 3526 2838 3582 neque
2863 3513 3160 3568 secundum
3192 3514 3355 3569 ullam
3386 3516 3548 3572 aliam

1978 3609 2162 3657 motus
2194 3601 2430 3670 speciem
2492 3610 2766 3657 movetur.
2808 3600 3046 3657 Proinde
3083 3613 3137 3658 ει
3200 3606 3424 3674 aequalis
3470 3616 3557 3662 est

1978 3692 2257 3756 Christus,
2295 3700 2357 3746 ut
2419 3704 2521 3746 nec
2560 3690 2629 3746 ad
2666 3706 2952 3747 excessum
3012 3691 3315 3757 declinans,
3353 3708 3453 3749 nec
3487 3694 3557 3750 ad

1978 3781 2275 3845 defectum,
2304 3782 2397 3837 sed
2430 3795 2646 3836 onmem
2674 3781 2894 3838 virtutis
2922 3784 3553 3853 aequalitatemhabcns:

1978 3884 2035 3931 et
2063 3875 2192 3928 item
2238 3873 2487 3943 aequalis,
2555 3881 2615 3927 ut
2660 3874 2794 3929 nihil
2847 3875 3188 3930 contrarium
3258 3876 3314 3931 in
3369 3876 3551 3947 seipso

1977 3964 2295 4033 ostendens,
2329 3965 2561 4020 autaliis
2585 3979 2903 4035 suggerens,
2936 3980 3124 4021 verum
3153 3965 3354 4021 similia
3374 3969 3558 4025 omnia

1981 4066 2094 4110 tum
2124 4054 2348 4121 faciens,
2396 4064 2509 4109 tum
2558 4055 2785 4109 docens.
2821 4053 2933 4109 Nec
2968 4069 3098 4109 vero
3124 4054 3195 4109 ob
3227 4056 3326 4110 has
3358 4057 3557 4113 dunta-

1983 4155 2075 4202 xat
2103 4159 2301 4199 causas
2337 4144 2422 4200 sol
2448 4143 2703 4197 Christus
2728 4141 2951 4208 dicitur,
2987 4144 3286 4213 sedetiam
3328 4156 3389 4200 ut
3445 4148 3558 4201 vir-

1982 4245 2158 4293 tutum
2184 4234 2453 4289 circulum
2481 4234 2829 4302 progignens.
2861 4231 3133 4289 Virtutum
3170 4237 3314 4291 enim
3344 4239 3557 4293 semina

1985 4329 2191 4383 nostris
2244 4325 2443 4380 animis
2500 4324 2662 4381 insita
2691 4324 2855 4391 fovet,
2891 4333 3054 4397 atque
3094 4328 3164 4383 ad
3223 4328 3557 4385 fertilitatem

315 4425 407 4481 Vel
425 4426 552 4496 quia
573 4426 802 4496 iustitia:
830 4425 1007 4479 omnis
1038 4423 1362 4477 mortalibus
1387 4431 1471 4477 est
1499 4429 1711 4486 auctor,
1738 4436 1879 4490 quo-
1912 4443 1957 4497 ι)
1983 4427 2183 4478 movet,
2216 4431 2324 4471 non
2358 4430 2518 4472 secus
2549 4424 2714 4484 atque
2740 4416 2822 4471 sol
2851 4418 3131 4473 sensibilis
3161 4430 3400 4489 quatuor
3423 4423 3555 4474 anni

311 4517 455 4572 niam
480 4517 546 4573 ad
570 4532 695 4572 eum
721 4515 1065 4572 referendum
1086 4522 1170 4568 est
1196 4513 1456 4581 quidquid
1475 4512 1544 4566 ab
1565 4513 1878 4567 hominibus

311 4618 457 4664 tecto
485 4623 550 4663 ac
577 4623 703 4663 cum
735 4607 891 4662 laude
920 4605 1143 4677 geritur.
1196 4601 1293 4659 Est
1323 4613 1377 4659 et
1409 4604 1513 4657 alia
1540 4617 1729 4666 causa,
1780 4616 1879 4656 cur

310 4701 562 4756 Christus
583 4701 665 4755 sol
686 4697 1005 4769 appelletur,
1030 4697 1287 4752 nimirum
1317 4704 1374 4750 ut
1403 4704 1706 4763 temporum
1724 4707 1878 4747 crea-

313 4802 420 4858 tor,
455 4790 916 4862 quemadmodum
962 4788 1055 4843 hic
1114 4802 1331 4858 quoque
1373 4786 1456 4841 sol
1511 4793 1699 4839 noster
1751 4782 1878 4837 anni

309 4886 530 4941 effector
564 4895 673 4942 est.
719 4885 898 4953 Atque
927 4892 989 4937 ut
1023 4883 1112 4937 hic
1154 4895 1298 4936 anno
1349 4887 1617 4942 vertente,
1640 4878 1705 4931 ad
1737 4877 1875 4930 idem

310 4987 595 5047 punctum,
621 4991 651 5030 a
711 4988 821 5045 quo
858 4988 1078 5028 cursum
1096 4973 1408 5041 auspicatus
1427 4966 1624 5031 fuerat,
1649 4965 1880 5022 revolvi-

314 5069 656 5123 tur:eodcm
702 5066 863 5120 modo
908 5063 1161 5118 Christus
1208 5078 1238 5115 a
1286 5061 1468 5116 divina
1526 5058 1696 5129 gloria
1741 5060 1875 5112 citra

310 5161 679 5230 egressionem
737 5171 1011 5227 egressus,
1065 5153 1493 5223 dispensationis
1544 5166 1659 5206 sua:
1710 5165 1875 5205 cursu

311 5260 556 5321 peracto,
576 5265 771 5304 rursus
794 5248 860 5302 ad
886 5247 1124 5314 seipsum
1154 5258 1404 5299 reversus
1433 5252 1540 5309 est,
1574 5244 1677 5296 hoc
1697 5253 1781 5295 est
1812 5241 1879 5294 ad

314 5343 600 5411 pristinam
626 5344 851 5410 gloriam
877 5348 930 5394 et
948 5338 1264 5407 potentiam.
1293 5333 1428 5389 Hinc
1445 5334 1608 5404 igitur
1630 5333 1882 5388 Christus

316 5432 599 5502 profectus
640 5440 743 5498 est,
766 5441 930 5499 atque
958 5430 1064 5484 huc
1095 5428 1264 5492 venit,
1297 5427 1402 5482 hoc
1424 5436 1508 5482 est
1534 5440 1600 5480 ex
1643 5424 1804 5479 Patre
1831 5431 1887 5477 et

321 5525 482 5592 λκιο,
509 5540 620 5596 quo
638 5523 885 5581 confecto
902 5524 1094 5579 salutis
1113 5532 1311 5579 nostra:
1341 5523 1576 5590 negotio,
1598 5530 1657 5574 se
1673 5517 1884 5584 recipit.

390 5683 410 5713 ¹
444 5684 553 5739 lsa.
583 5698 709 5751 vni,
735 5683 788 5737 ὅ.
865 5680 886 5712 ⁸
921 5678 1056 5738 Luc.
1111 5696 1150 5748 ι,
1176 5680 1268 5735 48.
1341 5679 1364 5713 δ
1387 5677 1617 5735 Malach.
1647 5692 1721 5743 Iv,
1745 5676 1799 5729 Ξ.

1983 4506 2319 4577 temporibus
2350 4505 2494 4561 vires
2521 4505 2785 4575 quasdam
2818 4505 3030 4573 inserit,
3070 4523 3167 4577 per
3193 4524 3329 4578 quas
3346 4509 3560 4565 fruetus

1986 4610 2143 4654 terrae
2198 4605 2596 4661 maturescunt,
2653 4610 2718 4650 ac
2759 4597 3138 4664 perﬁciuntur.
3193 4598 3331 4655 Illud
3372 4613 3557 4657 autem

1986 4688 2308 4751 notandum,
2343 4687 2487 4753 quod
2516 4683 2812 4754 Gregorius
2838 4700 2947 4740 non
2979 4687 3117 4742 dixit
3139 4686 3306 4744 Deum
3327 4691 3560 4746 virtutes

1987 4794 2193 4844 creare,
2214 4779 2305 4832 sed
2324 4777 2635 4845 ζωογονεῖν,
2662 4776 2713 4829 id
2746 4785 2850 4842 est,
2883 4777 3227 4847 progignere,
3265 4780 3346 4834 vel
3379 4782 3506 4848 puti.
3531 4796 3573 4854 ε,

1985 4873 2053 4928 ad
2086 4872 2247 4925 vitam
2283 4870 2603 4939 producere,
2636 4876 2695 4921 ut
2730 4868 3097 4938 intelligamus
3149 4873 3400 4929 virtutem
3438 4874 3560 4941 qui-

1985 4966 2108 5022 dem
2149 4973 2341 5018 natura
2378 4961 2536 5015 nobis
2592 4960 2794 5023 inesse,
2822 4977 3010 5016 verum
3042 4978 3137 5032 per
3199 4964 3373 5032 ipsius
3399 4981 3557 5035 opem

1955 5055 1957 5057 ’
1987 5066 2149 5127 atque
2178 5055 2442 5109 auxilium
2479 5054 2751 5124 progigni,
2788 5053 2892 5108 hoc
2912 5059 3017 5115 est,
3069 5053 3333 5122 impetum
3368 5071 3558 5125 quem-

1986 5149 2109 5203 dam
2146 5156 2201 5201 et
2236 5152 2443 5199 tnotum
2468 5144 2739 5214 accipere,
2796 5160 2862 5199 ac
2893 5144 3111 5199 tandem
3153 5144 3363 5213 perlici.
3392 5148 3559 5217 ldqnc

1987 5254 2118 5295 sane
2151 5238 2364 5293 merito.
2422 5235 2557 5290 Nam
2624 5237 2671 5290 si
2704 5238 2853 5291 calor
2915 5236 3039 5291 vitae
3090 5251 3256 5292 causa
3289 5246 3394 5305 est,
3433 5255 3558 5294 cum

1988 5331 2239 5385 Christus
2262 5331 2345 5385 sol
2374 5328 2703 5394 nominetur,
2737 5329 2877 5384 idem
2903 5327 3146 5398 profecto
3164 5328 3561 5387 virtutesnobis

1993 5422 2188 5498 insitas
2211 5421 2538 5477 calefaciens
2557 5430 2613 5476 et
2631 5418 2948 5486 confovens,
2973 5420 3124 5478 vivas
3151 5424 3383 5494 denique
3398 5434 3561 5493 atque

1995 5514 2281 5586 agitabiles
2334 5511 2534 5569 reddit.
2576 5512 2758 5580 Atque
2790 5520 2850 5566 ut
2891 5512 3023 5567 anni
3076 5520 3321 5584 tempora
3372 5515 3558 5570 leuiter

1913 5674 1934 5705 '
1967 5672 2113 5731 Psal.
2171 5688 2319 5741 inv,
2373 5674 2460 5727 12.
2537 5674 2558 5704 ⁸
2599 5671 2703 5728 lsa.
2738 5688 2849 5739 ιιι,
2880 5672 2901 5725 l
2938 5689 2952 5738 ;
2994 5672 3126 5727 Luc.
3181 5690 3253 5736 tv,
3313 5674 3395 5724 18.
