4050 6198
545 274 681 336 1.59

1957 265 2336 324 ADDENDA.

3645 267 3778 328 1350

539 387 681 439 inter
711 397 770 436 se
793 381 1239 437 commiseentur.
1279 375 1464 446 Neque
1501 373 1648 430 enim
1691 373 1873 429 subito
1898 373 1967 427 ab
2003 388 2111 426 uno
2142 377 2190 434 Α
2215 372 2426 427 eulatus
2455 390 2627 444 agnus
2657 386 2760 439 est,
2791 375 2883 444 qui
2915 373 3058 429 nulla
3086 375 3204 428 labe
3249 373 3484 440 vitiatus,
3517 390 3617 429 nec
3665 393 3787 428 ιιιυ.

539 475 890 532 rontrarioad
911 473 1138 526 alterum
1161 470 1217 523 flt
1239 468 1489 530 mutatio,
1511 481 1698 522 verum
1730 466 1890 536 quasi
1920 480 2015 535 per
2033 466 2114 518 in-

540 568 926 624 terventioncm
956 575 1009 618 et
1036 560 1774 630 conciliationemquamdam
1807 555 2111 611 intermedii

538 655 1018 728 temporis.Neque
1040 654 1187 707 enim
1207 652 1386 706 statim
1423 651 1493 705 ab
1533 659 1720 705 azstate
1763 650 1828 704 ad
1879 649 2110 702 hiemem

537 751 854 815 transimus,
880 748 974 803 sed
1003 761 1095 814 per
1119 745 1360 799 medium
1385 754 1708 798 autumnum
1733 740 1798 794 ad
1821 748 2114 807 utrumque

535 838 1028 900 assuescimus.SZc
1063 851 1164 892 nec
1192 851 1221 888 a
1243 851 1366 890 vere
1397 833 1577 888 statim
1615 832 1680 887 ad
1700 843 2022 886 autumnum
2056 829 2114 883 fit

536 935 921 1004 mutatio(uam
941 932 1053 985 haec
1067 927 1504 998 quoqueiuterse
1515 924 1798 980 dissident.
1818 921 1950 978 lllud
1964 921 2110 976 enim

538 1041 626 1081 res
644 1038 741 1081 eas
757 1039 877 1094 quae
891 1028 1192 1075 nascuntur
1209 1022 1387 1071 movet
1408 1033 1421 1070 :
1447 1015 1526 1069 sic
1545 1012 1762 1068 easdem
1785 1010 2026 1079 corrupit
2047 1024 2112 1064 ac

539 1117 755 1187 perimit
773 1133 786 1169 :
804 1128 988 1169 verum
1023 1121 1183 1166 testas
1203 1108 1487 1177 interjecta
1512 1122 1572 1158 ea
1598 1106 1740 1158 inter
1757 1119 1815 1157 se
1832 1101 2112 1167 conciliat,

534 1209 751 1278 quippe,
797 1211 1218 1274 quentmotus
1267 1199 1410 1263 finis,
1458 1198 1528 1250 ita
1569 1194 1937 1264 corruptionis
1983 1195 2114 1248 inte-

537 1302 784 1367 ritusque
838 1293 1156 1364 principium
1186 1299 1288 1346 est.
1309 1289 1451 1344 Idem
1487 1291 1538 1342 in
1573 1286 1864 1340 virtutibus
1897 1301 2112 1354 quoque

533 1372 965 1442 animadvertere
983 1385 1127 1438 licet:
1149 1397 1273 1436 nam
1297 1383 1378 1436 ha:
1396 1379 1588 1432 blande
1607 1393 1671 1432 ac
1690 1377 1881 1432 leniter
1898 1377 2039 1432 inter
2054 1392 2114 1433 se

531 1479 957 1547 conjunguntur.
989 1473 1230 1542 Exempli
1255 1471 1449 1539 gratia,
1483 1469 1794 1524 fortitudini
1827 1468 2110 1523 advel-Sari

533 1570 752 1640 quidem
785 1567 996 1622 videtur
1030 1563 1342 1626 clementia,
1403 1571 1457 1617 et
1503 1571 1686 1616 tamen
1722 1560 2112 1632 longanimitas

534 1660 897 1716 interveniens
937 1669 1222 1726 utramque
1255 1669 1376 1708 cum
1411 1654 1579 1708 altera
1614 1652 1918 1722 coniungit.
1965 1651 2109 1705 Lon-

534 1750 826 1820 gauimitas
863 1749 1008 1802 enim
1043 1745 1359 1800 dilationem
1413 1743 1705 1813 quamdam
1749 1744 1844 1797 irae
1901 1741 2105 1812 signiﬁ-

527 1854 658 1896 care
692 1839 930 1902 videtur,
983 1849 1282 1906 congruum
1326 1833 1622 1889 inferenda:
1675 1848 1850 1903 pugna:
1890 1841 2105 1901 tempus

536 1940 878 2004 exspectans.
923 1931 992 1984 At
1046 1927 1330 1984 clementia
1365 1926 1644 1996 tranquilli
1679 1925 1847 1980 animi
1898 1922 2102 1979 statum

530 2041 596 2081 ac
624 2025 915 2095 perfectam
947 2021 1041 2076 ira:
1075 2019 1536 2089 compressionem
1573 2017 1796 2070 iudicat.
1832 2019 2006 2086 Atque
2033 2016 2105 2072 ob

531 2130 650 2169 eam
680 2127 900 2169 causam
924 2111 1308 2182 longanimitas
1334 2107 1630 2177 prudentiae
1661 2106 1873 2160 laudem
1907 2105 2098 2160 habet:

527 2215 587 2261 at
616 2206 710 2277 qui
754 2204 1097 2260 clementiam
1126 2200 1394 2262 habuerit,
1425 2207 1481 2250 ut
1509 2197 1813 2253 absolutam
1849 2197 2102 2253 omnibus

519 2295 777 2353 numeris
836 2296 1091 2347 virtutem
1167 2299 1478 2353 assecutus,
1549 2286 1738 2340 beatus
1822 2295 2097 2342 censetur.

530 2388 730 2444 Eadem
761 2395 844 2441 est
883 2385 938 2437 in
969 2381 1256 2452 prudentia
1289 2380 1446 2433 ratio.
1473 2378 1606 2432 Nam
1658 2387 1713 2432 et
1759 2377 2096 2446 simplicitas,

529 2477 816 2534 rationalis
856 2475 1051 2528 animm
1081 2473 1248 2543 partis
1283 2473 1453 2526 virtus
1486 2480 1590 2534 est,
1643 2479 1698 2524 et
1737 2470 2008 2525 calliditas
2035 2486 2098 2525 ac

530 2569 818 2642 sapientia.
851 2568 940 2622 lla:
988 2575 1164 2621 autem
1205 2562 1598 2631 dijudicatricis
1653 2562 1866 2618 virtutis
1927 2563 2098 2618 inter-

530 2671 692 2716 ventu
743 2661 886 2714 inter
917 2674 976 2713 se
1029 2657 1354 2727 junguntur.
1412 2655 1565 2721 Quod
1595 2654 1759 2709 etiam
1793 2654 1850 2708 in
1891 2655 2098 2709 casteria

513 2753 769 2821 reperire
790 2761 891 2806 est.
919 2750 1036 2805 Jam
1089 2765 1214 2804 vero
1249 2766 1356 2802 non
1378 2747 1558 2801 solum
1598 2747 1824 2804 virtutes
1855 2748 1998 2803 inter
2037 2764 2098 2804 se

516 2842 957 2910 coniunguntur,
1024 2840 1117 2894 sed
1167 2841 1329 2893 etiam
1373 2846 1767 2906 temperantur,
1827 2839 1930 2892 hoe
1985 2847 2092 2901 est,

527 2940 654 2988 totae
677 2931 805 2985 totis
837 2929 1281 2983 comniiseentur.
1318 2928 1497 2981 Potest
1528 2930 1672 2982 enim
1704 2929 1840 2990 fieri,
1861 2937 1918 2982 ut
1939 2929 2096 2997 quis-

529 3025 672 3091 piam
706 3021 892 3082 simul,
924 3029 977 3074 et
1009 3019 1237 3088 simplex
1285 3018 1376 3082 sit,
1406 3027 1459 3072 et
1489 3017 1738 3082 callidus,
1771 3019 2008 3075 clemens
2042 3030 2096 3076 et

526 3112 862 3171 fortitudinis
929 3113 1142 3182 plenus,
1201 3109 1487 3165 continens
1551 3115 1656 3164 ‘et'
1684 3109 2091 3179 cupidissimus.

524 3207 943 3276 Coniunguntur
991 3218 1152 3273 porro
1181 3202 1297 3272 lege
1354 3201 1608 3256 amicitia:
1638 3212 1800 3272 atque
1834 3202 2044 3259 ordinis
2072 3191 2092 3258 ἒ

522 3299 777 3352 amiciti-.c
808 3295 1052 3362 quidem,
1078 3302 1296 3362 propter
1326 3293 1673 3348 concordiam
1704 3309 1718 3358 ;
1756 3293 1961 3350 ordinis
1991 3309 2094 3350 au-

522 3401 655 3454 tem,
704 3388 832 3458 quia
863 3388 967 3440 alia
1023 3386 1198 3456 prima
1233 3393 1340 3447 est,
1391 3385 1563 3438 altera
1619 3385 1879 3451 secunda,
1934 3395 1986 3439 et
2015 3387 2096 3442 sic

525 3481 810 3549 deinceps.
875 3476 1010 3532 Nam
1068 3486 1128 3532 ut
1191 3477 1246 3532 in
1295 3477 1422 3534 anni
1471 3477 1803 3546 temporibus
1848 3479 2092 3534 ordinem

526 3573 816 3640 quemdam
851 3569 1158 3639 pet'Spicere
1180 3569 1324 3632 licet,
1365 3568 1444 3623 sic
1477 3569 1639 3622 etiam
1697 3570 1751 3623 in
1780 3571 2091 3626 virtutibus.

527 3660 900 3718 Cotnmuniter
925 3661 1070 3713 enim
1116 3660 1351 3716 moralcs
1383 3660 1743 3727 speculativas
1765 3662 2093 3730 praecedunt.

527 3753 706 3820 Atque
735 3750 870 3803 adeo
918 3749 971 3802 in
1012 3749 1146 3816 ipsis
1171 3762 1388 3816 quoque
1417 3749 1715 3804 moralibus
1739 3765 2092 3820 permagnum
2118 3753 2131 3765 ‘

526 3843 799 3914 quoddam
849 3841 1145 3894 discrimen
1175 3849 1282 3902 est,
1323 3847 1378 3892 et
1420 3840 1650 3910 insignis
1694 3844 1849 3896 ordo.
1910 3841 2096 3897 Timor

523 3933 694 3996 enim,
757 3929 930 3997 magis
974 3937 1059 3983 est
1111 3927 1842 3986 rudimentarius:charitas
1888 3943 2093 3998 autem,

528 4022 837 4094 perfectior.
869 4022 939 4075 At
969 4020 1232 4074 virtutum
1260 4020 1447 4076 orbem
1479 4020 1710 4075 intuere.
1743 4019 1930 4077 Timor
1957 4037 2092 4082 con-

527 4116 810 4169 tinentiam
853 4113 1012 4182 parit,
1077 4111 1188 4166 luec
1249 4110 1588 4180 patientiam,
1627 4112 1882 4181 patientia
1941 4129 2091 4183 spem

526 4205 938 4274 tranquillitatis
981 4215 1234 4268 matrem,
1265 4219 1332 4258 ex
1373 4221 1478 4274 qua
1512 4221 1704 4261 rursus
1750 4211 1913 4262 timor
1967 4223 2094 4277 pro-

525 4308 762 4352 creatur.
795 4296 1003 4366 Duplex
1024 4304 1110 4351 est
1138 4297 1281 4352 enim
1321 4298 1504 4363 timor,
1557 4299 1694 4353 alter
1723 4300 2090 4368 elementaris,

526 4392 616 4459 qui
649 4403 822 4460 pinna:
851 4398 995 4442 metu
1033 4389 1370 4458 exprimitur,
1403 4389 1470 4444 de
1497 4405 1606 4458 quo
1638 4392 1715 4445 ait
1766 4391 2048 4462 Scriptura
2079 4411 2092 4447 :

530 4482 858 4550 Principium
881 4481 1170 4548 sapientite,
1201 4481 1357 4534 timor
1393 4479 1642 4534 Dumiui'
1667 4499 1682 4549 ;
1713 4492 1806 4538 et:
1860 4483 2099 4554 Perfecta

527 4574 758 4627 charitas
791 4573 938 4642 foras
983 4575 1143 4626 mittit
1200 4574 1438 4626 timorem
1467 4574 1512 4627 ⁸.
1533 4573 1686 4628 Alter
1724 4575 2096 4644 perfeCtricem

529 4667 634 4718 vim
669 4665 893 4731 habens,
927 4680 1028 4718 nec
1054 4665 1240 4720 sitiens
1280 4680 1380 4720 nos
1439 4680 1504 4719 ex
1538 4667 1828 4723 immodica
1881 4669 2097 4725 licentia

475 4807 481 4812 ,
529 4755 582 4806 in
615 4762 988 4821 contemptum
1033 4753 1161 4808 labi.
1199 4753 1271 4808 De
1301 4769 1411 4822 quo
1458 4754 1538 4809 sic
1585 4755 1828 4823 loquitur
1879 4756 2094 4813 David:

523 4841 712 4898 Timor
747 4842 958 4896 Domini
985 4851 1198 4895 sanctus
1226 4843 1266 4896 θ.
1310 4843 1372 4896 Et
1411 4857 1601 4898 rursus
1633 4843 1793 4898 :Non
1819 4855 1894 4899 est
1915 4846 2092 4916 inapiu

525 4934 830 4989 timentibus
893 4948 1016 4986 eum
1069 4933 1130 4985 '°.
1159 4933 1300 4998 Quin
1335 4935 1499 4988 etiam
1535 4943 1770 5004 quatuor
1817 4939 2092 5005 generales

531 5027 779 5091 virtutes,
826 5023 1114 5090 fortitudo,
1153 5027 1463 5094 prudentia,
1499 5028 1861 5096 temperantia
1893 5036 1946 5081 et
1999 5028 2089 5095 ju-

525 5119 697 5182 stitia,
722 5117 1018 5172 circulares
1043 5132 1261 5187 quoque
1294 5117 1400 5172 dici
1423 5120 1633 5186 possint
1663 5137 1676 5172 :
1703 5119 1851 5188 quod
1877 5120 2084 5174 circum

523 5226 618 5263 eas
653 5219 914 5280 perpetuo
946 5226 1100 5264 mens
1150 5209 1469 5279 imperatrix
1504 5218 1770 5276 versetur,
1799 5211 1947 5279 ipsas
1979 5215 2089 5266 cir-

525 5299 768 5354 cumiens
798 5311 850 5353 et
867 5301 1346 5355 circumlustrans.
1367 5301 1539 5369 Atque
1564 5302 1677 5356 lta'c
1699 5301 1765 5356 ad
1790 5303 1974 5356 annuli
1995 5319 2089 5357 ex-

535 5387 877 5456 plicationem
907 5390 1051 5458 dicta
1070 5391 1362 5448 sufﬁciant.
1386 5389 1538 5444 Nunc
1559 5391 1759 5456 dicam,
1780 5406 2087 5460 curagnum

536 5480 939 5536 immaculatum
971 5492 1026 5535 et
1053 5483 1428 5552 incorruptum
1461 5499 1584 5539 esse
1601 5494 1867 5554 oporteat.
1894 5484 2092 5539 Imma-

2217 464 2462 519 tilatione
2501 466 2730 522 f‘mdotus
2780 478 2863 523 est
2898 485 2909 520 :
2945 468 3292 535 incorruptus
3335 474 3541 528 autem,
3577 468 3672 536 qui
3707 485 3796 522 re-

2216 555 2418 622 probus
2459 573 2566 611 non
2595 567 2698 624 est,
2760 568 2855 612 aut
2883 559 2954 612 oh
2987 559 3146 611 aliam
3176 573 3400 611 causam
3439 558 3792 626 rejiriendus.

2218 647 2545 704 AtChristus
2586 665 2692 704 non
2726 651 2902 706 solum
2935 651 3314 704 immaculatus
3354 651 3467 718 ipse
3495 659 3603 714 est,
3629 663 3796 720 atqu:

2216 741 2582 810 incorruptus,
2617 743 2710 798 sed
2737 757 2833 798 nos
2859 743 3019 797 etiam
3041 742 3175 796 tales
3205 741 3391 796 efficit.
3423 741 3580 797 Vitiis
3609 754 3794 796 autem

2215 849 2278 888 ac
2303 835 2559 890 sordibus
2589 850 2622 889 a
2657 844 2884 905 peccato
2921 834 3275 889 manantibus
3322 834 3592 890 medetur.
3621 837 3796 888 Ελειτ-

2213 925 2440 996 τὼματα
2466 943 2652 996 porro,
2684 937 2814 982 sunt
2845 928 3066 981 virtutis
3085 926 3358 980 defectus:
3391 928 3580 982 sordes
3605 938 3794 981 autem

2215 1017 2328 1072 vitii
2352 1019 2715 1076 accessiones.
2740 1019 2962 1074 Duobus
2985 1017 3130 1072 enim
3157 1018 3332 1072 modis
3359 1019 3410 1070 in
3427 1019 3559 1072 vitio
3576 1034 3795 1082 sumus,

2213 1109 2295 1162 vel
2327 1111 2449 1179 quia
2494 1112 2548 1165 in
2580 1113 2724 1165 bono
2755 1111 3060 1175 deficimus,
3087 1111 3170 1164 vel
3197 1111 3323 1180 quia
3358 1110 3561 1164 malum
3598 1113 3800 1177 adjun-

2213 1201 2392 1270 gimus
2431 1220 2443 1255 :
2484 1204 2943 1272 quemadmodum
3005 1210 3193 1256 contra
3241 1204 3436 1263 virtus,
3460 1200 3544 1255 vel
3579 1203 3631 1254 in
3667 1203 3797 1254 maii

2213 1288 2596 1357 declinatione,
2617 1292 2695 1345 vel
2715 1292 2766 1344 in
2797 1293 2924 1345 boni
2943 1293 3263 1360 operatione
3280 1302 3547 1345 versatur.
3583 1292 3796 1356 Quam-

2215 1379 2294 1432 vis
2323 1379 2466 1433 enim
2502 1378 2766 1434 Dominus
2795 1389 3012 1450 peccata
3035 1388 3222 1434 nostra
3246 1381 3566 1449 susceperit,
3591 1397 3800 1450 quatu-

2216 1471 2296 1526 vis
2330 1471 2492 1525 etiam
2520 1481 2740 1526 nostros
2789 1472 3101 1525 animorum
3161 1472 3380 1524 morbos
3411 1471 3591 1524 tulerit
3629 1489 3644 1536 ;
3677 1472 3800 1540 ipse

2215 1572 2392 1618 tamen
2437 1564 2569 1617 nihil
2603 1580 2844 1634 unquam
2904 1564 3180 1634 cogitavit,
3224 1579 3324 1618 nec
3353 1564 3600 1629 admisit,
3645 1565 3802 1633 quod

2215 1654 2539 1709 medietnam
2569 1655 2939 1710 desideraret:
2975 1641 3431 1725 quemadmodum
3468 1656 3514 1710 si
3542 1655 3801 1709 malit-us

2215 1748 2283 1801 ab
2305 1754 2510 1816 :egroto
2534 1748 2781 1801 morbum
2809 1747 2991 1802 tollere
3009 1749 3200 1816 possit,
3233 1747 3344 1816 ipse
3373 1755 3551 1800 autem
3585 1762 3655 1802 eo
3686 1762 3802 1801 ron

2213 1837 2568 1906 corripiatur.
2632 1837 2846 1890 Etenim
2884 1838 3147 1892 Dominus
3202 1838 3418 1907 quidem
3463 1855 3556 1906 ρει-
3611 1843 3800 1891 omnia

2212 1935 2443 1981 tentatus
2469 1938 2570 2003 est,
2618 1929 2779 1996 juxta
2839 1929 3244 1997 similitudine»:
3305 1938 3565 1992 nostram,
3608 1946 3802 1982 rerum

2210 2018 2406 2088 absque
2430 2028 2652 2087 peccato
2685 2021 2750 2072 ¹¹.
2782 2018 2892 2072 Lux
2929 2021 3073 2074 enim
3110 2022 3161 2075 in
3200 2021 3440 2075 tenebris
3486 2021 3654 2083 lucet,
3691 2020 3802 2074 hoc

2208 2119 2312 2176 est,
2351 2110 2405 2164 in
2439 2111 2732 2182 caliginosa
2765 2111 2868 2167 hac
2902 2115 3032 2178 vita,
3060 2123 3113 2166 et
3139 2114 3304 2167 densa
3329 2112 3625 2167 affectuum
3655 2115 3801 2166 cali-

2207 2203 2331 2272 gine
2363 2203 2699 2260 circumfusa
2752 2223 2766 2257 :
2811 2217 2974 2273 atque
3017 2204 3344 2260 adversaria:
3395 2205 3657 2268 tenebrae,
3687 2204 3804 2259 hoc

2207 2295 2423 2363 estille,
2459 2296 2552 2365 qui
2604 2305 2820 2364 propter
2870 2297 3178 2365 superbiam
3215 2296 3390 2363 caligo
3441 2295 3628 2350 factus
3686 2309 3802 2362 est,

2205 2384 2486 2440 Christum
2519 2386 2741 2456 quidem
2802 2397 3121 2456 persecutus
3149 2397 3251 2452 est,
3313 2395 3476 2457 atque
3506 2389 3750 2442 tentavit
3784 2408 3798 2441 :

2205 2490 2396 2531 verum
2420 2491 2543 2530 eum
2572 2477 3036 2546 comprehendere
3065 2493 3129 2531 ac
3160 2492 3419 2546 superare
3449 2493 3558 2531 non
3587 2482 3801 2546 potuit,

2204 2567 2300 2623 sed
2331 2567 2508 2622 victus
2555 2575 2609 2621 ct
2639 2567 2900 2622 confusus
2936 2570 3185 2623 recessit.

2273 2657 2390 2712 Col.
2432 2659 2536 2714 642
2564 2661 2626 2714 C.
2658 2659 2794 2724 Quid
2836 2664 3135 2730 prwterea?
3163 2659 3376 2730 6Μειιείς
3421 2662 3643 2730 quidem
3680 2668 3805 2728 prf-

2204 2763 2346 2814 mus,
2376 2759 2478 2802 etc.
2512 2750 2688 2819 Atque
2735 2750 2848 2803 inec
2876 2750 2943 2804 de
2985 2764 3144 2816 agno,
3191 2749 3382 2819 inquit,
3416 2751 3574 2804 nobis
3606 2753 3803 2804 consi-

2204 2841 2388 2894 derata
2419 2849 2472 2894 et
2499 2855 2733 2910 expensa
2766 2840 2895 2895 sint.
2921 2839 3056 2906 Quid
3082 2850 3263 2894 autem
3296 2858 3389 2909 pra
3408 2849 3550 2894 terea
3580 2844 3800 2896 restat?

2208 2927 2408 2997 Nempe
2443 2939 2502 2983 ιιι
2536 2930 2926 3000 intelligamus,
2947 2932 3197 3000 quisnam
3233 2932 3434 2985 mensis
3461 2931 3549 2985 ille
3571 2935 3649 2985 sit
3681 2950 3800 3000 quo

2203 3036 2376 3090 agnus
2424 3022 2780 3075 sacrificatur.
2823 3020 3096 3091 Scriptum
3128 3028 3327 3090 quippe
3359 3035 3439 3076 est
3466 3025 3514 3075 in
3551 3021 3795 3076 Exodo:

2202 3110 2392 3164 Mensis
2421 3110 2504 3164 hic
2524 3112 2848 3180 principium
2887 3115 3162 3176 mensium,
3199 3111 3401 3178 primus
3425 3111 3521 3163 erit
3544 3110 3700 3163 vobis
3727 3113 3794 3175 ",

2201 3211 2310 3258 etc.
2369 3202 2611 3269 Quorum
2670 3204 2959 3258 verborum
3007 3203 3323 3272 allegoriam
3363 3204 3792 3271 perspiciamus.

2202 3293 2407 3351 Mensis
2463 3297 2627 3367 igitur
2654 3295 2958 3360 Paschalis,
3003 3295 3094 3364 qui
3125 3295 3266 3365 apud
3292 3293 3577 3364 Egyptios
3613 3297 3797 3348 Phar-

2203 3389 2360 3452 tnuti,
2407 3390 2544 3456 apud
2581 3388 2902 3443 Macedones
2965 3387 3286 3452 Xantichus,
3331 3387 3471 3454 apud
3526 3385 3797 3440 Hebraeos

2201 3477 2392 3544 Nisan,
2429 3480 2571 3550 apud
2610 3481 2886 3537 Remanos
2933 3479 3158 3534 Martius
3185 3490 3423 3542 vocatur,
3457 3479 3546 3531 hic
3572 3481 3796 3547 primus

2206 3569 2259 3624 in
2299 3571 2579 3626 mensibus
2616 3571 2978 3626 introducitur
3002 3584 3164 3640 atque
3191 3570 3519 3635 decernitur,
3554 3587 3617 3624 ac
3639 3572 3796 3639 prii;-

2202 3661 2404 3730 cipium
2439 3663 2708 3717 mensium
2746 3663 2897 3726 anni,
2947 3662 3180 3716 fortasse
3234 3662 3358 3730 quia
3403 3661 3517 3732 jam
3574 3663 3708 3717 inde
3762 3681 3792 3715 ει

2203 3753 2470 3822 principio
2500 3753 2712 3822 primus
2750 3755 2941 3809 ordine
2997 3761 3138 3808 erat.
3197 3753 3444 3806 Arcanos
3502 3755 3657 3807 enim
3710 3757 3795 3810 hic

2201 3828 2343 3908 apud
2379 3840 2633 3898 Hebraeos
2662 3857 2844 3898 sermo
2895 3850 3000 3907 est,
3062 3841 3166 3895 hoc
3224 3850 3428 3910 tempus
3475 3855 3627 3904 esse,
3683 3858 3794 3912 quo

2204 3932 2348 3988 Deus
2395 3935 2705 3988 universam
2737 3950 2920 3989 rerum
2977 3936 3175 3989 molem
3228 3935 3484 3990 condidit.
3543 3936 3788 3991 Ventum

2207 4039 2370 4091 porro
2402 4024 2508 4078 hoc
2545 4033 2758 4093 tempus
2809 4035 2916 4089 est,
2948 4040 3057 4093 quo
3095 4033 3238 4079 terra
3303 4039 3523 4094 quoque
3585 4027 3792 4081 herbas

2204 4116 2429 4184 profert.
2475 4115 2596 4181 Quo
2625 4118 2788 4170 etiam
2828 4127 3069 4186 tempore
3092 4117 3300 4172 Hebraei
3321 4133 3385 4172 ex
3411 4117 3655 4187 Egypto
3707 4137 3794 4174 rce

2201 4218 2504 4262 cesserunt.
2564 4207 2819 4264 Fortasse
2848 4211 3009 4263 etiam
3047 4209 3118 4263 ob
3153 4209 3288 4262 hanc
3321 4223 3542 4264 causam
3573 4211 3791 4279 primus

2201 4299 2289 4354 hic
2323 4300 2526 4354 mensis
2560 4299 2737 4354 dictus
2769 4309 2870 4366 est,
2904 4300 3031 4370 quia
3061 4300 3115 4354 in
3150 4299 3240 4354 illo
3270 4299 3549 4354 Paschatis
3576 4313 3746 4371 tnyst-
3767 4329 3791 4343 -

2204 4377 2712 4446 riumcelebratum
2745 4392 2836 4446 sit.
2863 4390 2918 4444 lu
2953 4392 3219 4462 principio
3247 4400 3424 4446 auten:
3453 4391 3604 4454 atini,
3657 4403 3718 4446 et
3738 4396 3788 4446 in

2204 4479 2383 4548 primo
2427 4495 2632 4546 mense,
2664 4481 2917 4535 sacrificii
2950 4491 3162 4551 tempus
3188 4480 3558 4551 praescribitur
3591 4499 3604 4532 :
3642 4498 3787 4549 quo-

2207 4573 2351 4625 niam
2388 4571 2636 4629 Christus
2663 4588 2879 4644 quoque
2924 4574 3167 4628 omnium
3213 4589 3395 4627 rerum
3452 4574 3788 4642 principium

2203 4675 2306 4727 est,
2340 4678 2406 4718 ac
2436 4679 2542 4719 non
2567 4679 2776 4730 recens,
2813 4675 3029 4734 propter
3067 4665 3238 4736 ipsius
3269 4681 3335 4720 ex
3361 4666 3520 4719 Patre
3551 4681 3789 4736 genera-

2207 4756 2410 4812 tionem
2446 4756 2660 4814 saeculis
2685 4758 2941 4814 omnibus
2971 4759 3326 4828 superiorem.
3381 4756 3585 4811 Eodem
3621 4760 3792 4812 modo

2202 4850 2357 4904 nobis
2405 4866 2622 4919 quoque
2679 4853 2787 4906 veri
2831 4849 3124 4919 Paschalis
3174 4849 3505 4905 sacrificium
3566 4862 3794 4906 aeterm:

2201 4941 2323 4993 vita:
2346 4941 2674 5010 principium
2703 4950 2805 4997 est.
2835 4941 3025 4996 Annus
3053 4942 3195 4995 enim
3228 4941 3484 4996 smculum
3508 4945 3792 5010 dedgnat,

2199 5032 2456 5098 quoniam
2491 5030 2544 5085 in
2575 5031 3222 5093 orbem.circumiens,in
3258 5046 3379 5086 sese
3417 5045 3635 5098 semper
3665 5037 3793 5086 vut-

2200 5121 2364 5185 vitur,
2393 5137 2491 5178 nec
2526 5122 2632 5176 ullo
2665 5122 2771 5176 fine
2799 5122 3155 5192 conquiescit.
3190 5122 3407 5176 Decima
3441 5138 3610 5190 porro
3633 5140 3797 5176 tuen-

2204 5211 2280 5266 sis
2313 5226 2487 5280 agnus
2528 5213 2810 5278 accipitur,
2843 5213 2990 5281 _quia
3025 5212 3279 5266 denarius
3317 5212 3672 5281 plenissimus
3708 5225 3798 5266 est

2200 5318 2480 5367 numerus,
2542 5312 2597 5356 ut
2634 5303 2808 5372 ipsum
2855 5303 3091 5358 rioininis
3135 5313 3351 5374 etymon
3381 5303 3571 5368 docet.
3614 5303 3795 5358 Ducas

2200 5395 2344 5448 enim
2374 5394 2594 5458 dic-itur,
2621 5395 2694 5456 ὡς
2726 5394 2942 5468 ὁεκτινὴ
2991 5392 3208 5447 πάντων
3255 5393 3364 5446 τῶν
3398 5394 3677 5462 ἀριθμῶν,
3737 5398 3791 5448 il

2185 5496 2300 5559 est,
2342 5491 2484 5555 quod
2514 5500 2703 5541 omnes
2734 5503 2987 5540 numeros
3015 5488 3211 5556 capiat.
3241 5484 3374 5539 Nam
3413 5501 3536 5539 cum
3560 5485 3634 5540 ad
3663 5501 3793 5540 eam

599 5636 616 5666 ⁷
647 5632 792 5689 Psal.
819 5651 904 5702 cx,
948 5639 1027 5695 l0.
1084 5639 1124 5670 ’⁸
1156 5637 1352 5695 lJoau.
1386 5655 1458 5706 tv,
1491 5643 1574 5695 18.
1654 5641 1836 5698 ’Psal.
1872 5658 2023 5708 xvm,
2058 5643 2099 5695 lt

2221 5644 2260 5673 ¹⁰
2288 5643 2404 5696 l‘sa'
2470 5658 2661 5704 xum,
2706 5642 2790 5695 l0.
2823 5641 2862 5671 “
2890 5641 3050 5697 llebr.
3080 5657 3154 5704 tv,
3187 5642 3272 5696 lii.
3313 5640 3354 5670 ¹³
3387 5637 3558 5693 Exod.
3594 5653 3688 5702 ut
3731 5640 3767 5689 2
