4050 6198
348 246 473 304 Ῑίξϐὶ

1292 238 1616 300 NICETAS
1664 238 1745 298 ΙΝ
1788 235 2012 297 ΟΒΛΤ.
2052 237 2217 298 XLII
2260 238 2322 301 S.
2366 238 2597 299 GREG.

3453 238 3592 301 1369.

343 349 556 405 numeri
582 347 941 418 pet-venerint,
998 346 1376 418 progrediendi
1412 351 1568 404 finem
1600 349 1825 415 faciunt
1858 363 1920 404 ac
1952 356 1994 411 Α
2025 350 2294 421 intelligas
2312 363 2653 421 nequaquam
2687 360 2874 404 recens
2890 330 3011 403 esse
3029 343 3231 403 Christi
3251 350 3587 418 mysterium.

343 441 593 510 deinceps
652 440 914 494 iterantur
975 441 1153 494 solum
1199 456 1263 495 ac
1325 441 1691 496 revolvuntur.
1750 441 1915 497 Dccas

342 542 522 586 autem
551 531 721 598 prima
753 531 933 585 unitas
962 530 1221 600 perfecta,
1248 539 1301 585 et
1323 530 1668 600 perfectionis
1687 546 1916 602 genera-

344 620 447 674 trix
477 620 696 685 dicitur,
723 620 984 689 quoniam
1010 628 1095 674 est
1115 620 1218 673 alia
1254 634 1468 690 quoque
1492 620 1692 682 unitas,
1717 634 1913 689 nempe

338 710 513 776 prima
544 709 751 765 unitas.
776 708 974 764 Verum
1004 709 1093 763 illa
1126 709 1339 764 tametsi
1365 709 1689 779 principium
1724 725 1915 764 nume—

339 815 526 854 rorum
548 809 654 861 est,
675 814 880 870 eosque
902 807 1173 870 procreat,
1205 813 1545 869 nequaquam
1572 810 1750 854 tamen
1785 814 1909 869 pcr-

335 889 477 943 fccta
504 899 610 944 est.
638 890 703 942 At
727 890 898 960 prima
926 889 1088 943 decas
1120 889 1217 943 has
1239 888 1376 943 duas
1403 890 1790 959 praerogativas
1814 888 1913 943 ha-

332 978 450 1043 bet,
468 980 717 1046 alteram,
739 980 881 1049 quod
905 979 1143 1048 perfecta
1162 987 1264 1044 est,
1289 988 1551 1048 quatenus
1570 980 1635 1034 ad
1662 980 1799 1034 hanc
1818 993 1911 1033 us—

335 1081 446 1134 que
482 1066 692 1120 numeri
727 1066 1172 1136 progrediuntur,
1196 1082 1258 1122 ac
1288 1082 1480 1122 rursus
1513 1068 1863 1123 revolvuntur
1895 1086 1909 1122 :

335 1158 563 1210 alteram
592 1157 737 1225 quod
767 1155 1116 1225 perfectionis
1146 1166 1229 1211 est
1254 1159 1608 1225 procreati-ix.
1641 1157 1910 1213 Centena-

335 1246 480 1299 rium
503 1248 644 1301 enim
668 1261 974 1307 numerum.
1000 1248 1092 1316 qui
1127 1247 1552 1315 perfectissimus
1573 1258 1680 1312 est,
1708 1250 1909 1318 produ-

335 1337 432 1389 cit.
460 1335 613 1402 Quod
654 1336 699 1389 si
728 1339 1005 1389 senarium
1042 1353 1259 1406 quoque
1292 1337 1593 1406 pet-fectum
1622 1354 1907 1393 numerum

332 1439 457 1479 esse
475 1424 769 1478 contendas
817 1440 834 1486 ;
884 1424 985 1479 hac
1043 1433 1220 1478 tamen
1283 1434 1434 1493 parte
1466 1427 1622 1482 cedet
1663 1427 1907 1493 denario,

330 1513 501 1582 quod,
524 1514 772 1583 quamvis
789 1513 1059 1582 perfectus
1076 1515 1565 1584 sit,perfectionem
1596 1526 1776 1572 tamen
1797 1533 1906 1572 non

330 1603 540 1673 gignat.
568 1602 837 1658 Caeterum
875 1610 1144 1673 perfectus
1172 1621 1387 1676 quoque
1412 1607 1661 1663 senarius
1687 1609 1905 1674 dicitur,

2021 443 2113 498 sed
2166 458 2229 497 ex
2278 442 2455 497 Patris
2505 440 2841 513 prtescicntia
2894 441 3006 511 jam
3070 442 3196 496 inde
3246 456 3275 496 a
3322 444 3593 497 creatione

2017 534 2203 589 mundi
2233 542 2505 588 servatum
2533 547 2679 598 csse,
2705 548 2891 588 rerum
2927 534 3225 602 postremis
3257 532 3592 601 temporibus

2016 632 2203 677 nostra
2260 638 2423 678 causa
2449 634 2680 678 mortem
2743 622 2998 677 subiisse.
3054 620 3207 687 Quod
3248 622 3293 678 si
3325 623 3427 678 alia
3455 625 3592 677 ratio

2017 711 2343 781 proferenda
2376 721 2480 775 est.
2533 727 2634 766 cur
2678 710 2886 766 dccitna
2929 719 3130 779 quarta
3174 712 3373 767 mensis
3418 727 3590 781 agnus

2015 810 2298 867 mactetur,
2329 800 2612 855 dicendem
2645 800 2847 855 idcirco
2884 799 2934 853 id
3000 798 3133 860 fieri,
3174 797 3429 867 quoniam
3489 800 3590 853 hoc

2013 892 2102 946 die
2130 892 2339 947 lunaris
2367 890 2606 947 circulus
2641 890 2788 945 omni
2828 904 2891 943 ex
2920 898 3069 959 parte
3101 887 3396 957 perficitur.
3428 897 3589 958 atque

2013 983 2163 1038 velut
2197 983 2502 1039 adulterino
2530 981 2765 1053 quodam
2820 980 3025 1035 lumine
3051 980 3239 1033 orbem
3278 979 3585 1042 Collustrat,

2010 1082 2262 1130 caeterum
2303 1073 2551 1127 imminui
2574 1088 2637 1127 ac
2654 1071 2901 1127 desinere
2929 1070 3111 1140 incipit
3139 1085 3159 1128 ε
3185 1082 3241 1125 ut
3272 1070 3397 1126 hinc
3429 1070 3586 1140 quasi

2015 1178 2080 1218 ex
2118 1163 2353 1232 imagine
2382 1160 2618 1231 quadam
2658 1161 2954 1231 intelligas,
2991 1161 3135 1230 quod
3181 1159 3432 1213 omnibus
3467 1160 3586 1228 qui-

2009 1252 2132 1307 dem
2173 1254 2321 1306 orbis
2362 1250 2612 1320 partibus
2654 1249 3004 1304 tenebrarum
3056 1249 3309 1322 princrps
3343 1248 3585 1303 celebra—

2010 1338 2171 1393 batur
2201 1338 2350 1407 (luna
2379 1338 2524 1391 enim
2561 1335 2612 1390 in
2639 1334 3001 1405 principatum
3047 1336 3225 1391 noctis
3267 1335 3441 1405 posita
3480 1338 3584 1403 est)

2011 1445 2076 1485 ac
2105 1429 2296 1484 mundi
2332 1428 2680 1499 sapientiam,
2728 1427 2874 1481 velut
2905 1426 3138 1481 fucatam
3170 1427 3465 1497 quamdam
3498 1426 3586 1481 lu-

2010 1537 2152 1586 cem,
2182 1520 2486 1576 errantium
2529 1519 2813 1574 hominum
2849 1517 3105 1573 cordibus
3145 1515 3456 1579 infundens,
3477 1518 3589 1589 plc-

2014 1612 2294 1667 nissimam
2318 1610 2421 1666 sibi
2445 1609 2673 1680 gloriam
2716 1608 3090 1678 comparabat.
3118 1608 3186 1661 At
3216 1622 3377 1662 verus
3413 1623 3588 1677 agnus
3632 1654 3637 1661 .

328 1710 439 1749 non
461 1698 607 1764 quod
637 1698 688 1750 in
716 1711 782 1750 eo
805 1700 1016 1752 numeri
1052 1713 1081 1752 a
1107 1699 1481 1768 progressione
1497 1702 1904 1770 conquiescant,
1939 1683 1982 1740 θ
2011 1721 2111 1776 pro
2163 1704 2323 1759 nobis
2348 1703 2589 1757 moriens
2623 1700 2825 1754 diaboli
2861 1698 3090 1769 gloriam
3125 1699 3414 1767 oppressit.
3455 1697 3583 1751 Eant

327 1787 474 1843 sicut
502 1788 555 1840 in
587 1788 809 1842 denario
837 1790 1065 1857 contigit
1095 1806 1110 1843 :
1139 1790 1233 1844 sed
1264 1789 1369 1843 alia
1401 1791 1615 1845 ratione
1637 1791 1907 1861 perfecms

332 1878 656 1947 appellatur,
710 1887 897 1947 utpote
928 1896 991 1932 ex
1033 1881 1274 1949 partibus
1330 1882 1445 1935 suis
1478 1881 1761 1937 conflatus.
1815 1883 1905 1937 Di-

330 1967 495 2020 midia
528 1967 674 2020 enim
710 1982 860 2037 ,pars
914 1968 1135 2034 senarii,
1192 1971 1445 2033 cttertia,
1507 1979 1561 2025 et
1623 1981 1792 2035 sexta,
1849 1971 1902 2026 in

330 2072 599 2112 summam
632 2058 889 2121 collectae,
943 2061 1216 2113 senarium
1272 2062 1586 2117 conficiunt.
1618 2061 1738 2118 Jam
1775 2080 1902 2118 vero

330 2163 500 2217 agnus
528 2150 580 2201 in
616 2150 865 2218 quintum
919 2150 1059 2204 dicm
1101 2162 1434 2228 asservatur,
1474 2154 1575 2209 hoc
1605 2164 1709 2218 cst,
1745 2171 1774 2209 a
1804 2156 1901 2210 tle-

328 2240 466 2293 cima
521 2256 691 2309 usque
722 2241 788 2294 ad
823 2242 1090 2296 decimam
1151 2251 1399 2313 quartam
1434 2262 1447 2298 :
1483 2244 1715 2300 fortasse
1770 2246 1899 2316 quia

324 2330 574 2385 Christus
611 2331 828 2385 victima
859 2342 1041 2385 nostra
1097 2334 1342 2402 quinque
1388 2343 1642 2390 externos
1702 2351 1897 2391 sensus

324 2433 567 2492 purgat:
599 2423 680 2476 lue
711 2425 854 2477 enim
888 2423 1083 2478 domus
1116 2424 1310 2479 anima:
1347 2424 1597 2480 fenestra:
1647 2435 1796 2493 sunt,
1830 2428 1896 2482 de

321 2512 519 2583 quibus
550 2514 624 2567 ait
661 2512 921 2568 Jeremias
947 2530 962 2568 :
1001 2516 1244 2568 Ascendit
1278 2532 1415 2569 mors
1437 2532 1529 2585 per
1554 2516 1811 2586 fenestras
1831 2520 1893 2582 ",

325 2607 428 2659 hoc
453 2615 555 2670 est,
588 2620 684 2673 per
741 2620 956 2671 sensus,
1000 2621 1031 2659 a
1086 2608 1282 2676 quibus
1338 2618 1621 2678 peccatum
1676 2610 1892 2678 profici-

323 2698 515 2760 scitur,
556 2712 662 2749 non
690 2706 748 2749 ut
772 2697 1127 2753 efﬁcientibus
1180 2698 1382 2764 causis,
1413 2700 1505 2753 sed
1540 2708 1597 2753 ut
1629 2700 1893 2770 adjuvan-

325 2788 489 2841 tibus.
544 2787 606 2841 Et
638 2791 780 2841 circa
809 2802 949 2856 quos
998 2789 1195 2842 bellum
1257 2790 1635 2856 committitur,
1688 2795 1889 2862 peccati

327 2877 579 2943 sagittam
637 2877 980 2932 extrinsecus
1030 2877 1355 2932 incidentem
1394 2878 1761 2935 admittentes.
1796 2879 1892 2936 Est

2007 1800 2153 1854 enim
2182 1797 2429 1852 desinere
2455 1795 2509 1851 in
2545 1802 2823 1865 posterum
2860 1800 2914 1845 et
2962 1792 3173 1845 absumi
3200 1804 3375 1859 coget.
3410 1790 3587 1860 Atque

2008 1890 2062 1945 id
2102 1887 2310 1942 scilicet
2341 1894 2479 1953 erat,
2521 1884 2662 1953 quod
2702 1883 2755 1937 in
2798 1877 3027 1935 Psalmis
3059 1881 3352 1934 cauebatur
3388 1898 3401 1934 :
3434 1879 3586 1934 Orie-

2007 1994 2097 2035 tur
2124 1982 2176 2034 in
2194 1978 2375 2034 diebus
2406 1979 2521 2047 ejus
2547 1977 2765 2045 iustitia
2790 1984 2839 2029 et
2861 1972 3190 2027 abundantia
3226 1972 3393 2040 pacis,
3418 1971 3582 2025 donec

2003 2075 2067 2128 de
2100 2073 2270 2128 medio
2295 2071 2528 2126 vicissim
2558 2067 2778 2123 tollatur
2817 2065 3033 2121 luna".
3089 2064 3208 2131 Quo
3234 2062 3352 2118 loco
3390 2063 3578 2117 obser-
3656 2106 3665 2117 .

2001 2165 2239 2219 vandum
2271 2161 2522 2232 cst,quod
2556 2174 2661 2213 non
2683 2157 2851 2213 dixit:
2877 2156 3139 2220 Tollatar,
3182 2155 3298 2219 sed,
3338 2153 3580 2208 Vicissim

2002 2255 2245 2311 tollatur.
2271 2253 2437 2321 Quasi
2468 2252 2611 2309 enim
2642 2250 2918 2305 hominem
2941 2249 3059 2318 jam
3086 2248 3388 2309 sustulerit.
3416 2248 3581 2301 vicis-

2000 2348 2104 2403 sim
2167 2346 2418 2401 diabolus
2455 2344 2570 2413 ipse
2614 2342 2681 2398 de
2714 2341 2892 2398 medio
2938 2341 3165 2396 tollitur.
3198 2339 3353 2407 Quod
3391 2339 3433 2394 si
3478 2338 3580 2393 hoc

1998 2438 2119 2493 loco
2154 2437 2339 2491 lunam
2410 2436 2464 2489 in
2505 2437 2699 2490 bonam
2731 2444 2937 2504 partem
2967 2432 3267 2500 intelligere
3297 2431 3451 2492 velis,
3497 2430 3580 2483 id-

1995 2527 2139 2581 eirco
2156 2526 2223 2581 ad
2256 2524 2520 2581 decimam
2547 2531 2792 2594 quartam
2825 2529 3154 2591 spectamus,
3185 2517 3309 2588 quia
3335 2534 3429 2588 per
3458 2532 3576 2572 eam

1998 2618 2171 2672 lucem
2210 2630 2331 2685 quae
2370 2615 2424 2669 in
2459 2624 2736 2683 aspectum
2767 2611 2928 2675 cadit,
2972 2618 3028 2663 et
3072 2609 3297 2662 materia
3342 2615 3578 2670 constat,

1995 2724 2116 2764 eam
2151 2707 2387 2777 imagine
2431 2705 2664 2774 quadam
2698 2702 3096 2772 concipiamus,
3124 2714 3243 2771 qua:
3280 2698 3581 2769 spiritualis

2000 2804 2108 2864 cst,
2143 2796 2496 2867 materiaeque
2534 2808 2748 2862 expers,
2782 2804 2840 2846 ut
2871 2792 2922 2845 in
2948 2790 3183 2859 Speciem
3226 2788 3447 2859 quidem
3492 2788 3578 2840 lu-

2004 2902 2130 2941 nam
2164 2886 2377 2957 plenam
2412 2894 2749 2953 expetamus,
2790 2895 2911 2950 qtzae
2948 2880 3124 2934 lucem
3143 2893 3295 2933 suam
3332 2885 3446 2929 tota
3482 2889 3576 2929 no-

325 2966 499 3020 t‘1ali3
548 2967 757 3022 οεοιιιιει
812 2984 1001 3032 causa.
1046 2984 1146 3023 cur
1179 2984 1353 3038 agnus
1409 2970 1620 3025 tlccima
1670 2972 1888 3041 quidem
1922 2999 1970 3063 ο
1998 2989 2083 3034 ete
2112 2977 2497 3049 perdurantem
2528 2973 2683 3031 nobis
2707 2973 2960 3044 prteheat,
2995 2985 3183 3026 revera
3215 2976 3394 3023 autem
3418 2966 3575 3021 nobis

324 3057 641 3126 accipiatur,
694 3074 878 3113 verum
938 3060 1147 3114 decima
1201 3071 1395 3129 quarta
1453 3062 1556 3117 sub
1614 3078 1894 3134 vesperam

323 3149 648 3203 immolatur.
705 3150 841 3204 Nam
882 3150 1025 3219 quod
1059 3165 1164 3205 non
1207 3153 1386 3221 prima
1415 3152 1523 3220 die,
1562 3153 1654 3207 sed
1688 3154 1897 3207 decima

322 3241 605 3309 accipitur,
646 3241 746 3296 hoc
771 3242 994 3308 indicat,
1015 3243 1155 3312 quod
1185 3245 1341 3312 longa
1368 3257 1525 3297 erant
1553 3245 1748 3298 saecula
1784 3247 1898 3311 illa,

321 3348 440 3400 qum
470 3335 801 3387 creationem
840 3343 1081 3388 nostram
1109 3333 1505 3404 praecedebant,
1537 3335 1732 3404 quibus
1754 3351 1893 3387 scm-

322 3438 416 3489 pcr
445 3433 562 3478 erat
597 3425 776 3478 Deus:
812 3436 930 3495 post
958 3436 1137 3479 autem
1186 3425 1445 3479 saeculum
1491 3424 1595 3477 hoc
1643 3433 1890 3477 nostrum

322 3516 642 3586 ingreditur,
676 3518 845 3586 quod,
872 3518 1018 3572 velut
1041 3532 1136 3587 per
1161 3517 1402 3587 quinque
1430 3514 1546 3569 dies
1580 3516 1633 3568 in
1661 3516 1900 3585 quinque

322 3615 562 3674 tempora
594 3604 874 3670 dividitur,
913 3606 1173 3660 nimirum
1211 3605 1265 3657 itt
1287 3603 1416 3659 illud
1439 3604 1581 3674 quod
1608 3602 1900 3657 ahAdamo

323 3712 495 3765 usque
530 3696 596 3750 ad
630 3695 739 3750 Noe
768 3697 943 3762 ﬂuxit,
985 3696 1040 3751 in
1066 3694 1195 3749 illud
1232 3694 1376 3765 quod
1411 3710 1441 3749 a
1464 3693 1577 3749 Noe
1622 3710 1793 3764 usque
1832 3694 1897 3748 ad

322 3788 713 3854 Ahrahamum,
753 3791 807 3843 in
851 3787 979 3841 illud
1015 3787 1160 3856 quod
1197 3786 1267 3841 ab
1297 3785 1606 3841 Abrahamo
1633 3800 1804 3856 usque
1830 3784 1898 3840 ad

323 3876 530 3944 Mosen,
563 3877 615 3931 in
658 3878 785 3932 illud
813 3878 958 3948 quod
980 3893 1009 3933 a
1030 3877 1179 3933 Mose
1229 3893 1405 3948 usque
1434 3877 1500 3932 ad
1527 3876 1727 3931 Christi
1760 3892 1899 3947 pra:-

324 3970 584 4034 scntiam,
617 3980 890 4039 postremo
928 3970 981 4023 in
1015 3969 1146 4023 illud
1190 3970 1367 4039 ipsum
1401 3969 1698 4037 praesentiae
1726 3967 1897 4036 ipsius

321 4071 556 4130 tempus,
581 4038 691 4132 quo
724 4077 821 4131 per
855 4077 1108 4131 magnum
1142 4061 1271 4115 illud
1318 4038 1650 4117 sacrificium
1697 4078 1896 4133 propo-

319 4153 423 4204 sita
448 4160 565 4207 erat
585 4152 843 4207 omnibus
876 4152 1047 4208 salus.
1080 4150 1199 4207 Jatn
1228 4153 1281 4206 in
1316 4151 1557 4222 quinque
1587 4151 1747 4207 etiam
1776 4168 1898 4223 spa-

320 4241 391 4295 tia
415 4242 506 4297 illa
556 4243 725 4297 vinea:
758 4242 1010 4313 parabola
1053 4243 1197 4298 diem
1247 4241 1515 4299 distinxit.
1548 4242 1701 4297 Alios
1749 4244 1894 4299 enim

2002 3068 2134 3138 legis
2159 3068 2276 3122 vice
2308 3067 2379 3122 sit
2409 3065 2523 3120 haec
2548 3063 2889 3129 caeremonia,
2907 3062 3130 3133 jubens,
3155 3068 3215 3116 ut
3248 3073 3412 3115 omne
3442 3067 3576 3113 tent—

2002 3174 2126 3228 pus,
2167 3157 2383 3225 quodin
2427 3157 2569 3210 diem
2608 3170 2669 3209 ac
2705 3165 2914 3207 noctem
2950 3152 3230 3217 dividitur,
3262 3151 3417 3206 nobis
3457 3165 3572 3219 pcr-

2003 3260 2167 3320 petuo
2195 3249 2402 3301 clarum
2435 3246 2527 3312 sit,
2554 3261 2653 3300 nec
2682 3245 2789 3298 ulla
2818 3243 3118 3313 caliginosa
3146 3257 3307 3312 opera
3343 3242 3574 3296 admista

2002 3338 2221 3393 habeat.
2256 3336 2454 3391 Verum
2481 3337 2545 3389 ad
2576 3334 2862 3389 historiam
2904 3333 3209 3398 redeuntes,
3242 3345 3572 3402 quaeramus,

2000 3428 2130 3500 quid
2164 3443 2343 3483 causa:
2372 3430 2441 3481 sit
2466 3442 2566 3481 cur
2593 3441 2770 3497 agnus
2807 3439 2915 3478 non
2947 3422 3109 3477 modo
3156 3436 3219 3476 ex
3252 3421 3427 3492 agnis,
3481 3422 3574 3492 qui

2002 3520 2070 3574 ad
2104 3519 2351 3572 dextrum
2396 3518 2536 3571 latus
2584 3522 2921 3577 statuuntur,
2971 3511 3226 3581 eligatur,
3267 3509 3361 3565 sed
3396 3518 3450 3563 ct
3505 3524 3571 3563 ex

2001 3609 2196 3672 haedis,
2225 3622 2363 3678 quos
2405 3606 2570 3676 judex
2625 3603 2693 3660 ad
2724 3604 3001 3660 sinistram
3066 3601 3256 3657 statuit
3288 3600 3350 3665 “,
3387 3609 3574 3672 utpote

2002 3699 2207 3754 nullam
2238 3699 2485 3754 dextram
2514 3696 2782 3752 actionem
2823 3693 3109 3750 habentes.
3166 3690 3370 3747 Statuit
3402 3691 3570 3758 enim,

2000 3791 2198 3863 inquit,
2229 3805 2359 3846 oves
2388 3806 2416 3845 a
2436 3789 2664 3855 dextris,
2692 3786 2875 3842 haedos
2900 3794 3079 3842 autem
3106 3797 3135 3837 a
3166 3782 3423 3839 sinistris.
3444 3781 3572 3839 For-

1998 3892 2145 3939 tasse
2176 3883 2278 3937 hoc
2310 3882 2431 3938 ideo
2462 3881 2542 3948 fit,
2581 3880 2706 3951 quia
2737 3878 2988 3935 Christus
3017 3891 3113 3947 pro
3143 3876 3419 3942 omnibus,
3460 3882 3568 3929 tant

2000 3973 2163 4028 ovihu
2180 3990 2229 4036 s,
2260 3987 2424 4043 quam
2450 3971 2639 4037 haedis,
2674 3979 2924 4023 mortuus
2950 3974 3054 4031 est,
3078 3980 3142 4019 ac
3168 3980 3265 4036 pro
3298 3964 3383 4019 his
3410 3964 3569 4020 etiam

1998 4062 2370 4132 potissimum,
2431 4067 2616 4128 utpote
2656 4056 2753 4126 qui
2789 4054 2983 4124 majori
3016 4053 3387 4108 misericordia
3434 4067 3571 4121 Opus

2000 4153 2236 4207 habeant
2279 4151 2536 4204 Fortasse
2563 4147 2724 4201 etiam
2761 4144 2891 4217 quia
2913 4145 3160 4200 Christus
3177 4158 3362 4199 revera
3384 4142 3570 4214 justus

2000 4252 2228 4299 mortem
2258 4239 2448 4306 subiit,
2483 4238 2602 4295 ideo
2645 4236 2711 4291 ad
2740 4234 2857 4306 ejus
2882 4235 3105 4305 figuram
3147 4249 3323 4305 agnus
3371 4233 3571 4304 accipi-

318 4337 461 4389 circa
504 4337 734 4406 primam
800 4335 987 4389 horam
1051 4343 1272 4391 vocatos
1323 4350 1447 4393 esse
1507 4343 1715 4399 narrat,
1757 4334 1896 4390 alios
1925 4319 1977 4382 θ
2004 4342 2092 4390 tur
2125 4352 2139 4388 :
2175 4332 2434 4404 quoniam
2457 4338 2637 4384 autem
2674 4326 2960 4382 hominum
2989 4325 3243 4395 opinione
3271 4333 3328 4380 ut
3358 4322 3570 4380 facino-

318 4431 463 4484 circa
499 4432 729 4496 tertiam,
749 4431 886 4485 alios
917 4432 1058 4486 circa
1083 4437 1311 4492 sextam,
1337 4428 1474 4483 alios
1508 4428 1650 4482 circa
1669 4442 1892 4490 nonam,

323 4522 455 4576 alios
489 4521 722 4592 denique
749 4521 891 4576 circa
925 4519 1284 4574 undecimam.
1318 4517 1437 4583 Quo
1462 4517 1625 4572 etiam
1656 4526 1897 4588 tempore

326 4626 533 4667 navatae
579 4628 757 4682 operte
793 4628 1019 4679 merces,
1064 4612 1129 4667 iis
1165 4611 1258 4682 qui
1311 4611 1569 4682 postremi
1615 4617 1893 4675 venerant,

322 4706 496 4774 primo
525 4705 645 4759 loco
680 4703 1008 4774 persolvitur
1035 4705 1098 4757 “.
1142 4703 1251 4758 Nos
1286 4703 1429 4757 enim
1471 4700 1632 4773 primi
1671 4715 1894 4770 regene-

321 4794 585 4851 rationem
634 4796 953 4865 accipimus,
1001 4795 1199 4864 quibus
1246 4792 1496 4848 Christus
1556 4790 1891 4847 sacrificatus

320 4897 424 4952 cst,
454 4896 616 4958 atque
639 4904 666 4940 a
691 4899 863 4942 morte
897 4898 1178 4941 revocatus
1215 4885 1644 4941 innovandorum
1681 4882 1893 4937 animo-

322 4995 442 5033 rum
468 4988 782 5035 nostrorum
828 4994 990 5033 causa
1046 4978 1247 5047 Spiritu
1304 4985 1493 5031 sancto
1538 4990 1637 5029 nos
1674 4972 1887 5028 aﬂlavit.

322 5070 597 5138 Ai'cipitnr
633 5070 816 5140 itaque
869 5084 1043 5138 agnus
1094 5068 1270 5139 primo
1313 5066 1400 5120 die
1448 5065 1608 5133 hujus
1657 5062 1891 5133 quinarii

318 5160 553 5226 dierum,
574 5161 627 5215 id
650 5171 757 5224 est,
790 5159 1003 5214 decima
1037 5158 1260 5222 mensis,
1305 5155 1551 5227 principii
1584 5155 1747 5224 hujus
1790 5170 1893 5208 su:-

319 5252 427 5304 culi
462 5252 691 5322 figuram
720 5252 1048 5316 contincntc,
1077 5258 1241 5318 atque
1267 5261 1579 5302 assert'atus
1617 5256 1893 5317 postremo

322 5344 538 5398 tandem
582 5352 846 5412 tempore,
892 5343 995 5398 hoc
1021 5351 1123 5404 est,
1159 5339 1363 5394 decima
1414 5347 1631 5407 quarta,
1667 5338 1733 5391 ad
1790 5352 1887 5389 ve—

322 5447 535 5498 speram
562 5444 847 5487 mactatur.
881 5432 959 5486 Ad
1001 5446 1276 5502 vesperam
1334 5429 1573 5499 inquam,
1610 5439 1667 5481 ttt
1701 5441 1893 5481 rursus

402 5610 443 5641 ’³
465 5608 662 5665 Jerem.
702 5625 773 5673 ιχ,
800 5610 888 5662 21.
968 5609 1009 5639 ¹⁸
1034 5606 1222 5674 Matth,
1249 5623 1341 5674 xx,
1378 5607 1439 5660 10
1471 5622 1621 5674 seqq.

1703 5603 1912 5659 "Psal.
1976 5619 2123 5668 Lut,
2184 5602 2234 5656 7.

2001 4440 2162 4481 rosus
2177 4431 2441 4478 mactatus
2467 4428 2571 4486 est,
2592 4419 2795 4476 idcirco
2825 4418 3013 4474 haedus
3033 4432 3249 4488 quoque
3267 4416 3565 4488 jugulatur.

2003 4514 2414 4570 lmmaculatum
2446 4520 2623 4567 autem
2674 4510 2998 4567 sacrificium
3030 4523 3199 4578 agnus
3230 4507 3567 4578 intelligitur,

2004 4606 2144 4680 legis
2204 4605 2520 4678 prescripto
2556 4604 2624 4659 ad
2673 4609 2933 4673 perpetua
2986 4598 3252 4655 sacrificia
3307 4597 3566 4652 dicatus:

2016 4698 2206 4753 haedus
2230 4711 2360 4752 vero
2387 4710 2483 4767 pro
2506 4694 2742 4766 peccatis
2771 4691 3013 4748 offertur.
3037 4689 3169 4754 Quae
3203 4687 3419 4757 quidem
3460 4687 3569 4740 dtto

1999 4792 2053 4846 in
2081 4790 2299 4846 Christo
2331 4787 2583 4859 reperies.
2618 4784 2747 4838 Erat
2776 4782 2920 4839 enim
2952 4779 3117 4845 idem,
3138 4786 3193 4833 et
3222 4787 3280 4833 ttt
3301 4779 3567 4832 immacu--

1999 4880 2105 4935 lata
2132 4879 2374 4945 victima,
2400 4877 2656 4931 nimirum
2680 4873 2746 4928 ad
2768 4872 2992 4929 odorem
3012 4868 3298 4924 suavitatis
3325 4868 3563 4939 scipsum

1998 4971 2143 5027 Patri
2172 4970 2405 5027 offerens
2437 4986 2451 5023 :
2478 4977 2531 5023 et
2565 4976 2620 5021 ut
2645 4965 2855 5031 haedus,
2885 4963 3015 5019 dum
3058 4976 3158 5033 pro
3192 4958 3428 5029 peccatis
3463 4971 3565 5011 uo-

1998 5064 2127 5119 stris
2151 5068 2497 5116 mactaretur.
2545 5058 2719 5127 Atque
2740 5063 2800 5110 ut
2839 5068 2950 5108 rem
2977 5053 3030 5108 in
3058 5066 3233 5121 pauca
3263 5047 3562 5133 conferam,

1996 5155 2113 5208 ovis
2140 5152 2385 5224 quidem,
2442 5146 2742 5205 secundum
2777 5144 2995 5205 Isaiam,
3039 5140 3318 5197 lenitatem
3361 5137 3561 5193 Christi

1996 5244 2243 5313 designat
2283 5258 2298 5298 :
2337 5241 2528 5295 hrcdus
2568 5249 2747 5291 autem
2778 5233 3077 5290 secundum
3128 5232 3296 5300 legem
3352 5229 3563 5284 sacrifi-

1996 5333 2139 5403 cium
2169 5342 2252 5385 est
2283 5345 2380 5399 pro
2409 5337 2654 5398 peccato.
2710 5323 2942 5379 Proinde
2970 5322 3182 5386 leniter,
3220 5320 3337 5374 ovis
3367 5319 3562 5382 instar,
3646 5340 3653 5345 -

1998 5423 2062 5477 ad
2097 5421 2418 5492 supplicium
2457 5418 2672 5482 ductus,
2699 5429 2796 5486 pro
2830 5425 3052 5484 peccato
3082 5412 3227 5469 velut
3259 5409 3445 5466 hircus
3476 5426 3562 5463 sa.

2315 5601 2358 5633 ¹⁶
2415 5598 2603 5655 Matth.
2659 5612 2783 5665 xxv,
2837 5595 2928 5652 40.
