4050 6198
618 283 756 345 17‘63

2043 292 2298 354 ADDEN
2304 293 2423 354 DA.

3656 308 3761 368 1364

615 401 895 454 criﬁcatus
929 407 1032 463 est,
1071 414 1167 470 pro
1211 399 1494 455 hominum
1532 398 1709 457 salute
1755 402 1995 473 seipsum
2036 403 2200 461 morti
2234 404 2279 460 Δ
2308 413 2563 468 vocatur,
2618 405 2764 472 quod
2791 388 2943 459 in'ea
2978 406 3121 461 velut
3152 407 3205 487 in
3238 416 3407 473 nocte,
3438 416 3485 463 et
3520 409 3709 475 virtutes.
3735 429 3771 470 et

613 502 912 555 exponens.
930 490 1057 555 Aut,
1075 489 1119 545 si
1134 490 1331 554 mavis,
1349 499 1410 545 ιιι
1428 491 1620 548 haedus
1639 492 1692 546 in
1709 492 1815 547 alta
1834 494 1946 549 loca
1967 498 2197 565 prosilit,

615 581 698 635 sic
724 579 980 635 Christus
1002 579 1053 634 in
1075 581 1277 635 coelum
1314 583 1582 650 ascendit,
1632 592 1795 654 teque
1832 586 2038 643 evehit.
2067 587 2202 640 Pro-

616 684 737 742 pter
764 680 816 726 te
847 672 989 725 enim
1015 681 1271 729 mortuus
1293 684 1397 740 est,
1434 684 1492 731 ut
1524 691 1643 730 cum
1671 676 1790 746 ipso
1814 678 1987 734 vivas.
2034 679 2205 745 Quid-

616 778 744 817 nam
784 772 963 818 autem
998 764 1100 820 sibi
1130 767 1242 821 vult
1278 766 1385 832 lex,
1416 768 1562 839 quod
1596 770 1832 825 maxime
1862 772 2078 840 quidem
2106 787 2205 843 per

618 856 864 925 singulas
902 857 1098 913 domus
1140 874 1342 927 agnum
1397 861 1694 916 sacriﬁcari
1721 862 1894 931 jubet,
1933 864 1978 916 si
2023 873 2203 918 autem

614 948 898 1001 domestici
934 948 1087 1018 pauci
1116 950 1225 1004 sint
1245 964 1311 1004 ac
1344 966 1629 1021 pauperes,
1665 953 1830 1007 simul
1872 969 2090 1023 quoque
2125 956 2204 1009 vi-

618 1038 774 1093 cinos
805 1039 1197 1111 adesse,atque
1228 1041 1302 1096 ita
1347 1058 1411 1097 ex
1442 1044 1844 1098 contributione
1879 1046 2206 1101 sacriﬁcium

613 1130 907 1196 compleri?
932 1129 1196 1197 Quoniam
1218 1135 1580 1202 praestabilius
1600 1136 1648 1189 id
1673 1137 1887 1206 quidem
1911 1147 2014 1212 est,
2034 1139 2207 1193 utsibi

615 1219 851 1290 quisque
869 1221 934 1274 ad
957 1212 1343 1291 perfectionem
1375 1227 1811 1303 sufficiat,'atquc
1848 1229 2083 1284 aliorum
2110 1247 2212 1301 ope

615 1318 670 1362 ct
689 1309 914 1376 auxilio,
934 1311 996 1365 ad
1016 1312 1269 1367 virtutem
1292 1328 1400 1367 non
1424 1314 1680 1385 indigeat,
1701 1317 1828 1386 quin
1849 1319 2049 1387 potius.
2066 1322 2210 1391 quod

614 1401 914 1471 Apostolus
940 1402 1015 1457 ait
1039 1404 1104 1482 ³⁷,
1138 1406 1381 1474 seipsum
1415 1407 1666 1461 exhibeat
1700 1408 1809 1464 Deo
1839 1411 2073 1466 hostiam
2103 1429 2210 1467 non

617 1491 938 1557 inanimem,
999 1494 1177 1562 qualis
1233 1504 1316 1548 est
1368 1495 1479 1560 illa,
1511 1514 1631 1567 qua:
1664 1514 1759 1569 per
1790 1500 1944 1556 bruta
1981 1503 2056 1567 ﬁt,
2094 1520 2214 1573 quae

613 1589 901 1651 postquam
918 1596 1054 1638 czesa
1080 1593 1245 1658 esset,
1263 1585 1368 1639 Deo
1392 1594 1519 1641 tunc
1535 1587 1878 1669 offerebatur,
1904 1608 2088 1647 verum
2119 1595 2213 1648 ho-

619 1670 781 1725 etiam
814 1672 1108 1737 viventem,
1152 1683 1211 1728 ut
1243 1684 1528 1755 martyres,
1556 1678 1648 1748 qui
1674 1679 1883 1751 seipsos
1919 1683 2068 1738 vivos
2094 1682 2205 1738 Duo

621 1759 942 1826 (:ﬂcrcbanl,
995 1775 1059 1815 ac
1091 1760 1289 1816 deinde
1323 1777 1421 1830 pro
1460 1779 1526 1819 eo
1583 1777 1811 1823 mortem
1846 1771 2195 1839 oppetebant.

618 1847 802 1904 Talem
834 1849 1064 1905 hostiam
1099 1867 1549 1925 unumquemque
1593 1858 1832 1927 seipsum
1866 1859 1974 1913 Deo
2005 1861 2199 1917 offerre

617 1947 854 2016 oportet,
886 1949 938 1995 et
966 1955 1201 2017 semper,
1229 1954 1279 1998 et
1304 1958 1400 2014 per
1431 1962 1518 2001 res
1562 1961 1752 2003 omnes
1785 1950 2099 2006 sacriﬁcari.
2143 1951 2197 2006 Id

619 2039 803 2084 autem
843 2030 956 2098 ﬁet,
989 2031 1035 2086 si
1064 2035 1307 2089 membra
1341 2044 1529 2090 nostra
1560 2038 1623 2092 ad
1655 2039 1860 2109 peccati
1922 2053 2198 2111 perpetra-

618 2120 821 2173 tionem
846 2120 1220 2189 opprimantus
1250 2137 1315 2177 ac
1345 2125 1759 2183 mortiﬁcemus.
1786 2127 1943 2194 Quod
1988 2131 2035 2185 si
2074 2132 2199 2201 quis

615 2223 713 2278 per
753 2223 811 2263 se
841 2223 905 2265 ac
926 2210 1096 2279 solus,
1139 2212 1209 2266 ob
1256 2216 1457 2271 mentis
1491 2218 1729 2288 inopiam
1766 2228 1821 2274 et
1851 2222 2196 2279 imbecillita-

617 2311 727 2355 tem
759 2300 1105 2373 intelligendo
1129 2304 1332 2360 Christi
1367 2310 1622 2377 mysterio
1651 2325 1752 2379 par
1781 2326 1904 2367 esse
1927 2326 2195 2392 nequeat,

619 2393 803 2450 socios
848 2401 1011 2465 atque
1054 2395 1334 2467 adjutores
1369 2399 1474 2455 sibi
1518 2402 1772 2477 asciseet,
1804 2418 1896 2458 eos
1953 2405 2201 2461 videlicet

619 2486 915 2565 accipiens,
936 2489 1027 2558 qui
1059 2489 1244 2544 eadem
1274 2489 1377 2545 ﬁ-le
1394 2494 1600 2562 praditi
1622 2505 1768 2550 sunt.
1793 2495 2196 2568 Nonnunquam

616 2579 763 2634 enim
824 2589 1011 2634 mutua
1050 2596 1213 2650 opera
1268 2581 1336 2637 ad
1399 2583 1747 2641 sublimiores
1797 2588 2199 2657 Speculationes

618 2670 977 2749 assurgimus,
1013 2676 1194 2729 socios
1235 2689 1332 2730 eos
1364 2686 1727 2755 assumentes,
1762 2680 1856 2749 qui
1911 2682 2197 2737 nobiscum

613 2761 816 2817 virtute
834 2778 991 2832 pares
1022 2779 1086 2819 ac
1109 2765 1271 2820 vicini
1305 2776 1451 2822 sunt.
1485 2766 1679 2823 Verum
1702 2770 1791 2825 hic
1820 2773 2012 2831 merito
2039 2776 2194 2844 quis-

615 2851 765 2920 piam
798 2864 1201 2932 percunctetur,
1223 2859 1490 2927 siquidem
1528 2877 1671 2916 unus
1694 2872 1777 2917 est
1800 2863 2073 2937 Christus,
2103 2863 2195 2936 qui

614 2959 713 3014 per
743 2944 916 3014 legem
957 2957 1010 3002 et
1038 2950 1353 3019 prophetas,
1413 2961 1574 3021 atque
1619 2955 1755 3009 adeo
1795 2971 1894 3025 per
1923 2969 2199 3015 creaturas

2306 497 2436 549 vitia
2474 496 2527 549 in
2555 497 2791 552 obscuro
2834 497 2963 563 sint,
2998 505 3161 568 atque
3201 498 3358 554 etiam
3384 511 3592 571 Lpropter
3610 505 3771 559 oﬂ‘usam

2306 586 2361 639 in
2394 598 2454 638 ea
2489 584 2872 656 ignorantiam,
2899 597 2954 642 et
2981 602 3243 651 errorem,
3291 604 3351 643 ac
3394 599 3653 667 peccatum,
3677 594 3773 661 quod

2307 677 2362 731 in
2392 692 2581 731 omnes
2609 676 2786 734 fusum
2829 692 2893 732 ac
2923 689 3273 748 propagatum
3316 691 3413 744 est,
3444 695 3689 751 omnesque
3708 684 3775 736 im-

2309 769 2458 838 perio
2487 771 2702 839 premit.
2750 769 3030 836 Quomodo
3058 779 3237 825 autem
3261 770 3430 825 divina
3445 773 3535 846 illa
3560 788 3664 836 nox,
3704 791 3775 844 qua

2307 860 2527 914 Christo
2555 860 2891 914 moriendum
2924 870 3063 924 erat,
3096 860 3269 914 noctis
3299 860 3486 929 peccati
3519 862 3659 915 hostis
3683 876 3775 919 erat.

2310 952 2513 1022 accipe.
2542 950 3011 1017 Quemadmodum
3068 952 3122 1005 in
3159 953 3339 1005 mundi
3371 953 3611 1006 creatione
3655 954 3777 1007 sensi-

2312 1044 2403 1099 bili
2438 1045 2557 1099 luce
2590 1044 2852 1114 producta
2878 1044 3140 1098 discussm
3176 1052 3300 1097 sunt
3330 1043 3563 1116 tenebrae,
3594 1060 3687 1112 qua
3707 1044 3777 1127 pri:

2313 1137 2542 1202 migcnaz
2566 1136 2843 1197 dicuntur.
2886 1150 2993 1189 non
3019 1135 3161 1203 quod
3193 1135 3480 1189 substantia
3518 1136 3705 1203 praedita
3737 1149 3778 1186 ac

2315 1238 2509 1281 creatae
2547 1229 2676 1290 sint,
2718 1228 2809 1283 sed
2864 1227 2993 1294 quia
3041 1226 3182 1281 caelo
3229 1240 3291 1280 ac
3320 1235 3484 1299 terra;
3519 1226 3651 1280 rebus
3693 1227 3777 1280 snt-

2317 1318 2514 1373 stantia
2573 1318 2836 1388 praeditis,
2876 1317 3035 1387 quasi
3092 1318 3457 1372 subsisterent.
3506 1315 3658 1385 Neque
3680 1317 3778 1369 enim

2319 1410 2661 1465 tenebrarum
2696 1410 2801 1463 ulla
2821 1418 2905 1463 est
2929 1409 3168 1464 essentia
3193 1416 3246 1463 et
3281 1409 3593 1465 subsistentia
3617 1422 3779 1463 :verum

2315 1516 2412 1569 per
2447 1499 2874 1554 obstructionem
2925 1507 3091 1568 atque
3144 1499 3466 1554 obstaculnm
3502 1497 3632 1560 ﬁunt,
3668 1506 3781 1563 atque

2318 1591 2612 1647 accidentis
2640 1591 2902 1645 rationem
2937 1590 3159 1667 habent,
3192 1606 3293 1645 non
3323 1590 3619 1645 substantir.
3645 1586 3782 1653 Qum-

2320 1685 2611 1739 admodum
2650 1683 2812 1753 igitur
2839 1693 2962 1752 post
3014 1692 3255 1737 creatam
3312 1683 3468 1736 ln‘cem
3517 1681 3782 1746 tenebrasque

2308 1776 2591 1832 submotas
2647 1784 2791 1830 terra
2825 1774 2995 1828 videri
3048 1775 3237 1851 coepit,
3281 1781 3435 1841 atque
3476 1771 3776 1825 elementorum

2304 1867 2437 1921 ordo
2464 1865 2754 1921 distinctus
2813 1872 2918 1941 est,
2951 1865 3249 1934 omniaque
3304 1861 3565 1917 informata
3597 1870 3711 1919 sunt,
3736 1872 3778 1911 ac

2308 1958 2508 2013 caelum
2570 1967 2822 2011 ornatum
2872 1971 3031 2010 suum
3102 1956 3327 2031 accepit,
3388 1962 3607 2022 terraque
3652 1950 3776 2004 itidem

2304 2062 2489 2109 suum,
2537 2055 2703 2116 atque
2743 2045 2809 2100 ad
2848 2045 2994 2100 hunc
3053 2046 3277 2099 modum
3320 2044 3405 2099 illa
3448 2044 3576 2113 prius
3602 2039 3777 2094 informis

2303 2138 2527 2192 materia
2571 2136 2761 2192 formis
2829 2138 3096 2190 adornata
3139 2145 3224 2191 est
3270 2154 3285 2191 :
3336 2134 3411 2190 sic
3461 2134 3598 2189 etiam
3644 2131 3683 2185 in
3711 2132 3776 2183 hac

2302 2237 2650 2286 sacrosancta
2707 2237 2887 2304 nocte,
2945 2242 3049 2299 qua
3120 2226 3374 2283 Christus
3433 2226 3597 2281 salutis
3641 2234 3775 2276 nostra

2303 2335 2470 2376 causa
2555 2329 2787 2375 mortem
2858 2319 3074 2391 excepit
3141 2335 3207 2374 ac
3261 2318 3489 2393 sustulit,
3549 2311 3770 2386 ignorantia

2302 2423 2356 2477 et
2412 2412 2619 2467 malitia
2694 2412 2749 2467 in
2811 2412 2970 2467 nobis
3041 2411 3280 2489 haerens,
3344 2426 3404 2466 ac
3456 2407 3609 2464 noctis
3666 2404 3773 2457 ratio-

2303 2522 2426 2563 nem
2479 2507 2704 2571 habens,
2763 2504 3039 2575 proﬂigata
3070 2516 3128 2560 et
3151 2504 3406 2559 dissoluta
3452 2495 3773 2567 estzatqtteita

2304 2606 2526 2652 mutatae
2558 2604 2688 2651 sunt
2719 2610 2898 2650 rerum
2930 2596 3097 2657 vices,
3130 2604 3188 2650 ut
3217 2610 3315 2666 pro
3343 2596 3515 2649 umbra
3538 2591 3693 2646 veritas
3711 2600 3774 2639 no-

2303 2690 2388 2745 bis
2413 2689 2676 2753 illuxerit,
2705 2703 2804 2757 pro
2843 2687 3158 2758 ignorantia
3194 2686 3445 2758 cognitio,
3479 2700 3562 2753 pro
3595 2677 3771 2735 incredu-

2304 2781 2452 2836 litate
2483 2779 2636 2846 ﬁdes,
2694 2795 2795 2850 pro
2831 2788 3052 2850 peccato
3080 2779 3321 2850 justitia.
3360 2777 3529 2832 Potest
3568 2774 3637 2828 hic
3663 2770 3771 2825 etiam

2301 2887 2398 2942 per
2432 2871 2764 2943 primigenas
2796 2872 3046 2928 tenebras
3096 2874 3398 2943 primorum
3426 2877 3658 2942 parentum
3687 2874 3769 2932 pec-

2302 2972 2481 3020 catum
2554 2964 2800 3035 intelligi,
2867 2979 2965 3035 per
3018 2966 3170 3035 quod
3217 2965 3395 3020 omnia
3453 2961 3693 3033 perturbata
3733 2961 3770 3006 et

615 3034 965 3105 praedicatur,
998 3037 1088 3108 qui
1124 3037 1233 3103 fiet,
1269 3049 1326 3094 ut
1377 3040 1482 3106 lex,
1516 3042 1719 3099 Christi
1777 3045 2004 3118 ﬁguram
2053 3051 2191 3107 cele-
2220 3055 2265 3115 C
2296 3070 2484 3112 eversa
2513 3068 2660 3111 sunt.
2704 3034 2909 3110 Verum
2966 3034 3041 3110 in
3073 3055 3323 3122 Christo,
3368 3070 3487 3110 vero
3527 3050 3694 3119 lumine,
3716 3044 3771 3096 he

613 3127 802 3192 brans,
835 3142 933 3196 per
966 3128 1157 3184 domos
1195 3128 1521 3189 familiarum
1560 3137 1869 3208 complures
1897 3156 2068 3214 agnos
2100 3156 2193 3200 sa-

612 3215 845 3273 criﬁcari
863 3218 1087 3288 jubeat?
1116 3222 1192 3276 Ad
1227 3238 1387 3294 quem
1426 3226 1506 3282 sic
1555 3232 1895 3301 respondeo:
1928 3246 2202 3305 quemad—

612 3308 838 3363 modum
878 3313 1251 3383 unusquisque
1270 3330 1484 3382 eorum,
1515 3319 1607 3389 qui
1639 3319 1916 3380 Christum
1940 3327 2202 3384 ﬁdecom-

619 3395 756 3460 plexi
807 3405 955 3460 sunt,
992 3413 1090 3468 pro
1118 3400 1310 3456 virium
1358 3419 1583 3461 suarum
1641 3412 1863 3468 modulo
1885 3417 2202 3486 spiritaliter

613 3482 833 3542 Christo
853 3490 1207 3560 cruciﬁgitur,
1240 3493 1379 3551 alius
1407 3496 1665 3555 nimirum
1716 3482 1978 3573 quantum
2023 3509 2089 3565 ad
2115 3526 2202 3565 ac-

618 3577 767 3632 tuale
791 3590 1071 3648 peccatum
1095 3582 1609 3658 durrtaxatjseipsum
1635 3593 1784 3649 cruci
1809 3595 2198 3669 afﬁgens,alius

612 3677 877 3735 quantum
893 3671 958 3723 ad
985 3671 1132 3739 ipsas
1154 3689 1369 3744 quoque
1385 3679 1551 3733 animi
1574 3684 2034 3755 perturbationes,
2058 3690 2197 3749 alius

612 3757 776 3811 etiam
812 3759 991 3841 quoad
1020 3759 1168 3829 ipsas
1215 3764 1502 3822 affectuum
1558 3771 1993 3844 imaginationes,
2052 3781 2196 3836 alius

613 3846 848 3918 denique
877 3861 1139 3917 quantum
1171 3854 1237 3909 ad
1265 3856 1410 3925 ipsas
1440 3869 1657 3931 quoque
1675 3864 1967 3922 affectuum
1988 3872 2192 3939 cogita-

612 3938 791 3997 tiones
817 3959 831 3995 :
870 3945 951 3998 sic
983 3947 1358 4018 unusquisque
1389 3961 1635 4008 nostrum
1657 3956 1709 4010 in
1735 3938 2189 4028 congruetrtiisibi

612 4032 835 4090 virtutis
865 4036 1032 4108 gradu
1049 4044 1215 4110 atque
1233 4041 1446 4110 ordine,
1479 4047 1635 4114 quasi
1661 4047 1715 4102 in
1745 4049 1908 4105 domo
1954 4056 2188 4124 quadam

610 4140 808 4195 agnum
844 4127 1112 4193 immolat,
1158 4133 1449 4204 carnisque
1486 4135 1659 4207 ipsius
1703 4142 1971 4213 particeps
2012 4145 2091 4212 fit,
2127 4165 2189 4205 ac

609 4214 845 4272 Domino
871 4216 996 4273 Jesu
1024 4222 1090 4275 ad
1122 4223 1428 4280 satietatem
1481 4229 1747 4297 expletur.
1800 4233 2011 4290 Etenim
2057 4254 2185 4309 pro-

608 4303 763 4373 prius
791 4306 1219 4379 uniuscujusque
1264 4327 1437 4383 agnus
1462 4315 1695 4373 efﬁcitur
1722 4318 1882 4378 Jesus
1910 4303 2180 4394 Christus,

2305 3148 2513 3219 peccati
2548 3148 2786 3204 tenebrae
2824 3148 3014 3204 soluta:
3062 3163 3399 3219 prorsusque
3451 3143 3637 3202 sublata:
3664 3142 3765 3209 sunt,

2305 3255 2413 3295 non
2441 3250 2618 3296 autem
2642 3248 3012 3305 excesserunt,
3044 3249 3144 3295 aut
3166 3240 3273 3295 alio
3300 3244 3604 3295 recesserunt
3626 3250 3637 3284 ἒ
3658 3237 3765 3296 atque

2304 3332 2486 3387 omnia
2511 3332 2854 3387 collustravit
2876 3332 2943 3409 is,
2974 3331 3066 3401 qui
3090 3330 3232 3387 dixit
3255 3339 3314 3387 ut
3341 3331 3405 3385 de
3427 3324 3627 3383 tenebris
3649 3321 3768 3373 lumen

2304 3425 2732 3493 splendesceret,
2771 3433 2935 3494 atque
2969 3438 3032 3478 ea
3060 3438 3187 3493 quae
3208 3426 3355 3496 prius
3389 3421 3542 3477 forma
3572 3413 3766 3508 cerebellis

2303 3515 2749 3582 informarentur;
2787 3516 2901 3592 ille,
2961 3515 3212 3594 inquam,
3270 3530 3405 3572 verte
3439 3503 3763 3584 pulchritudinis

2302 3606 2562 3661 virtutum
2595 3607 2929 3662 architectus
2972 3616 3026 3662 et
3054 3606 3369 3684 fabricator,
3402 3606 3485 3676 qui
3524 3616 3596 3656 res
3622 3602 3768 3689 nostras

2297 3695 2655 3750 immoderate
2716 3694 2948 3763 agitatas
2974 3709 3037 3750 ac
3066 3692 3389 3751 ﬂuctuantes
3422 3692 3635 3763 intuitus,
3656 3698 3700 3737 ει
3716 3694 3767 3731 ιη’

2297 3784 2564 3839 ordinatis
2595 3798 2691 3839 eas
2723 3783 2777 3838 in
2817 3783 3065 3839 ordinem
3105 3786 3353 3841 adduxit.
3378 3783 3482 3839 Lux
3506 3780 3768 3851 cninqetor-

2295 3883 2478 3941 natus,
2502 3882 2557 3929 et
2584 3874 2739 3949 ordo,
2770 3874 3133 3945 cognitionem
3172 3887 3225 3933 et
3251 3878 3488 3931 virtutem
3514 3866 3765 3943 significant:

2294 3964 2528 4019 tenebrm
2570 3972 2761 4019 contra
2804 3973 2858 4019 et
2887 3963 3165 4032 confusio,
3217 3982 3335 4037 quae
3366 3965 3516 4018 vitam
3551 3959 3764 4047 hurnauatﬂ

2290 4055 2442 4124 prius
2473 4055 2815 4133 obsidebant,
2850 4054 3039 4111 vitium
3080 4065 3250 4127 atque
3306 4048 3636 4127 ignorantiam
3671 4042 3765 4097 desi-

2289 4154 2478 4216 gnant.

2357 4238 2471 4294 Col.
2509 4239 2613 4295 645
2650 4241 2713 4294 Α.
2780 4239 2914 4294 Hinc
2960 4239 3259 4312 ngyptum
3311 4242 3543 4312 fugimus,
3589 4232 3763 4327 hoc-fl»

2292 4329 2442 4383 triste
2478 4339 2584 4384 etc.
2616 4329 2885 4396 Posthaec.
2920 4332 3122 4409 inquit,
3167 4342 3445 4404 peccatum
3511 4326 3631 4381 velut
3654 4315 3765 4384 Eli.“

607 4402 776 4462 atque
807 4402 978 4466 totus,
1005 4406 1060 4453 et
1097 4401 1216 4468 toti,
1246 4412 1299 4458 et
1323 4406 1577 4463 omnibus
1608 4412 1791 4465 omnia
1818 4415 1892 4467 tit.
1933 4415 2034 4471 Per
2054 4418 2186 4473 vici-
2217 4394 2270 4455 θ
2294 4431 2443 4490 ptum
2479 4422 2768 4491 quamdam
2821 4394 3119 4496 fugimus,
3144 4394 3294 4495 quod
3327 4423 3528 4494 quidem
3565 4415 3684 4470 triste
3704 4417 3762 4496 ro-

608 4499 741 4539 num
773 4489 960 4553 etiam,
996 4490 1086 4560 qui
1123 4492 1189 4546 ad
1229 4496 1352 4565 agni
1385 4510 1539 4552 esum
1584 4502 1906 4570 assumitur,
1959 4509 2188 4576 gentiles

608 4578 907 4670 signiﬁcari
967 4595 1221 4653 possunt.
1271 4587 1538 4653 Quoniam
1592 4593 1737 4648 enim
1769 4593 1940 4651 Judaei
1972 4611 2189 4670 propter

606 4669 775 4724 animi
797 4684 1165 4742 paupertatem
1201 4680 1519 4749 mysterium
1555 4681 1658 4738 hoc
1683 4669 2185 4760 conciperenequi-

607 4771 807 4817 verunt
839 4779 854 4818 :
894 4764 1096 4820 idcirco
1126 4764 1193 4820 ad
1233 4768 1482 4824 sacriﬁcii
1514 4773 1830 4829 societatem
1864 4785 1917 4830 et
1954 4793 2181 4834 consor-

607 4851 743 4906 tium
764 4852 966 4907 ethnici
1010 4854 1234 4926 insuper
1261 4862 1522 4930 assutnpti
1551 4872 1699 4918 sunt.
1754 4862 1925 4921 Porro
1956 4868 2008 4922 in
2043 4885 2182 4925 una-

608 4957 830 5013 quaque
852 4946 1018 4999 domo
1048 4946 1324 5015 perfectus
1352 4935 1472 5006 erat
1500 4967 1697 5022 agnus,
1730 4971 1830 5011 nec
1857 4957 1910 5011 in
1937 4958 2182 5017 diversas

607 5035 805 5092 domos
862 5036 1223 5095 dividebatur.
1280 5041 1430 5098 Unus
1473 5046 1617 5101 enim
1661 5055 1823 5118 atque
1873 5050 2185 5111 individuus

604 5124 856 5182 Christus
883 5136 982 5194 est,
1015 5144 1079 5183 ac
1108 5130 1243 5186 ﬁdes
1276 5147 1403 5187 una.

677 5216 797 5276 Col.
830 5219 934 5275 645
967 5222 1031 5277 A.
1066 5222 1208 5279 Hinc
1235 5243 1392 5282 sacra
1421 5245 1525 5283 nox
1546 5241 1593 5284 et
1622 5235 1895 5301 praesentis
1920 5238 2058 5304 uiue,
2091 5239 2184 5293 hoc

606 5316 709 5369 est,
742 5318 848 5363 etc.
881 5310 1167 5385 Deinceps,
1210 5319 1406 5391 inquit,
1432 5330 1597 5392 atque
1641 5324 1831 5381 ordine
1870 5328 2094 5399 mystica
2128 5341 2182 5387 et

606 5403 661 5446 et
696 5408 1043 5456 sacrosancta
1074 5419 1177 5458 nox
1212 5408 1448 5474 advenit,
1491 5410 1706 5468 inimica
1749 5423 1803 5470 et
1832 5417 2004 5473 hostis
2034 5427 2183 5480 tene:

604 5484 781 5541 ιιι-οδω
807 5487 967 5558 hujus
1001 5494 1144 5559 vitae,
1198 5514 1320 5567 quae
1366 5518 1468 5556 nox
1525 5504 1684 5559 etiam
1711 5507 1780 5562 oh
1807 5523 1924 5565 eam
1956 5525 2173 5567 causam

678 5662 721 5698 "
754 5662 912 5721 lion).
949 5682 1044 5733 xu,
1074 5670 1107 5727 4

2295 4512 2531 4567 eamlum
2568 4522 2674 4578 est,
2707 4522 2768 4568 ut
2800 4495 3035 4570 tristitiae
3084 4531 3309 4573 causam
3343 4514 3574 4573 affet-ens,
3632 4495 3763 4556 acerbe

2295 4614 2477 4659 autem
2512 4620 2872 4676 persequens,
2903 4617 2961 4662 ut
2989 4608 3045 4662 in
3075 4607 3316 4663 hominis
3349 4602 3609 4673 perniciem
3628 4597 3758 4643 ριευῐ·

2294 4695 2481 4751 siones
2514 4695 2740 4754 faciens.
2776 4696 3103 4770 Quanquam
3141 4701 3306 4754 etiam
3331 4692 3520 4764 alioqui
3552 4687 3760 4780 Αεὲὶίξψέξ

2288 4785 2335 4840 si
2376 4786 2779 4856 interpreteris,
2821 4793 3074 4846 tenebras
3098 4799 3261 4846 sonat
3297 4788 3418 4842 :hae
3456 4791 3612 4838 autem
3636 4775 3760 4827 trists

2287 4884 2436 4932 sunt.
2467 4875 2711 4948 Egyptii
2747 4888 2927 4934 autem
2962 4879 3239 4937 lsraelitas
3271 4873 3699 4952 persequebantur,
3722 4859 3762 4907 ιιι

2287 4984 2385 5026 eos
2437 4972 2986 5041 comprehenderent.
3039 4972 3151 5030 Nec
3200 4988 3330 5028 vero
3382 4965 3595 5057 tristitiae

2289 5069 2569 5130 peccatum
2602 5063 2780 5118 solum
2817 5063 3079 5135 fugimus,
3112 5079 3298 5118 verum
3332 5061 3482 5116 etiam
3507 5049 3760 5141 caliginis?

2290 5129 2410 5206 rum
2442 5153 2749 5209 daemonum
2801 5129 3101 5225 principem
3141 5152 3359 5210 servilia
3405 5159 3568 5218 opera.
3616 5129 3761 5229 (Ιυξδυῗ

2286 5243 2500 5300 animus
2523 5245 2870 5314 opprimitur;
2894 5247 3269 5318 imperantem,
3297 5259 3359 5298 ac
3381 5240 3619 5295 dauuones
3642 5225 3760 5318 enata

2283 5336 2434 5405 ipsos
2484 5312 2763 5406 nunquam
2796 5354 2908 5393 non
2962 5312 3261 5405 instantes,
3294 5344 3452 5405 atque
3498 5323 3556 5379 ad
3603 5312 3758 5387 Ρθ⁶⁰³¹¹

2283 5440 2422 5497 opus
2460 5427 2596 5483 dure
2656 5430 2961 5501 acerbeque
3021 5431 3353 5501 irnpellcntes
3397 5431 3448 5478 cl
3481 5408 3756 5507 θάυτεξηξῗθ

2281 5496 2443 5589 atque
2476 5518 2663 5574 eadem
2710 5496 2889 5577 causa
2911 5496 3134 5591 operum
3190 5517 3460 5592 prrcfectos
3508 5496 3755 5575 ιιριιεηλωδ·
