4050 6198
422 192 558 256 ιῗ65

1364 184 1692 248 NICETAS
1727 185 1810 245 IN
1851 182 2074 246 ORAT.
2115 183 2285 245 XLII
2325 183 2383 245 S.
2429 184 2661 246 GREG.

3517 186 3650 251 1366

417 297 889 369 Quemadmodum
936 304 1116 352 autem
1177 296 1434 352 Israelita»
1487 297 1554 352 ad
1606 296 1986 367 promissionis
2018 303 2059 356 Α
2091 296 2192 349 hoc
2222 304 2324 359 est,
2353 294 2554 348 Christi
2591 293 2875 364 sanguine.
2924 293 3243 366 obsignandi
3270 304 3420 359 sunt,
3466 310 3651 352 nonut

422 405 647 455 terram,
688 390 770 443 sic
791 402 889 442 nos
918 401 1136 457 quoque
1170 388 1235 442 ad
1261 402 1557 458 supernum
1583 389 1847 442 mundum
1876 387 1983 441 mi-

421 498 663 553 gramus.
690 481 867 549 Atque
898 489 956 535 ut
984 479 1061 533 illi
1109 480 1222 533 luto
1259 489 1313 533 et
1355 480 1588 534 laterum
1622 479 1985 542 confectione,

423 576 615 630 eodem
654 575 817 627 modo
850 586 950 626 nos
1001 572 1166 629 etiam
1200 571 1409 625 lubrica
1441 580 1496 625 et
1544 571 1710 625 inﬁda
1741 571 1990 640 corporis

424 665 588 731 hujus
646 662 1025 732 compactione
1081 663 1379 717 liberamur
1416 701 1431 726 ,
1497 662 1647 730 quod
1720 677 1786 716 ex
1845 671 1986 716 terra

420 764 865 828 coagmentatum
931 765 1057 821 est,
1115 756 1261 811 unde
1319 768 1373 810 et
1425 755 1622 811 lateres
1678 766 1734 809 et
1791 757 1985 809 lutum.

422 850 597 903 Ferro
646 862 937 917 compages
986 848 1099 917 ipsa
1130 847 1412 916 corporis,
1452 855 1868 916 suaptegnatura
1922 847 1986 900 ad

376 934 380 937 Α
423 942 781 995 olfensionem
829 948 883 992 et
937 947 1218 1007 peccatum
1266 936 1549 1006 proclivis,
1603 938 1746 1006 apud
1790 936 1992 991 multos

423 1031 674 1085 homines
702 1039 866 1099 atque
896 1029 1184 1083 interiores
1208 1035 1262 1083 et
1298 1027 1608 1097 ignaviores
1641 1028 1708 1081 ad
1745 1026 1989 1095 volupta-

434 1131 519 1174 tes
542 1121 613 1174 ita
668 1119 828 1173 facile
865 1119 1115 1183 solvitur,
1161 1127 1215 1173 et
1245 1117 1509 1173 eﬂ‘renato
1541 1119 1743 1187 impetu
1795 1118 1988 1180 fertur,

426 1219 489 1265 ut
511 1226 578 1264 ne
610 1209 917 1278 palearibus
930 1208 1148 1277 quidem
1182 1208 1506 1271 rationibus,
1527 1209 1629 1263 hoc
1652 1217 1754 1273 est,
1779 1207 1991 1275 exiguis

421 1311 479 1355 et
528 1299 735 1353 levibus
773 1306 1091 1351 coerceatur
1148 1306 1204 1352 et
1254 1300 1682 1366 constringatur,
1728 1297 1990 1367 quemad-

425 1390 643 1443 modum
688 1388 886 1442 lateres
940 1387 1113 1456 paleis
1142 1403 1158 1441 :
1187 1403 1375 1441 verum
1411 1389 1510 1442 luti
1564 1389 1737 1443 instar
1789 1388 1858 1443 ad
1890 1404 1988 1443 vo-

398 1480 656 1547 luptates
686 1478 897 1531 laxetur
931 1492 995 1531 ac
1037 1476 1400 1532 dili‘undatur.
1448 1477 1662 1532 Etenim
1694 1480 1987 1534 convenis-

422 1572 515 1624 bat
552 1584 671 1635 nos,
712 1569 899 1624 densis
927 1584 993 1625 ac
1029 1570 1220 1626 solidis
1258 1579 1314 1625 et
1344 1570 1726 1641 spiritualibus
1759 1573 1988 1627 rationi-

418 1664 522 1716 bus
549 1672 920 1728 constructos,
970 1676 1001 1717 a
1033 1661 1193 1717 [mdis
1223 1664 1598 1733 voluptatibus
1627 1675 1851 1735 propter
1886 1667 1979 1721 Dei

418 1767 659 1806 amorem
712 1753 987 1823 restringi.
1035 1753 1106 1806 At
1136 1769 1283 1809 nunc
1331 1755 1728 1824 improbissimi
1779 1757 1982 1827 quique

419 1858 487 1895 ne
524 1842 908 1897 subventaneis
936 1843 1153 1912 quidem
1206 1852 1258 1897 et
1309 1844 1520 1899 levibus
1555 1846 1861 1902 rationibus
1902 1858 1985 1903 tc-

421 1941 620 1987 nentur
653 1948 718 1988 ac
762 1933 1132 2003 reperiuntur,
1169 1943 1228 1989 ut
1278 1935 1325 1990 si
1380 1951 1485 1990 non
1519 1948 1742 2007 propter
1786 1937 1979 2002 Deum,

419 2024 610 2079 saltem
646 2025 713 2080 ad
746 2023 959 2080 laudem
1008 2024 1294 2079 hominum
1327 2029 1675 2084 emereudam
1709 2045 1737 2084 a
1768 2030 1987 2101 ﬂagitiis

419 2117 752 2173 abstineant.

492 2203 622 2259 Ibid.
664 2202 725 2256 B.
755 2202 896 2259 Hinc
932 2221 1097 2277 agnus
1122 2215 1419 2274 mactatur,
1472 2218 1634 2280 atque
1687 2213 1847 2278 actio,
1876 2221 1982 2268 etc.

414 2294 558 2347 Cum
621 2294 949 2364 tripartitam
996 2298 1176 2351 anima
1234 2307 1421 2355 nostra
1470 2301 1739 2357 rationem
1793 2304 1988 2360 habeat

417 2379 703 2449 (dividitur
760 2380 927 2453 enim)
978 2385 1337 2451 rationalem,
1402 2372 1884 2457 concupiseibilem
1932 2401 1989 2446 et

417 2469 773 2538 iraseibilem,
829 2472 1077 2540 postibus
1148 2476 1370 2544 quidem
1404 2480 1708 2548 comparari
1755 2492 1987 2550 possunt

417 2561 497 2617 ira
527 2569 581 2616 et
608 2562 1045 2631 concupiscentia
1072 2582 1088 2626 ;
1126 2565 1299 2619 limini
1342 2575 1523 2621 autem
1571 2570 1909 2624 conciliatrix
1934 2582 1989 2627 et

419 2653 697 2708 collectrix
724 2668 914 2709 earum
952 2656 1093 2710 ratio
1120 2656 1337 2725 utrique
1366 2660 1684 2728 conjuncta,
1724 2671 1891 2732 atque
1917 2664 1987 2718 ab

420 2751 656 2813 utraque
698 2753 1022 2801 sustentata.
1074 2747 1156 2802 Ad
1187 2747 1564 2806 fortitudinem
1614 2753 1759 2807 enim
1798 2754 1868 2809 ab
1907 2756 1985 2810 ira

419 2835 785 2904 obfirmatur,:
818 2839 886 2891 ad
914 2839 1252 2893 consortium
1282 2851 1461 2899 autem
1498 2846 1698 2899 summi
1729 2846 1857 2902 boni
1892 2863 1987 2918 per

2086 385 2430 446 claudantur,
2457 401 2518 438 ac
2548 385 2682 438 nihil
2705 392 2887 453 agant,
2920 400 3108 439 verum
3152 395 3212 441 ut
3252 386 3651 456 insculpautur.

2091 485 2261 547 atque
2319 477 2636 547 hujusm’odi
2686 476 2902 546 signum
2939 485 2993 531 et
3022 477 3359 547 exemplares
3393 487 3550 533 notas
3600 480 3653 532 in

2089 568 2289 637 seipsis
2339 569 2579 638 integras
2634 576 2875 622 servent.
2914 566 3006 621 Vel
3039 568 3204 629 etiam
3250 578 3310 623 ut
3366 568 3655 625 hostilibus

2089 658 2263 728 Copiis
2293 666 2555 714 terrorem
2617 657 2868 723 afferant,
2924 659 3391 727 quemadmodum
3442 661 3649 730 regium

2092 751 2311 819 signum
2345 750 2758 806 formidolosum
2789 765 2911 805 esse
2942 751 3100 805 solet.

2162 840 2297 894 lbid.
2334 840 2470 894 Hinc
2494 852 2779 909 postrema,
2817 851 2867 896 et
2895 844 3314 911 persecutoribus
3338 846 3655 915 gravissima

2088 932 2269 1002 plaga,
2312 943 2416 989 etc.
2479 933 2675 989 Decem
2703 935 2892 1004 plagas
2932 936 2984 989 in
3046 926 3394 990 Hebraeorum
3421 938 3651 1005 gratiam

2093 1020 2355 1076 Dominus
2377 1020 2651 1093 Egyptiis
2699 1024 2914 1079 intlixit.
2942 1023 3125 1079 Prima
3164 1024 3265 1079 fuit
3296 1027 3522 1096 sanguis
3546 1028 3653 1093 ille,

2091 1111 2181 1179 qui
2234 1125 2302 1165 ex
2362 1127 2626 1182 aquarum
2676 1115 3095 1187 congregatione
3142 1117 3535 1185 hauriebatur;
3569 1135 3656 1174 se-

2090 1202 2265 1257 cunda
2319 1218 2487 1270 ranae;
2549 1205 2707 1259 tertia
2742 1207 3017 1277 ciniphes;
3066 1216 3260 1279 quarta
3325 1212 3653 1281 cynomyia;

2089 1294 2277 1363 quinta
2341 1294 2753 1365 quadrupedum
2825 1298 3117 1367 interitus;
3186 1310 3339 1357 sexta
3424 1306 3653 1371 vesicre;

2089 1385 2319 1454 septima
2350 1387 2558 1455 grando
2582 1388 2821 1444 triticum
2845 1399 3168 1460 conterens;
3216 1403 3405 1449 octava
3434 1394 3657 1452 locustae

2089 1474 2282 1530 viridia
2304 1477 2490 1532 omnia
2514 1478 2873 1549 populantes;
2908 1495 3050 1536 nona
3077 1482 3376 1552 palpabiles
3398 1485 3654 1552 tenebrae;

2089 1568 2300 1624 decima
2377 1570 2832 1640 primognitorum
2907 1573 3212 1643 oppressio.
3292 1574 3468 1645 Atque
3541 1577 3656 1632 haec

2088 1660 2243 1730 plaga
2280 1662 2470 1717 ordine
2491 1662 2709 1732 quidem
2735 1672 3007 1733 postrema
3033 1673 3171 1731 erat,
3194 1668 3445 1737 supplicii
3473 1675 3653 1723 autem

2088 1750 2351 1820 gravitate
2376 1753 2574 1821 prima.
2593 1752 2777 1823 Neque
2807 1756 2952 1808 enim
2985 1769 3105 1810 eam
3134 1755 3381 1827 Egyptii
3406 1762 3654 1827 perferre

2087 1850 2399 1911 potuerunt,
2421 1844 2513 1899 sed
2534 1855 2660 1899 tunc
2693 1844 2954 1901 lsraelitis
2987 1845 3300 1902 discedendi
3329 1856 3649 1918 potestatem

2089 1930 2355 1989 fecerunt.
2396 1934 2599 1989 Eodem
2635 1936 2796 1990 modo
2821 1936 3161 1993 daemonibus
3180 1952 3420 2008 quoque,
3441 1940 3657 1994 anima-

2089 2039 2209 2078 rum
2262 2034 2575 2081 nostrarum
2630 2027 3095 2097 persecutoribus,
3152 2028 3472 2099 gravissima
3541 2032 3655 2086 [tam

2087 2129 2247 2184 pinna
2302 2116 2537 2181 videtur,
2571 2116 2790 2187 quando
2837 2117 2893 2171 in
2934 2118 3118 2172 animo
3147 2117 3216 2173 ab
3246 2119 3397 2174 omni
3422 2128 3658 2176 ostenta-

2087 2206 2237 2261 tione
2266 2207 2444 2261 alieno
2466 2215 2631 2278 atque
2659 2207 2845 2262 humili
2871 2216 2930 2262 et
2954 2207 3187 2277 abjecto,
3216 2210 3374 2281 quasi
3403 2212 3457 2265 in
3488 2220 3651 2267 nocte

2086 2296 2345 2367 quadam,
2375 2296 2738 2366 primogenita
2770 2296 3000 2366 peccati,
3065 2297 3169 2352 hoc
3222 2306 3306 2354 est
3329 2298 3503 2368 prima
3538 2299 3652 2353 vitii

2088 2387 2239 2456 origo
2306 2396 2357 2442 et
2420 2386 2747 2456 principium
2778 2424 2794 2451 ,
2870 2402 2898 2441 a
2966 2386 3125 2441 nobis
3177 2389 3650 2459 exstinguuntur:

2088 2476 2544 2546 quemadmodum
2577 2476 2630 2530 in
2662 2475 2957 2548 Evangelio
2977 2477 3229 2534 Christus
3268 2476 3491 2543 docet",
3526 2493 3650 2534 cum

2086 2568 2240 2637 jubet
2274 2582 2372 2621 nos
2419 2567 2717 2637 cupiditate
2775 2576 2942 2640 atque
3001 2569 3081 2623 ira
3132 2570 3460 2640 compressis
3489 2579 3654 2640 atque

2088 2659 2318 2715 sublatis
2348 2659 2613 2730 intrepido
2644 2660 2828 2715 animo
2857 2675 2999 2727 esse,
3035 2676 3137 2716 nec
3160 2662 3273 2732 jam
3311 2661 3392 2717 vel
3437 2663 3652 2720 adulle-

2094 2750 2161 2805 rii
2191 2752 2391 2816 scelus,
2419 2751 2501 2807 vel
2545 2751 2712 2807 caedis
2749 2752 3023 2822 piaculum
3054 2753 3457 2823 pertimescere.
3504 2753 3649 2807 Neu-

2091 2850 2233 2897 trum
2265 2841 2408 2896 enim
2443 2843 2636 2896 horum
2683 2857 2711 2896 a
2763 2843 2944 2913 seipse
2975 2845 3276 2898 consistere
3313 2858 3494 2912 posse,
3544 2843 3651 2899 nisi

420 2927 929 2995 concupiscentiam
998 2929 1338 2986 subvehitur.
1392 2933 1548 2988 Caeso
1605 2935 1773 3004 igitur
1822 2952 1982 3006 agno,
2012 2957 2056 3015 ο
2088 2933 2288 2988 caedem
2323 2934 2629 2999 iracundia,
2674 2933 3000 2988 adulterium
3032 2934 3473 3004 concupiscentia
3523 2951 3654 3005 pro~

420 3019 706 3073 domorum
747 3029 928 3090 postes
956 3022 1131 3091 ipsius
1164 3038 1362 3078 cruore
1393 3025 1564 3081 imbui
1597 3028 1678 3080 lex
1716 3031 1979 3101 praecipit.

419 3109 634 3174 Quibus
689 3112 985 3182 significari
1043 3126 1273 3184 possunt
1301 3117 1444 3170 actio
1476 3126 1530 3170 et
1571 3120 1981 3189 contemplatio.

418 3198 871 3270 Quandoquidem
910 3202 1111 3272 duplex
1146 3218 1365 3273 quoque
1404 3216 1591 3260 nostra
1638 3208 1980 3277 philosOphia

417 3294 526 3349 cst,
563 3287 739 3343 activa
794 3299 849 3345 et
907 3290 1264 3360 spcculativa,
1317 3292 1432 3347 sive
1471 3294 1687 3349 habitus
1721 3307 1774 3349 et
1806 3305 1980 3353 actus.

421 3378 821 3448 Philosophiam
873 3396 1039 3450 porro
1089 3391 1329 3435 nostram
1381 3396 1499 3436 eam
1538 3384 1659 3438 vitae
1713 3388 1983 3444 rationem

420 3483 576 3532 voco,
608 3485 728 3539 quae
750 3473 1048 3527 secundum
1083 3472 1287 3527 Christi
1313 3473 1618 3532 doctrinam
1656 3474 1980 3533 instituitur.

423 3561 487 3614 lit
507 3562 728 3630 quidem
766 3563 942 3616 activa
982 3563 1327 3632 philos0phia
1363 3577 1428 3617 ea
1456 3564 1562 3618 vita
1594 3572 1698 3631 est,
1735 3567 1789 3621 in
1818 3583 1981 3637 quam

419 3649 567 3704 nulla
620 3652 969 3721 reprehensio
1009 3653 1195 3706 cadit:
1229 3652 1564 3720 speculativa
1623 3664 1846 3721 autem,
1900 3667 1984 3713 est

422 3749 569 3795 recta
609 3741 872 3796 doctrina:
911 3743 1037 3799 fidei
1066 3742 1360 3799 sententia;
1389 3744 1602 3800 Rursus
1628 3746 1846 3804 habitus
1874 3762 1980 3813 est,

420 3827 679 3886 diuturna
726 3833 792 3886 ad
851 3833 1105 3888 virtutem
1137 3836 1304 3890 animi
1362 3837 1602 3904 affectio,
1641 3848 1802 3908 atque
1837 3838 1984 3908 ejus-

427 3921 592 3986 modi,
640 3930 699 3975 ut
721 3922 811 3976 vix
848 3924 1028 3979 excuti
1059 3927 1229 3995 possit
1261 3943 1275 3981 :
1308 3937 1465 3983 actus
1489 3939 1694 3994 autem,
1742 3930 1857 3999 ipsa
1901 3938 1984 3984 est

419 4010 584 4064 actio.
628 4010 747 4066 Jam
793 4027 924 4068 vero
964 4016 1104 4070 ostia
1158 4016 1262 4072 hoc
1316 4018 1438 4073 loco
1487 4020 1741 4074 dicuntur
1785 4020 1984 4074 mentis

420 4101 742 4169 agitationes
787 4114 841 4158 et
862 4105 1138 4176 dogmata,
1196 4109 1524 4178 agitationes
1553 4112 1794 4180 quidem,
1855 4128 1979 4166 eum

421 4206 577 4245 mens
627 4192 829 4262 aliquid
862 4198 1107 4264 exquirit
1136 4213 1200 4252 ae
1236 4204 1429 4254 ‘secum
1495 4209 1707 4264 versat,
1730 4202 1979 4272 dogmata

2090 3023 2293 3079 tulerit.
2327 3024 2594 3091 Quocirca
2651 3040 2774 3080 cum
2827 3024 2873 3079 is
2930 3026 3020 3094 qui
3059 3026 3284 3082 vitiosos
3341 3026 3484 3082 fetus
3518 3027 3650 3092 edit,

2087 3122 2215 3168 ante
2271 3112 2600 3168 adulterium
2665 3113 3206 3183 concupiscentiam,
3260 3124 3388 3170 ante
3447 3114 3651 3171 eadem

2087 3201 2425 3255 iracundiam
2460 3203 2656 3271 pariat,
2702 3204 2747 3257 si
2798 3204 3019 3272 quidem
3056 3204 3474 3273 primogenitum
3521 3221 3649 3260 sus-

2090 3291 2315 3356 tulerit,
2378 3292 2519 3345 haud
2560 3292 2724 3346 dubie
2784 3292 2953 3347 fetum
3016 3308 3237 3363 quoque
3292 3295 3651 3365 primogenita

2087 3375 2467 3437 succedentem
2522 3382 2822 3437 sustulerit.
2882 3382 2985 3438 Sed
3035 3382 3317 3439 videamus
3362 3401 3482 3452 qua:
3542 3385 3654 3440 sint

2086 3472 2474 3542 cogitationum
2546 3473 2929 3541 primogenita,
2988 3485 3110 3542 qua:
3165 3472 3292 3528 item
3340 3473 3644 3535 actionum,

2087 3579 2231 3633 quae,
2267 3572 2324 3618 ut
2354 3563 2659 3632 pereuntia,
2715 3564 2869 3619 luctu
2906 3564 3258 3633 prosequitur
3278 3564 3567 3635 Egyptus,
3597 3567 3651 3621 id

2086 3662 2191 3716 est,
2242 3661 2548 3723 peccatum.
2588 3651 2803 3721 Turpes
2856 3666 2921 3707 ac
2975 3651 3133 3707 [tedae
3187 3650 3545 3721 cogitationes
3596 3652 3649 3706 in

2085 3744 2202 3799 haec
2232 3744 2334 3799 tria
2368 3741 2733 3799 dividuntur:
2769 3742 2822 3797 in
2861 3743 3251 3823 intentionem,
3293 3742 3346 3797 in
3391 3757 3654 3815 congres-

2086 3835 2320 3898 sionem,
2344 3847 2467 3903 quat
2497 3840 2552 3888 et
2582 3832 2727 3888 lucta
2775 3832 3110 3897 nominatur,
3154 3839 3210 3888 et
3246 3832 3301 3887 in
3328 3833 3648 3890 consensio-

2086 3939 2232 3981 nem.
2268 3924 2408 3995 Ergo
2437 3922 2739 3995 primigena
2784 3923 3040 3994 cogitatio
3080 3921 3187 3975 diei
3231 3922 3424 3991 possit,
3472 3925 3644 3992 prima

2084 4025 2140 4068 et
2187 4015 2471 4070 affectibus
2504 4014 2821 4084 perturbata
2857 4013 3121 4075 intentio,
3165 4019 3331 4081 atque
3358 4014 3641 4082 appetitio.

2083 4105 2373 4160 Actionum
2402 4111 2583 4157 autem
2608 4100 2989 4171 primogenita,
3019 4101 3230 4155 vitiosae
3257 4101 3642 4156 ratiocinatio—

2086 4209 2182 4250 nes
2210 4201 2265 4249 et
2292 4187 2671 4261 cogitationes,
2702 4204 2732 4243 a
2766 4189 2966 4259 quibus
2996 4198 3276 4260 peccatum
3321 4189 3476 4254 illud,
3502 4193 3647 4260 quod

415 4291 623 4349 autem,
653 4300 777 4338 eum
813 4286 1035 4344 notitias
1076 4292 1340 4359 quasdam
1369 4308 1466 4361 per
1495 4308 1554 4348 se
1587 4293 1746 4348 fidem
1772 4293 1972 4348 facien-

2086 4284 2253 4339 animi
2300 4280 2619 4338 assensione
2671 4288 2951 4348 patramus
2984 4317 3000 4344 ,
3051 4279 3118 4334 ad
3172 4288 3355 4334 aetum
3425 4279 3643 4335 tandem

418 4386 521 4441 tes,
545 4387 597 4432 ct
628 4387 774 4434 ratas
804 4380 1098 4451 firmasque
1124 4380 1429 4454 dogmatice
1457 4386 1672 4440 retinet.
1709 4386 1980 4456 Aperiun-

419 4478 508 4521 tur
554 4484 717 4538 porro
769 4472 1087 4538 huiusmodi
1138 4473 1504 4543 agitationes,
1555 4476 1773 4543 quoties
1827 4491 1982 4531 mens

418 4562 664 4627 quardam
707 4563 980 4618 invenerit
1011 4566 1077 4618 ad
1112 4564 1232 4633 ejus
1262 4565 1626 4636 cognitionem
1675 4570 1979 4636 perceptio-

420 4666 654 4719 nemquc
672 4652 964 4715 venientia,
985 4668 1158 4718 eaque
1183 4663 1475 4722 exceptura
1492 4664 1577 4708 est
1610 4672 1622 4707 :
1657 4656 1984 4710 clauduntur

421 4748 631 4805 autem,
677 4755 803 4794 cum
836 4741 910 4805 id,
944 4742 1088 4810 quod
1123 4742 1448 4812 exquiritur,
1482 4743 1653 4812 ipsius
1682 4742 1987 4814 intelligen-

418 4828 550 4881 tiam
605 4838 847 4899 superat.
911 4831 1366 4901 Quandoquidem
1426 4834 1977 4901 comprehensionum

414 4931 637 4987 quoque
670 4918 839 4972 animi
874 4921 1064 4973 modus
1116 4920 1337 4989 quidam
1365 4928 1470 4976 est.
1515 4921 1648 4977 Nam
1687 4932 1742 4977 et
1774 4923 1974 4978 mentis

415 5008 932 5076 comprehensiones
964 5010 1185 5063 modum
1219 5025 1379 5065 suum
1420 5011 1658 5077 habent,
1718 5020 1881 5080 atque
1914 5028 1977 5068 ea

422 5097 654 5166 percipit
686 5112 859 5162 mens,
919 5112 1042 5166 quae
1076 5098 1176 5167 ipsi
1239 5102 1460 5167 assequi
1506 5102 1651 5154 licet.
1701 5101 1975 5156 Interdum

414 5197 596 5239 autem
647 5201 802 5243 mens
867 5199 1053 5256 portas
1102 5204 1233 5244 suas
1288 5190 1592 5257 claudens,
1655 5193 1979 5263 agitationes

415 5277 652 5343 repellit,
684 5287 738 5331 et
761 5293 792 5331 a
825 5293 884 5333 se
916 5282 1188 5334 annulitur.
1224 5281 1476 5346 Proinde,
1505 5292 1560 5336 et
1596 5283 1738 5338 actio
1765 5292 1977 5349 nostra,

411 5378 463 5420 ct
492 5369 901 5437 contemplatio,
938 5380 991 5425 et
1023 5371 1262 5436 habitus,
1317 5384 1370 5428 et
1399 5385 1572 5440 actus,
1617 5376 1764 5446 regio
1798 5375 1977 5445 signo,

486 5540 526 5571 ¹⁸
568 5543 753 5597 Matth.
785 5558 835 5609 ν,
879 5544 899 5597 1
940 5561 1091 5614 scqq.

2080 4365 2449 4446 progreditur.
2476 4372 2801 4443 llujusmodi
2857 4371 3024 4442 igitur
3067 4372 3221 4441 plaga
3274 4378 3441 4445 nocte.
3481 4371 3643 4441 digna

2080 4474 2182 4519 est.
2215 4462 2401 4518 Noctis
2429 4461 2575 4517 enim
2605 4476 2668 4516 ac
2696 4458 2980 4516 dedecoris
3000 4463 3066 4514 let
3115 4458 3428 4529 ignominia:
3455 4473 3643 4527 opera,

2082 4554 2243 4625 digna
2302 4562 2431 4609 sunt
2480 4567 2601 4621 quae
2637 4560 2795 4606 nocte
2843 4558 3009 4619 atque
3046 4549 3382 4604 obscuritate
3410 4557 3467 4602 et
3507 4549 3647 4604 obli-

2081 4647 2242 4701 vione
2270 4643 2600 4700 obruantur.
2626 4642 2918 4696 Enimvero
2952 4641 3067 4694 haec
3097 4640 3452 4709 primogenita
3475 4640 3644 4696 Isaias

2096 4752 2283 4792 semen
2315 4733 2666 4790 Chaldaicum
2704 4731 2959 4801 appellat,
2992 4730 3156 4784 Deum
3188 4730 3452 4785 inducens
3471 4728 3645 4786 Israe-

2077 4830 2286 4887 liticum
2337 4828 2596 4899 populum
2655 4825 2736 4881 sic
2810 4823 3179 4894 alloquentem
3218 4839 3231 4875 :
3267 4821 3509 4891 Diligens
3568 4832 3640 4886 te,

2079 4922 2413 4976 voluntatem
2470 4924 2618 4970 tuam
2672 4915 2885 4985 explevi
2941 4928 3107 4983 super
3151 4911 3527 4983 Babylonem,
3580 4924 3640 4969 ut

2076 5011 2456 5068 Chaldaeorum
2516 5022 2699 5061 semen
2752 5007 3019 5061 tollerem.
3049 5004 3291 5070 Quorum
3352 5005 3640 5060 verborum

2077 5103 2194 5157 haec
2242 5098 2510 5155 sententia
2534 5105 2616 5153 est
2651 5114 2667 5149 :
2698 5096 2992 5165 Cupiebas,
3029 5109 3064 5152 ο
3103 5094 3289 5159 Israel,
3347 5094 3415 5149 de
3465 5096 3643 5149 medio

2080 5190 2191 5245 tolli
2245 5189 2601 5257 funditusque
2634 5185 2803 5240 deleri
2859 5182 3143 5238 Chaldaeos
3186 5190 3240 5237 et
3291 5181 3639 5254 Babylonios,

2078 5279 2169 5349 qui
2198 5287 2249 5333 te
2275 5278 2415 5332 bello
2443 5275 2797 5330 lacessebant.
2821 5274 2995 5343 Atque
3019 5277 3094 5327 lta
3127 5271 3247 5328 feci.
3272 5270 3634 5338 Quamobrem

2080 5370 2123 5425 si
2165 5369 2264 5441 ipsi
2299 5382 2517 5440 quoque
2554 5366 2933 5423 confusionem
2983 5380 3099 5421 eam
3153 5380 3258 5434 qua
3318 5367 3638 5434 premimur,
