3996 6206
454 328 509 384 id
537 327 682 382 enim
727 326 966 397 Babylon
1000 324 1295 395 signiﬁcat,
1332 341 1362 379 a
1393 326 1551 380 nobis
1594 326 1795 379 auferri
1835 328 2024 396 cupie-
2054 334 2098 389 Λ

456 421 649 482 rimus,
682 418 1022 471 inveniemus
1049 415 1216 470 Deum
1257 416 1525 470 voluntati
1567 425 1769 471 nostrae
1800 416 2023 472 satisfa-

453 512 708 575 cientem,
739 524 802 563 ac
832 519 1016 578 turpes
1036 516 1090 562 et
1111 507 1353 578 impuras
1376 508 1756 577 cogitationes,
1780 510 2023 564 nondum

452 603 687 665 minitas,
733 600 825 655 sed
871 607 1090 653 teneras
1140 597 1320 653 adhuc
1354 598 1692 667 semiuisque
1751 598 2022 654 rationem

455 696 715 748 habentes
758 691 1231 745 exterminantem.
1273 689 1440 743 David
1498 701 1678 745 autem
1712 692 2025 763 huiusmodi

453 784 656 855 peccati
691 782 956 854 principia
980 791 1034 836 et
1057 782 1266 837 radices
1298 782 1550 852 parvulos
1582 782 1908 854 Babylonios
1932 800 2028 841 vo-

440 880 465 927 ‘t
484 885 559 934 at,
592 874 783 927 dicens
804 890 818 926 :
840 868 982 925 Filia
1000 871 1290 941 Babylonis
1329 872 1543 935 misera,
1563 872 1749 925 beatus
1768 874 1858 943 qui
1872 875 2027 927 retri-

453 968 569 1017 buet
591 964 685 1017 tibi
706 963 1105 1016 retributionem
1138 971 1307 1026 tuom,
1330 977 1492 1031 quam
1528 964 1821 1016 retribuisti
1854 963 2021 1018 nobis.

456 1057 673 1122 Beatus,
689 1057 778 1125 qui
796 1054 1061 1114 tenebit.et
1075 1053 1261 1106 allidet
1274 1053 1520 1121 paruulos
1536 1062 1651 1107 tuos
1668 1054 1737 1107 ad
1752 1054 2024 1122 petram".

453 1148 723 1214 Quoniam
751 1144 1072 1215 enimjuxta
1111 1144 1431 1200 historicum
1473 1159 1691 1203 sensum
1723 1144 2025 1216 Babylonii,

452 1240 671 1296 Judaeos
711 1240 853 1294 bello
904 1237 1181 1309 aggressi,
1215 1237 1534 1307 captivitate
1557 1251 1653 1292 eos
1686 1247 2025 1306 presserunt,

452 1347 518 1386 ac
554 1331 879 1403 Babylonem
917 1330 1282 1394 abduxerunt,
1318 1329 1627 1399 multosque
1658 1327 2025 1385 lsraelitarum

457 1423 714 1492 puerulos
744 1421 862 1477 solo
890 1421 1077 1476 allisos
1099 1421 1517 1476 obtruncarunt.
1542 1419 1813 1490 Propheta
1840 1421 2027 1477 beatos

455 1524 553 1564 eos
587 1510 924 1578 pronuntiat,
959 1508 1054 1576 qui
1092 1507 1281 1562 eadem
1311 1507 1650 1563 crudelitatis
1682 1508 1930 1576 exempla
1969 1508 2025 1561 in

461 1600 786 1670 Babylonios
820 1598 982 1653 edere
1015 1607 1292 1667 poterunt.
1326 1596 1491 1652 Juxta
1539 1598 1896 1669 allegoricum
1928 1614 2025 1653 au-

456 1698 564 1745 tern
604 1703 851 1755 sensum,
905 1687 1147 1759 Babylon
1178 1687 1431 1744 confusio
1477 1698 1586 1744 est.
1667 1687 1844 1759 Hujus
1893 1689 2024 1753 tilia,

460 1781 765 1849 iniquitas,
824 1794 986 1849 quam
1050 1779 1272 1848 quidem
1328 1779 1496 1834 etiam
1558 1779 1817 1835 miseram
1869 1787 2027 1835 vocat

456 1870 746 1938 propheta,
789 1877 974 1939 utpote
1006 1869 1153 1937 quod
1196 1885 1304 1923 non
1352 1870 1441 1933 sit,
1476 1884 1579 1924 nec.
1608 1869 1897 1935 subsistat,
1926 1871 2025 1926 sed

455 1960 667 2016 incuria
707 1970 899 2015 nostra
927 1976 992 2015 ex
1047 1948 1220 2015 nihilo
1246 1963 1514 2017 conlletur
1541 1969 1706 2031 atque
1739 1961 2024 2026 subsistat,

456 2068 520 2107 ac
548 2067 740 2108 rursus
769 2067 866 2121 per
894 2053 1148 2106 virtutem
1180 2060 1422 2108 nostram
1445 2063 1499 2108 et
1515 2064 1661 2109 recte
1682 2053 1824 2109 facta
1856 2054 2028 2108 inter-

455 2152 565 2208 eat,
601 2152 762 2210 atjue
793 2145 846 2197 in
878 2143 1107 2198 nihilum
1145 2144 1352 2197 redeat.
1412 2144 1494 2198 Ad
1547 2145 1688 2199 hanc
1741 2145 1907 2215 igitur
1945 2147 2027 2200 sic

455 2234 695 2302 loquitur
721 2232 986 2302 PrOpheta
1020 2232 1252 2291 :Beatus
1281 2233 1370 2289 ille
1406 2233 1623 2289 futurus
1653 2236 2032 2304 esl,quiretri-

454 2320 574 2373 buet
623 2320 719 2374 tibi
759 2321 1157 2375 retributionem
1196 2312 1549 2391 tuam,quam
1591 2322 1885 2377 retribuisti
1918 2340 2027 2377 no—

455 2411 533 2464 bis
550 2411 616 2465 '°.
666 2409 804 2476 Quid
834 2420 1015 2465 autem
1058 2411 1355 2467 dedimus?
1397 2412 1733 2470 voluntatem
1756 2423 2025 2480 nostram,

458 2501 562 2554 hoc
606 2511 711 2564 est,
763 2500 1067 2555 libertatem
1097 2518 1112 2553 :
1143 2516 1244 2555 nec
1270 2502 1415 2556 enim
1461 2516 1660 2557 servus
1691 2502 2026 2557 voluntatem

453 2591 639 2645 habet.
670 2590 811 2656 Quid
861 2607 1025 2660 porro
1086 2591 1437 2661 recepimus?
1492 2601 1796 2660 peccatum.
1848 2592 2029 2658 Quare

460 2680 599 2734 illud
625 2681 957 2735 reddentium
999 2689 1103 2736 est.
1144 2680 1392 2735 Reddere
1444 2689 1652 2746 autem,
1704 2680 1840 2736 nihil
1881 2679 2028 2735 aliud

454 2778 559 2832 est,
588 2785 751 2839 quam
797 2770 850 2823 iu
899 2780 1177 2840 posterum
1206 2770 1338 2826 il‘ud
1369 2786 1477 2826 non
1500 2772 1807 2826 admittere.
1833 2771 2028 2826 Beatus

453 2858 643 2920 etiam.
679 2860 863 2927 inquit
910 2861 1025 2921 ille,
1056 2862 1150 2929 qui
1203 2876 1402 2922 pravas
1436 2862 1798 2933 cogitationes
1845 2861 2027 2915 adhuc

457 2960 670 3003 teneras
704 2957 757 3001 et
786 2948 1157 3017 imperfectas,
1190 2957 1488 3018 antequam
1520 2950 1574 3004 in
1633 2950 1807 3019 ipsius
1844 2952 2029 3020 perni-
2054 2971 2097 3028 ο

455 3039 591 3092 ciem
646 3038 967 3094 nutriantur
995 3047 1049 3093 et
1088 3038 1430 3104 adolescant,
1482 3039 1710 3106 tenebit,
1763 3050 1928 3110 atque
1967 3041 2022 3094 in

455 3136 777 3198 potestatem
812 3128 1061 3183 redactas
1111 3129 1408 3197 interituet,
1455 3130 1714 3187 nimirum
1746 3132 1813 3186 ad
1866 3132 2025 3186 Chri-

451 3226 597 3272 stum
650 3218 879 3285 ejusqtte
936 3218 1200 3273 auxilium
1260 3218 1653 3290 confugiendo.
1710 3220 1831 3290 ipse
1876 3221 2023 3275 enim

453 3317 605 3375 petra
635 3316 739 3371 est,
775 3321 870 3379 per
904 3322 1067 3379 quam
1117 3308 1276 3364 mala:
1304 3309 1664 3376 cogitationes
1712 3312 2021 3367 solvuntur.

458 3399 506 3452 is
534 3410 698 3466 porro
729 3397 1007 3453 nascentia
1037 3413 1103 3451 ex
1134 3399 1564 3470 cogitationibus
1594 3392 1757 3471 atque
1788 3401 2026 3458 actioni-

456 3487 557 3540 hus
585 3493 805 3553 peccata
828 3484 894 3539 ad
926 3485 1204 3542 Christum
1242 3488 1442 3553 allidit,
1473 3490 1567 3559 qui
1610 3504 1675 3545 ea
1710 3490 2023 3547 conﬁtetur.

450 3577 533 3632 Ac
557 3575 813 3645 quisquis
838 3590 1092 3645 perversa
1111 3578 1389 3649 dogmata,
1424 3596 1548 3654 quae
1578 3582 1820 3637 animum
1853 3582 2023 3648 illius,

450 3680 482 3721 a
516 3680 628 3735 quo
656 3666 1045 3730 admittuntur,
1070 3670 1485 3736 perturbatione
1508 3670 1773 3740 alliciunt,
1807 3674 1981 3729 verita
2000 3702 2019 3715 -

451 3756 523 3811 tis
553 3756 804 3813 doctrina
836 3758 1103 3822 concutit,
1155 3767 1321 3828 atque
1350 3761 1403 3814 in
1441 3761 1662 3817 Christo
1708 3764 1928 3831 perimit
1966 3775 2021 3820 et

446 3848 770 3917 exstinguit,
815 3861 919 3903 nee
967 3862 1030 3905 ea
1090 3863 1340 3905 crescere
1387 3860 1438 3906 et
1494 3853 1808 3909 adolescere
1870 3855 2022 3921 sinit,

449 3952 641 3993 verum
664 3928 907 3993 confusae
929 3951 994 3992 ac
1025 3939 1354 4007 perturbatae
1382 3943 1588 3998 mentis
1616 3941 1789 3999 fetum
1806 3944 2025 4014 sapien-

452 4030 527 4085 tia
574 4044 677 4085 sua
709 4037 955 4098 superat,
1015 4043 1081 4083 ac
1132 4024 1329 4085 deinde
1388 4031 1454 4086 ad
1503 4031 1785 4091 Christum
1840 4050 2023 4091 veram

449 4128 657 4189 petram
695 4121 894 4186 allidit,
922 4123 1010 4176 hic
1048 4128 1134 4181 est
1165 4122 1262 4190 qui
1295 4120 1584 4196 Babylonis
1632 4141 1831 4195 pueros
1858 4138 2026 4198 petrae

450 4215 643 4270 allidit.
670 4214 777 4269 Sed
797 4214 864 4268 ad
887 4213 1246 4285 primogenita
1272 4232 1463 4274 rursus
1491 4222 1671 4275 oratio
1695 4221 2023 4279 conterenda

447 4314 551 4369 est,
566 4303 768 4375 quibus
786 4305 1134 4373 pereuntibus
1165 4307 1403 4363 clamore
1430 4317 1593 4379 atque
1628 4312 1833 4382 ejulatu
1899 4328 2020 4368 om-
2052 4295 2098 4352 θ

448 4395 540 4449 nia
575 4394 718 4463 apud
748 4393 1034 4465 Egyptios
1060 4410 1375 4463 personant.
1424 4398 1638 4471 Lugent
1668 4402 1812 4458 enim
1853 4415 2019 4476 atque

448 4486 811 4556 ingemiscunt
838 4487 1143 4552 daemones,
1195 4503 1319 4544 cum
1346 4490 1571 4548 vitiosas
1636 4495 2017 4564 cogitationes,

448 4575 766 4646 priusquam
804 4578 1104 4642 creverint,
1160 4580 1214 4634 in
1262 4581 1417 4636 nobis
1453 4584 1728 4654 exstingui
1759 4596 2014 4651 cernunt.

447 4668 726 4736 animique
802 4670 1243 4738 perturbationes
1311 4673 1493 4727 adhuc
1552 4685 1798 4732 recentes
1854 4678 2013 4734 evelli

446 4764 609 4827 atque
646 4758 911 4813 exscindi.
942 4759 1085 4829 Ergo
1121 4760 1424 4832 Egyptiaci
1450 4767 1655 4833 peccati
1676 4765 1841 4831 fetus,
1865 4777 2020 4824 antc-

446 4862 612 4916 quam
637 4847 690 4902 in
737 4848 881 4901 malo
914 4858 1303 4917 maturescant,
1337 4863 1603 4908 necantur
1641 4874 1655 4910 :
1695 4855 2010 4914 Israeliticae

452 4947 643 5014 autem.
660 4952 725 4992 ac
755 4939 940 5008 probae
977 4943 1338 5011 cogitationes
1365 4945 1650 5015 sanguinis
1698 4948 2014 5016 profusione

449 5029 802 5094 muniuntur,
864 5041 926 5086 ut
978 5032 1154 5091 virtus
1189 5036 1256 5088 ad
1315 5039 1684 5094 maturitatem
1712 5042 2013 5111 perveniat.

448 5117 625 5187 Atque
659 5120 769 5174 illic
803 5122 1022 5188 quidem
1059 5124 1270 5193 primus
1317 5129 1528 5197 peccati
1572 5130 1809 5199 impetus
1856 5132 2012 5188 fran-

450 5211 595 5277 gitur
633 5229 648 5265 :
683 5211 775 5266 hic
832 5224 1013 5270 autem
1055 5217 1266 5285 primus
1316 5220 1523 5287 peccati
1576 5223 1860 5293 ingressus
1918 5240 2018 5295 per

521 5366 562 5400 "
611 5365 753 5421 Psal.
812 5386 1030 5438 cxxxvn,
1063 5373 1116 5430 8.
1168 5374 1223 5427 9.
1254 5374 1299 5405 ’°
1332 5376 1460 5430 ibid.
1487 5378 1541 5432 8.
1601 5380 1641 5411 ²¹
1673 5380 1843 5437 Exod.
1881 5397 1979 5449 xu,
2009 5380 2073 5435 19

520 5504 630 5583 tat)
664 5502 795 5558 Vide
824 5505 1047 5583 August.
1082 5508 1175 5561 lib.
1212 5525 1271 5572 η,
1316 5526 1433 5581 cap.
1463 5512 1550 5583 st,
1588 5513 1659 5567 De
1687 5516 1830 5569 civil.
1880 5516 1997 5583 Dei,

447 5572 536 5628 ubi
568 5576 641 5628 ait
669 5572 1031 5635 septenariutn
1069 5572 1625 5647 numeruquuia'ex
1654 5594 1766 5639 toto
1799 5572 2005 5648 impare

1863 219 2244 280 ADDENDA.

3580 207 3763 277 περ

2129 342 2315 381 verum
2380 339 2582 395 agnum
2618 322 2906 379 avertitur.
2938 322 3133 391 Neque
3183 320 3328 378 enim
3388 320 3779 390 ingnessna

2130 417 2609 471 exterminatorem
2647 423 2765 470 arte
2798 422 2852 469 et
2885 413 3119 469 consilio
3159 412 3493 482 expellimus
3534 421 3777 479 atque

2128 508 2504 574 exturbamus,
2539 506 2658 574 sed,
2694 520 2761 561 ne
2795 506 2905 560 ullo
2938 504 3100 560 modo
3134 504 3188 558 in
3227 505 3449 558 animos
3481 512 3777 557 nostros

2131 600 2357 669 irrepat,
2394 613 2654 654 cavemus
2678 606 2842 667 atque
2876 595 3249 666 providemus.
3292 595 3501 648 Cautio
3527 603 3781 648 autem

2130 688 2247 743 base
2281 688 2338 742 in
2394 688 2657 743 unctione
2692 695 2748 742 et
2805 685 3192 754 obsignatione
3238 685 3530 739 consistit.
3576 684 3789 737 ﬂant:

2127 779 2273 835 enim
2308 778 2363 832 in
2414 778 2574 837 nobis
2630 777 3021 832 exterminator
3056 775 3365 846 reperiens,
3420 784 3787 830 reveretur

2128 880 2292 935 atque
2314 868 2622 925 extimescit
2665 877 2718 922 et
2745 866 2970 932 recedit,
2996 882 3061 922 ac
3090 881 3242 922 mors
3275 866 3423 921 ultra
3467 866 3785 934 prosilit.

2127 961 2401 1027 Quoniam
2429 970 2611 1015 autem
2660 959 2857 1029 duplex
2887 959 3051 1013 morti
3103 960 3170 1013 ad
3205 972 3304 1013 nos
3337 958 3541 1013 aditus
3569 966 3786 1027 pater

2130 1055 2248 1123 (aut
2286 1054 2432 1108 enim
2487 1050 2701 1122 judicio
2755 1064 2820 1105 ac
2872 1049 3086 1104 ratione
3134 1063 3457 1117 peccamus,
3500 1057 3569 1102 ut
3603 1063 3785 1102 cum

2128 1161 2227 1200 nec
2259 1161 2390 1200 sana
2423 1159 2521 1200 nec
2573 1151 2722 1199 recta
2775 1140 3205 1204 ratiocinamur,
3261 1149 3360 1194 aut
3413 1138 3785 1194 aﬂeetibas

2129 1234 2347 1304 iit-pulsi
2380 1233 2635 1297 labimur,
2668 1240 2730 1286 ut
2762 1245 2887 1286 cum
2922 1238 3124 1286 temere
3159 1229 3471 1284 irascimur
3510 1238 3574 1283 et
3590 1244 3789 1283 con-

2128 1325 2487 1394 cupiscimus)
2556 1324 2629 1379 ob
2676 1338 2799 1379 eam
2862 1337 3086 1377 causam
3147 1322 3436 1389 sanguinis
3491 1335 3791 1391 quoque

2128 1413 2321 1483 duplex
2359 1422 2445 1470 est
2496 1415 2738 1484 signum.
2777 1412 2844 1469 Et
2874 1411 3015 1469 ratio
3048 1411 3295 1481 quidem,
3327 1419 3529 1480 utpote
3573 1410 3788 1480 prin-

2129 1520 2279 1573 eeps,
2306 1504 2463 1573 quasi
2519 1503 2776 1573 superius
2834 1502 3004 1559 limen
3054 1500 3449 1556 estzat't‘eetus
3502 1509 3789 1565 autem,

2133 1597 2280 1651 velut
2301 1595 2493 1664 postis,
2528 1594 2799 1663 superiori
2833 1592 3010 1647 limini
3050 1592 3360 1662 subjicitur.

2197 1685 2317 1740 Col.
2349 1683 2457 1740 643
2487 1684 2552 1738 C.
2589 1682 2729 1738 Hine
2762 1683 3078 1751 fermentum
3105 1690 3301 1751 septem
3338 1681 3559 1736 dierum
3599 1696 3777 1750 ερας

2130 1778 2227 1840 tio,
2262 1785 2370 1832 etc.
2405 1774 2686 1843 Scriptum
2710 1783 2794 1829 est
2816 1774 2871 1827 in
2906 1773 3087 1829 Exodo
3125 1772 3375 1842 :Septem
3397 1772 3601 1827 diebus
3616 1774 3775 1841 fer-

2128 1876 2359 1921 mentum
2393 1881 2495 1921 uou
2522 1866 2885 1920 invenietur-in
2913 1864 3155 1918 domibus
3178 1866 3369 1918 uestris
3385 1865 3458 1920 ".
3498 1863 3761 1919 Verum

2130 1958 2235 2013 hoc
2263 1957 2330 2011 ad
2354 1955 2571 2012 Judteos
2600 1956 2927 2025 pertinebat.
2970 1955 3042 2011 At
3080 1954 3239 2011 nobis
3260 1954 3458 2009 vitium
3493 1965 3753 2024 septem

2127 2046 2318 2102 diebus
2368 2045 2801 2102 submovendum
2856 2055 2964 2108 est,
3020 2044 3122 2098 hoc
3176 2052 3298 2109 est,
3353 2058 3747 2112 pereuntem

2130 2142 2294 2211 hujus
2333 2142 2455 2198 vitae
2496 2139 2913 2195 bebdomadem.
2950 2136 3370 2210 (‘21)Numerus
3416 2138 3577 2192 enim
3637 2153 3749 2193 se-

2130 2244 2274 2301 ptem
2311 2231 2524 2288 dierum
2560 2230 2764 2289 ﬂuxum
2800 2232 2906 2287 hoc
2955 2238 3173 2300 tempus
3211 2228 3515 2299 signiﬁcat,
3552 2230 3735 2298 quod

2129 2338 2225 2392 per
2282 2321 2652 2378 hebdomadas
2693 2320 3012 2376 revolvitur.
3069 2318 3247 2389 Atque
3291 2318 3382 2374 hic
3436 2334 3740 2375 numerus

2129 2413 2394 2483 mysticus
2430 2412 2648 2480 quidem
2679 2419 2786 2473 est,
2811 2419 2997 2480 utpote
3033 2410 3207 2478 virgo,
3239 2423 3304 2465 ac
3332 2410 3734 2479 virginitatem

2129 2504 2413 2574 vitamque
2467 2503 2778 2573 angelicam
2835 2501 3132 2570 designans
3202 2500 3381 2571 (solus
3434 2502 3597 2555 enim
3630 2501 3737 2555 hic

2138 2610 2448 2658 numerus,
2522 2603 2583 2653 ut
2642 2592 2977 2649 arithmetici
3042 2593 3277 2654 docent,
3324 2605 3395 2645 ex
3447 2591 3739 2647 omnibus

2140 2684 2412 2748 numeris,
2448 2684 2542 2753 qui
2574 2682 2800 2738 denario
2834 2680 3227 2748 includuntur,
3257 2695 3360 2737 nec
3376 2680 3575 2753 gignit,
3613 2697 3736 2737 nec

2126 2775 2390 2845 gignitur,
2423 2784 2588 2843 atque
2622 2774 2787 2829 etiam
2841 2782 2904 2833 ut
2954 2773 3368 2842 quaternarium
3422 2780 3481 2827 et
3530 2782 3735 2827 terna-

2131 2867 2274 2927 rium
2313 2867 2366 2920 in
2418 2882 2477 2920 se
2504 2866 2813 2920 continens.
2848 2863 3097 2929 Quatuor
3142 2864 3288 2917 enim
3324 2873 3446 2918 sunt
3503 2863 3723 2919 mundi

2129 2957 2401 3013 elementa
2427 2965 2482 3010 et
2513 2954 2755 3008 Trinitas
2785 2954 2976 3008 horum
3011 2953 3344 3008 fabricatrix.
3380 2951 3717 3008 Consocia-

2129 3058 2219 3105 tus
2248 3057 2430 3103 autem
2491 3045 2698 3100 mundo
2733 3046 2936 3103 dicitur
2990 3053 3047 3099 et
3079 3058 3427 3108 concurrens,
3470 3042 3532 3097 id
3592 3053 3724 3110 est,

2127 3152 2313 3194 comes
2340 3146 2392 3192 et
2410 3145 2713 3192 assectator
2748 3136 2940 3206 ipsius,
2966 3146 3079 3190 tum
3110 3136 3240 3205 quia
3261 3144 3463 3205 septem
3485 3135 3723 3191 dierum

2127 3233 2309 3302 spatio
2342 3231 2584 3285 mundus
2645 3228 2901 3283 omnibus
2952 3227 3068 3282 suis
3120 3227 3361 3281 numeris
3414 3227 3726 3282 absolutus

2126 3332 2233 3389 est,
2266 3331 2381 3377 tum
2425 3321 2553 3389 quia
2594 3317 2824 3387 expletis
2870 3326 3080 3385 septem
3136 3331 3408 3370 annorum
3457 3317 3724 3372 millibus

2128 3413 2318 3469 mundi
2355 3411 2480 3467 linis
2510 3409 2731 3465 futurus
2756 3419 2864 3465 est.
2901 3406 3175 3473 Quoniam
3227 3417 3407 3460 autem
3446 3405 3715 3461 fermenti

2127 3502 2523 3573 proprietates,
2570 3499 2616 3555 si
2654 3496 2876 3568 quidem
2928 3497 3119 3552 vitium
3173 3505 3513 3566 spectemus,
3576 3507 3718 3551 sunt

2128 3601 2371 3650 vetustas
2433 3598 2488 3647 et
2541 3588 2813 3647 aciditas:
2845 3587 2929 3644 sin
2982 3596 3170 3642 autem
3223 3589 3483 3642 virtutem
3542 3589 3719 3644 nobis

2127 3697 2522 3755 proponamus,
2550 3680 2708 3751 panis
2729 3680 3000 3737 confectio
3018 3688 3074 3736 et
3101 3679 3186 3737 vis
3218 3680 3397 3736 vitalis
3428 3679 3718 3750 (calefacit

2126 3774 2273 3828 enim
2319 3772 2673 3836 fermentum,
2714 3785 2780 3827 ac
2809 3769 3043 3827 farinam
3080 3770 3347 3835 sublevat.
3382 3781 3549 3840 atque
3604 3772 3718 3828 hoc

2127 3863 2295 3918 vitam
2329 3860 2516 3916 fovere
2548 3855 2784 3930 videtur)
2815 3876 2829 3914 :
2859 3859 2931 3914 ob
2956 3873 3076 3914 eam
3106 3854 3331 3915 causam
3359 3858 3715 3928 submoveri,

2127 3956 2292 4020 atque
2352 3948 2476 4017 ejici
2533 3946 2796 4003 malitiam
2851 3947 2965 4013 ait,
2999 3961 3124 4017 qua:
3172 3945 3403 4002 vitiosas
3440 3944 3712 4001 tormenti

2127 4039 2490 4110 proprietates
2522 4036 2686 4093 habet
2718 4053 2734 4091 :
2772 4051 2880 4091 non
2906 4036 3033 4090 item
3062 4036 3340 4103 virtutem,
3376 4035 3465 4092 cui
3506 4036 3713 4092 melio-

2127 4148 2216 4188 res
2271 4130 2526 4187 fermenti
2583 4128 2943 4201 proprietates
2978 4128 3167 4185 insunt
3197 4145 3213 4184 :
3243 4129 3330 4185 cui
3388 4127 3555 4184 etiam
3617 4145 3714 4185 re-

2127 4241 2293 4296 gnum
2362 4224 2629 4281 cmlorum
2685 4230 3057 4291 comparatur.
3122 4222 3200 4277 De
3258 4221 3456 4277 vitioso
3515 4231 3710 4276 autem

2130 4317 2394 4373 fermento
2424 4316 2479 4370 in
2513 4312 2804 4385 Evangelio
2833 4313 3035 4368 dicitur
3068 4332 3083 4368 :
3123 4312 3303 4370 Videte
3342 4322 3393 4367 et
3435 4312 3708 4368 attendite

2126 4428 2157 4464 α
2187 4408 2440 4478 {armento
2474 4405 2784 4462 Scribarum
2826 4416 2879 4463 et
2897 4404 3302 4461 Pharisaeorum
3322 4408 3394 4472 ε’,
3435 4404 3541 4459 hoc
3587 4415 3703 4466 cat,

2126 4516 2158 4557 a
2189 4499 2438 4557 doctrina
2468 4538 2485 4565 ,
2526 4514 2690 4569 quam
2728 4499 2971 4569 inopiam
3015 4496 3331 4567 Theologus
3381 4495 3531 4558 dicit,
3561 4492 3693 4559 quia

2124 4590 2337 4661 plebem
2369 4590 2837 4653 deltortahautur,
2896 4603 2965 4644 ne
3016 4588 3071 4644 in
3117 4586 3394 4644 Christum
3426 4583 3686 4644 crederet.

2124 4695 2190 4736 ac
2220 4694 2317 4750 per
2343 4677 2468 4735 Filii
2495 4686 2867 4749 contemptum
2892 4680 3107 4735 Patrem
3148 4692 3368 4749 quoque
3394 4672 3692 4747 ignominia

2122 4772 2413 4827 notabant.

2188 4861 2307 4917 Col.
2364 4861 2471 4923 645
2521 4862 2582 4917 C.
2638 4862 2805 4931 Atque
2855 4862 2939 4916 illi
2987 4860 3196 4931 quidem
3250 4859 3468 4930 lugeant
3511 4871 3533 4910 :
3580 4862 3693 4910 etc.

2122 4952 2432 5020 Daemones,
2462 4954 2657 5023 inquit,
2694 4953 2949 5024 lugeant,
2988 4954 3104 5008 suis
3133 4951 3386 5009 videlicet
3420 4948 3700 5020 primoge.

2122 5046 2253 5101 uitis
2297 5046 2495 5103 orbati.
2529 5044 2643 5103 Nos
2671 5054 2877 5112 autem,
2933 5046 3192 5102 unctione
3222 5045 3445 5114 signati,
3490 5056 3697 5113 agnum

2122 5137 2495 5193 comedemus.
2545 5139 2622 5193 Ae
2690 5138 2886 5193 merito
2955 5137 3273 5195 unctionem
3340 5135 3697 5192 manducatio

2126 5227 2397 5297 sequitur.
2428 5215 2566 5284 Nam
2601 5244 2700 5284 nos
2734 5243 2975 5299 quoque,
3010 5237 3364 5299 posteaquam
3400 5226 3694 5282 Dominum

2181 5384 2227 5416 “
2263 5382 2453 5440 Matth.
2481 5400 2592 5452 th,
2621 5386 2675 5440 6.

2109 5520 2353 5574 ternario
2404 5528 2458 5574 et
2504 5530 2616 5574 toto
2661 5534 2791 5589 pare
2825 5524 3176 5589 quaternario
3218 5520 3524 5588 coniicitur,
3562 5521 3689 5575 ideo

2112 5603 2255 5652 saepe
2285 5603 2382 5645 oro
2419 5589 2676 5646 universo
2712 5591 2911 5658 accipi.
