3996 6206
216 326 383 392 136.)

1198 329 1520 390 NICETAS
1557 327 1636 386 IN
1677 303 1902 387 0am.
1943 326 2110 386 XLII
2152 327 2211 386 s.
2256 325 2486 388 GREG.

3363 324 3502 386 1370

218 458 496 501 rxostrum
523 443 704 500 Jesum
729 443 1006 500 Christum
1034 460 1128 512 per
1151 444 1486 513 baptismum
1517 444 1816 510 induimus,
1846 461 1895 506 Α
1926 455 2088 513 atque
2125 442 2313 498 eodem
2370 441 2530 495 modo
2591 439 2789 494 factam
2848 439 3017 496 fuisse
3057 440 3259 496 Christi
3301 457 3500 496 conce-

217 537 492 590 divinum
530 535 698 605 ipsius
723 550 919 604 corpus
966 535 1288 605 accipimus.
1337 536 1536 592 Verum
1568 550 1656 598 ea,
1700 551 1822 605 quze

225 629 293 680 in
326 625 522 680 Exodo
543 625 608 680 de
631 641 770 694 agno
798 627 996 694 scripta
1026 635 1174 686 sunt,
1201 641 1392 681 rursus
1422 626 1775 696 inspiciamus
1802 643 1817 681 :

222 714 309 768 Et
347 713 643 768 immolabit
673 731 810 776 eum,
854 715 1050 780 inquit,
1079 717 1247 768 omnis
1288 715 1570 769 multitudo
1606 733 1821 787 congre-

219 805 472 874 gationis
512 804 744 872 ﬁliorum
785 801 959 855 Israel
1005 803 1074 855 ad
1123 819 1387 872 vesperam
1428 804 1492 861 ’⁸.
1548 803 1615 858 Ει
1658 806 1820 875 paulo

222 891 476 948 inferius
512 909 525 945 :
562 892 681 944 Non
716 893 996 945 comedetis
1029 908 1093 945 ea:
1125 910 1182 946 eo
1212 894 1456 957 crudum,
1494 911 1586 950 nec
1614 906 1818 950 coctum

221 999 406 1052 aqua,
457 981 547 1033 sed
601 983 780 1034 assum
839 982 957 1050 igne
994 982 1060 1039 “.
1112 983 1350 1052 Vespera
1396 985 1583 1056 igitur,
1632 996 1818 1056 utpote

220 1074 344 1128 dici
375 1073 516 1133 finis,
544 1073 870 1126 sarculorum
909 1074 1070 1128 linem
1102 1073 1409 1142 adumbrat,
1433 1091 1543 1145 quo
1566 1077 1818 1132 Christus

219 1179 462 1233 quoque
497 1175 682 1217 nostra
721 1179 880 1218 causa
917 1166 984 1217 ab
1030 1168 1177 1219 omni
1226 1182 1497 1238 synagoga
1548 1179 1817 1226 mactatus

220 1266 339 1320 est,
382 1266 543 1323 atque
582 1255 840 1309 accubuit
869 1256 948 1309 sol
981 1255 1224 1310 Creatori
1257 1273 1359 1312 suo
1403 1260 1814 1317 condolescens.

223 1343 383 1408 Quin
412 1345 525 1412 ipse
554 1345 717 1398 etiam
743 1344 995 1400 Christus
1030 1349 1313 1417 mysticam
1347 1364 1560 1404 cmnam
1589 1366 1815 1420 vespere

223 1436 524 1503 discipulis
578 1435 860 1504 porrexit,
923 1447 980 1491 ut
1032 1441 1258 1509 figuram
1316 1441 1566 1509 impleret
1626 1443 1814 1512 (juxta

225 1528 412 1594 legem
465 1528 608 1580 enim
662 1528 728 1580 ad
786 1544 1065 1596 vesperam
1120 1546 1293 1599 agnus
1345 1533 1713 1600 ca‘debatur),
1750 1549 1815 1587 ac

223 1631 478 1671 crassam
522 1619 725 1684 peccati
776 1620 1062 1690 caliginem
1125 1623 1458 1690 depelleret,
1511 1623 1709 1678 illustri
1762 1633 1817 1678 rt

227 1709 594 1763 sanctissimo
661 1713 921 1779 mysterio
989 1713 1280 1781 patefacto.
1341 1716 1632 1770 Enimvero
1680 1731 1811 1769 san-

227 1808 384 1854 ctam
423 1800 570 1854 illam
614 1816 794 1856 escam
827 1803 1053 1857 crudam
1096 1806 1318 1874 accipit,
1350 1808 1442 1876 qui
1478 1808 1636 1862 fidem
1668 1807 1816 1862 iner-

231 1900 348 1942 tem
385 1898 438 1943 et
473 1890 719 1960 frigidam
767 1893 947 1957 habet,
979 1910 1075 1948 nec
1112 1909 1232 1948 eam
1276 1898 1607 1965 optimarum
1643 1899 1816 1952 actio-

229 1994 370 2031 num
422 1982 615 2048 pennis
663 1981 903 2048 instruit,
955 1999 1055 2040 nec
1104 1987 1472 2041 Christianam
1510 1987 1814 2044 doctrinam

229 2083 333 2135 per
367 2078 673 2122 accuratam
721 2069 1125 2143 indagationem
1175 2085 1441 2138 attenuat,
1471 2078 1818 2148 quandoqui-

229 2158 360 2212 dem
397 2161 487 2226 qui
540 2161 736 2214 crudos
774 2164 926 2218 cibos
973 2165 1231 2229 comedit,
1282 2165 1366 2220 his
1415 2171 1817 2238 concoquendis

232 2262 338 2316 par
367 2265 489 2303 esse
528 2266 635 2304 non
673 2261 870 2320 potest,
917 2255 1026 2308 imo
1077 2271 1178 2310 nec
1221 2255 1478 2312 dentibus
1514 2260 1622 2313 ullo
1654 2261 1816 2314 modo

232 2340 382 2394 cedit
422 2341 734 2410 hujusmodi
777 2345 1120 2402 alimentum.
1168 2348 1261 2404 lllc
1299 2358 1483 2403 autem
1527 2365 1818 2406 sacrosan-

231 2439 382 2484 ctam
419 2448 598 2486 eseam
646 2435 842 2490 elixam
890 2438 1022 2504 edit,
1071 2440 1164 2509 qui
1213 2442 1586 2509 voluptatibus
1622 2446 1812 2500 servit.

233 2520 373 2574 Nam
427 2538 548 2591 qua:
603 2525 898 2593 clixantur,
964 2530 1282 2585 varietatem
1355 2541 1411 2586 et
1466 2535 1813 2589 conditaenta

234 2613 566 2678 desiderant,
618 2617 947 2686 mollemque
989 2621 1160 2673 vitam
1208 2638 1272 2677 ac
1307 2624 1437 2679 luxu
1481 2625 1811 2680 dillluentem

221 2703 502 2770 'indicant,
536 2715 697 2776 atque
728 2710 1044 2764 alimentum
1079 2713 1394 2768 diuturnam
1442 2717 1495 2770 in
1533 2718 1815 2773 stomacho

236 2812 448 2850 moram
487 2798 733 2854 trahens.
767 2801 834 2854 At
884 2818 1009 2856 vero
1043 2820 1224 2860 assam
1269 2807 1408 2862 hanc
1451 2810 1673 2877 accipit,
1723 2811 1812 2880 qui

236 2889 402 2942 animi
433 2890 714 2946 alacritate
744 2901 798 2946 et
830 2895 1100 2963 probitate
1143 2899 1382 2962 excellit,
1414 2914 1517 2954 nec
1561 2901 1813 2956 obscena:

234 2982 530 3051 voluptatis
560 2986 908 3042 condimenta
944 2990 1131 3044 virtuti
1168 2991 1454 3048 admiscet.
1492 2994 1627 3048 Nam
1663 2995 1806 3064 quod

1844 1774 1891 1831 B

1929 535 2170 604 ptionem
2214 533 2530 596 arbitratur,
2573 540 2630 586 ut
2671 540 2726 585 et
2764 532 2996 586 aliorum
3046 533 3326 588 hominum
3354 574 3368 594 ,
3414 533 3502 586 ille

1923 628 2070 693 quod
2103 623 2458 678 excellentius
2497 631 2578 675 est
2609 638 2638 676 a
2682 623 2937 677 deteriori
2985 639 3089 676 non
3134 626 3389 678 secernit.
3433 626 3499 678 At

1923 731 2023 768 nos
2064 714 2172 779 his,
2212 713 2306 784 qui
2347 730 2547 784 agnum
2592 722 2835 779 torrent,
2878 714 3262 783 adjungaamr,
3303 715 3496 783 spiritu

1920 807 2174 862 videlicet
2233 807 2535 872 ferventes,
2596 806 3056 876 quemadmodum
3117 803 3315 859 Paulus
3371 806 3496 860 hor-

1922 905 2064 953 tatur
2104 898 2172 952 ”.
3252 961 3266 973 .

1993 985 2060 1042 Ut
2110 988 2256 1040 bonis
2302 987 2410 1042 illis
2464 987 2814 1052 carbonibus,
2869 986 3192 1039 intellectum
3248 995 3490 1039 nostrum

1919 1075 2322 1129 accendentibus
2378 1083 2426 1129 et
2481 1076 2870 1144 purgantibus,
2926 1075 2988 1128 ab
3044 1091 3103 1130 eo
3164 1074 3496 1142 adjuvantur.

1918 1167 2144 1223 Brevem
2188 1168 2331 1222 illam
2374 1169 2618 1236 quidem,
2655 1168 2749 1222 sed
2789 1168 3180 1222 Sententiarum
3221 1169 3374 1236 copia
3415 1183 3500 1221 re-

1919 1257 2108 1313 fertam
2148 1259 2409 1328 Theologi
2452 1259 2753 1313 orationem
2795 1259 2928 1313 satis
2967 1259 3226 1313 admirari
3262 1273 3324 1312 ac
3364 1273 3503 1328 prte-

1924 1349 2110 1403 dicarc
2147 1363 2382 1417 nequeo.
2417 1349 2597 1418 Papze,
2629 1356 2763 1418 quot
2799 1347 3092 1415 Scriptura:
3129 1347 3278 1402 locos
3311 1337 3365 1400 in
3399 1349 3499 1400 hac

1917 1443 2213 1496 carbonum
2257 1441 2783 1495 commemoratione
2825 1440 2976 1493 brevi
3019 1439 3337 1506 complexus
3374 1441 3490 1493 est!

1915 1529 2048 1588 Nam
2095 1539 2229 1600 quot
2271 1529 2414 1600 apud
2466 1531 2611 1583 hunc
2665 1527 2882 1582 Patrem
2923 1527 3230 1589 dictiones,
3274 1527 3498 1581 totidem

1916 1637 2137 1691 quoque
2193 1620 2490 1691 Scriptura:
2546 1619 2858 1675 testimonia
2917 1620 3372 1673 tiuttierabuntur.
3422 1620 3498 1671 Ac

1925 1714 2097 1769 bonos
2137 1713 2355 1783 quidem
2397 1712 2661 1766 carbones
2701 1712 2880 1776 dixit,
2939 1723 2997 1765 ut
3035 1727 3062 1764 a
3107 1711 3266 1764 malis
3302 1709 3498 1764 distin-

1920 1816 2146 1875 gueret,
2203 1819 2343 1873 quos
2385 1803 2743 1857 desolatorios
2795 1802 2963 1856 David
3022 1802 3257 1870 appellat
3286 1801 3353 1864 “,
3397 1799 3500 1854 hoc

1921 1905 2022 1960 est,
2055 1895 2323 1948 vindices.
2372 1893 2527 1960 Quod
2559 1903 2738 1946 autem
2786 1892 2861 1945 ait
2896 1910 2907 1944 :
2945 1892 3300 1959 Adjuvemur,
3335 1890 3500 1956 hujus

1920 1989 2066 2042 verbi
2109 2001 2298 2040 ansam
2332 1985 2397 2040 ab
2429 1985 2568 2041 lsaia
2601 1983 2832 2052 accepit,
2866 1982 2944 2036 sic
2987 1982 3240 2048 loquente
3273 1997 3285 2032 :
3322 1979 3498 2033 [labes

1918 2080 2166 2133 carbones
2225 2079 2397 2147 ignis,
2455 2079 2572 2130 sede
2625 2091 2782 2144 super
2834 2091 2919 2128 eos
2961 2075 3027 2126 ".
3085 2072 3149 2126 Ili
3201 2082 3362 2126 erunt
3402 2070 3498 2124 tibi

1917 2173 2147 2227 auxilio.
2192 2171 2325 2224 Illud
2367 2180 2548 2224 autem
2593 2185 2608 2224 :
2655 2167 2989 2221 Intellectum
3040 2163 3496 2225 accendentibus,

1917 2281 1980 2319 ex
2037 2263 2330 2317 Salomone
2398 2261 2664 2330 sumpsit,
2737 2269 2900 2328 atque
2968 2267 3129 2311 acute
3180 2264 3236 2309 et
3285 2253 3498 2308 erudite

1916 2357 2190 2426 exposuit.
2253 2353 2343 2408 Sic
2399 2353 2546 2407 enim
2615 2351 2854 2420 quodam
2916 2349 3037 2404 loco
3106 2347 3294 2404 scribit
3357 2364 3371 2399 :
3435 2346 3495 2402 Si

1914 2447 2156 2502 esurierit
2195 2446 2438 2498 inimicus
2469 2453 2611 2507 tuus,
2645 2443 2762 2496 ciba
2792 2442 2966 2506 illum,
2992 2449 3041 2494 et
3071 2442 3116 2494 si
3148 2440 3284 2498 sitit,
3315 2447 3496 2504 potum

1915 2540 1984 2591 da
2012 2539 2061 2594 ei
2090 2554 2108 2590 :
2146 2538 2240 2589 hoc
2274 2537 2414 2591 enim
2452 2535 2652 2603 faciens
2693 2533 2946 2588 carbones
2980 2546 3224 2598 congeres
3256 2529 3310 2581 in
3341 2537 3496 2596 caput

1913 2632 2027 2699 ejus
2070 2630 2138 2685 ’⁸.
2181 2629 2280 2684 llic
2318 2638 2500 2682 autem
2565 2642 2658 2696 per
2698 2625 2796 2680 hos
2836 2624 3140 2685 carbones,
3192 2621 3408 2674 divinas
3443 2630 3500 2672 et

1915 2722 2229 2787 spirituales
2287 2719 2646 2791 cogitationes
2709 2716 3019 2780 intellexit,
3078 2729 3200 2782 qua:
3258 2722 3495 2766 mentem

1915 2813 2095 2870 calore
2149 2812 2398 2867 alliciunt
2453 2823 2618 2880 atque
2669 2807 2999 2864 accendunt.
3057 2805 3210 2861 lianc
3259 2806 3498 2872 denique

1915 2917 2138 2968 vocem,
2189 2903 2593 2972 l‘urgantibus,
2645 2900 2884 2968 adjecit,
2941 2897 3199 2952 carbonis
3254 2896 3398 2949 illius
3443 2902 3500 2947 et

1916 2993 2244 3062 Seraphim,
2305 3002 2470 3060 atque
2526 2991 2653 3044 hinc
2707 2997 3037 3058 comparata:
3094 2997 3285 3042 sancto
3340 2984 3499 3042 lsaia:

235 3070 358 3140 igne
375 3083 779 3145 torretur,pure
793 3079 1154 3151 acfrugaliter
1169 3085 1643 3152 apparatur.Quod
1663 3086 1806 3140 enim
1839 3105 1883 3164 ρ
1917 3081 2260 3150 purgationis
2292 3079 2636 3134 recordatus.
2664 3076 2822 3131 Tales
2853 3077 3122 3131 carbones
3154 3075 3313 3129 nobis
3342 3072 3500 3127 auxi-

235 3163 490 3230 elixatur,
509 3181 660 3234 aqua:
680 3182 846 3237 opera
865 3175 1212 3241 excoquitur,
1233 3191 1297 3230 ac
1323 3177 1550 3244 proinde
1573 3180 1808 3249 perspici

237 3270 344 3308 non
367 3264 562 3324 potest,
586 3265 768 3326 utpote
789 3261 842 3314 in
861 3277 1000 3329 aqua
1026 3263 1405 3319 absconditum
1428 3285 1441 3320 :
1464 3277 1625 3336 atque
1645 3272 1808 3323 etiam

239 3359 502 3414 aquosum
521 3356 604 3401 est
622 3345 891 3418 facileque
909 3351 1250 3406 dissolvitur.
1269 3353 1324 3407 ld
1342 3363 1523 3408 autem
1543 3358 1687 3422 quod
1708 3367 1813 3411 ter-

240 3444 409 3498 retur,
439 3436 748 3491 immediate
783 3453 878 3507 per
913 3439 1091 3508 ignem
1131 3451 1390 3507 torretur,
1412 3453 1577 3512 atque
1599 3446 1670 3499 ob
1691 3462 1809 3500 eam

240 3540 457 3582 causam
477 3526 877 3582 illuminaturet
891 3530 1223 3599 exsiccatur,
1238 3546 1400 3605 atque
1419 3537 1809 3593 condensatur.

242 3615 346 3671 Lex
369 3618 550 3686 itaque
568 3619 819 3687 prohibet
834 3636 1085 3692 neagnus
1099 3635 1286 3682 coctus
1306 3643 1446 3696 aqua
1463 3631 1810 3694 comedatur,

242 3707 342 3761 hoc
391 3717 496 3773 est,
550 3723 755 3778 aquosa
804 3721 858 3766 et
907 3714 1170 3770 dissoluta
1224 3717 1292 3772 de
1346 3718 1570 3774 Christo
1622 3720 1810 3789 Opinio

242 3807 401 3865 atque
434 3800 723 3865 sententia,
755 3803 1112 3860 subindicans
1144 3806 1458 3875 hujusmodi
1492 3809 1672 3864 cibum
1706 3810 1810 3864 [ide

241 3887 476 3956 praeditis
507 3889 820 3946 hominibus
853 3893 1078 3949 minime
1124 3897 1398 3952 salubrem
1450 3899 1586 3953 fore.
1630 3898 1808 3956 Veluti

243 3982 284 4034 si
316 3981 435 4050 quis
462 3981 739 4037 Christum
774 3995 966 4039 natura
1000 3985 1166 4042 Deum
1201 4005 1309 4043 non
1341 4005 1462 4043 esse
1486 3989 1759 4046 existimet
1790 4009 1804 4046 :

245 4070 339 4126 hoc
384 4074 528 4127 enim
578 4075 764 4130 solidae
813 4088 866 4130 et
917 4080 1222 4134 constantis
1265 4095 1329 4134 ac
1368 4090 1635 4150 provectae
1683 4082 1808 4137 fidei

243 4177 343 4217 non
374 4174 458 4218 est
490 4183 502 4218 :
535 4163 663 4219 item
693 4166 738 4219 si
766 4181 912 4230 eum,
944 4178 1000 4223 ut
1039 4169 1232 4236 Deum,
1269 4172 1450 4226 omnia
1499 4188 1619 4243 quae
1655 4173 1805 4238 velit,

243 4253 417 4308 facere
456 4269 615 4322 posse
649 4267 827 4327 neget.
864 4256 986 4312 Ilaec
1027 4261 1171 4314 enim
1203 4263 1388 4332 Opinio
1434 4277 1532 4333 per
1569 4263 1808 4334 Spiritus

245 4347 409 4414 ignem
462 4346 687 4413 probata
736 4357 790 4400 ct
841 4349 1121 4416 explorata
1174 4367 1283 4406 non
1338 4361 1441 4421 est,
1496 4369 1596 4409 nec
1645 4369 1803 4419 eam,

1915 3173 1973 3225 lii
2015 3185 2181 3226 causa
2236 3169 2493 3222 Christus
2556 3166 2826 3235 porrigit,
2870 3166 3060 3219 dicens
3105 3182 3118 3218 :
3163 3162 3343 3231 Ignem
3383 3160 3496 3215 veni

1915 3265 2121 3314 mittere
2154 3263 2208 3312 in
2248 3270 2482 3322 terram,
2518 3268 2564 3308 et
2596 3258 2723 3325 quid
2767 3257 2910 3318 volo,
2955 3255 3057 3307 nisi
3092 3263 3146 3305 ut
3185 3254 3369 3305 ardeat
3401 3252 3490 3302 "?

1915 3353 2032 3418 Quo
2073 3351 2194 3403 loco
2235 3349 2406 3418 ignis,
2450 3346 2691 3415 Spiritus
2750 3346 3018 3398 fervorem
3062 3343 3368 3410 significat,
3412 3341 3496 3395 vel

1915 3439 2213 3510 spiritualis
2237 3439 2362 3491 vitae
2385 3435 2747 3490 acrimoniam
2774 3443 2828 3487 et
2848 3433 3157 3500 evangelica
3200 3440 3491 3502 praecepta,

1915 3550 1944 3587 a
1974 3533 2173 3602 quibus
2202 3530 2384 3585 omnis
2415 3528 2622 3581 vitiostc
2650 3527 2844 3581 animae
2877 3526 3142 3580 habitudo
3178 3526 3230 3578 in
3259 3526 3492 3578 cinerem

1914 3624 2178 3693 redigitur
2205 3631 2370 3692 atque
2399 3619 2730 3684 absumitur,
2772 3617 3003 3687 proinde
3041 3632 3166 3672 cum
3207 3614 3491 3686 quampri-

1907 3730 2061 3772 mum
2115 3712 2344 3768 accendi
2384 3711 2536 3780 cupit
2592 3711 2890 3774 Dominus,
2932 3718 2991 3763 ut
3029 3707 3386 3772 beneficium,
3428 3720 3492 3758 ac

1911 3821 2023 3862 non
2064 3806 2336 3860 vindicem
2377 3815 2431 3860 et
2468 3805 2826 3860 cruciantem.

1983 3897 2102 3953 Coi.
2143 3897 2248 3951 646
2300 3897 2366 3952 Α.
2411 3894 2677 3966 Quidquid
2731 3909 2891 3962 porro
2947 3909 3196 3946 carneunt
3242 3903 3291 3945 ct
3342 3907 3491 3945 escu-

1913 3992 2111 4044 lentum
2166 3989 2316 4042 habet
2366 3989 2651 4053 doctrina,
2693 3997 2800 4041 etc.
2843 3985 3120 4054 Scriptum
3177 3999 3370 4038 rursus
3407 3991 3495 4037 est

1912 4083 1968 4136 in
2021 4081 2205 4134 Exodo
2260 4096 2274 4134 :
2330 4078 2397 4134 Et
2454 4078 2719 4132 comedent
2771 4092 2954 4130 carnes
3007 4075 3106 4127 hac
3157 4086 3300 4126 nocte
3347 4087 3492 4125 assas

1910 4176 2047 4244 igne,
2081 4181 2237 4241 caput
2271 4188 2390 4224 cum
2433 4171 2650 4239 pedibus
2693 4179 2741 4223 et
2789 4168 3054 4222 intestinis
3084 4167 3150 4218 ³⁰.
3185 4165 3494 4230 Thcologus

1913 4274 2090 4318 autem
2124 4262 2193 4315 ab
2228 4259 2456 4313 historia
2487 4259 2554 4312 ad
2586 4259 2900 4328 allegoriam
2938 4254 3241 4310 ascemlcns
3275 4271 3289 4307 :
3321 4251 3491 4318 Quid-

1911 4354 2042 4423 quid
2083 4360 2199 4414 cst,
2244 4352 2459 4421 inquit,
2503 4351 2556 4404 in
2599 4351 2702 4405 tide
2742 4365 2805 4406 ac
2845 4349 3093 4404 doctrina
3148 4355 3332 4402 nostra
3372 4359 3493 4399 car-

245 4449 398 4504 quam
428 4437 808 4502 conveniebat,
849 4442 1277 4508 speculationem
1325 4454 1597 4500 assecuta.
1631 4445 1808 4515 Atque
1835 4430 1900 4500 D'
1918 4460 2101 4510 neum,
2144 4444 2246 4498 hoc
2283 4452 2384 4506 est,
2426 4443 2788 4508 esculentum,
2831 4440 3170 4496 comedetur.
3211 4439 3388 4506 Atque
3429 4441 3488 4488 ut

246 4524 438 4580 idcirco
464 4541 564 4582 nec
603 4538 886 4597 compacta
927 4545 1024 4584 nec
1067 4548 1374 4604 compressa
1405 4544 1459 4589 et
1499 4537 1668 4592 solida
1700 4545 1804 4600 est,

246 4634 419 4673 verum
456 4633 486 4672 c
517 4621 794 4674 contrario
834 4621 1160 4688 improbata,
1213 4625 1515 4680 indiscussa
1550 4634 1604 4680 et
1637 4626 1803 4682 ﬂuida

247 4725 304 4764 ac
333 4711 600 4766 solubilis.
636 4711 769 4767 Nam
805 4714 894 4782 qui
940 4717 1175 4770 naturali
1229 4717 1390 4772 modo
1436 4718 1640 4773 Christi
1672 4735 1805 4775 con-

247 4801 535 4867 ceptionem
581 4816 645 4856 ac
679 4803 1081 4872 generationem
1131 4815 1456 4875 cmtcraque,
1502 4807 1667 4878 hujus
1711 4823 1805 4878 ge-

248 4890 379 4942 neris
425 4891 671 4958 inquiril,
721 4893 768 4948 is
808 4896 1158 4963 prmstanlius
1202 4913 1232 4951 a
1272 4897 1528 4953 deteriori
1573 4899 1802 4955 minime

249 4979 552 5049 distinguit,
601 4985 1058 5051 quemadmodum
1113 4988 1256 5056 ignis
1305 5005 1500 5044 aurum
1558 4991 1626 5044 ab
1677 4990 1800 5046 aliis

250 5069 493 5134 materiis.
528 5086 628 5124 nec
665 5073 962 5128 doctrinam
992 5077 1059 5130 ab
1077 5079 1237 5132 .Omni
1269 5094 1456 5134 crassa
1489 5090 1543 5134 et
1574 5081 1794 5150 indigna

249 5161 557 5230 cegitatione
597 5178 786 5232 puram
827 5178 890 5220 ac
929 5166 1155 5220 liberam
1207 5166 1368 5222 cllicit
1395 5207 1410 5232 ,
1460 5169 1605 5230 sica;
1653 5169 1796 5240 ignis

249 5252 527 5307 similitudo
567 5256 822 5322 p0stulat,
858 5258 950 5327 qui
993 5260 1273 5314 materiam
1315 5261 1533 5330 quidem
1563 5272 1617 5316 et
1645 5278 1798 5318 cras-

250 5342 416 5397 sitietu
435 5344 694 5407 absumit,
722 5362 914 5402 aurum
940 5358 1118 5404 autem
1149 5353 1373 5420 probum
1400 5361 1453 5406 et
1476 5352 1796 5408 deftccatum

249 5434 422 5490 reddit.
465 5435 597 5492 Nam
639 5440 730 5508 qui
773 5440 1020 5495 humanae
1064 5454 1273 5498 natura:
1314 5443 1554 5514 vestigiis
1597 5445 1795 5506 lueret,

307 5618 346 5649 "
380 5617 546 5673 Exod.
594 5637 688 5685 xtl,
721 5622 772 5675 6.
872 5622 915 5655 ³⁸
951 5625 1082 5680 ibid.
1124 5628 1176 5681 9.

252 5629 346 5719 an"
381 5629 772 5719 tgo'tt..mxn,.t.i.
818 5629 915 5719 ω’*
951 5629 1100 5719 ilainidi‘
1124 5629 1208 5719 9.1
1278 5629 1322 5659 ’³
1373 5631 1529 5719 “2m.
1583 5648 1678 5700 ιιι,
1719 5632 1804 5687 Η.

255 5688 324 5740 Ξυ.
395 5690 438 5721 ⁸⁸
482 5688 614 5745 Luc.
669 5707 764 5759 ιιι,
809 5694 897 5749 ω.

977 5695 1019 5727 ³ο
1062 5696 1232 5754 Exod.
1281 5714 1375 5765 an,
1420 5702 1473 5754 8.

1897 4538 2109 4599 horum
2151 4536 2442 4590 verborum
2496 4549 2718 4590 sensum
2761 4534 3133 4603 explicemus,
3177 4527 3490 4599 hujusmodi

1912 4628 2172 4700 quiddam
2206 4627 2286 4681 vir
2317 4625 2669 4682 doctissimus
2715 4627 2894 4682 dicere
2941 4625 3178 4680 videtur.
3210 4622 3398 4676 Onmis
3428 4635 3490 4678 ea

1911 4715 2213 4772 divinitatis
2280 4723 2443 4783 atque
2513 4715 2869 4770 humanitatis
2926 4713 3130 4768 Christi
3191 4710 3487 4771 doctrina,

1911 4823 2052 4878 quae,
2089 4816 2149 4861 ut
2186 4821 2316 4861 caro
2355 4810 2636 4876 corporeis
2676 4807 2955 4871 dentibus,
2995 4807 3069 4860 ita
3111 4803 3490 4876 spiritualibus

1911 4903 2089 4962 cedit.
2145 4917 2208 4956 ac
2266 4902 2311 4958 si
2373 4910 2519 4957 recte
2579 4902 2948 4971 intelligatur,
3012 4902 3250 4955 animam
3311 4901 3490 4965 alere,

1909 4995 2066 5064 eique
2107 4995 2367 5062 prodesse
2405 5002 2581 5062 potest
2622 5010 2638 5047 :
2682 4994 2835 5058 haec,
2879 4994 3130 5063 inquam,
3173 4993 3354 5046 omnis
3394 4993 3490 5045 do-

1903 5083 2106 5145 ctrina,
2149 5091 2208 5136 ut
2247 5083 2300 5136 in
2344 5082 2714 5151 cognitionem
2757 5093 3003 5138 nostram
3043 5083 3263 5145 cadens,
3308 5089 3488 5134 mente

1896 5174 2233 5238 comedetur,
2269 5174 2482 5243 ipsique
2511 5177 3033 5240 accommodabitur,
3066 5184 3229 5242 atque
3263 5173 3328 5225 ad
3378 5172 3490 5240 spi-

1900 5263 2110 5318 ritalem
2148 5266 2560 5319 concoctionem
2601 5265 2975 5320 distribuatur.
3021 5263 3094 5317 Ita
3131 5263 3246 5327 fiet,
3280 5271 3338 5316 ut
3387 5261 3482 5330 qui

1899 5369 2019 5410 eam
2066 5355 2398 5424 percipiunt,
2430 5356 2483 5409 in
2517 5355 2589 5418 id,
2623 5357 2770 5426 quod
2819 5363 3204 5426 perceperunt,
3235 5369 3484 5409 comnm-

1902 5455 2107 5512 tentur,
2142 5459 2306 5517 atque
2345 5449 2724 5518 unusquisque
2755 5450 2822 5503 ad
2852 5447 3082 5504 membri
3118 5448 3186 5502 ab
3215 5462 3281 5502 eo
3313 5445 3480 5514 spiri-

1908 5632 1951 5663 “
1979 5631 2124 5688 Psal.
2159 5648 2306 5700 cxtx,
2340 5635 2394 5688 4.
2511 5633 2551 5666 ⁸⁷
2580 5632 2685 5690 lsa.
2721 5650 2883 5708 van,
2918 5637 3004 5692 Η.
3082 5637 3126 5668 ’³
3159 5635 3320 5691 Prov.
3350 5645 3474 5696 xxv,
