3996 6206
556 276 689 342 1371

555 390 778 444 tnaliter
810 392 1011 445 eomcsi
1055 392 1233 447 locum
1274 392 1588 450 inducatur.
1620 394 1797 450 Divini
1830 398 1977 453 enim
2008 400 2129 470 agni
2163 403 2207 459 Α

554 495 620 535 ac
648 480 807 537 Verbi
836 486 1133 539 secundum
1162 486 1430 556 cujusque
1459 489 1689 544 membri
1717 492 2135 557 conceptionem

556 574 935 643 unusquisque
987 591 1086 645 pro
1124 578 1322 633 virium
1364 595 1586 635 suarum
1613 620 1627 646 ,
1686 592 1851 653 atque
1889 585 2134 651 ordinis,

559 663 855 731 gratiaeque
906 663 1143 731 Spiritus
1180 668 1245 721 ad
1298 684 1357 724 se
1391 672 1736 740 pertinentis,
1783 676 2015 731 rationis
2046 677 2138 733 fiet

556 755 847 823 particeps.
893 756 1051 812 Verbi
1110 760 1286 829 gratia
1310 802 1326 825 ,
1370 772 1533 833 caput
1573 764 1665 819 ille
1705 767 2005 836 percipiet,
2043 772 2136 837 qui

557 859 622 897 ex
661 846 982 914 improbatis
1020 850 1305 921 principiis
1337 854 1521 919 tidem,
1552 858 1872 929 theologica:
1903 861 2137 919 rationis

555 935 864 992 doctrinam
912 955 1142 1010 prorsus
1191 944 1417 1000 missam
1460 945 1774 1013 facientem.
1810 963 2137 1011 consecutus

558 1025 745 1082 fuerit.
782 1030 957 1086 Aures
1010 1042 1190 1088 autem
1214 1076 1229 1099 ,
1282 1038 1372 1103 qui
1426 1054 1709 1097 sermones
1748 1043 1963 1101 divinos
2002 1048 2138 1103 scite

558 1120 778 1187 accipit,
805 1130 857 1176 et
885 1138 979 1191 per
1004 1139 1098 1180 eos
1124 1127 1190 1181 ad
1223 1135 1451 1183 mortem
1483 1146 1656 1201 usque
1684 1132 1795 1189 Deo
1824 1137 2133 1205 subjicitur.

556 1207 797 1279 Oculos,
855 1215 949 1283 qui
1002 1232 1089 1271 res
1142 1228 1356 1276 creatas
1408 1223 1723 1292 spiritaliter
1776 1231 2132 1298 considerat,

558 1309 722 1371 atque
780 1319 970 1361 omnes
1040 1308 1303 1367 doctrina:
1359 1328 1598 1383 sensus,
1664 1327 1772 1374 tant
1832 1321 2135 1390 litterales,

559 1408 721 1461 quam
776 1397 1128 1469 allegoricos,
1181 1406 1330 1459 omni
1384 1408 1715 1466 oll'endiculo
1775 1426 2029 1471 vacantes
2068 1421 2134 1473 ad

559 1482 729 1536 solam
786 1485 875 1540 Dei
932 1489 1160 1557 gloriam
1213 1492 1269 1547 in
1324 1511 1491 1550 unum
1544 1499 1770 1570 colligit.
1831 1501 1949 1558 Jam
2009 1522 2137 1562 vero

559 1575 794 1666 pectoris
848 1580 1120 1650 particeps
1166 1583 1256 1649 lit,
1308 1588 1400 1654 qui
1451 1603 1547 1644 cor
1603 1606 1762 1645 suum
1821 1594 2136 1666 theologicis

560 1665 1031 1731 speculationibus
1068 1686 1130 1728 ac
1164 1674 1428 1733 doctrinis
1476 1680 1739 1751 implevit.
1787 1665 2141 1745 Manumau-

561 1763 693 1819 tem,
729 1757 820 1826 qui
867 1762 1074 1817 nullum
1117 1781 1254 1835 opus
1289 1784 1353 1823 ex
1390 1771 1475 1827 his
1506 1789 1628 1842 qum
1659 1775 1846 1833 divino
1879 1780 2136 1837 mandato

562 1848 864 1918 proscripta
908 1863 1055 1921 sunt,
1105 1857 1297 1928 ignave
1327 1876 1391 1916 ac
1424 1866 1761 1935 negligenter
1793 1873 2132 1942 exsequitur,

562 1950 748 1992 verum
783 1949 948 1998 totam
977 1960 1097 2001 eam
1134 1951 1241 2004 vim
1277 1953 1496 2021 animat,
1524 1970 1645 2023 quae
1680 1957 1738 2014 in
1767 1961 1984 2018 actione
2014 1981 2137 2019 ver-

560 2037 734 2095 satur,
785 2032 851 2086 ad
903 2034 1207 2093 divinarum
1256 2040 1438 2111 legum
1478 2046 1841 2116 espletlonem
1891 2062 2133 2120 paratam

560 2128 723 2212 atque
772 2122 1040 2181 intensam
1080 2129 1265 2186 habet.
1313 2135 1432 2189 Αινί
1477 2152 1661 2206 porro,
1711 2141 1803 2210 qui
1844 2143 2133 2212 genitalem

561 2211 758 2307 anima:
790 2224 998 2283 partem
1038 2232 1299 2290 perpetuo
1331 2228 1721 2285 scaturientem
1763 2211 1948 2298 habet,
1977 2236 2138 2307 spiri-

560 2301 908 2398 tualibusque
950 2315 1505 2384 contemplatiouibus
1558 2322 1892 2392 afﬂuentem,
1934 2301 2136 2398 quique

560 2392 949 2485 ardentissimo
1006 2404 1198 2472 atque'
1236 2405 1551 2478 inexplebili
1609 2414 1899 2485 omnisque
1950 2392 2135 2476 vitiosi

558 2481 785 2540 affectus
819 2492 1028 2559 experti
1078 2493 1343 2553 Dominici
1397 2514 1726 2571 congressus
1774 2481 2050 2563 desiderio
2083 2519 2139 2565 et

558 2588 746 2670 amore
772 2582 1064 2670 correptus
1112 2593 1216 2642 est.
1262 2588 1329 2643 At
1372 2605 1502 2646 vero
1552 2593 1811 2650 intestina
1854 2598 1988 2662 edit,
2040 2601 2133 2670 qui

558 2666 898 2725 abstrusiore
934 2675 1131 2731 mentis
1160 2681 1562 2749 conquisitione
1594 2686 1860 2754 profunda
1888 2689 1983 2745 Dei
2014 2666 2137 2760 per-

559 2768 858 2825 scrutatur,
902 2775 1065 2835 atque
1108 2771 1325 2827 arcanis
1376 2778 1652 2843 mysteriis
1703 2779 1850 2836 velut
1893 2783 2135 2854 ingurgi-

559 2857 728 2904 tatur.
758 2852 931 2909 Crura
963 2870 1167 2920 autem.
1202 2864 1293 2930 qui
1329 2866 1620 2931 rationem,
1664 2871 1712 2924 ei
1743 2872 1938 2928 anima:
1972 2852 2132 2944 parti,

557 2954 683 3009 quze
726 2941 1008 3000 affectibus
1059 2950 1318 3017 agitatur,
1368 2955 1774 3014 incumbentem
1828 2941 2020 3029 habet,
2070 2981 2135 3022 ac

559 3030 723 3084 veluti
753 3034 1031 3119 superiore
1060 3035 1177 3091 loco
1209 3042 1463 3107 positam,
1493 3060 1697 3115 easque
1727 3050 1921 3106 anima:
1951 3065 2136 3123 partes
2165 3071 2206 3128 ο

558 3122 613 3175 in
651 3125 852 3192 quibus
886 3129 1326 3196 perturbationes
1362 3136 1653 3205 exsistunt,
1685 3139 1913 3210 imperio
1944 3122 2135 3201 tenen-

560 3222 692 3279 tcm,
734 3216 937 3286 quique
967 3233 1183 3275 onmem
1231 3230 1482 3280 crassum
1514 3237 1567 3282 et
1599 3238 1875 3287 terrenum
1926 3245 2132 3293 motum

559 3306 627 3360 ab
664 3318 727 3362 'ea
773 3311 978 3400 evellit.
1015 3313 1257 3372 Genihus
1304 3333 1434 3374 vero
1480 3323 1745 3390 pascitur,
1787 3326 1889 3395 qui
1937 3330 2003 3384 ad
2048 3331 2137 3401 ja-

559 3407 767 3464 centes,
814 3409 869 3457 et
904 3403 1120 3459 infirma
1167 3406 1269 3463 lide
1312 3410 1589 3479 praeditos,
1638 3418 2137 3479 commiserationis

560 3490 753 3547 aﬁcctu
793 3493 860 3550 de
906 3495 1176 3554 industria
1224 3515 1284 3556 se
1329 3501 1585 3572 demittit,
1618 3521 1683 3561 ac
1716 3506 1877 3564 Verbi
1924 3513 1991 3566 ad
2036 3529 2138 3569 nos

559 3582 916 3652 dejectionem
951 3589 1261 3646 aemulatur.
1296 3591 1583 3650 Postremo
1626 3596 1774 3654 tibiis
1815 3607 1869 3654 et
1908 3601 2138 3669 pedibus

559 3673 819 3735 vescitur.
869 3678 961 3745 qui
1008 3678 1064 3731 in
1110 3680 1213 3735 tide
1260 3691 1316 3736 et
1366 3684 1567 3741 virtute
1617 3697 1783 3758 atque
1828 3692 2138 3762 cognitione

561 3763 700 3818 fisos
729 3773 786 3819 et
820 3765 1128 3823 immobiles
1166 3770 1364 3825 animae
1393 3789 1613 3842 gressus
1658 3777 1842 3833 habet.
1877 3781 1956 3835 Ad
1993 3782 2136 3838 hunc

561 3853 784 3909 modum
822 3855 913 3910 ille
946 3856 1132 3926 Agnus
1165 3859 1259 3915 Dei
1297 3862 1366 3917 ab
1407 3866 1668 3922 omnibus
1697 3869 1784 3923 edi
1829 3885 1895 3924 ac
1929 3872 2134 3941 percipi

560 3955 761 4013 potest,
793 3962 999 4019 eosque
1036 3964 1067 4004 a
1105 3952 1306 4021 quibus
1350 3955 1673 4025 percipitur,
1704 3958 1941 4029 Spiritus
1970 3977 2135 4032 opera

561 4035 615 4089 in
667 4052 788 4094 sese
834 4048 1187 4096 transmutat.
1235 4042 1501 4099 Caeterum
1557 4047 1659 4103 hoc
1710 4049 2002 4106 observatu
2050 4053 2135 4109 di-

560 4144 727 4197 gnum
760 4141 865 4197 est,
897 4132 1043 4200 quod
1085 4132 1397 4206 Theologus
1432 4146 1639 4204 noster,
1681 4140 1727 4195 si
1765 4143 1986 4210 quando
2015 4160 2136 4199 ver-

560 4220 688 4274 bum
736 4222 955 4291 aliquod
1023 4224 1351 4293 obscurius,
1421 4244 1585 4299 quam
1638 4240 1695 4286 ut
1743 4249 1772 4286 a
1821 4235 2134 4294 rudioribus

566 4311 793 4383 intelligi
826 4325 1009 4383 queat,
1038 4318 1311 4384 extulerit,
1341 4320 1470 4375 illud
1499 4324 1683 4378 statim
1718 4341 1814 4392 per
1842 4327 2132 4385 dilucidius

561 4402 709 4456 aliud
736 4406 1057 4461 vocabulum
1088 4408 1431 4479 interpretari
1461 4413 1598 4467 solet
1624 4432 1637 4466 :
1667 4419 2125 4484 quemadmodum
2161 4416 2204 4471 D

558 4493 649 4547 hic
678 4510 896 4566 quoque
940 4496 1090 4554 facit.
1134 4500 1344 4556 Etenim
1396 4518 1521 4558 cum
1565 4504 1827 4563 dixisset:
1859 4509 2130 4580 Quidquid

557 4599 849 4652 carueum,
901 4589 1149 4659 adjunxit
1185 4590 1295 4646 :Et
1343 4595 1724 4663 esculentum,
1782 4599 2127 4668 perspicuum

560 4677 764 4734 faciens
796 4694 855 4735 se
889 4695 1146 4736 carneum
1185 4684 1525 4739 esculentum
1565 4687 1872 4743 nominare.
1912 4688 2126 4745 Rursus

557 4788 680 4827 cum
705 4773 950 4830 dixisset:
977 4773 1051 4828 Ex
1079 4775 1373 4841 intestinis,
1396 4778 1647 4847 protinus
1670 4779 2128 4849 liqttidoustcndit
2174 4768 2177 4771 b

558 4877 617 4919 se
654 4878 718 4919 eo
757 4865 974 4921 nomine
1020 4869 1234 4922 occulta
1276 4876 1330 4923 et
1358 4869 1652 4926 recondita
1700 4885 1919 4927 Vocare.
1968 4871 2123 4939 Quod

557 4966 736 5010 autem
772 4972 867 5026 per
901 4972 1159 5013 carneum
1196 4968 1250 5014 et
1280 4959 1464 5015 abdita
1506 4961 1750 5017 indicare
1788 4962 1902 5018 vult
1943 4961 2125 5020 Theo-

557 5044 734 5115 logus,
763 5046 929 5110 hunc,
956 5057 1017 5102 ut
1045 5048 1262 5118 opinor,
1295 5064 1515 5105 sensum
1545 5051 1729 5108 habet.
1762 5051 2129 5119 Quemadmo-

558 5136 686 5190 dum
727 5137 851 5208 agni
893 5138 1101 5194 viscera
1154 5140 1408 5198 interitus
1453 5141 1881 5207 absconduntur,
1934 5159 2128 5199 carnes

559 5238 739 5283 autem
775 5232 828 5283 in
859 5232 1114 5287 exteriori
1165 5241 1318 5302 parte
1364 5243 1538 5289 sunt:
1581 5235 1661 5289 sic
1693 5236 1854 5290 etiam
1903 5235 1956 5290 in
2005 5237 2127 5291 fidei

560 5328 759 5374 nostra:
787 5331 840 5376 et
870 5322 1133 5378 doctrinae
1169 5324 1462 5395 dogmatis,
1495 5326 1601 5381 alia
1639 5326 1808 5397 magis
1845 5342 2043 5383 arcana
2075 5338 2131 5383 et

559 5410 810 5466 abstrusa
845 5424 993 5480 sunt,
1044 5414 1149 5469 alia
1189 5416 1363 5486 magis
1399 5419 1555 5471 obvia
1587 5427 1639 5473 et
1669 5418 1976 5488 perspicua,
2018 5435 2126 5473 non

559 5514 718 5554 secus
764 5511 927 5571 atque
968 5503 1078 5559 illic
1119 5506 1329 5561 viscera
1361 5508 1573 5562 occulta
1602 5518 1750 5575 sunt,
1781 5523 1972 5564 carnes
2000 5524 2129 5564 vero

2170 1729 2211 1784 Β

633 5676 675 5707 ³¹
720 5677 884 5746 Apoc.
915 5696 964 5744 l,
1009 5678 1060 5735 4.

1970 287 2348 351 ADDENDA.

2220 584 2343 645 'est,
2392 581 2445 635 id
2495 592 2601 645 est,
2640 582 2917 637 intellectu
2974 581 3177 645 facile;

3694 284 3818 348 ΠΤ
3831 287 3865 346 2

2237 408 2438 469 apertae
2483 406 2647 471 atque
2698 399 2752 453 in
2801 399 2971 455 oculis
3014 398 3247 468 posita:
3287 396 3591 464 Quocirca,
3632 397 3861 463 inquit.

2240 508 2347 546 non
2391 492 2553 546 modo
2603 492 2655 546 id
2702 500 2957 546 excutere
3002 491 3298 552 debemus.
3346 490 3495 559 quod
3559 505 3857 543 tamen

3247 597 3435 636 verum
3486 581 3771 649 insuper
3817 596 3861 633 ft

2239 673 2421 727 abdita
2459 674 2676 739 mentis,
2728 674 2830 728 hoc
2874 682 2981 735 est,
3018 673 3245 742 mystica
3295 673 3382 726 illa
3438 671 3857 742 pervestigare

2238 766 2513 830 convenit,
2549 781 2669 829 quae
2704 779 2859 819 mens
2900 775 3085 819 nostra
3134 780 3162 817 a
3212 762 3602 817 crassioribus
3674 762 3864 814 homi-
3956 836 3957 839 η

2238 856 2403 910 uibus
2434 855 2653 910 interim
2684 855 3075 910 abscondedat.

2306 947 2610 1002 Possumus
2653 946 2815 1001 etiam
2869 946 3101 1001 fortasse
3132 946 3198 1000 ad
3247 946 3393 1000 hunc
3442 945 3710 998 modum
3753 944 3863 999 lue

2237 1052 2531 1109 exponere.
2570 1038 3026 1109 Quandoquidem
3060 1037 3293 1109 duplicis
3328 1048 3547 1093 natura:
3576 1039 3859 1093 Christus

2237 1138 2341 1194 est,
2370 1129 2625 1184 nimirum
2655 1130 2796 1185 Deus
2824 1130 2987 1185 simul
3013 1140 3066 1184 ct
3093 1129 3279 1192 homo,
3314 1129 3660 1184 faciendum
3701 1131 3863 1184 nobis

2236 1229 2341 1287 est,
2372 1220 2570 1290 inquit,
2597 1227 2657 1274 ut
2682 1234 2791 1273 non
2820 1220 2985 1273 modo
3009 1219 3363 1288 conSpicuam
3393 1219 3583 1289 ipsius
3614 1234 3857 1273 cantem

2238 1311 2574 1377 intueamur,
2598 1313 2693 1366 sed
2714 1320 2768 1366 et
2790 1310 2990 1367 mentis
3013 1311 3215 1372 abdita,
3240 1310 3345 1365 hoc
3365 1321 3472 1375 est,
3493 1310 3860 1372 divinitatis.

2238 1404 2607 1473 speculemur.
2640 1406 2717 1457 Ac
2746 1419 2813 1458 ne
2855 1410 3017 1472 caput
3049 1411 3103 1457 et
3135 1402 3299 1471 pedes
3331 1402 3407 1471 (id
3440 1411 3553 1463 est,
3594 1411 3667 1456 et
3702 1402 3859 1469 ejus-

2238 1495 2381 1548 modi
2427 1495 2495 1549 de
2545 1502 2783 1564 ungeute
2835 1494 3117 1549 divinitate
3168 1492 3578 1562 cogitationes,
3634 1509 3789 1561 qua
3834 1510 3858 1545 ι

2237 1584 2352 1641 Deo
2377 1600 2486 1640 non
2514 1586 2865 1648 abhorreant,
2895 1595 2949 1640 et
2974 1600 3166 1640 rursus
3198 1584 3468 1653 ejusmodi
3498 1586 3573 1639 de
3606 1586 3860 1639 inuncta

2241 1674 2577 1729 humanitate
2630 1675 3051 1739 meditationes,
3114 1690 3236 1743 quae
3302 1675 3568 1727 humana:
3626 1684 3863 1728 natur:

2240 1766 2586 1832 conveniant,
2626 1767 2861 1821 intactos
2904 1765 3297 1833 relinquamus.
3342 1766 3401 1819 ld
3449 1775 3658 1821 autem
3704 1782 3862 1822 asse—

2243 1872 2495 1927 quemur,
2542 1858 2587 1913 si
2636 1858 2941 1922 Christum,
2984 1873 3013 1911 a
3045 1858 3221 1926 capite
3253 1859 3471 1927 quidem
3518 1857 3715 1911 Deum
3759 1875 3857 1912 sa-

2241 1946 2378 2002 culis
2407 1947 2661 2003 omnibus
2686 1947 3052 2018 antiquiorem
3081 1961 3509 2015 cognoscamus,
3540 1963 3574 2001 a
3607 1948 3856 2016 pedibus

2243 2053 2375 2093 vero
2412 2038 2710 2104 hominem,
2757 2038 3049 2109 postremis
3096 2038 3433 2107 temporibus
3478 2037 3743 2102 factum.
3791 2043 3854 2094 ab

2242 2129 2518 2185 intestinis
2547 2129 2803 2192 denique,
2834 2129 2962 2198 quia
2996 2129 3178 2182 divina
3212 2128 3453 2199 potentia
3483 2143 3673 2184 carne
3711 2139 3850 2184 tecta

2241 2228 2406 2289 atque
2461 2219 2727 2275 absconsa
2774 2219 2898 2274 fuit.
2937 2217 3035 2273 Vel
3081 2218 3244 2273 etiam
3286 2216 3529 2273 fortasse
3580 2220 3637 2273 izl
3677 2231 3848 2288 caput

2241 2311 2665 2367 existimandum
2701 2319 2805 2377 est,
2846 2309 3107 2366 nimirum
3156 2310 3320 2375 scire,
3374 2311 3531 2380 quod
3574 2311 3849 2376 Verbum,

2244 2411 2431 2474 utpote
2481 2401 2648 2468 Deus,
2696 2403 2752 2457 in
2803 2402 3098 2474 principio,
3150 2401 3254 2456 hoc
3299 2410 3405 2465 est,
3460 2401 3519 2455 in
3576 2401 3754 2457 Patre
3796 2414 3845 2455 et

2242 2510 2368 2550 cum
2413 2494 2617 2565 Spiritu
2651 2504 2788 2549 erat.
2833 2493 3006 2549 Pedes
3046 2502 3248 2559 autem,
3281 2493 3417 2547 illud
3466 2496 3845 2564 persuasissi-

2241 2601 2394 2641 mum
2440 2583 2661 2650 habere,
2707 2584 2850 2656 quod
2905 2583 3045 2640 Deus
3101 2584 3259 2638 etiam
3310 2584 3626 2651 exsistens,
3670 2586 3839 2655 iudet

2240 2693 2435 2733 rursus
2466 2679 2532 2732 ad
2561 2692 2663 2732 nos
2692 2676 2975 2732 rediturus
3002 2686 3106 2739 est,
3138 2681 3390 2730 humanae
3421 2677 3839 2746 dispensationi

2242 2780 2406 2838 atque
2472 2767 2854 2839 gubernationi
2930 2767 3090 2822 ﬁnem
3159 2768 3545 2837 impositurus.
3620 2769 3684 2823 In
3742 2771 3840 2821 line

2241 2860 2388 2915 enim
2439 2868 2604 2930 atque
2647 2869 2895 2915 extremo
2946 2858 3121 2914 totius
3163 2860 3409 2928 corporis
3462 2861 3639 2927 pedes
3686 2870 3841 2915 sunt.

2244 2948 2503 3003 intestina
2536 2961 2840 3019 postremo,
2885 2950 3202 3006 abscondita
3236 2950 3326 3003 illa
3355 2960 3404 3004 ct
3432 2951 3606 3005 veluti
3652 2952 3840 3006 media

2241 3047 2298 3094 et
2345 3039 2604 3095 intestina
2656 3040 3017 3096 humanitatis
3065 3052 3361 3112 assumpta:
3406 3041 3673 3095 doctrina
3726 3062 3746 3097 ε
3789 3053 3840 3095 ut

2239 3131 2370 3187 hinc
2423 3133 2588 3186 trium
2639 3141 2942 3204 temporum
2997 3135 3375 3204 complexione
3420 3135 3833 3203 sempiternum

2236 3222 2518 3278 Christum
2560 3239 2685 3279 esse
2726 3225 3117 3295 intelligamus,
3166 3240 3230 3280 ac
3279 3240 3372 3294 per
3404 3233 3576 3296 caput
3608 3228 3833 3296 quidem

2239 3316 2293 3371 in
2329 3316 2486 3372 nobis
2528 3315 2862 3381 declaretur,
2901 3316 3049 3387 quod
3094 3326 3234 3382 erat,
3286 3331 3386 3383 per
3418 3319 3593 3386 pedes
3644 3330 3828 3371 autem

2238 3405 2386 3476 quod
2419 3406 2545 3473 erit,
2578 3421 2677 3476 per
2719 3406 2980 3462 intestina
3028 3407 3266 3477 denique
3294 3408 3439 3476 quod
3473 3422 3705 3476 semper
3729 3422 3826 3462 est.

2238 3497 2318 3553 De
2348 3513 2460 3570 quo
2487 3497 2726 3553 Joannes
2756 3512 2978 3568 quoque
3012 3499 3146 3553 mihi
3178 3499 3394 3554 locutus
3425 3499 3680 3563 videtur,
3711 3516 3825 3555 cum

2236 3590 2374 3646 dixit
2403 3606 2419 3644 :
2448 3588 2554 3655 Qui
2595 3601 2696 3654 est,
2725 3591 2817 3660 qui
2861 3598 2997 3655 erat,
3028 3592 3121 3660 qui
3160 3599 3408 3644 uenturus
3444 3601 3529 3644 est
3564 3591 3635 3651 ²¹.
3679 3593 3824 3663 prin-

2238 3684 2444 3753 cipium
2474 3682 2727 3739 videlicet
2771 3698 2836 3739 ac
2869 3684 3108 3740 medium
3143 3692 3198 3740 et
3226 3687 3385 3739 linem
3437 3685 3613 3739 simul
3671 3703 3817 3741 com-

2238 3776 2513 3845 plecteus.

2305 3865 2563 3923 Pennus.
2610 3867 3049 3940 Quandoquidem
3093 3869 3222 3923 mihi
3267 3884 3468 3939 quoque
3518 3882 3646 3940 post
3704 3874 3821 3928 Cre-

2234 3955 2439 4025 gorium
2466 3956 2703 4011 historia:
2730 3957 2889 4026 hujus
2919 3958 3254 4020 enarrandw,
3281 3974 3343 4010 ac
3369 3959 3706 4015 decernendi
3733 3980 3823 4032 quo

2234 4057 2389 4117 pacto
2457 4046 2684 4101 Verbum
2737 4049 2996 4104 edendum
3045 4053 3154 4116 sit,
3218 4060 3449 4120 potestas
3503 4054 3665 4121 facta
3717 4066 3820 4119 est,

2235 4139 2587 4206 subtiliorem,
2624 4156 2784 4210 quam
2816 4141 2924 4208 ipse
2955 4142 3161 4211 fecerit,
3190 4141 3498 4196 diuisionem
3531 4146 3820 4215 proferant,

2235 4230 2519 4300 sigillatim
2552 4230 2905 4285 membrorum
2936 4232 3062 4302 agni
3095 4234 3404 4287 mentionem
3443 4234 3683 4301 faciens,
3717 4251 3821 4290 oor-

2234 4323 2477 4390 porisque
2527 4322 2835 4392 figmentum
2891 4332 2940 4377 et
2999 4326 3321 4377 creationem
3370 4325 3440 4377 ad
3483 4327 3820 4395 spiritual‘eut

2231 4413 2642 4482 speculationem
2685 4415 3034 4484 transferens.
3077 4415 3249 4485 Caput
3292 4418 3457 4485 igitur
3490 4418 3739 4484 priorem
3774 4420 3821 4472 is

2234 4522 2371 4576 agno
2401 4505 2572 4560 locum
2602 4507 2776 4573 habet,
2805 4525 2924 4562 cum
2952 4510 3063 4564 suis
3089 4510 3351 4578 partibus.
3391 4507 3595 4563 Deinde
3620 4513 3819 4564 col/nni

2232 4595 2481 4649 vertebris
2526 4597 2875 4666 interseptum
2921 4609 3066 4652 recta
3106 4598 3438 4666 protensione
3482 4599 3534 4650 in
3565 4599 3817 4653 humeros

2229 4688 2487 4754 desiuit,
2521 4707 2555 4743 a
2613 4690 2800 4755 quibus
2857 4691 3145 4745 anteriores
3198 4694 3353 4754 pedes
3410 4690 3815 4761 fabricationem

2228 4779 2401 4832 sorti'i
2433 4790 2574 4832 sunt.
2628 4778 2751 4835 Post
2779 4781 2872 4835 Iros
2903 4783 2956 4834 in
2984 4782 3244 4849 superiori
3273 4783 3481 4851 quidem
3508 4792 3659 4851 parte
3694 4782 3817 4835 dor-

2231 4884 2347 4921 sum
2386 4885 2449 4921 ac
2483 4870 2627 4922 dorsi
2673 4871 2826 4938 spina
2850 4870 3210 4936 .distenditur,
3258 4872 3315 4924 in
3363 4871 3605 4940 inferiori
3640 4883 3816 4925 autem

2232 4963 2425 5015 ventris
2460 4977 2745 5015 concavum
2776 4963 2995 5031 efﬁctam
3025 4975 3124 5017 est.
3162 4962 3471 5033 Sequuntur
3497 4965 3816 5031 posteriores

2228 5052 2387 5122 pedes
2417 5053 2472 5105 in
2502 5055 2728 5105 caudam
2760 5054 3077 5107 desinentes.
3119 5052 3270 5107 Inter
3298 5054 3395 5106 Itas
3428 5064 3606 5107 autem
3639 5065 3817 5120 partes

2235 5142 2513 5197 sublimius
2557 5152 2636 5198 est
2679 5153 2863 5212 caput,
2896 5148 2995 5208 vel,
3045 5154 3103 5197 ut
3136 5144 3326 5214 aptius
3373 5144 3583 5213 loquar,
3634 5160 3817 5212 prose-

2235 5236 2369 5289 ctius
2418 5254 2480 5290 ac
2518 5238 2923 5307 prominentius.
2968 5234 3112 5291 Nam
3163 5238 3331 5291 altum
3379 5247 3427 5290 et
3474 5235 3729 5301 sublime,
3763 5242 3818 5288 de

2237 5330 2460 5383 hominis
2498 5331 2820 5400 formatione
2856 5331 3145 5400 prwdicari
3178 5330 3488 5384 Aristoteles
3518 5329 3572 5381 in
3606 5327 3708 5380 lib.
3754 5327 3815 5380 De

2235 5421 2473 5487 partibus
2532 5423 2843 5477 animalium
2903 5425 3115 5478 asserit.
3182 5419 3348 5475 Pedes
3408 5436 3525 5474 vero
3588 5420 3813 5487 inferius

2239 5527 2300 5564 ac
2346 5512 2486 5565 circa
2533 5521 2726 5567 terram
2766 5531 2997 5584 gressum
3046 5513 3235 5583 figunt.
3282 5510 3603 5582 "ejusmodi
3653 5511 3817 5580 igitur
