4050 6198
290 272 426 337 ῙῘΠΪὶ

1233 277 1557 339 NICETAS
1599 277 1679 337 ΙΝ
1719 277 1945 338 ORAT.
1988 278 2151 338 XLII
2191 279 2253 342 S.
2297 281 2528 344 GREG.

3406 280 3537 339 l'i'l-‘s

287 399 495 453 divinus
549 410 745 464 quoque
797 411 960 464 agnus
1016 405 1132 461 est,
1203 413 1266 450 ex
1316 397 1486 465 capite
1541 403 1589 448 et
1647 395 1861 462 pedibus

1981 414 2084 465 iure
2120 399 2228 452 illis
2277 402 2609 467 operiuntur,
2661 398 2902 467 supernis
2958 395 3214 450 thesauris
3271 394 3383 446 sine
3428 393 3537 444 ulla

289 501 562 550 constans,
610 486 826 556 idest,
878 488 1152 541 divinitate
1201 497 1249 540 et
1299 487 1664 549 humanitate,
1713 502 1863 554 quem

289 582 486 648 partim
535 577 648 630 sola
701 579 1020 646 cogitatione
1073 579 1346 641 dividens,
1399 578 1596 646 partim
1648 577 1862 640 unicus,

290 679 446 737 atque
475 669 768 734 comedens,
807 669 876 721 ad
909 670 1101 721 animm
1129 670 1508 737 susceptionem
1541 679 1660 734 apte
1694 675 1866 718 trans-

292 761 458 812 mitte.
495 757 770 825 Susceptio
817 769 991 811 autem
1027 761 1245 822 animm,
1288 759 1362 812 vis
1390 769 1464 811 est
1500 757 1864 826 spiritualium

289 849 714 918 speculationum
769 852 1088 918 susceptrix,
1139 866 1256 920 quae
1301 833 1512 918 quidem
1566 849 1865 902 doctrinam

290 941 464 993 divisit
497 940 712 1008 facilem
740 943 1024 1010 accipiens,
1050 944 1368 1011 spiritusque
1396 945 1595 1012 fervore
1623 940 1865 994 concale—

291 1032 512 1097 faciens,
562 1039 718 1099 atque
758 1032 1010 1097 alternus,
1056 1049 1168 1086 eam
1213 1034 1281 1086 ad
1323 1033 1613 1086 coctionem
1654 1031 1864 1098 digerit,

291 1124 349 1175 in
399 1138 656 1188 suamque
711 1125 990 1177 essentiam
1049 1125 1402 1192 transfundit.
1467 1125 1657 1178 Vertea;
1704 1125 1866 1192 igitur

291 1215 461 1267 divini
506 1215 676 1267 nostri
721 1217 930 1282 capitis,
985 1216 1079 1269 hoc
1109 1225 1209 1278 est,
1253 1217 1419 1270 divini
1472 1215 1650 1277 Verbi,
1706 1215 1867 1267 Pater

292 1315 411 1367 est,
477 1321 508 1356 a
576 1320 678 1372 quo
731 1305 1035 1373 incorporeo
1089 1316 1244 1373 atque
1301 1305 1657 1372 inexplicabili
1713 1303 1865 1354 modo

295 1393 505 1461 genitus
537 1402 635 1446 est.
667 1391 898 1445 Proinde
938 1395 1183 1446 verticem
1214 1395 1373 1447 etiam
1403 1393 1554 1446 edere
1596 1393 1863 1456 debemus,

295 1486 394 1538 hoc
424 1493 525 1549 est,
558 1483 848 1552 intelligere
873 1501 1202 1554 nequaquam
1224 1486 1559 1555 productioni
1591 1499 1866 1552 corporum

293 1576 432 1627 hanc
465 1575 848 1642 generationem
888 1575 1111 1629 similem
1157 1593 1290 1630 esse.
1335 1575 1469 1630 Item
1498 1576 1638 1646 quod
1681 1590 1746 1628 ex
1774 1572 1868 1625 illo

293 1665 506 1733 quidem
539 1664 756 1717 Verbum
789 1675 889 1728 est,
933 1667 1022 1720 sed
1063 1683 1160 1719 non
1193 1678 1311 1734 post
1357 1668 1532 1721 illum.
1574 1667 1866 1726 Postremo,

291 1754 432 1822 quod
474 1763 732 1822 quantum
781 1755 850 1807 ad
887 1772 1106 1810 causam
1148 1757 1308 1811 Pater
1360 1755 1404 1809 F
1410 1757 1502 1810 ilio
1554 1757 1724 1825 major
1771 1762 1868 1806 est.

296 1842 560 1907 Quoniam
593 1853 768 1897 autem
807 1845 976 1898 crines
1006 1845 1164 1898 etiam
1209 1847 1446 1898 verticem
1489 1846 1868 1913 nircumtegunt

299 1932 414 2000 (hoc
472 1941 574 1996 est,
628 1932 799 2001 caligo
839 1931 934 1984 illa
994 1949 1025 1984 a
1073 1932 1427 1999 speculatione
1476 1943 1702 1987 remota.
1757 1946 1872 2000 qua:

300 2031 574 2089 paternam
605 2023 962 2076 substantiam
995 2021 1210 2092 obtegit)
1244 2024 1335 2076 hos
1367 2041 1568 2092 quoque
1616 2037 1871 2094 quantum

301 2128 380 2168 res
409 2112 659 2178 postulat,
695 2113 926 2167 dividere
951 2129 1157 2166 necesse
1179 2114 1454 2177 habemus,
1483 2125 1638 2184 atque
1671 2119 1744 2170 ita
1768 2119 1871 2171 vim

302 2203 492 2255 anima:
529 2203 742 2271 injicere
790 2203 859 2255 ad
892 2218 958 2256 ea
1014 2203 1345 2272 attingenda,
1391 2222 1508 2272 qua:
1537 2216 1586 2258 et
1637 2224 1874 2262 sermone

302 2295 577 2362 superiora
606 2305 750 2355 sunt,
798 2304 848 2347 et
889 2295 1226 2364 cogitatione.
1272 2293 1399 2348 Jam
1447 2295 1655 2350 divinas
1709 2300 1874 2352 etiam

303 2401 458 2438 aures
509 2387 632 2454 agni
679 2387 844 2439 divini
886 2388 1244 2452 comedamus,
1281 2404 1481 2456 nempe,
1526 2390 1878 2455 spiritualiter

302 2476 600 2540 audientes,
645 2477 784 2545 quod
830 2477 1142 2530 incarnatus
1193 2479 1284 2541 sit,
1312 2478 1449 2546 quod
1486 2478 1708 2532 Verbum
1751 2496 1876 2531 cara

302 2567 505 2635 factum
538 2570 627 2620 sit.
667 2566 850 2634 Neque
871 2569 1008 2620 enim
1040 2568 1264 2621 Verbum
1300 2571 1352 2622 in
1383 2586 1587 2622 carnem
1617 2579 1876 2622 mutatum

301 2674 435 2720 esse,
470 2673 561 2710 nec
617 2657 978 2724 incorpoream
1031 2657 1195 2724 ipsius
1244 2659 1528 2711 essentiam
1569 2659 1624 2710 in
1667 2675 1877 2712 carnem

305 2749 628 2802 concrevisse
658 2749 1030 2817 prtedicamus,
1065 2765 1242 2802 verum
1270 2749 1324 2802 id
1352 2749 1564 2818 quidem
1601 2751 1872 2812 mansisse,

303 2838 446 2908 quod
487 2849 623 2897 erat,
661 2837 712 2890 id
761 2847 957 2902 autem,
992 2839 1130 2906 quod
1181 2855 1282 2891 non
1331 2847 1464 2900 erat,
1510 2839 1874 2906 assumpsisse.

309 2929 505 2984 Oculos
544 2930 758 2998 insuper
789 2931 1145 2995 comedamus,
1185 2931 1546 3000 spiritualiter
1587 2939 1874 2991 cernentes,

1965 493 2378 560 perscrutatione
2443 493 2820 561 relinquamus.
2900 488 2980 542 Ne
3040 487 3256 540 cervicis
3328 484 3533 552 quidem

1967 595 2204 653 expertes
2243 585 2429 650 simus,
2465 585 2697 637 divinum
2731 583 2982 634 nimirum
3008 580 3198 648 jugum
3229 576 3491 629 trahentes
3519 588 3541 628 :

1967 677 2172 728 divinos
2229 677 2439 743 insuper
2499 675 2740 727 humeros
2789 673 3153 740 accipiamus,
3214 665 3540 719 orationibus

1967 765 2206 818 videlicet
2235 765 2300 817 iis
2331 767 2566 817 animum
2600 765 2667 815 ad
2669 763 2931 828 jicientes,
2965 776 3079 828 qua:
3109 758 3175 811 ad
3206 754 3540 825 perferendos

1970 857 2218 910 adversos
2251 871 2405 908 casus
2452 855 2751 907 hortantur.
2786 851 3186 906 Corrodendum
3237 847 3383 900 nobis
3411 861 3544 912 quo-

1968 965 2064 1018 que
2093 963 2169 1002 est
2201 949 2599 1016 cartilagineum
2634 947 2767 998 illud
2801 946 3032 1004 arteriae,
3065 957 3180 1009 qua'
3209 941 3276 992 ad
3305 939 3544 990 anterio-

1969 1054 2079 1091 rem
2134 1047 2341 1106 partem
2403 1037 2547 1098 sita,
2621 1037 2907 1088 anhelitum
2984 1033 3146 1085 ducit.
3207 1029 3334 1083 lla'c
3387 1042 3541 1095 porro

1969 1129 2296 1198 spiritualem
2347 1144 2620 1181 ascensum
2676 1128 2966 1196 significat,
3017 1140 3106 1191 per
3139 1137 3285 1190 quem
3339 1117 3543 1170 intelle-

1972 1220 2147 1273 ctilem
2180 1235 2352 1272 aerem
2399 1220 2702 1272 haurientes
2733 1217 2998 1286 penetrale
3041 1217 3232 1268 anima:
3261 1211 3542 1279 per/lamus

1973 1325 2034 1362 ac
2060 1309 2218 1361 veluti
2254 1308 2711 1374 circumfovemns.
2771 1306 2912 1370 Quin
2953 1315 3116 1356 totum
3164 1303 3322 1354 etiam
3363 1305 3540 1366 peetus

1971 1407 2020 1452 et
2063 1398 2329 1450 thoracem
2385 1396 2689 1449 eudamus.
2736 1393 2873 1446 Nam
2931 1394 3039 1444 ha'c
3070 1408 3194 1460 pars
3245 1406 3335 1444 cor
3385 1386 3542 1440 vitale

1969 1491 2300 1559 potissimum
2330 1487 2674 1554 circumtegit,
2715 1485 2810 1536 hoc
2841 1493 2939 1546 est,
2982 1499 3183 1534 onmem
3215 1478 3542 1547 spiritualem

1971 1579 2403 1648 speculationem,
2448 1593 2565 1645 qua:
2589 1575 2796 1644 quidem
2829 1575 2906 1626 vel
2942 1575 3168 1624 maxime
3213 1566 3541 1636 spiritualem

1971 1669 2141 1722 cibum
2178 1666 2510 1733 excalcfacit,
2563 1675 2716 1732 atque
2766 1663 2834 1714 ad
2873 1663 3158 1730 fluxionem
3212 1659 3338 1708 mire
3377 1653 3546 1706 lubri-

1973 1779 2088 1815 cam
2134 1771 2183 1814 et
2234 1759 2475 1810 mobilem
2517 1758 2790 1813 immutat,
2838 1754 3098 1821 talemque
3149 1749 3343 1810 reddit,
3393 1755 3447 1796 ut
3491 1745 3545 1794 in

1972 1853 2176 1906 diu'nos
2203 1849 2437 1911 canales,
2463 1864 2553 1915 per
2576 1863 2704 1916 quos
2734 1844 2964 1912 Spiritus
2991 1841 3230 1908 irrigatio
3255 1837 3322 1889 ad
3355 1835 3548 1887 animw

1972 1953 2146 2012 partes
2181 1940 2587 1999 transmittitur,
2615 1935 2764 2005 facili
2787 1935 2950 1986 ductu
2982 1932 3194 1998 influat.
3228 1926 3308 1979 Ne
3337 1923 3544 1977 intesti-

1975 2036 2054 2089 nis
2082 2035 2290 2104 quidem
2320 2031 2450 2092 ipsis
2478 2043 2782 2098 parcamus,
2812 2040 2985 2077 verum
3013 2036 3102 2074 cor
3133 2022 3299 2087 ipsum
3317 2015 3546 2083 primum

1973 2125 2212 2186 edamus,
2265 2121 2519 2173 nimirum
2557 2124 2771 2186 propter
2816 2127 2932 2165 eum
2981 2110 3071 2178 qui
3116 2105 3308 2160 salutis
3354 2110 3547 2154 nostra:

1975 2231 2138 2270 causa
2171 2213 2402 2280 seipsum
2431 2207 2640 2274 dejecit,
2673 2220 2764 2257 cor
2793 2211 3052 2262 nostrum,
3082 2194 3256 2266 quoad
3282 2193 3395 2261 ejus
3435 2189 3550 2258 ﬁeri

1975 2305 2202 2376 poterit,
2263 2308 2586 2355 conterentes
2647 2305 2696 2349 et
2743 2293 3078 2362 dejicientes,
3145 2302 3206 2339 ac
3259 2283 3547 2352 principem

1977 2375 2170 2454 animae
2197 2404 2400 2462 partem
2427 2395 2821 2459 perpurgantes,
2856 2399 2946 2436 nec
2973 2397 3062 2434 eas
3092 2375 3546 2431 ratiocinationes.

1975 2505 2090 2558 qua:
2125 2503 2156 2538 a
2191 2495 2333 2538 terra
2377 2484 2429 2536 in
2467 2489 2646 2548 pectus
2678 2475 2969 2530 ascendunt
3015 2471 3370 2523 admittentes.
3405 2463 3548 2525 Quo-

1977 2584 2114 2633 niam
2164 2585 2338 2630 autent
2393 2590 2483 2627 cor
2521 2573 2588 2624 ad
2641 2573 2795 2624 vitam
2847 2566 3059 2617 minime
3102 2559 3330 2627 sufficit,
3369 2559 3549 2618 utpote

1977 2668 2259 2724 immodico
2293 2668 2409 2735 igne
2442 2662 2765 2723 redundans,
2801 2659 2906 2710 nisi
2939 2674 2970 2708 a
3003 2654 3248 2721 pulmone
3276 2645 3547 2716 perficiar,

1976 2763 2066 2832 qui
2114 2731 2333 2829 quidem'
2387 2771 2576 2822 corpus
2640 2751 2796 2804 molle
2845 2757 3002 2816 atque
3055 2731 3550 2832 absumptu‘facile

1977 2827 2165 2918 suapte
2219 2857 2412 2900 natura
2460 2853 2558 2909 est,
2600 2842 2898 2911 pulmonem
2941 2851 3142 2905 quoque
3190 2827 3549 2882 comedamus,

1979 2944 2074 2996 hoc
2113 2949 2192 2993 est
2241 2939 2474 2990 rationes
2527 2934 2764 2987 animam
2818 2938 3051 2982 nostrum
3087 2925 3344 2989 integram
3397 2923 3551 2980 atque

307 3040 398 3077 nec
427 3041 602 3078 rerum
641 3041 848 3090 earum,
881 3043 996 3094 qua:
1031 3031 1125 3079 sub
1155 3035 1420 3094 aspectum
1447 3027 1662 3090 eadunt,
1691 3041 1876 3094 corpo—

1981 3035 2337 3097 ineorruptam
2405 3032 2795 3080 conservantes.
2859 3019 3100 3073 Ventrem
3154 3013 3314 3066 etiam
3381 3009 3551 3074 ipsum

2181 3122 2190 3125 _
2341 3120 2350 3125 -
2564 3117 2574 3125 .
2622 3117 2632 3125 .
2880 3111 2891 3122 ·
2993 3109 3080 3125 ιοΑμ
3106 3122 3131 3125 __
3168 3106 3336 3125 1----.-.ι
3373 3103 3550 3125 ιιι-ειη-

307 3115 450 3168 ribus
481 3115 772 3183 intersepti,
805 3133 982 3170 verum
1017 3117 1360 3170 intellectuali
1391 3115 1543 3167 modo
1582 3115 1634 3166 in
1669 3115 1875 3168 divinas

307 3205 722 3286 illuminationes
749 3218 1101 3277 penetrantes.
1131 3206 1213 3262 Ne
1237 3207 1639 3276 superciliorum
1667 3206 1878 3274 quidem

307 3305 513 3364 partem
565 3299 822 3353 intactam
870 3299 1254 3369 relinquamus,
1281 3299 1632 3366 perspicacem
1676 3297 1876 3349 scilicet

308 3388 498 3442 anima:
525 3391 625 3442 vim
651 3395 964 3459 obtegentes,
1007 3405 1070 3443 ne
1097 3405 1320 3458 superne
1357 3387 1604 3441 alicunde
1651 3385 1797 3439 salsa
1828 3393 1877 3437 et

311 3494 496 3532 amara
539 3482 823 3548 spirituum
873 3498 1143 3534 aereorum
1202 3481 1372 3549 [lustio
1411 3479 1612 3545 infusa,
1669 3477 1878 3528 oculum

310 3573 481 3638 ipsum
543 3570 723 3628 la'dat.
787 3572 926 3636 Quid
980 3573 1136 3624 vero?
1181 3587 1282 3623 non
1334 3571 1494 3622 etiam
1533 3583 1686 3619 nares
1738 3566 1880 3632 ipsas

312 3663 648 3728 attingemus,
705 3661 954 3712 nimirum
986 3661 1219 3712 divinum
1270 3667 1596 3726 unguentum
1644 3653 1882 3707 redolen-

314 3762 407 3814 tes,
433 3769 536 3821 quo
566 3752 676 3820 ipse
701 3768 906 3822 quoque
932 3751 1189 3804 Dominus
1221 3759 1343 3802 ante
1369 3751 1662 3818 passionem
1694 3756 1881 3799 unctus

313 3848 425 3899 est?
457 3845 635 3899 Bonus
666 3848 800 3900 enim
833 3846 963 3900 odor
1009 3843 1306 3914 spiritualis
1340 3859 1521 3896 sumus
1555 3842 1714 3910 juxta
1744 3840 1882 3908 Apoc

314 3936 503 3990 stolum
532 3938 597 3990 ³³.
646 3938 828 3988 Omnis
861 3933 1035 4006 igitur
1079 3937 1499 4002 speculationum
1547 3935 1752 4001 paritas
1793 3947 1884 3999 per

315 4030 661 4082 attrahentem
699 4031 888 4082 anima:
930 4030 1264 4097 facultatem,
1311 4029 1462 4096 quasi
1507 4042 1599 4093 per
1627 4025 1882 4094 quasdam

318 4135 492 4185 nares,
538 4120 685 4172 nobis
726 4118 1017 4172 haurienda
1063 4128 1137 4173 est
1171 4136 1188 4172 :
1217 4117 1470 4187 quidquid
1513 4125 1688 4170 autem
1731 4117 1786 4167 in
1820 4116 1883 4168 iis

319 4211 555 4265 nebulosi
612 4221 660 4265 et
722 4212 1002 4277 caliginosi
1057 4221 1176 4276 est,
1246 4210 1378 4278 foris
1436 4206 1882 4276 relinquendum,

318 4319 574 4372 naresque
605 4302 953 4368 continenda;
980 4289 1043 4356 ne
1075 4303 1368 4355 crassitiem
1408 4303 1544 4352 hanc
1579 4298 1884 4351 nebulosam

1985 3133 2140 3194 atque
2173 3120 2424 3174 intestina
2463 3117 2814 3176 accipiamus,
2846 3109 3136 3176 simplicem
3166 3106 3340 3172 ipsum
3369 3103 3551 3194 custo-

1987 3186 2208 3274 dientes,
2241 3226 2331 3262 nee
2372 3209 2607 3261 ciborum
2645 3200 2989 3256 multitudine
3026 3201 3340 3262 prementes,
3374 3205 3404 3240 a
3431 3186 3553 3255 qui-

1988 3309 2082 3358 bus
2101 3318 2259 3369 vapor
2282 3299 2600 3368 {uliginosus
2625 3296 2679 3348 in
2710 3292 2978 3346 cerebrum
2997 3285 3254 3347 ascendit,
3285 3281 3553 3348 ipsiusque

1988 3391 2354 3445 membranam
2375 3395 2508 3438 tetra
2533 3384 2755 3452 caligine
2783 3379 2982 3447 implet,
3015 3385 3170 3444 atque
3196 3373 3259 3423 ab
3287 3385 3345 3421 ea
3371 3379 3555 3419 rursus

1988 3481 2196 3550 oppleta
2237 3480 2863 3531 intercutanea‘mcntem
2905 3475 3139 3519 nostram
3182 3455 3554 3525 tumefaciuut,

1988 3567 2597 3643 ﬂatuqueqdiscindunt,
2650 3579 2712 3616 ac
2759 3557 3054 3629 prtesertim
3104 3559 3314 3622 propter
3361 3559 3554 3600 ca'cum

1991 3666 2320 3726 intestinum,
2370 3663 2466 3714 hoc
2514 3665 2614 3720 est,
2648 3666 2947 3724 perversam
2999 3646 3391 3716 cogitationem,
3442 3650 3560 3706 quw

1990 3756 2111 3808 hinc
2141 3752 2506 3822 impuritatem
2525 3756 2573 3800 et
2599 3739 2996 3797 immunditiam
3024 3733 3243 3801 excipit,
3271 3729 3560 3793 animatque

1991 3849 2236 3902 vitiosam
2269 3840 2629 3911 habitudinem
2665 3835 2841 3904 affert.
2875 3831 2994 3884 Jam
3021 3831 3182 3895 hepar
3213 3835 3413 3891 quoque
3441 3831 3558 3911 cum

1991 3941 2140 3994 simis
2170 3955 2229 3990 ac
2261 3935 2424 4005 gibbis
2458 3909 2697 3992 edamus,
2730 3941 2868 3980 nunc
2895 3937 3048 3988 super
3083 3917 3194 3970 alta
3229 3923 3276 3967 et
3309 3909 3560 3964 sublimia

1993 4000 2340 4100 cupiditatem
2374 4025 2731 4081 extendentes,
2767 4029 2905 4068 nunc
2935 4011 3000 4063 ad
3031 4025 3112 4070 ea,
3149 4021 3264 4075 qua:
3296 4000 3560 4100 inferioris

1993 4090 2308 4191 cognitionis
2357 4123 2501 4174 sunt,
2553 4111 2648 4161 hoc
2703 4114 2802 4167 est,
2856 4101 2923 4154 ad
2956 4100 3156 4168 primas
3206 4106 3253 4146 et
3301 4090 3560 4146 secundas

1994 4187 2237 4265 naturas.
2273 4203 2482 4256 Lienem
2522 4202 2732 4265 insuper
2761 4193 2960 4246 modice
2988 4205 3050 4241 ae
3096 4187 3282 4240 leniter
3315 4189 3556 4236 attreste-

1998 4318 2134 4362 mus,
2175 4297 2277 4350 vim
2315 4309 2453 4357 eam,
2484 4305 2600 4358 qua:
2647 4304 2680 4340 a
2734 4285 2937 4337 ratione
2983 4295 3168 4333 aversa
3223 4284 3324 4339 est,
3361 4287 3560 4342 expur-

319 4399 614 4448 attrahant.
664 4395 743 4449 Ne
776 4396 857 4449 ori
906 4396 1116 4464 quidem
1167 4409 1471 4464 parcamus,
1506 4392 1642 4460 quod
1673 4391 1881 4461 quidem
1921 4411 1965 4464 ι)
1995 4401 2194 4463 gantcs,
2225 4389 2279 4440 in
2307 4401 2410 4452 qua
2449 4380 2738 4436 sceleratus
2767 4376 2995 4435 daemon,
3036 4369 3172 4423 velut
3207 4377 3319 4419 ater
3343 4363 3559 4464 quidam

319 4495 396 4540 est
432 4487 546 4554 fons
587 4489 678 4541 ille
724 4491 842 4542 vita:
890 4498 938 4540 et
993 4487 1439 4551 immortalitatis,
1473 4487 1540 4538 ad
1598 4500 1750 4550 quem
1796 4483 1887 4550 qui

321 4577 470 4630 labra
511 4578 822 4642 admoverit,
855 4579 1057 4630 divinos
1093 4577 1276 4629 latices
1319 4575 1523 4628 hauriet
1554 4589 1570 4628 :
1603 4589 1780 4626 verum
1819 4570 1885 4623 ad

322 4671 532 4724 laticem
566 4671 714 4723 illum
744 4688 1070 4740 nequaquam
1106 4670 1385 4724 temerario
1411 4669 1604 4736 impetu
1631 4665 1885 4735 prosilia-

324 4777 461 4825 mus,
518 4763 609 4815 sed
655 4763 799 4815 labia
844 4765 988 4831 prius
1041 4762 1451 4829 distinguamus,
1504 4766 1559 4810 ut
1622 4758 1698 4809 sic
1752 4755 1888 4824 fonti

321 4854 667 4920 perspicuitas
734 4871 833 4907 sua
891 4863 1109 4907 constet.
1183 4849 1336 4916 Quod
1403 4865 1519 4902 vero
1581 4846 1649 4900 ad
1709 4844 1890 4899 dentes

323 4943 531 5003 attinet.
564 4962 680 4997 eam
723 4946 982 4997 rationem
1021 4946 1282 5006 ineamus,
1329 4953 1386 4995 ut
1418 4959 1503 4995 eos
1531 4941 1740 5010 quidem
1769 4955 1893 4992 con-

323 5034 607 5100 spicemur,
659 5037 871 5088 minime
926 5046 1099 5088 tamen
1151 5037 1566 5105 confringamus.
1625 5031 1891 5097 Quoniam

327 5132 500 5174 autem
540 5123 658 5191 ﬁeri
700 5141 800 5176 non
846 5134 1035 5191 potest,
1087 5132 1144 5175 ut
1199 5124 1415 5177 Patrem
1470 5124 1547 5176 ita
1593 5120 1893 5174 dividamus

329 5222 484 5280 atque
507 5213 883 5282 intelligamus,
915 5214 1354 5282 quemadmodum
1381 5213 1588 5266 divinus
1617 5213 1700 5264 hic
1730 5226 1894 5278 agnus

327 5302 546 5370 (idcirco
581 5306 720 5357 enim
744 5307 798 5358 in
823 5305 1043 5357 obscura
1071 5322 1271 5375 quoque
1298 5305 1415 5358 sede
1441 5305 1621 5358 dentes
1649 5302 1896 5356 collocati

328 5400 493 5454 sunt,
563 5403 787 5463 utraque
849 5395 1086 5448 videlicet
1146 5397 1289 5449 mala
1344 5405 1392 5448 et
1450 5396 1610 5449 labiis
1679 5390 1893 5460 obtecti)

329 5484 654 5548 operimenta
707 5485 916 5554 quidem
963 5500 1121 5554 parce
1165 5487 1528 5556 attingamus,
1595 5502 1655 5538 ea
1714 5496 1890 5538 autem

405 5659 448 5689 ”
481 5657 522 5714 ιι
551 5660 678 5716 Cor.
719 5677 776 5730 ll,
817 5663 897 5716 15.

1992 4453 2202 4546 humor,
2242 4477 2454 4539 insidet,
2485 4481 2639 4541 atque
2665 4467 2883 4522 occultis
2909 4476 2955 4516 et
2986 4461 3248 4530 pestiferis
3277 4453 3560 4510 seminibus

1992 4569 2248 4637 insparsis
2281 4568 2472 4619 anima:
2502 4564 2790 4631 puritatem
2828 4557 3016 4624 inficit.
3054 4553 3330 4605 Postremo
3362 4555 3564 4615 partem

1991 4663 2152 4716 etiam
2185 4658 2407 4711 rationis
2441 4662 2701 4723 expertem
2735 4653 2811 4702 ita
2850 4647 3215 4704 instituamus,
3249 4650 3305 4692 ut
3339 4636 3564 4692 rationis

1994 4749 2267 4822 praeceptis
2299 4755 2505 4814 pareat.
2545 4742 2631 4795 Ita
2668 4741 2757 4809 ﬁet
2796 4750 2850 4792 ut
2890 4755 2950 4790 ne
2975 4737 3084 4804 ipse
3118 4733 3324 4801 quidem
3361 4745 3393 4781 a
3420 4727 3565 4780 nobis

1999 4819 2229 4897 intactus
2285 4839 2636 4907 relinquatur.
2694 4832 2862 4899 Atque
2919 4830 3068 4892 lucc,
3133 4836 3389 4895 quantum
3447 4819 3566 4884 ﬁeri

1989 4933 2202 5003 poterit,
2235 4931 2506 4989 esitantes,
2559 4925 2790 4976 animam
2840 4929 3076 4973 nostram
3132 4916 3362 4968 alamus.
3416 4909 3564 4963 Illud

1990 5042 2108 5079 vero
2144 5023 2454 5083 cavendum,
2487 5034 2548 5070 ne
2576 5017 2630 5068 in
2663 5031 2784 5067 ossa
2811 5013 2991 5064 dentes
3020 5008 3348 5075 injiciamus.
3385 5001 3568 5070 Neque

1995 5119 2128 5172 enim
2161 5131 2223 5168 ea
2256 5113 2369 5166 sine
2407 5125 2612 5162 summa
2640 5104 2948 5175 difficultate
2979 5100 3168 5167 conﬁci
3200 5105 3438 5164 possunt,
3476 5110 3566 5146 nec

1995 5211 2048 5262 in
2085 5207 2394 5259 alimentum
2419 5200 2792 5252 admittuntur.
2827 5193 2975 5258 Quod
3005 5201 3177 5244 tanien
3204 5205 3305 5240 non
3335 5188 3565 5256 ipsorum

1995 5310 2224 5357 naturw,
2252 5295 2340 5348 sed
2374 5301 2567 5344 nostra:
2597 5287 2901 5357 infirmitati
2935 5283 3271 5338 tribuendum
3301 5289 3398 5334 est.
3430 5278 3567 5331 Ossa

1994 5403 2151 5457 porro
2211 5385 2386 5448 Verbi,
2439 5397 2635 5434 arcana
2687 5379 2780 5430 illa
2829 5374 3124 5430 divinitatis
3172 5372 3416 5427 doctrina
3469 5379 3569 5430 est,

1995 5492 2148 5550 atque
2179 5485 2462 5544 assumpta:
2503 5470 2854 5526 humanitatis
2896 5467 3146 5534 consilia,
3177 5466 3254 5519 ita
3293 5477 3491 5518 arcana
3519 5469 3568 5512 et
