3996 6206
543 231 677 293 1375
1959 201 2343 285 ADDENbA.

541 337 784 399 obscura,
821 347 874 389 ut
911 337 1057 390 nulla
1093 336 1334 388 oratione
1361 333 1620 403 explicari
1645 341 1856 403 queant.

612 431 728 483 Col.
772 429 874 481 6l6
922 429 987 480 A.
1033 425 1144 479 Nec
1193 443 1309 479 vero
1346 427 1629 495 quidquam
1673 426 1971 492 c/feremus,
2002 434 2106 480 etc.

542 517 667 571 llzec
695 533 914 585 quoque
944 517 1009 569 de
1045 531 1187 583 agno
1226 515 1278 568 in
1311 515 1496 568 Exodo
1529 516 1728 584 scripta
1779 525 1905 569 sunt
1939 534 1954 570 :
1989 515 2111 569 Non

540 609 761 673 e/feretis
803 623 866 659 ex
903 608 1057 660 domo
1097 608 1382 675 quidquam
1426 607 1666 658 carnium
1694 606 1863 669 foras,
1891 616 1941 660 et
1998 623 2106 661 non

540 697 839 764 relinquetis
877 712 941 750 ex
977 713 1036 749 eo
1084 713 1247 765 usque
1299 697 1369 749 ad
1411 713 1563 750 mane
1587 697 1652 750 ³³.
1686 698 1759 749 Ex
1807 712 1874 751 eo
1921 713 2109 766 porro,

541 787 688 854 quod
719 787 1016 855 quidquam
1054 787 1202 841 foras
1231 788 1531 856 exportari,
1559 788 1640 841 lex
1673 789 1949 856 prohibet,
1980 789 2110 844 illud

540 879 823 940 docemur,
855 879 1120 938 externis,
1157 879 1260 932 hoc
1304 888 1408 943 est,
1449 879 1574 932 ﬁdei
1620 891 1820 934 nostra:
1855 880 2114 935 adversa-

543 967 641 1019 riis
671 982 733 1021 ac
757 968 1010 1036 dogmata
1038 977 1223 1021 nostra
1250 969 1665 1038 suggillantibus
1693 961 2110 1039 impertiendum

548 1073 653 1111 non
699 1075 820 1114 esse
871 1061 990 1114 ﬁdei
1053 1070 1256 1114 nostra:
1304 1064 1645 1131 mysterium.
1696 1062 1774 1116 Ex
1817 1079 1884 1117 eo
1930 1074 2112 1118 autem

543 1149 686 1217 quod
740 1150 1049 1214 interdicit,
1108 1166 1176 1203 ne
1238 1152 1371 1219 quid
1425 1155 1490 1206 ad
1548 1153 1877 1207 matutinum
1933 1170 2114 1224 usque

547 1241 927 1309 relinquatur,
989 1242 1091 1295 hoc
1148 1242 1306 1296 nobis
1364 1242 1740 1314 signiﬁcatur,
1795 1254 1914 1313 post
1973 1249 2114 1299 hanc

546 1333 733 1399 vitam,
767 1348 888 1401 quae
923 1332 1100 1386 noctis
1147 1347 1210 1385 ac
1246 1335 1588 1388 tenebrarum
1625 1337 1845 1390 nomine
1879 1337 2117 1405 appella-

550 1431 657 1482 tur,
699 1421 901 1473 nullam
948 1422 1000 1472 in
1041 1419 1222 1473 futuro
1276 1423 1540 1475 matutino
1570 1425 1946 1494 purgationem
1983 1427 2116 1479 reli-

547 1521 713 1574 quam
748 1509 880 1562 fere.
920 1510 1166 1562 Praesens
1192 1508 1339 1563 enim
1387 1511 1489 1566 hoc
1532 1519 1745 1581 tempus
1789 1515 2022 1568 actionis
2063 1525 2119 1569 et

552 1598 754 1654 lahoris
803 1610 922 1664 est,
980 1601 1222 1654 futttrum
1260 1604 1680 1670 persolutionis.
1731 1606 1930 1660 Adhmc
1964 1608 2118 1661 diﬁ'e-

550 1796 731 1833 veram
760 1793 922 1851 atque
949 1781 1241 1849 perfectam
1273 1784 1517 1855 mysterii
1541 1784 1707 1853 hujus
1729 1785 2117 1855 cognitionem,

553 1885 654 1924 nec
687 1872 752 1926 iis
785 1873 879 1942 qui
913 1873 1081 1927 semel
1122 1873 1266 1929 illius
1307 1875 1600 1944 participes
1640 1873 1768 1928 facti
1801 1875 1934 1938 sint,
1967 1890 2121 1929 com-

556 1962 869 2016 mittendam
907 1978 1050 2027 esse,
1086 1972 1146 2016 ut.
1179 1965 1392 2032 plenam
1444 1976 1607 2034 aIQue
1653 1965 1960 2019 absolutam
1998 1981 2121 2036 pcr-

555 2053 857 2120 rrptionem
883 2055 987 2109 sibi
1017 2054 1149 2122 ipsis
1184 2055 1236 2108 in
1267 2055 1431 2110 nimis
1463 2071 1648 2114 serum
1687 2057 1876 2124 gratim
1905 2068 2120 2126 tempus

554 2155 852 2199 reservent.
907 2147 965 2200 id
1016 2155 1194 2199 autem
1243 2144 1472 2209 faciunt,
1509 2146 1601 2214 qui
1634 2161 1729 2215 per
1780 2147 2124 2203 rudimenta-

552 2235 690 2290 riam
759 2240 975 2308 quidem
1041 2237 1434 2293 institutionem
1497 2238 1824 2294 Christianae
1909 2241 2124 2308 pietatis

562 2327 815 2397 dogmata
873 2332 1276 2401 degustarunt,
1335 2338 1589 2385 caeterum
1650 2331 1929 2401 splendori
2002 2333 2120 2398 illi,

561 2433 722 2487 quem
756 2421 1058 2492 baptismus
1088 2421 1265 2486 aliert,
1302 2421 1534 2476 nimium
1562 2421 1752 2492 longas
1779 2437 1960 2475 moras
1995 2438 2120 2489 pro-

559 2507 788 2576 ducunt,
837 2513 939 2565 hoc
973 2519 1077 2575 est,
1121 2510 1187 2564 ad
1237 2516 1570 2563 senectutem
1621 2506 1893 2576 rejiciunt.
1941 2507 2125 2572 Quare

559 2599 989 2673 haudquaquam
1045 2601 1321 2672 probanda
1386 2610 1472 2655 est
1522 2601 1648 2664 his,
1700 2600 1794 2668 qui
1842 2614 1985 2654 verte
2034 2599 2128 2653 do-

559 2691 750 2744 ctrinae
783 2695 1078 2762 participes
1129 2702 1274 2756 sunt,
1326 2691 1640 2762 hujusmodi
1671 2691 1887 2745 dilatio.
1927 2690 2124 2744 Verum

559 2782 1018 2846 quemadmodum
1057 2785 1138 2836 lex
1176 2783 1400 2849 Christi,
1433 2783 1549 2838 vult
1594 2783 1685 2838 illa
1729 2782 1946 2851 quidem
1983 2795 2128 2848 prae.

565 2869 725 2936 cipue
775 2887 878 2926 nos
926 2872 1151 2925 omnino
1207 2886 1315 2924 non
1364 2872 1528 2925 irasci
1576 2874 1705 2940 (hoc
1764 2871 1909 2924 enim
1967 2870 2127 2939 longe

566 2959 904 3016 tutissimum
938 2963 1043 3030 est)
1077 2961 1159 3014 sin
1193 2971 1370 3014 autem
1399 2962 1452 3014 in
1484 2976 1603 3014 eam
1645 2959 1812 3013 animi
1838 2960 2128 3028 perturba-

561 3052 766 3105 tionem
799 3053 1035 3122 prolapsi
1066 3050 1353 3114 fuerimus,
1386 3062 1443 3106 ut
1474 3060 1600 3106 ante
1621 3065 1903 3120 vesperam
1932 3051 2121 3106 saltem

563 3144 806 3198 furorem
863 3144 1290 3214 comprimamus
1345 3143 1446 3212 (sol
1514 3143 1701 3210 enim,
1753 3142 1964 3212 inquit,
2022 3158 2126 3196 non

562 3235 768 3291 occidat
813 3253 970 3306 super
1013 3235 1354 3289 iracundiam
1400 3242 1624 3289 uestram
1653 3232 1720 3298 “,
1759 3232 2128 3301 tctnporaliter

563 3329 788 3400 quidem
853 3329 942 3384 hic
1001 3329 1081 3384 sol
1142 3343 1362 3382 sensum
1411 3340 1668 3390 movens,
1720 3323 1812 3394 qui
1867 3322 2128 3391 temporis

565 3435 825 3475 mensura
855 3429 939 3475 est
970 3437 983 3473 :
1017 3420 1308 3489 allegorico
1342 3423 1524 3470 autem
1554 3429 1720 3470 sensu
1755 3413 1847 3468 Sol
1877 3413 2122 3480 iustitiae.

565 3511 660 3565 Ille
692 3510 840 3564 enim
867 3511 933 3564 iis
971 3509 1064 3579 qui
1096 3507 1295 3562 mentis
1324 3519 1516 3561 errore
1542 3504 1876 3566 afﬁciuntur,
1907 3502 2129 3565 occidit,

565 3611 626 3655 ut
660 3610 846 3654 contra
875 3601 1082 3668 optimo
1106 3613 1170 3652 ac
1207 3597 1664 3666 praestantissimo
1694 3596 1895 3664 cuique
1941 3593 2132 3646 illuce-

567 3692 732 3761 scit);
789 3691 856 3744 ad
901 3691 1050 3744 hunc
1113 3703 1329 3757 quoque
1381 3687 1605 3741 modum
1661 3687 1775 3740 haec
1822 3683 2128 3755 spiritualis

564 3798 722 3849 esca,
771 3781 823 3838 id
866 3790 980 3847 est,
1059 3779 1369 3835 Christiana
1419 3779 1700 3842 doctrina,
1749 3778 1802 3831 in
1855 3786 2131 3844 posterum

485 3869 488 3872 ’
566 3877 713 3929 diem
747 3873 972 3928 minime
1004 3870 1334 3927 reservanda
1365 3878 1473 3933 est,
1519 3882 1707 3922 verum
1747 3866 1895 3920 illico
1935 3865 2132 3920 admit-

566 3965 751 4022 tenda.
809 3966 978 4021 Porro
1026 3965 1140 4018 haec
1181 3961 1343 4016 verba
1380 3978 1395 4016 :
1434 3958 1558 4013 Non
1613 3957 1917 4027 relinquetis
1963 3971 2028 4010 ea:
2075 3973 2134 4010 eo

566 4076 727 4129 usque
759 4059 1006 4123 mane,D.
1034 4055 1237 4111 Paulus
1263 4051 1720 4110 excellentissime
1749 4052 2137 4119 interpretatur

567 4151 777 4215 dicens,
819 4148 1113 4204 Dominica:
1153 4146 1425 4216 passionis
1473 4141 2042 4198 commemorationem
2103 4152 2135 4192 a

570 4241 730 4294 nobis
770 4239 908 4303 ﬁeri,
943 4237 1120 4292 donec
1144 4236 1330 4290 veniat
1351 4237 1420 4299 ⁸⁸,
1455 4234 1559 4287 hoc
1586 4241 1692 4297 est,
1723 4246 1822 4285 nos
1865 4228 2133 4299 baptizari

2154 3011 2203 3074 (Ξ

2229 3242 2363 3296 setis
2391 3242 2686 3297 convestiti
2736 3251 2868 3296 sunt
2902 3260 2917 3296 :
2955 3256 3144 3295 verum
3197 3240 3521 3308 hujusmodi
3553 3242 3818 3309 specula-

2232 3333 2407 3388 tiones
2438 3341 2492 3387 et
2529 3334 2806 3405 dogmata,
2860 3348 3096 3402 quorum
3147 3332 3377 3386 ﬁrmitas
3408 3341 3658 3386 mentem
3717 3347 3818 3385 uo-

2231 3431 2401 3477 stram
2455 3433 2700 3492 superat,
2749 3423 2874 3492 igne
2919 3423 3300 3482 absumentur,
3348 3435 3457 3474 nou
3513 3421 3811 3480 materiali,

2233 3514 2327 3568 sed
2376 3513 2584 3576 divino,
2640 3529 2750 3582 quo
2806 3513 2969 3568 etiam
3024 3512 3340 3565 holocausta
3385 3520 3810 3564 consumuntur.

2233 3603 2368 3669 Quis
2405 3613 2584 3657 autem
2614 3612 2695 3658 est
2731 3604 2815 3658 hic
2843 3604 3021 3674 ignis?
3054 3603 3289 3673 Spiritus
3341 3616 3594 3666 sanctus,
3621 3604 3730 3674 qui
3762 3604 3807 3656 in

2233 3694 2409 3748 forma
2463 3693 2604 3763 ignis
2650 3695 2718 3747 ad
2771 3696 3049 3764 apostolos
3099 3695 3420 3760 accessit",
3469 3695 3565 3763 qui
3633 3695 3808 3747 omnia

2234 3795 2531 3848 scrutatur,
2569 3801 2633 3839 ac
2659 3788 2828 3839 novit.
2861 3790 3107 3852 Quonam
3139 3801 3268 3840 vero
3290 3787 3451 3841 modo
3475 3786 3806 3841 solidissima

2235 3875 2325 3929 illa
2355 3875 2610 3946 dogmata
2648 3891 2677 3928 a
2703 3875 2912 3944 Spiritu
2947 3886 3136 3930 sancto
3161 3886 3581 3939 consumentnr,
3623 3876 3684 3930 id
3715 3884 3804 3934 est.

2236 3967 2649 4036 intelligentur?
2708 3967 2965 4020 nimirum
3020 3967 3065 4020 si
3116 3974 3488 4030 attenuentur,
3553 3967 3662 4020 hoc
3715 3976 3799 4025 est,

2238 4060 2560 4115 tenuissima
2627 4071 2681 4114 et
2741 4058 3100 4114 subtilissima
3165 4067 3329 4126 atque
3392 4058 3803 4112 accuratissima

2239 4152 2613 4221 speculatione
2655 4150 2819 4220 digna
2863 4149 3188 4212 habeantur,
3237 4159 3402 4218 atque
3431 4147 3576 4216 apud
3612 4148 3803 4216 ipsum,

2240 4251 2612 4297 attenuantem
2653 4256 2845 4309 nempe
2891 4239 3154 4309 Spiritum
3202 4247 3474 4300 sanctum,
3525 4248 3803 4292 serventur

569 4331 767 4384 dchem
795 4344 858 4384 ac
896 4339 1124 4383 ῐηοΐιεηι
1156 4326 1364 4382 Domini
1426 4323 1740 4394 praedicare.
1785 4322 2024 4391 quandi"
2077 4323 2128 4374 ίη
2159 4351 2213 4410 ι)
2239 4347 2293 4391 et
2320 4334 2717 4397 custodiantur,
2754 4349 2862 4388 non
2894 4343 3076 4387 autem
3107 4342 3351 4400 pereant,
3382 4346 3484 4385 nec
3524 4332 3582 4382 in
3611 4343 3802 4398 aquam

571 4422 674 4474 hac
704 4421 814 4475 vita
864 4435 1076 4475 sumus.
1121 4419 1264 4474 Mors
1294 4417 1439 4472 enim
1468 4415 1670 4471 Christi
1725 4414 1778 4468 in
1809 4414 1910 4470 hac
1948 4422 2131 4477 nocte,

571 4512 675 4565 hoc
723 4520 844 4577 est,
895 4511 950 4566 in
1005 4509 1260 4578 prtesenti
1304 4508 1504 4562 sarculo
1555 4514 2036 4566 commemoratur,
2081 4504 2134 4556 iu

571 4603 755 4658 futura
800 4612 981 4658 autem
1016 4603 1124 4656 vita
1170 4601 1435 4664 cernitur,
1472 4597 1734 4651 nimirum
1790 4595 1844 4649 in
1894 4592 2138 4649 secunda

570 4693 744 4764 ipsius
774 4691 1078 4762 prrescntia.

641 4785 756 4839 Col.
795 4783 898 4837 646
948 4783 1008 4836 Β.
1072 4781 1342 4850 Quidquid
1396 4789 1571 4834 autem
1617 4793 1861 4840 osseum,
1918 4788 2023 4830 etc.
2076 4774 2134 4828 id

570 4891 788 4949 quoque
829 4876 896 4931 de
933 4889 1075 4946 agno
1121 4873 1174 4927 in
1217 4871 1386 4926 Exodi
1431 4871 1572 4926 libro
1599 4869 1854 4925 habetur.
1907 4868 1984 4924 Os
2025 4881 2132 4920 non

571 4969 930 5038 confringetis
960 4983 1025 5023 ex
1058 4982 1144 5030 eo,
1201 4965 1296 5021 sed
1322 4978 1443 5036 qua:
1472 4963 1690 5020 residua
1743 4972 1907 5019 erunt
1935 4981 2002 5019 ex
2043 4980 2132 5030 eo,

573 5060 696 5129 igne
721 5059 1077 5115 comburetis.
1118 5057 1249 5124 Quae
1277 5057 1441 5112 verba
1487 5057 1784 5126 allegorice
1838 5069 2002 5111 sensu
2057 5057 2132 5110 ita

572 5149 894 5216 exponenda
931 5156 1082 5204 sunt.
1129 5147 1186 5202 in
1218 5147 1505 5217 prmceptis
1550 5145 1750 5200 divinis
1799 5160 1918 5199 eam
1967 5147 2135 5200 ratio-

575 5255 695 5292 nem
733 5240 872 5294 inire
920 5237 1200 5305 convenit,
1231 5247 1289 5292 ut
1319 5252 1382 5292 ea
1426 5253 1545 5307 qua:
1594 5244 1838 5307 prompte
1872 5251 1937 5291 ac
1967 5235 2128 5292 facile

575 5332 796 5402 intelligi
830 5342 1058 5401 possunt
1085 5331 1212 5401 (hoc
1244 5333 1387 5386 enim
1420 5346 1515 5390 per
1541 5345 1799 5384 carncum
1835 5329 2130 5400 signiﬁcari

649 5529 693 5562 ⁸³
717 5529 886 5586 Exod.
919 5548 1016 5594 xu,
1057 5532 1140 5586 l0.

1242 5535 1283 5565 ³³
1310 5535 1503 5604 Epltcs.
1538 5555 1609 5600 ιν,
1640 5539 1708 5593 ‘16

578 5601 759 5668 vlt,6.

840 5604 882 5634 ³⁰
910 5605 1028 5658 Act.
1064 5619 1124 5664 ll,
1159 5605 1179 5657 1
1215 5619 1364 5675 seqq.

1834 5539 1875 5570 ³³
1904 5537 1919 5590 l
1951 5536 2074 5592 Cor.
2114 5551 2188 5601 xi,
2223 5535 2312 5589 26.

2235 4434 2588 4494 spargantur,
2649 4425 2797 4478 velut
2850 4424 2942 4477 ille
2995 4423 3202 4476 vitulus
3243 4436 3446 4475 aureus
3493 4419 3800 4478 cottﬁatilis,

2237 4515 2330 4584 qui
2363 4525 2563 4569 temere
2595 4524 2648 4568 et
2684 4512 2911 4567 fortuito
2945 4513 2998 4564 in
3037 4511 3346 4580 hujusmodi
3373 4511 3601 4579 speciem
3629 4508 3798 4559 infor-

2238 4614 2419 4660 matus
2447 4613 2552 4665 est,
2585 4612 2645 4656 ut
2667 4601 2983 4656 Judzeorum
3010 4598 3414 4655 contumaciam
3443 4597 3799 4664 duritiamque

2237 4701 2578 4762 coargueret.
2622 4690 2705 4744 0b
2736 4690 2878 4743 hanc
2921 4689 3065 4742 enim
3121 4701 3340 4741 causam
3374 4685 3551 4748 bovis,
3599 4693 3651 4736 et
3698 4697 3801 4737 non

2239 4783 2381 4838 alius
2422 4782 2708 4850 cujusdam
2757 4780 3014 4834 animalis
3045 4778 3220 4832 forma
3258 4779 3383 4849 igne
3417 4775 3651 4829 conﬂata
3702 4783 3800 4835 est,

2242 4872 2500 4942 quoniam
2537 4871 2643 4924 hoc
2689 4869 2890 4922 animal
2922 4877 2976 4922 et
3027 4867 3164 4921 dura
3197 4880 3362 4919 carne
3410 4872 3516 4927 est,
3546 4871 3604 4916 et
3633 4862 3804 4915 nervis

2241 4972 2297 5017 et
2333 4963 2576 5024 ossibus,
2605 4958 3066 5029 quemadmodum
3095 4968 3149 5010 et
3182 4955 3390 5010 llebrrei
3433 4953 3619 5007 animo
3664 4953 3802 5005 duri.

2246 5053 2446 5108 Verum
2476 5053 2638 5122 lmjus
2669 5051 2824 5105 vituli
2857 5049 3146 5104 historiam
3181 5048 3417 5102 breviter
3447 5058 3803 5113 exponamus.

2244 5147 2387 5201 Cum
2427 5145 2606 5200 Moses
2653 5143 2718 5196 ad
2753 5139 3096 5210 accipiendas
3132 5137 3264 5207 legis
3296 5135 3509 5190 tabulas
3556 5136 3611 5188 in
3653 5148 3804 5186 mon-

2247 5247 2354 5291 tem
2417 5235 2790 5297 ascendisset,
2843 5229 3204 5301 quadraginta
3258 5227 3374 5282 dies
3439 5225 3552 5280 illic
3609 5225 3805 5296 exegit.

2247 5327 2449 5382 Interea
2495 5325 2702 5382 Hebraei
2759 5322 3162 5393 conspiratione
3216 5320 3480 5373 adversus
3537 5316 3804 5369 Aaronem

2417 5536 2461 5566 ³⁸
2490 5535 2508 5586 l
2543 5532 2672 5588 Cor.
2705 5548 2764 5592 tt.
2801 5533 2883 5586 10.
2990 5530 3032 5562 ³⁷
3059 5526 3225 5584 Eccli.
3262 5540 3340 5589 ιιι,
3381 5519 3471 5574 2’3.
3550 5517 3593 5551 ³⁸
3617 5516 3804 5579 Manli.

3773 221 3904 281 376

2067 349 2081 365 ·
2141 342 2184 396 Α
2217 333 2480 404 diximus)
2513 350 2620 389 non
2652 336 2842 404 ignave
2874 350 2935 390 ac
2958 335 3118 390 veluti
3150 343 3328 390 coacte
3381 339 3892 394 consectentur,

2221 429 2317 482 sed
2351 437 2610 498 tanquam
2642 427 2878 483 famelici
2909 443 3121 482 summa
3151 443 3272 482 cum
3303 427 3640 481 aviditate
3679 439 3892 491 prope-

2211 519 2334 574 sitis
2383 520 2519 574 cibis
2568 520 2815 574 animum
2857 519 3169 588 expleamus
3202 537 3214 572 :
3252 533 3344 572 eas
3388 527 3644 570 autem
3697 531 3897 584 spere—

2212 608 2487 672 lationcs,
2541 623 2776 677 quarum
2831 609 2972 661 ratio
3029 607 3096 660 ab
3131 607 3416 660 hominum
3489 606 3894 673 COgnitiom

2211 706 2421 750 remota
2459 706 2565 761 est,
2619 697 2765 752 velut
2802 711 3046 766 quaerere
3097 711 3220 764 qua:
3262 695 3355 748 Dei
3409 695 3749 748 essentia
3811 694 3900 752 sit.

2212 787 2341 855 quid
2382 798 2509 841 ante
2552 803 2733 842 rerum
2783 787 3116 842 creationem
3165 797 3304 848 erat,
3348 785 3508 854 quid
3585 795 3799 838 extra
3834 799 3890 837 ea

2213 895 2334 948 qua:
2384 881 2557 936 oculis
2614 887 2955 944 cernuntur,
3012 893 3136 948 quze
3223 891 3419 930 eorum
3490 891 3680 945 quae
3765 875 3900 926 ﬁunt

2214 970 2550 1034 necessitas,
2612 976 2668 1023 et
2725 984 2846 1038 qum
2903 968 2957 1021 in
3007 968 3195 1021 eodem
3254 981 3469 1034 genere
3539 966 3830 1034 posita,
3871 983 3896 1016 δ

2213 1059 2454 1112 curiosis
2506 1059 2825 1113 hominibus
2880 1059 3255 1126 inquiruntur.
3313 1069 3376 1111 ea
3432 1057 3579 1111 soli
3636 1056 3896 1124 Spiritui

2216 1157 2434 1212 sancto,
2494 1149 2611 1217 qui,
2654 1159 2717 1203 ut
2763 1160 2845 1202 est
2881 1148 3023 1217 apud
3074 1147 3327 1212 Paulum,
3377 1148 3484 1201 Dei
3565 1147 3892 1216 profunda

2215 1240 2588 1302 scrutatur“,
2626 1240 3007 1310 cognoscenda
3048 1239 3450 1307 relinquamus.
3497 1238 3712 1291 Idem
3755 1254 3895 1306 pr:-

2219 1338 2440 1397 ceptum
2474 1331 2635 1384 nobis
2683 1330 2960 1399 Sapientia
2991 1345 3211 1398 quoque
3253 1329 3335 1382 his
3381 1330 3623 1382 verbis
3693 1331 3892 1382 incul-

2217 1429 2350 1474 cat:
2425 1419 2684 1473 Fortiora
2726 1431 2774 1473 te
2834 1436 2897 1474 ne
2943 1419 3291 1478 scrutaris".
3341 1418 3454 1473 hoc
3509 1426 3633 1473 cst
3662 1459 3688 1480 .
3759 1434 3895 1473 ossa

2220 1509 2383 1565 Verbi
2426 1527 2494 1566 ne
2541 1511 2902 1580 confringas;
2964 1525 3141 1578 neque
3189 1511 3334 1563 enim
3386 1524 3551 1578 opus
3609 1519 3728 1564 est
3787 1512 3887 1563 tibi

2224 1603 2483 1656 occultis.
2518 1603 2593 1656 Ea
2625 1618 2816 1672 porro,
2850 1612 3114 1671 quantum
3161 1601 3212 1654 in
3247 1600 3381 1668 ipsis
3420 1609 3548 1662 est,
3589 1601 3890 1656 confrin-

554 1689 782 1741 rendam
814 1705 922 1745 non
949 1705 1093 1753 esse,
1123 1705 1224 1744 nec
1254 1692 1305 1744 in
1336 1693 1483 1747 aliud
1524 1702 1736 1761 tempus
1765 1694 2116 1762 reiicit-udam
2151 1679 2195 1739 Β
2223 1701 2356 1762 gunt
2400 1693 2665 1758 haeretiri,
2721 1701 2869 1746 recta
2902 1692 3156 1762 dogmata
3187 1691 3578 1758 depravantes
3627 1707 3718 1744 ac
3749 1707 3880 1758 per-

2224 1791 2519 1839 vertcntes.
2575 1787 2750 1852 Atque
2818 1785 2906 1839 hic
2959 1797 3178 1853 quoque
3227 1781 3561 1850 'l‘heologus
3641 1798 3884 1836 morem

2223 1889 2382 1930 suum
2409 1877 2621 1930 retinet.
2644 1875 2774 1929 Nam
2798 1891 2919 1930 cum
2944 1875 3169 1929 dixisset
3197 1891 3211 1928 :
3244 1872 3533 1939 Quidquid
3579 1890 3867 1936 osseum,

2223 1963 2291 2017 atl
2325 1963 2490 2031 hujus
2532 1964 2680 2017 verbi
2712 1965 3136 2018 declarationem
3169 1962 3483 2030 suhjunxit:
3533 1961 3738 2028 Quod
3778 1964 3865 2016 edi

2225 2051 2460 2120 nequit;
2521 2052 2684 2122 idque
2749 2053 2916 2107 etiam
2983 2068 3176 2106 rursus
3231 2053 3670 2120 interpretatus
3739 2062 3862 2117 (st,

2224 2141 2577 2198 subnectens:
2608 2143 2717 2198 Nec
2753 2145 2930 2199 oculis
2964 2144 3158 2197 mentis
3191 2143 3496 2212 pervideri.
3538 2146 3862 2210 Quatenu-

2224 2246 2332 2300 que
2369 2231 2559 2301 igitur,
2597 2233 2799 2302 inquit,
2831 2235 3083 2304 dogmata
3129 2235 3329 2288 mentis
3380 2246 3627 2303 captum
3671 2249 3849 2288 exce-

2225 2322 2386 2388 dunt,
2429 2337 2494 2377 ac
2537 2324 2711 2378 solida
2742 2332 2795 2377 et
2844 2325 3059 2379 occulta
3109 2335 3258 2388 sunt,
3294 2339 3356 2378 ea
3401 2341 3518 2379 non
3569 2325 3848 2379 confrin-

2227 2423 2424 2486 gentur
2457 2416 2893 2488 (confringcnutr
2930 2425 3139 2482 autem,
3185 2416 3231 2470 si
3265 2416 3409 2471 male
3457 2417 3841 2479 dividantur,

2229 2507 2336 2562 hoc
2384 2516 2490 2569 est,
2539 2506 2972 2578 intelligantur);
3003 2516 3169 2576 atque
3223 2506 3360 2561 adeo
3407 2523 3511 2561 nec
3574 2509 3842 2576 indignis

2229 2596 2546 2652 hominibus
2576 2598 2642 2652 ad
2666 2597 3115 2666 dijudicationem
3149 2599 3524 2666 porrigentur,
3561 2614 3595 2652 a
3623 2599 3843 2663 quitms

2229 2688 2624 2754 distrahentur,
2677 2705 2782 2744 non
2829 2704 2989 2744 secus
3038 2696 3203 2757 atque
3253 2704 3337 2751 os,
3385 2691 3534 2759 quod
3586 2691 3835 2745 canibus

2228 2781 2556 2850 projicitur,
2625 2781 3084 2848 quemadmodum
3142 2781 3218 2834 ait
3269 2780 3571 2836 Christus:
3637 2781 3838 2835 Nolite

2229 2872 2358 2924 dare
2389 2886 2630 2926 sanctum
2664 2875 2901 2937 canibus,
2937 2890 3029 2928 nec
3060 2874 3307 2942 projicite
3338 2878 3668 2944 margaritas
3695 2885 3834 2927 ante

2230 2980 2418 3030 porcos
2443 2965 2509 3026 ⁸⁸.
2539 2966 2642 3019 hoc
2670 2975 2774 3028 est,
2811 2965 2888 3018 Ne
2926 2966 3048 3019 Iidei
3088 2966 3346 3035 mysteria
3369 2966 3831 3034 discerpturibns

2231 3055 2502 3111 haereticis
2532 3057 2906 3120 committatis,
2941 3072 3042 3110 nec
3077 3057 3411 3110 luculentam
3447 3071 3513 3109 ac
3561 3055 3826 3110 divinam

2229 3147 2534 3203 doctrinam
2569 3150 2637 3204 iis
2687 3151 2779 3218 qui
2831 3149 3072 3218 turpium
3115 3148 3404 3202 aﬁ‘ectuum
3449 3163 3618 3202 caeno
3657 3148 3820 3217 quasi
