4050 6198
268 284 410 350 137⁸1

1221 270 1550 335 NICETAS
1589 267 1674 331 IN
1712 270 1940 334 ORAT.
1979 271 2148 334 XLII
2187 276 2248 337 S.
2288 272 2514 337 GREG.

3401 276 3539 345 1378

274 395 413 447 inita
442 391 577 445 deos
605 386 709 442 sibi
747 384 1024 454 petebant,
1053 381 1147 452 qui
1185 382 1241 435 in
1267 382 1467 437 itinere
1509 397 1607 436 eos
1642 396 1852 451 pra-cc-
1882 391 1924 447 Α
1958 400 2058 439 nec
2099 386 2152 440 in
2181 384 2483 461 virtutibus
2532 384 2821 439 remissum
2869 398 2937 439 ac
2977 384 3315 457 languidam,
3348 403 3539 444 verum

273 484 488 538 derunt.
528 480 632 545 Qui
669 478 775 533 vim
820 485 991 546 atque
1037 474 1326 529 audaciam
1361 474 1545 544 populi
1580 473 1847 542 pertime-

274 589 461 638 scens,
510 585 674 624 aurea
727 568 1018 623 mulierum
1071 574 1394 621 ornamenta
1446 565 1512 619 ad
1564 580 1623 619 se
1673 563 1852 618 afferri

270 665 460 735 jussit.
485 662 618 728 Quae
654 675 779 715 cum
809 660 974 713 allata
998 666 1206 718 essent,
1231 658 1285 709 in
1328 656 1506 726 ignem
1539 670 1603 710 ea
1640 654 1849 724 injecit,

278 769 347 809 ac
395 750 578 806 statim
628 763 697 804 ex
749 750 818 802 iis
862 747 1017 802 vituli
1056 746 1232 800 forma
1272 744 1505 798 conﬂata
1556 752 1642 797 cst
1690 750 1856 811 atque

282 844 429 897 hunc
462 840 693 894 vitulum
744 837 1005 892 vecordes
1050 834 1263 889 Heln-rei
1312 834 1516 889 divinis
1554 831 1855 888 honoribus

276 931 556 1003 prosecuti
600 938 753 982 sunt.
794 928 1140 982 Descendens
1170 935 1355 980 autem
1384 923 1564 979 Moses
1589 932 1755 993 atque
1784 923 1855 976 ob

280 1027 428 1077 hanc
456 1021 616 1076 vituli
661 1018 1057 1074 coniectionem
1092 1020 1174 1072 ira
1204 1017 1600 1079 inﬂammatus,
1635 1013 1854 1069 tabulas

276 1114 444 1175 illas,
503 1126 640 1180 quas
701 1110 756 1163 in
821 1116 1005 1163 monte
1057 1117 1378 1177 acceperat,
1427 1105 1730 1175 confregit,
1791 1119 1857 1158 ac

280 1204 553 1265 vitulum,
610 1216 771 1269 quem
831 1198 1090 1263 fecerant,
1127 1198 1249 1268 igne
1305 1198 1643 1263 combussit,
1687 1204 1744 1252 et
1796 1198 1852 1250 in

287 1297 534 1348 minutas
583 1284 767 1361 partes
796 1291 1078 1354 contrivit,
1132 1297 1186 1343 et
1238 1289 1290 1343 in
1323 1304 1521 1357 aquam
1572 1287 1851 1356 dispersit.

282 1385 463 1452 Atque
499 1382 612 1434 hac
643 1379 817 1432 obiter
866 1379 921 1430 in
970 1387 1205 1432 mentem
1261 1375 1538 1447 Tlieologo
1567 1383 1855 1438 venerunt,

282 1476 574 1531 occasione
622 1478 845 1539 accepta
888 1484 951 1524 ex
988 1484 1102 1523 uno
1145 1469 1252 1524 hoc
1295 1471 1618 1525 attenuandi
1662 1468 1851 1523 verbo.

287 1567 482 1636 Igitur,
534 1572 592 1618 ut
640 1563 710 1617 ad
762 1576 877 1616 rem
922 1562 1229 1627 redeamus,
1277 1562 1403 1632 agni
1455 1577 1582 1617 ossa
1632 1571 1855 1633 propter

282 1657 427 1709 hanc
457 1668 707 1717 causam,
739 1666 904 1723 quam
952 1653 1400 1719 commemoravi,
1451 1669 1559 1708 non
1601 1654 1854 1709 confrin-

1957 474 2031 531 ita
2066 477 2253 531 animo
2304 478 2583 541 affectum,
2646 486 2707 530 ut
2758 486 3012 547 prompte
3059 488 3114 532 et
3167 479 3420 533 alacriter
3472 481 3539 534 ad

1958 567 2053 622 Dri
2088 568 2354 638 promissa
2382 576 2592 635 currat,
2626 578 2791 638 atque
2816 582 3006 623 eorum
3041 586 3163 639 qua:
3191 578 3338 624 retro
3368 580 3537 637 sunt,

1957 657 2162 713 oblitus
2201 658 2267 712 ad
2302 673 2364 712 ea
2398 673 2529 728 quae
2565 673 2596 712 a
2639 658 2824 712 fronte
2865 669 3019 724 sunt,
3066 660 3305 728 seipsum
3346 668 3543 714 extet-

1957 749 2052 802 dat
2082 749 2155 814 “,
2187 748 2490 819 omniaque
2540 748 2706 819 hujus
2739 749 2864 803 vita:
2909 750 3197 804 commoda
3256 766 3354 818 pro
3388 750 3542 805 falsis

1958 841 2189 906 ducens,
2224 840 2463 895 futuram
2496 855 2681 895 rerum
2712 840 2999 895 veritatem
3026 842 3282 910 exquirat
3304 855 3372 895 ne
3402 841 3454 896 id
3484 842 3538 895 in

1959 930 2122 986 nobis
2153 932 2456 1001 contingat,
2485 932 2632 1002 quod
2666 930 2848 986 facere
2869 933 3072 986 vetitus
3090 941 3174 987 est
3206 931 3311 986 Lot
3342 947 3371 987 a
3401 935 3542 987 duo-

1959 1024 2064 1079 bus
2099 1022 2208 1078 illis
2241 1023 2473 1093 angelis,
2532 1037 2671 1092 quos
2706 1022 2948 1091 hospitio
2987 1032 3332 1093 susceperat.
3385 1022 3543 1076 llunc

1957 1115 2102 1169 cnim
2124 1114 2205 1167 .ila
2256 1113 2512 1168 Sodomis
2541 1114 2726 1183 fugere
2751 1112 3057 1183 jusserunt,
3093 1124 3152 1167 ut
3184 1129 3215 1167 a
3251 1122 3401 1183 tergo
3434 1129 3541 1167 non

1964 1203 2283 1273 respiceret,
2323 1217 2421 1256 nec
2452 1202 2505 1255 in
2536 1203 2686 1255 omni
2728 1201 3153 1271 circumjacente
3179 1202 3401 1271 regione
3430 1213 3543 1257 sta-

1958 1303 2061 1356 ret,
2098 1294 2193 1348 sed
2232 1294 2285 1347 in
2324 1301 2566 1348 montem
2619 1292 2815 1346 salutis
2845 1307 3010 1347 causa
3059 1308 3117 1347 se
3165 1291 3443 1347 conferret
3472 1291 3539 1345 “.

1963 1384 2168 1439 Eodem
2222 1384 2386 1454 igitur
2432 1399 2535 1439 nos
2566 1384 2729 1438 modo
2759 1383 3048 1438 faciamus.
3104 1383 3182 1438 Ne
3208 1384 3543 1453 circumspi-

1958 1477 2171 1533 ciamus
2203 1476 2481 1545 (curiosus
2512 1477 2657 1530 enim
2701 1476 2768 1530 ad
2810 1475 3145 1545 voluptatem
3177 1485 3232 1530 et
3276 1477 3542 1545 concupi-

1963 1568 2230 1623 scentiam
2291 1574 2550 1635 aspectus
2612 1563 2774 1618 nobis
2835 1564 3131 1633 perniciem
3198 1562 3376 1630 alIert)
3443 1578 3545 1616 nec

1957 1659 2125 1725 semel
2148 1658 2215 1713 ad
2240 1658 2494 1712 virtutem
2513 1671 2735 1711 currere
2753 1654 3017 1725 aggressi,
3037 1655 3090 1708 in
3109 1655 3317 1724 peccati
3340 1653 3543 1709 finibus

272 1755 498 1816 gentur.
538 1743 730 1799 Dicere
757 1718 925 1799 'enim
959 1746 1341 1813 praetermitto,
1389 1747 1535 1815 quod
1582 1760 1652 1799 ne
1682 1746 1854 1799 histo-
1882 1718 1930 1780 Β
1958 1723 2351 1812 consistamus,
2382 1761 2568 1802 verum
2600 1745 2668 1801 ad
2697 1718 2960 1811 moniem,
2993 1718 3224 1811 hoc'cst,
3259 1748 3327 1800 ad
3366 1744 3544 1800 virtu-

276 1837 398 1891 rico
455 1836 675 1906 quidem
732 1848 900 1891 sensu
966 1850 1129 1890 crura
1160 1834 1288 1891 Jesu
1352 1835 1630 1891 confracta
1685 1846 1856 1903 sunt,

276 1931 496 1986 etiamsi
556 1929 731 1985 Judaei
800 1929 977 2000 ipsius
1032 1938 1267 1984 mortem
1328 1930 1677 2000 adurgerent.
1747 1929 1859 1984 Lex

282 2021 430 2075 enim
472 2019 689 2074 dicebat
719 2033 735 2070 :
764 2016 825 2072 Si
855 2018 1014 2087 fuerit
1038 2019 1095 2071 in
1121 2017 1349 2087 quodam
1374 2018 1582 2071 homine
1597 2017 1858 2085 judicium

282 2112 495 2174 mortis,
525 2127 586 2164 ac
621 2110 1002 2179 suspenderitis
1023 2125 1141 2162 eum
1170 2111 1226 2163 in
1249 2110 1416 2179 ligno,
1445 2125 1551 2163 non
1581 2120 1860 2177 pernocta-

282 2204 360 2260 bit
391 2221 578 2274 corpus
625 2203 740 2273 ejus
774 2204 828 2257 in
877 2204 1043 2274 ligno,
1087 2202 1180 2256 sed
1228 2202 1413 2256 eadem
1462 2205 1549 2256 die
1596 2202 1856 2271 scpelietis

274 2314 401 2352 eum
423 2299 491 2351 “.
546 2297 716 2352 iudici
753 2298 956 2367 itaque,
1009 2310 1075 2351 ne
1103 2296 1157 2350 in
1190 2310 1353 2351 cruce
1398 2311 1627 2367 corpora
1675 2308 1858 2350 rema-

282 2398 503 2455 nerent,
559 2398 673 2445 tum
719 2390 855 2460 legis
897 2389 1077 2444 edicto
1131 2389 1388 2458 permoti,
1441 2398 1554 2442 tum
1604 2387 1748 2456 quod
1790 2400 1855 2440 ea

279 2482 610 2536 Parasceva:
638 2494 867 2550 vespera
892 2486 1061 2543 esset,
1090 2493 1152 2534 ac
1181 2478 1481 2534 Sabbatum
1523 2478 1680 2542 illud,
1709 2478 1855 2546 quod

270 2571 351 2626 ab
406 2572 476 2625 iis
524 2572 778 2637 religiose
809 2569 1121 2634 colebatur,
1175 2570 1427 2634 instaret,
1475 2582 1506 2621 a
1555 2567 1731 2621 Pilato
1759 2581 1856 2636 po-

270 2663 562 2718 stularunt
585 2669 645 2715 ut
666 2675 858 2716 eorum
888 2660 985 2732 qui
1016 2660 1072 2715 in
1110 2674 1328 2714 crucem
1360 2658 1557 2715 sublati
1593 2658 1852 2720 fuerant,

272 2765 449 2806 crura
511 2750 929 2822 frangerentur,
984 2766 1049 2806 ac
1095 2751 1436 2806 tollerentur.
1498 2749 1696 2804 Milites
1756 2764 1857 2802 au-

278 2850 397 2897 tem
450 2842 724 2895 latronum
782 2842 1036 2909 quidem,
1098 2841 1359 2911 quoniam
1422 2854 1518 2895 eos
1584 2839 1856 2908 spirantes

281 2935 463 2988 adhuc
507 2932 871 2997 offenderant,
917 2947 1078 2987 crura
1126 2932 1425 3000 fregerunt.
1483 2932 1618 2986 Cum
1670 2941 1852 2986 autem

1961 1840 2030 1895 tis
2060 1855 2322 1895 cacumen
2349 1853 2732 1904 excurramus,
2761 1854 2829 1891 ne
2863 1836 3003 1891 forte
3028 1852 3128 1892 nos
3149 1837 3289 1907 ignis
3310 1838 3535 1900 vindex,

1958 1939 2015 1986 et
2054 1946 2085 1985 a
2122 1938 2311 1984 nostro
2364 1929 2489 1997 igne
2530 1929 2784 1989 alienus.
2830 1928 3094 1982 inusitato
3131 1937 3189 1981 et
3221 1927 3541 1982 admirando

1958 2025 2160 2095 impetu
2193 2039 2356 2079 ruens
2389 2023 2638 2093 arripiat.
2678 2021 2813 2077 Nam
2850 2038 2974 2077 cum
3036 2021 3218 2078 omnis
3252 2021 3395 2092 ignis
3442 2036 3547 2076 na-

1960 2126 2082 2172 tura
2110 2130 2332 2171 sursum
2369 2114 2612 2179 feratur,
2648 2113 2790 2183 ignis
2827 2121 3012 2168 tamen
3054 2113 3165 2177 ille,
3198 2127 3307 2181 quo
3360 2110 3546 2167 Sodo-

1960 2223 2181 2263 morum
2252 2207 2384 2261 urbs
2447 2204 2832 2276 conﬂagravit,
2881 2203 3077 2273 pluvia:
3133 2204 3364 2258 instare
3397 2200 3540 2259 caelo

1957 2298 2211 2353 deorsum
2237 2295 2531 2352 ferebatur.
2555 2295 2671 2351 Nec
2700 2295 2758 2349 in
2790 2300 3027 2348 statuam
3057 2294 3187 2349 salis
3208 2306 3540 2348 concresca-

1958 2404 2105 2455 mus,
2147 2388 2251 2442 hoc
2307 2394 2413 2451 est,
2470 2386 2604 2467 salis
2650 2385 2706 2439 in
2769 2384 2935 2439 modo
2976 2383 3332 2448 intatuemur,
3387 2384 3540 2437 aliis-

1956 2495 2064 2551 que
2114 2480 2171 2533 in
2224 2487 2462 2533 statuam
2535 2478 2589 2531 in
2636 2475 3048 2546 coargutionrm
3119 2484 3173 2529 ct
3229 2475 3541 2530 accusatio~

1958 2585 2082 2626 nem
2148 2585 2213 2625 ac
2269 2568 2609 2639 triumphum
2668 2580 3065 2637 proponamur.
3121 2564 3279 2621 Tunc
3348 2574 3533 2620 autem

1957 2663 2092 2717 salis
2144 2671 2325 2720 statua
2378 2660 2653 2730 quispiam
2701 2658 2951 2724 edicitur,
2993 2673 3119 2713 cum
3163 2659 3228 2711 ad
3264 2657 3541 2712 deteriora

1960 2754 2276 2817 revertitur,
2311 2764 2474 2822 atque
2503 2751 2572 2806 ad
2615 2762 2923 2821 peccatum,
2959 2750 3104 2820 quod
3138 2764 3238 2818 pro
3276 2750 3541 2806 derelicto

1958 2844 2219 2898 habuisse
2243 2844 2552 2910 videbatur,
2575 2843 2942 2912 perniciosam
2977 2842 3122 2895 enim
3149 2842 3291 2895 hanc
3309 2854 3545 2895 conver-

1956 2936 2165 2991 sionem
2182 2935 2461 2989 cunctatio
2480 2935 2639 3002 parit.
2660 2932 2793 2987 Nam
2813 2948 2938 2987 cum
2961 2932 3108 2986 circa
3138 2933 3393 2985 virtutem
3421 2946 3542 3000 pro-

276 3025 352 3078 ad
375 3024 564 3080 Iesum
620 3025 923 3089 venissent,
977 3035 1038 3077 ut
1097 3023 1350 3079 viderunt
1381 3039 1504 3077 eum
1546 3024 1657 3093 jam
1704 3037 1851 3077 mor-
1877 3052 1921 3108 ο
1956 3027 2345 3092 crastinamus,
2380 3025 2434 3078 in
2454 3025 2645 3078 vitium
2686 3037 2783 3076 nos
2809 3022 3040 3091 prolabi,
3065 3029 3229 3090 atque
3260 3021 3325 3073 ad
3352 3020 3542 3090 pristi-

199 3157 210 3165 .
286 3123 466 3179 tuum,
521 3113 642 3183 ejus
693 3126 855 3169 crura
914 3125 1023 3166 non
1085 3111 1386 3183 fregerunt.
1439 3121 1503 3186 ut
1565 3114 1851 3183 Scriptura

287 3205 646 3274 impleretur:
678 3204 750 3259 Os
791 3220 892 3259 non
919 3206 1283 3259 comminuetis
1314 3220 1378 3258 ea:
1405 3220 1464 3258 eo
1485 3204 1554 3259 “.
1580 3205 1691 3259 Nec
1725 3218 1854 3259 vero

279 3309 543 3365 corporea
596 3304 803 3350 tantum
865 3296 1079 3350 ratione
1124 3294 1327 3350 Christi
1382 3308 1510 3350 ossa
1569 3294 1853 3350 confracta

286 3400 396 3440 non
427 3388 576 3454 sunt,
602 3386 698 3442 sed
730 3400 799 3441 ne
830 3386 1189 3457 spiritualiter
1220 3384 1441 3453 quidem
1485 3394 1538 3440 et
1562 3386 1854 3458 allegorice

288 3474 735 3546 perfringantur:
777 3477 1039 3547 quoniam
1089 3476 1259 3531 robur
1308 3475 1460 3540 illud,
1514 3476 1658 3546 quod
1695 3476 1750 3530 in
1787 3491 1853 3531 co

284 3573 429 3631 crat,
451 3566 714 3621 invictum
750 3567 1071 3637 permansit,
1099 3567 1434 3634 minimeque
1465 3567 1532 3621 ad
1570 3556 1851 3635 peccatum

281 3656 495 3712 cessit:
530 3658 642 3713 imo
694 3660 796 3715 nec
838 3658 1017 3729 ipsius
1069 3673 1222 3725 caro,
1282 3661 1412 3728 quia
1459 3674 1569 3714 non
1620 3660 1853 3725 carnali,

283 3746 380 3803 sed
435 3747 622 3805 divino
680 3750 887 3816 modo,
973 3760 1160 3806 creata
1208 3761 1384 3817 esset,
1443 3748 1853 3821 corruptionem

286 3838 421 3895 vidit
440 3837 509 3894 ι’.

357 3930 474 3985 Col.
502 3930 607 3987 856
626 3931 691 3987 C.
723 3930 810 3987 Ne
835 3933 1021 3987 modus
1035 3931 1246 4003 quidem
1274 3933 1724 4001 manducationis,
1746 3948 1855 3994 etc.

284 4020 364 4077 Ne
407 4022 626 4077 modum
676 4022 921 4092 quidem,
973 4023 1172 4092 inquit,
1231 4024 1667 4082 manducatioms
1730 4028 1853 4096 agni

284 4119 676 4179 praetereamus
705 4132 721 4167 :
750 4112 1194 4183 quandoquidem
1228 4128 1327 4169 nec
1354 4115 1437 4168 lex
1468 4130 1593 4168 eum
1626 4127 1855 4185 praeter-

288 4201 615 4255 mittendum
641 4203 877 4268 censuit,
907 4218 1097 4258 verum
1119 4204 1310 4269 etiam,
1338 4219 1512 4275 usque
1534 4207 1599 4260 ad
1631 4208 1852 4261 modum

282 4290 490 4359 ipsum,
544 4294 935 4358 narrationem,
998 4310 1121 4364 quae
1174 4296 1228 4349 in
1286 4296 1467 4351 littera
1522 4299 1852 4363 continetur,

1959 3128 2347 3173 numnostrum
2376 3116 2641 3170 vomitum
2672 3129 2889 3167 rursum
2927 3112 3409 3166 convrrtineccsse
3431 3120 3542 3168 ests

2033 3209 2169 3262 ibid.
2233 3207 2367 3261 Cum
2401 3206 2629 3258 lactucis
2661 3214 2835 3257 autem
2877 3203 3199 3272 agrestibus,
3228 3212 3335 3256 etc.
3381 3202 3538 3267 Quod

1956 3309 2167 3368 septem
2216 3296 2411 3353 diebus
2441 3310 2637 3364 panem
2668 3294 2921 3347 fermenti
2949 3300 3231 3361 expertem
3259 3291 3421 3346 edere
3443 3292 3532 3346 lex

1952 3391 2130 3461 jubet,
2169 3389 2223 3444 id
2257 3388 2420 3444 nobis
2462 3386 2798 3442 documento
2850 3393 2953 3450 est,
2989 3392 3049 3438 ut
3091 3385 3243 3437 omni
3275 3381 3397 3437 vitae
3434 3397 3537 3437 no-

1957 3491 2087 3538 stris
2118 3490 2369 3548 tempore
2406 3480 2459 3531 in
2491 3476 2844 3546 simplicitate
2878 3488 2943 3528 ac
2994 3477 3231 3543 puritate
3263 3474 3533 3527 vivamus.

1960 3574 2062 3629 Per
2101 3581 2350 3641 agrestes
2376 3580 2561 3625 autem
2595 3569 2862 3630 lactucas,
2904 3567 3014 3620 vita
3040 3565 3177 3619 dura
3209 3574 3264 3619 et
3292 3564 3538 3632 volupta-

1960 3677 2073 3719 tum
2113 3662 2396 3726 domitrix,
2429 3669 2595 3729 atque
2637 3656 2976 3727 hujusmodi,
3015 3663 3075 3709 ut
3104 3654 3359 3709 sensibus
3399 3653 3537 3708 dilli-

1957 3753 2140 3808 culter
2174 3753 2297 3820 capi
2333 3750 2527 3821 possit,
2579 3747 2738 3803 nobis
2787 3746 3149 3815 signiﬁcatur.
3182 3741 3537 3812 Quandoqui-

1958 3849 2079 3902 dem
2105 3848 2290 3902 omnis
2317 3844 2610 3914 disciplina
2641 3842 2695 3897 in
2730 3842 2987 3911 praesenti
3020 3854 3127 3893 non
3170 3840 3384 3892 videtur
3411 3851 3534 3892 esse

1958 3940 2167 4008 gaudii,
2196 3938 2288 3992 sed
2323 3935 2598 3990 mceroris.
2628 3933 2833 3987 Acerba
2880 3944 3102 4000 quoque
3144 3927 3533 3996 incipientibus

1958 4044 2024 4085 ea
2052 4030 2176 4083 vitae
2213 4028 2353 4081 ratio
2399 4037 2506 4091 est,
2537 4038 2659 4093 qua:
2714 4023 2782 4076 ad
2837 4020 3040 4074 divina:
3098 4019 3235 4087 legis
3267 4020 3533 4073 amussim

1959 4119 2216 4190 exigitur.
2251 4117 2579 4185 Quanquam
2609 4114 2753 4167 enim
2786 4112 3063 4168 Christum
3117 4113 3397 4167 dicentem
3433 4127 3535 4166 au-

1958 4210 2046 4264 dis
2082 4224 2099 4262 :
2126 4207 2320 4276 Iugum
2348 4219 2522 4258 meum
2553 4217 2711 4256 suave
2741 4212 2843 4266 est,
2866 4209 2915 4255 et
2941 4216 3074 4254 onus
3107 4216 3280 4255 meum
3312 4201 3418 4255 leve
3446 4201 3492 4232 “
3517 4218 3534 4267 ;

1964 4301 2021 4354 id
2056 4308 2238 4353 tamen
2265 4311 2374 4352 non
2401 4310 2468 4351 eo
2488 4294 2710 4359 dicitur,
2731 4294 2877 4363 quod
2896 4294 3029 4349 levis
3055 4294 3128 4348 sit
3149 4294 3265 4348 haec
3288 4294 3533 4357 sarcina,

281 4391 540 4437 accurate
591 4390 647 4437 ct
687 4382 979 4453 diligenter
1029 4387 1307 4454 exposuit,
1357 4396 1544 4457 utpote
1595 4388 1855 4456 quiddam
1893 4402 1935 4454 ι)
1965 4390 2060 4443 sed
2097 4387 2306 4458 prandi
2341 4399 2407 4439 ac
2451 4382 2724 4437 mercedis
2751 4380 2959 4435 ratione
2990 4381 3112 4435 talis
3139 4379 3388 4433 efficitur.
3425 4376 3537 4433 Nec

285 4470 452 4526 etiam
475 4472 811 4542 profundius
836 4476 1310 4545 complectentem,
1347 4493 1511 4547 quam
1541 4479 1716 4548 ipsius
1738 4494 1860 4534 cor-

280 4571 374 4618 tex
402 4580 513 4635 pra:
545 4582 606 4621 se
639 4564 800 4622 ferat.
836 4565 963 4622 Haec
1003 4569 1148 4622 enim
1179 4568 1314 4637 legis
1366 4571 1526 4623 verba
1555 4580 1685 4625 sunt
1717 4586 1731 4623 :
1768 4568 1858 4624 Sic

281 4657 567 4711 comedetis
602 4673 722 4711 eum
753 4672 773 4710 :
801 4654 922 4712 Sint
952 4657 1117 4711 luntbi
1150 4659 1310 4713 vestri
1338 4659 1611 4725 succincti,
1661 4667 1711 4712 et
1741 4661 1856 4712 cal-

282 4755 554 4801 ceamenta
581 4749 632 4801 in
674 4748 936 4818 pedibus,
971 4757 1023 4803 et
1054 4748 1231 4803 baculi
1263 4751 1320 4803 in
1363 4749 1606 4802 manibus
1647 4750 1851 4805 uestris.

284 4834 580 4891 Comcdetis
606 4854 725 4892 eum
752 4855 871 4892 cum
892 4838 1247 4908 festinatione,
1272 4855 1462 4909 azyma
1488 4855 1608 4893 cum
1634 4838 1853 4893 lactucis

284 4929 579 4995 agrestibus
592 4932 892 4984 comedetis.
908 4928 1116 4984 Pascha
1137 4930 1367 4985 Domino
1387 4939 1464 4985 est
1480 4930 1728 5002 ".Atque
1742 4932 1858 4987 hac

285 5017 420 5085 legis
451 5019 613 5073 verba
643 5031 793 5083 sunt,
846 5020 1311 5088 manducationis,
1347 5023 1569 5077 modum
1602 5024 1859 5091 praescri-

284 5107 483 5164 bontis.
516 5107 809 5166 Videamus
852 5110 967 5179 jam
1019 5111 1150 5181 quid
1184 5115 1614 5183 unumquodque
1655 5115 1850 5167 horum

283 5198 569 5268 significet.
588 5201 745 5268 Quod
777 5203 946 5273 igitur
971 5201 1290 5258 festinanter
1306 5219 1430 5259 esse
1449 5205 1849 5261 comedendum

282 5288 385 5353 ait,
417 5291 523 5346 hoc
576 5292 736 5347 nobis
787 5292 993 5347 indicat
1039 5307 1186 5358 cum,
1237 5293 1331 5363 qui
1389 5294 1515 5363 agni
1576 5294 1848 5364 particeps

284 5380 500 5438 futurus
528 5382 622 5449 sit,
653 5399 874 5454 segnem
903 5399 968 5441 ac
995 5386 1279 5440 socordem
1320 5399 1443 5440 esse
1486 5402 1595 5440 non
1626 5387 1846 5452 debere,

377 5558 423 5591 “
453 5560 607 5616 Deut.
639 5579 753 5627 ut,
785 5564 872 5617 23.

287 5631 417 5700 lipp.
466 5645 547 5695 ιιι,
584 5633 668 5685 15.
745 5634 792 5665 ⁸⁸
817 5633 1076 5698 (Seruis,
1110 5636 1132 5687 l
1166 5649 1322 5703 seqq.

976 5565 1018 5595 ⁸¹
1041 5563 1200 5619 Joan.
1233 5579 1342 5630 xix,
1372 5565 1573 5628 51-53;
1602 5564 1772 5618 Exod.
1804 5580 1902 5627 χιι,
1931 5564 2020 5619 46.

1398 5636 1445 5666 ⁸⁸
1475 5634 1664 5688 Matth.
1712 5640 1806 5698 xr,‘
1826 5636 1913 5689 30.

1961 4482 2106 4534 enim
2136 4479 2410 4547 condigna
2438 4484 2558 4529 sunt
2590 4473 2861 4542 passiones
2888 4472 3047 4539 hujus
3077 4470 3262 4525 stat-ali
3292 4470 3362 4523 ad
3387 4470 3537 4540 [utu-

1960 4585 2078 4624 rant
2109 4568 2358 4640 gloriam,
2396 4581 2513 4635 qua:
2546 4563 2865 4618 revelabitur
2905 4565 2961 4615 in
2994 4562 3168 4624 nobis,
3209 4570 3268 4615 ut
3298 4562 3534 4629 aitApo-

1959 4661 2135 4716 stolas
2164 4659 2237 4714 ".
2270 4657 2337 4713 Et
2368 4657 2476 4711 alio
2506 4657 2627 4711 loco
2650 4672 2665 4708 :
2687 4654 2753 4708 ld
2782 4656 2920 4724 quod
2945 4654 2998 4706 in
3034 4650 3534 4720 prasentimamen-

1955 4742 2167 4808 taneum
2181 4760 2259 4806 est
2273 4749 2632 4803 tribulationis
2645 4756 2861 4810 nostris,
2875 4760 3038 4815 supra
3054 4742 3174 4796 mod
3180 4758 3266 4796 nm
3280 4751 3535 4797 internum

1963 4844 2146 4914 gloria:
2161 4842 2366 4910 pondus
2390 4840 2709 4908 operaturin
2731 4838 2900 4902 nobis,
2922 4851 3025 4889 non
3055 4833 3413 4903 spectantibus
3435 4847 3532 4885 no-

1966 4932 2043 4985 bis
2062 4949 2147 4997 ea,
2167 4945 2285 5001 qua:
2304 4929 2567 4991 uidentur,
2601 4929 2690 4980 sed
2704 4942 2820 4996 qua:
2837 4942 2940 4978 non
2958 4926 3222 4979 uidentur.
3244 4922 3378 4989 Quae
3391 4924 3531 4976 enim

1963 5025 2226 5089 uidentur,
2270 5019 2586 5088 temporaria
2616 5026 2770 5071 sunt:
2797 5033 2915 5087 qua:
2940 5026 3115 5070 autem
3147 5032 3248 5069 non
3267 5014 3527 5079 videntur,

1957 5107 2521 5181 uidentur,‘¢rterna“.
2540 5107 2653 5164 [lac
2676 5110 2887 5161 ratione
2920 5106 3097 5162 facilia
3120 5114 3242 5160 sunt
3261 5111 3529 5174 pra-cepta

1951 5202 2519 5275 evangelica.Alioqui
2579 5201 2953 5271 evangelicum
3000 5197 3262 5268 legalibus
3318 5195 3516 5251 ediczis

1952 5296 2317 5350 aerumnosius
2334 5305 2496 5364 atque
2510 5294 2835 5349 laboriosius
2850 5302 2952 5347 est.
2971 5289 3028 5343 Si
3045 5288 3137 5359 qui
3158 5290 3263 5343 lem
3279 5287 3364 5343 lex
3391 5301 3532 5339 ωει-

1954 5393 2103 5441 taxat
2126 5395 2468 5456 peccatorum
2504 5385 2640 5442 lines
2658 5384 2954 5453 prohibet;
2993 5390 3047 5436 at
3078 5381 3330 5437 Christus
3358 5379 3415 5434 iu
3454 5375 3528 5431 E-

2135 5565 2181 5596 δ·
2211 5565 2353 5621 Psal.
2387 5581 2478 5632 xv,
2510 5566 2598 5622 to.
2669 5525 2725 5596 ἶ*
2756 5564 2927 5619 Exod.
2958 5576 3054 5625 κει,
3081 5560 3230 5626 8,Η.
3305 5559 3350 5591 ιι
3386 5562 3516 5620 ru:-

2028 5634 2071 5667 "
2111 5634 2270 5692 Rom.
2302 5652 2434 5707 ⁸νιιι,
2476 5639 2563 5694 18.
2672 5635 2719 5667 ⁸⁸
2751 5636 2794 5688 ll
2834 5636 2957 5689 Cor.
2992 5649 3064 5700 ιγ,
3103 5632 3189 5697 17,
3223 5632 3305 5685 18.
