3996 6206
575 261 710 327 i379

1988 259 2367 321 ADDENDA.

3768 266 3903 332 ωδε]

569 377 820 450 vangelio
849 390 1046 432 causas
1075 389 1295 446 quoque
1324 374 1473 443 ipsas
1503 372 1660 443 quasi
1698 371 1833 428 lines
1856 372 2148 428 interdicit.
2176 382 2225 440 Α
2253 384 2458 440 serunt,
2487 378 2848 448 unusquisque
2873 381 2941 434 ad
2975 396 3192 436 uxorem
3218 384 3483 451 proximi
3529 381 3655 436 nti
3709 381 3897 438 the

572 464 636 519 Et
669 480 822 527 sane,
846 463 940 532 qui
962 462 1015 516 id
1039 462 1184 532 quod
1207 462 1440 531 primum
1460 468 1544 515 est
1565 460 2139 530 probibet.secundum

569 566 676 604 non
708 548 941 617 reliquit;
965 550 1055 614 qui
1089 547 1234 601 enim
1259 562 1444 601 semen
1477 548 1618 601 tollit
1643 556 1805 617 atque
1822 546 2146 615 cvellitpro-

570 637 717 690 hibet
734 649 950 705 quoque
979 649 1043 687 uc
1061 648 1215 702 seges
1239 635 1446 688 oriatur
1470 652 1483 687 :
1509 634 1741 690 sublatis
1766 633 1966 688 etenim
1993 633 2145 702 prin-

569 725 729 796 cipiis
747 723 1023 779 nihilmali
1054 723 1299 779 exsistet.
1320 724 1398 778 Ac
1423 725 1650 794 proinde
1678 725 1769 794 qui
1794 740 1855 778 ea
1882 738 1989 777 non
2023 738 2143 793 per-

570 818 761 882 mittit,
780 817 877 875 setl
894 830 1119 875 causam
1134 815 1189 871 in
1212 816 1403 871 eodem
1424 816 1535 871 fere
1553 816 1805 872 criminis
1816 817 2012 887 gradu,
2032 829 2143 885 quo

504 958 511 964 ,
569 899 1246 966 ﬁnem,constituit,tuulto
1277 904 1464 970 utique
1493 903 1667 971 magis
1689 917 1877 958 earum
1910 902 2139 956 effectus

571 987 811 1041 sustulit.
844 985 961 1040 Non
991 988 1316 1041 adulterium
1337 990 1851 1059 committes,inquit
1877 989 2010 1044 lex“
2040 1003 2145 1044 :ac

568 1084 624 1126 tu
672 1088 739 1126 ne
780 1075 1132 1143 concupisces
1185 1073 1428 1142 quidem,
1487 1090 1586 1129 nec
1639 1076 1782 1144 turpi
1834 1084 2001 1144 atque
2043 1076 2143 1131 ob-

561 1176 727 1215 sceno
780 1172 1004 1230 aspectu
1058 1162 1341 1216 mulierem
1396 1164 1715 1233 perspicies,
1770 1179 1872 1219 nec
1945 1164 2144 1220 aliena

564 1247 753 1300 fortnte
787 1247 1254 1316 pulchritudinem
1307 1250 1548 1303 curiosis
1603 1250 1776 1303 oculis
1814 1250 2136 1313 intueberis,

562 1343 621 1388 ut
678 1336 866 1388 sedulo
912 1343 1075 1402 atque
1111 1335 1271 1388 anxio
1312 1346 1539 1403 aspectu
1599 1337 1805 1391 amoris
1861 1335 2135 1389 flammam

561 1423 848 1477 accendas.
889 1420 1013 1475 [huc
1062 1423 1206 1475 enim
1241 1422 1496 1475 adulterii
1535 1438 1701 1477 causa
1735 1432 1837 1477 est.
1876 1422 2087 1478 Rursus
2119 1439 2135 1478 :

564 1510 682 1566 Non
703 1513 903 1565 eadem
931 1511 1290 1579 perpetrabis,
1326 1514 1400 1565 ait
1427 1516 1508 1567 lex
1533 1514 1601 1579 5°;
1638 1522 1692 1567 at
1719 1514 1969 1570 Christus
1999 1514 2135 1568 iram

567 1618 785 1671 quoque
825 1603 1019 1671 ipsam,
1064 1619 1129 1657 ex
1157 1618 1263 1671 qua
1302 1605 1477 1660 cwdes
1508 1608 1772 1671 nascitur,
1812 1607 2132 1663 interdixit:

565 1688 676 1759 Ego
705 1690 842 1744 enim
868 1691 984 1744 dico
1026 1692 1188 1757 vobis,
1221 1695 1417 1762 inquit,
1451 1703 1508 1763 ut
1541 1709 1641 1746 non
1672 1696 1936 1748 resistatis
1970 1695 2134 1757 malo,
2170 1706 2212 1761 Β

564 1782 773 1835 homini
826 1783 1069 1847 scilicet;
1111 1782 1202 1836 sed
1246 1785 1291 1838 si
1331 1785 1446 1853 quis
1487 1786 1540 1839 in
1581 1785 1822 1838 dextram
1855 1787 2135 1840 maxillam

564 1872 841 1941 colaphum
878 1873 973 1926 tibi
1000 1874 1293 1943 impegerit,
1331 1883 1569 1927 converte
1613 1873 1698 1927 illi
1731 1884 1779 1928 et
1808 1876 2033 1930 alterunt
2067 1875 2133 1928 ⁸¹.

563 1960 777 2016 Rursus
816 1978 829 2014 :
864 1961 1073 2014 Dictum
1106 1973 1181 2015 est
1219 1962 1490 2032 antiquis:
1527 1960 1647 2015 Non
1677 1963 1959 2031 pejorabis.
2025 1963 2135 2033 Ego

563 2063 739 2104 autem
770 2052 887 2103 dico
920 2053 1081 2116 vobis,
1121 2068 1184 2107 ne
1214 2070 1245 2106 a
1271 2053 1534 2121 principio
1561 2054 1769 2123 quidem
1800 2057 2014 2108 omnino
2052 2054 2137 2118 iu-

564 2138 690 2191 ret-is
720 2138 790 2189 ".
826 2135 902 2190 Ex
933 2138 1126 2191 crebro
1155 2138 1302 2191 enim
1334 2146 1388 2192 et
1418 2138 1678 2192 familiari
1706 2139 2002 2208 jurantenti
2031 2155 2133 2195 usu

565 2228 862 2295 periurium
882 2227 1075 2282 oritur.
1100 2228 1311 2282 Dictum
1334 2238 1417 2284 est
1445 2244 1640 2285 rursus
1656 2245 1749 2299 per
1771 2229 1964 2284 Isaiam
1992 2230 2131 2295 εγω,

561 2318 656 2386 qui
683 2317 1005 2387 conjunguut
1036 2319 1248 2371 domum
1305 2335 1421 2372 cum
1465 2320 1643 2385 domo,
1702 2333 1751 2375 et
1792 2338 1975 2391 agrum
2015 2338 2134 2375 cum

562 2424 712 2477 agro,
764 2417 820 2461 ut
863 2411 1103 2476 proximo
1144 2411 1346 2481 aliquid
1390 2411 1618 2480 eripiant
1665 2412 1734 2468 ".
1772 2414 1840 2466 At
1874 2414 1926 2466 in
1960 2415 2135 2467 diver-

566 2515 686 2553 sum
732 2498 987 2554 Christus
1048 2504 1190 2570 apud
1236 2504 1479 2556 Marcum
1530 2502 1604 2557 ita
1661 2504 1939 2573 loquitur:
1970 2503 2129 2569 Vade,

559 2586 718 2640 vende
750 2602 1068 2657 quwcunque
1097 2586 1276 2651 habes,
1319 2598 1369 2642 et
1405 2590 1474 2642 da
1505 2590 1846 2658 pauperibus,
1889 2601 1940 2645 et
1978 2591 2135 2645 habe-

559 2676 637 2729 bis
662 2677 967 2730 thesaurum
993 2676 1046 2729 in
1075 2676 1238 2742 caelis,
1263 2686 1312 2731 et
1337 2680 1472 2743 veni,
1491 2689 1539 2732 et
1575 2678 1699 2733 tolle
1722 2696 1926 2733 crucem
1961 2689 2129 2745 tuam,

556 2774 605 2815 et
634 2779 845 2833 sequere
877 2779 957 2817 me
1011 2763 1078 2817 “.
1126 2764 1242 2829 Que
1290 2765 1412 2820 loco
1446 2782 1580 2821 crux
1627 2768 1865 2822 carnalis
1904 2768 2129 2823 affectus

557 2858 992 2925 oppressionem,
1034 2856 1303 2927 fiedaeque
1335 2861 1625 2928 voluptatis
1658 2848 2043 2930 abjcctionem,
2070 2871 2127 2917 et

557 2948 762 3002 doloris
806 2963 930 3002 cum
962 2950 1161 3002 virtute
1193 2951 1473 3018 conjuncti
1510 2967 1755 3018 sensum,
1788 2953 2069 3023 animique
2093 2968 2123 3007 a

2245 465 2337 520 bat
2366 467 2433 522 ⁸³.
2464 468 2678 524 Etenim
2714 472 2785 526 ita
2810 474 3027 528 demum
3054 475 3258 530 Pascha
3292 478 3483 548 digne
3535 476 3901 534 comederis.

2244 559 2290 614 si
2339 559 2735 629 voluptuariam
2783 579 2974 619 earum
3033 581 3239 631 rerum,
3299 586 3421 638 quae
3502 571 3588 623 in
3660 569 3785 623 hac
3815 575 3899 623 vita

2241 651 2485 706 studiose
2498 655 3196 722 expetuntur,|atitudinem
3219 661 3378 728 quasi
3401 671 3694 717 vestem
3724 680 3901 732 qm

2241 738 2366 793 dam
2398 741 2465 794 ad
2503 742 2669 811 pedes
2699 745 2995 801 demissam
3021 757 3074 803 et
3101 749 3577 818 circumfusam,
3633 770 3759 821 per
3791 765 3903 808 tea-

2222 831 2545 898 perantiam
2575 835 2921 891 contraxeris
2963 853 3029 892 ac
3079 844 3466 898 restrinxeris.
3553 842 3743 898 Nam
3776 852 3901 911 quos

2220 936 2378 976 zona
2410 926 2821 990 temperantiam
2852 925 3123 997 designet,
3176 932 3329 987 locus
3366 936 3506 997 ille,
3586 938 3710 989 cui
3749 953 3902 1005 app-r-

2241 1010 2411 1076 uitur,
2441 1014 2576 1069 satis
2603 1015 2915 1073 confirmat.
2944 1016 3079 1071 Tum
3127 1022 3200 1085 si,
3252 1023 3416 1089 juxta
3454 1023 3686 1079 Pauli
3731 1030 3903 1080 tonsi.

2242 1102 2377 1157 lium
2410 1103 2482 1168 ",
2510 1106 2781 1172 membra,
2813 1123 2935 1178 qua:
2964 1120 3094 1166 sunt
3127 1127 3292 1183 super
3322 1124 3611 1179 terram,
3669 1120 3902 1169 monis

2241 1196 2479 1248 caveris.
2505 1192 2624 1247 Non
2653 1196 2811 1262 dixit,
2846 1202 3094 1267 corporis
3147 1203 3334 1271 (hujus
3386 1210 3588 1259 enim
3650 1212 3897 1261 nlCtliiﬁ':
3954 1266 3955 1285 η

2240 1287 2372 1332 sunt
2401 1290 2587 1349 caput,
2639 1299 2856 1350 manus,
2902 1289 3088 1356 pedes,
3144 1300 3200 1344 et
3262 1292 3365 1346 alia
3463 1296 3901 1364 lsujusmodi.

2241 1383 2428 1424 verunt
2461 1387 2524 1425 ea
2579 1389 2699 1443 quc
2744 1387 2866 1429 sunt
2919 1392 3078 1445 super
3120 1387 3337 1444 terram,
3368 1382 3430 1436 id
3469 1395 3621 1448 est,
3697 1394 3893 1438 terra.

2238 1461 2464 1517 affectus
2497 1466 2763 1532 membra,
2823 1467 3082 1524 nimirum
3122 1473 3586 1538 scortationem,
3640 1477 3901 1529 inimus-

2238 1552 2451 1618 ditiam,
2488 1554 2792 1621 libidinem,
2831 1560 3332 1629 concupiscentiam
3385 1568 3694 1621 malant.
3738 1570 3899 1625 Deni-

2239 1659 2345 1714 que
2374 1646 2420 1701 si
2447 1645 2676 1701 Joannis
2707 1664 2901 1702 zonam
2933 1651 3186 1710 imiteris.
3228 1655 3383 1713 Buc
3416 1670 3659 1713 autem
3709 1665 3898 1716 imita-

2242 1743 2348 1797 tur,
2376 1735 2622 1803 quisquis
2655 1738 3005 1794 continentiae
3041 1756 3142 1811 ope
3174 1759 3241 1799 ac
3266 1747 3499 1805 virist
3538 1753 3889 1820 genitales:

2238 1825 2434 1879 animm
2461 1824 2772 1883 facultatem
2798 1828 2979 1898 rcipsa
3012 1847 3106 1900 per
3134 1838 3521 1905 cognitionem
3571 1846 3887 1899 constrin-

2234 1916 2314 1985 git
2361 1926 2524 1986 atque
2574 1918 2647 1972 ita
2704 1922 2965 1985 custodit,
3026 1933 3086 1979 ut
3139 1926 3207 1980 ad
3252 1937 3654 1986 terrenarum
3696 1951 3886 1991 mu

2236 2021 2592 2076 congressum
2641 2010 2872 2066 diffundi
2904 2024 3141 2085 nequeat
3179 2056 3194 2081 ,
3229 2019 3280 2072 id
3309 2030 3414 2086 est,
3454 2026 3574 2092 qui
3619 2029 3877 2096 turpia:

2236 2098 2573 2168 voluptatum
2613 2103 2969 2171 cupiditatem
3007 2109 3289 2167 exstinxit.
3348 2111 3479 2168 Hoc
3545 2118 3873 2187 genitale-

2235 2190 2433 2243 anima:
2465 2190 2571 2244 vim
2611 2203 2665 2246 et
2701 2195 3014 2250 facultatem
3063 2209 3237 2265 vocat,
3287 2217 3457 2269 quam
3497 2209 3679 2262 ratio
3713 2212 3869 2265 notas

2235 2277 2419 2339 insita,
2453 2279 2507 2333 id
2543 2290 2648 2347 est,
2682 2283 2763 2338 vis
2794 2284 3102 2351 rationalis,
3136 2293 3474 2363 constringit
3507 2308 3765 2367 satque
3790 2302 3866 2353 ιι-
3955 2277 3957 2343 Ῐ

2233 2370 2637 2439 dissolubilem,
2674 2375 2779 2430 hoc
2808 2389 2915 2442 est,
2947 2380 3013 2432 ad
3053 2395 3232 2436 rerum
3281 2390 3524 2442 materia
3578 2401 3858 2446 constan-
3956 2458 3957 2465 η

2236 2462 2369 2515 tium
2401 2477 2646 2520 amorem
2693 2467 2919 2522 minime
2953 2485 3176 2538 pronaut
3210 2483 3265 2528 et
3305 2479 3645 2544 proclivem
3676 2494 3858 2536 custo-

2232 2552 2330 2607 dit.
2361 2552 2604 2610 Joannes
2633 2557 2778 2611 enitn
2816 2559 2975 2627 ,circa
3024 2560 3238 2618 lumbos
3287 2567 3600 2634 pelliceam
3643 2588 3845 2627 zona

2232 2644 2487 2701 habebat.
2519 2646 2679 2702 Pellis
2709 2663 2875 2717 porro
2897 2661 3110 2706 mortua
3137 2665 3238 2720 est,
3269 2670 3334 2711 ac
3360 2673 3478 2713 rem
3504 2674 3846 2717 emortua-

2230 2736 2503 2807 designat.
2570 2739 2688 2793 lam
2752 2756 2883 2797 vero
2932 2744 3213 2802 solitarius
3270 2749 3380 2805 dici
3450 2757 3696 2823 possit,
3753 2759 3843 2827 qui

2232 2828 2399 2881 animi
2448 2829 2693 2886 habitum
2743 2833 2813 2886 ab
2848 2834 2998 2889 omni
3049 2839 3361 2894 turbulento
3416 2855 3577 2898 motu
3626 2864 3845 2916 purum

2229 2921 2589 2987 comparavit.
2616 2919 2931 2978 Praecursor
2948 2936 3154 2990 autem,
3179 2929 3273 2997 qui
3298 2944 3387 2997 per
3404 2947 3596 2987 veram
3621 2947 3684 2990 et
3710 2939 3843 2992 sin-

561 3036 794 3090 terrenis
829 3037 991 3091 rebus
1023 3039 1356 3092 evectionem
1393 3039 1683 3108 significat.
1721 3040 1914 3096 Totius
1947 3019 2128 3098 autem
2155 3037 2201 3099 C
2233 3020 2415 3108 cena}
2454 3019 3161 3108 pmmt‘fmiam’-“summa
3201 3021 3363 3088 Ψδίυθ
3392 3026 3722 3092 ³⁵⁵⁸⁰¹³¹¹¹’
3774 3044 3836 3084 ³⁸

540 3124 720 3192 Junjus
749 3123 879 3178 dicti
926 3124 1043 3179 hac
1083 3127 1356 3180 sententia
1390 3137 1476 3182 est
1512 3143 1526 3180 :
1562 3126 1797 3183 Tantum
1843 3131 2020 3197 absit,
2066 3139 2127 3185 ut

557 3213 752 3269 alienis
804 3217 970 3269 rebus
1018 3230 1238 3269 manmn
1296 3216 1530 3286 injicias,
1588 3229 1733 3274 utea
1788 3221 1952 3276 etiam
2004 3237 2128 3292 quae

558 3304 804 3359 honestis
828 3305 1130 3360 rationibus
1165 3308 1492 3375 quaesivisti,
1532 3311 1864 3380 pauperibus
1881 3312 2126 3369 effundas

559 3407 725 3466 atque
741 3399 1044 3467 dispergas,
1065 3408 1119 3453 ut
1140 3404 1357 3454 erucem
1380 3399 1535 3454 facile
1551 3404 1796 3472 perferas
1809 3405 2126 3475 (paupertas

550 3489 701 3539 enim
729 3486 916 3550 efficit,
944 3494 1005 3540 ut
1035 3486 1343 3542 alliictionis
1374 3503 1514 3543 onus
1534 3488 1724 3543 leviter
1752 3490 2034 3561 feramus),
2063 3506 2126 3547 ac

553 3592 652 3647 pro
701 3577 864 3630 rebus
918 3576 1142 3630 caducis
1197 3584 1251 3630 et
1300 3577 1403 3631 sub
1456 3591 1739 3647 aspectum
1805 3582 2126 3637 cadentibus

552 3661 985 3729 incorruptibilia
1017 3670 1071 3714 et
1099 3663 1433 3730 sempiterna
1466 3666 1607 3719 bona
1638 3670 2025 3735 consequaris.

620 3749 742 3801 Col.
784 3749 886 3800 647
917 3746 980 3802 C.
1023 3747 1151 3799 lam
1179 3750 1366 3817 lumbi,
1399 3752 1559 3806 mutis
1580 3755 1791 3821 quidem
1830 3758 2125 3810 animanti-

555 3835 674 3896 bus,
706 3842 810 3885 etc.
836 3830 992 3885 Nunc
1016 3830 1145 3885 illud
1179 3837 1568 3902 interpretatur
1594 3855 1610 3892 :
1635 3839 1753 3893 Sint
1779 3839 1942 3894 lumbi
1966 3845 2124 3897 vestri

553 3917 830 3989 prxcincti
880 3916 950 3985 ",
976 3918 1159 3986 aitque
1193 3935 1207 3970 :
1248 3918 1432 3976 Brutis
1477 3923 1697 3990 quidem
1753 3930 2122 3985 animantibus

551 4010 746 4075 lumbi,
770 4011 873 4064 hoc
895 4020 1000 4074 est,
1026 4026 1152 4080 pars
1171 4024 1235 4065 ea
1284 4026 1402 4079 quae
1439 4014 1719 4085 voluptate
1746 4018 1930 4084 alitur,
1956 4022 2121 4079 soluti

554 4102 666 4156 sint
700 4102 1036 4171 minimeque
1064 4104 1367 4172 compressi
1395 4120 1459 4162 ac
1485 4106 1713 4162 frenati:
1735 4111 1994 4178 quoniam
2032 4128 2122 4167 ra-

555 4193 741 4256 tionis,
773 4207 892 4259 quaa
923 4193 1184 4249 adversus
1236 4195 1448 4250 brutam
1485 4199 1820 4268 voluptatem
1861 4211 1917 4256 et
1966 4219 1996 4257 a
2031 4220 2121 4260 ra-

556 4281 703 4334 tione
735 4295 981 4334 aversam
1014 4283 1300 4350 imperium
1334 4286 1517 4353 habet,
1558 4294 1802 4359 expertia
1842 4302 1990 4362 sunt,
2023 4311 2122 4353 nec

554 4371 763 4439 judicio
786 4374 1256 4439 perturbationum
1276 4377 1441 4430 animi
1461 4380 1704 4451 principe
1725 4385 2121 4453 gubernantur.

554 4458 665 4515 Nec
693 4461 837 4513 enim
884 4461 1091 4515 arbitrii
1140 4463 1391 4521 libertate
1423 4467 1624 4523 donata
1672 4480 1823 4536 sunt,
1860 4475 1965 4529 nisi
1999 4477 2122 4544 quis

555 4551 775 4618 dixerit,
805 4567 995 4606 eorum
1023 4569 1242 4623 quoque
1272 4556 1538 4624 permulta
1570 4561 1838 4617 naturalis
1861 4564 1929 4618 ad
1966 4579 2123 4619 vene-

554 4656 708 4696 reum
763 4657 1115 4710 congressum
1174 4654 1353 4698 motus
1403 4655 1565 4715 atque
1636 4649 1869 4719 impetus
1899 4653 2119 4709 modttm

555 4743 736 4782 nosse.
802 4730 1045 4784 Lumbus
1098 4731 1242 4784 enim
1291 4733 1675 4802 appetitionem
1722 4754 1845 4792 cum
1915 4738 2117 4797 femina

546 4821 784 4875 coeundi
841 4822 1134 4889 significat.
1174 4821 1293 4877 Tibi
1350 4833 1554 4887 autem,
1594 4829 1687 4896 qui
1743 4838 1933 4896 praeter
1968 4833 2116 4887 arbi-

560 4914 645 4967 trii
679 4914 981 4967 libertatem
1023 4914 1252 4969 rationis
1282 4932 1498 4986 quoque
1530 4934 1684 4973 usum
1722 4922 2000 4990 accepisti,
2033 4923 2116 4978 fa-

556 5001 807 5056 ciendum
850 5010 958 5065 est,
997 5012 1055 5055 ut
1088 5005 1468 5071 temperantia,
1501 5005 1664 5058 veluti
1695 5021 1829 5059 zona
1858 5010 2114 5077 quadam,

554 5102 766 5161 turpem
806 5103 862 5146 et
895 5107 1147 5146 vesanam
1181 5094 1529 5162 cupiditatem
1568 5110 1633 5150 ac
1666 5097 1965 5164 libidinem,
2003 5114 2124 5168 qua:

556 5193 650 5248 per
693 5180 907 5236 lumbos
964 5182 1324 5253 significatur,
1384 5187 1753 5259 constringas.
1804 5190 1979 5254 Quam
2036 5194 2123 5244 iu~

554 5276 964 5343 sectansatque
987 5272 1345 5339 proscindens
1394 5271 1686 5342 Jeremias,
1720 5276 1991 5333 hinnitum
2025 5295 2122 5348 ap-

555 5351 735 5418 pellat,
765 5353 954 5409 dicetts
982 5373 996 5409 :
1024 5354 1382 5424 Equi.insano
1408 5359 1727 5428 feminarum
1757 5379 1935 5418 amore
1963 5381 2122 5419 exar-

2206 3111 2327 3169 per
2358 3097 2611 3152 virtutem
2643 3100 2696 3154 in
2722 3103 2970 3157 omnium
3022 3107 3197 3161 oculis
3245 3109 3506 3166 lucentem
3527 3153 3550 3181 ,
3583 3120 3829 3188 propias

2228 3202 2395 3257 quum
2414 3190 2651 3246 scientia:
2671 3193 2958 3249 adventum
2985 3199 3333 3265 praenuntiat.
3351 3201 3593 3273 Magnus
3608 3220 3824 3277 poster.

2228 3292 2317 3331 mo
2350 3280 2598 3335 veritatis
2628 3297 2826 3351 praeco,
2878 3286 2972 3354 qui
3016 3289 3263 3345 veritatis
3312 3292 3619 3363 doctrina,
3654 3280 3817 3367 quam

2229 3383 2363 3423 voce
2392 3372 2653 3439 praedicat
2708 3388 2805 3442 per
2852 3375 2979 3431 vita:
3012 3379 3300 3446 puritatem
3333 3383 3498 3439 ﬁdem
3536 3390 3775 3444 astruit.

2298 3456 2418 3513 Col.
2453 3461 2556 3513 647
2590 3460 2652 3516 C.
2688 3463 2794 3517 Sed
2823 3473 2873 3520 et
2913 3466 3081 3521 aliam
3124 3487 3315 3525 sonam
3360 3477 3506 3541 noui,
3540 3489 3657 3536 etc.
3706 3478 3811 3534 Du-

2227 3549 2373 3618 plex,
2413 3553 2610 3622 inquit,
2644 3570 2798 3609 zona:
2836 3573 3010 3627 genus
3038 3563 3187 3626 novi,
3211 3563 3447 3620 alterum
3480 3585 3605 3639 quo
3637 3574 3809 3627 tunica

2230 3642 2524 3699 immodice
2561 3661 2802 3715 expansa
2840 3652 3215 3724 restringitur,
3253 3672 3359 3726 qua
3402 3660 3807 3731 significations

2225 3734 2318 3803 qui
2364 3733 2574 3792 Pascha
2607 3741 2923 3808 comedunt,
2954 3744 3167 3801 lumbos
3202 3749 3520 3820 accingunt,
3576 3757 3691 3812 hoc
3712 3768 3802 3821 est.

2191 3824 2535 3894 ,superlluas
2570 3832 2897 3899 cupiditates
2954 3839 3307 3896 contrahunt.
3355 3842 3628 3902 Alterum
3675 3848 3804 3903 mil;-

2224 3925 2362 3983 tare,
2395 3934 2427 3973 a
2466 3936 2579 3990 quo
2638 3923 2693 3976 in
2743 3924 2884 3980 libro
2918 3925 3127 3999 Regum
3160 3934 3422 4002 quosdam
3463 3940 3691 3997 milites
3718 3943 3795 3995 in-

2226 4010 2381 4062 venio
2406 4024 2649 4068 euzonos
2673 4027 2726 4069 et
2757 4031 3095 4077 tuouozonos
3124 4034 3379 4094 vocatos;
3407 4045 3673 4090 euzonos
3698 4033 3799 4102 qui-

2223 4097 2371 4193 dem,
2406 4102 2555 4170 quod
2590 4103 2739 4160 leves
2772 4108 2884 4161 sint
2911 4119 2966 4162 et
3001 4115 3259 4181 expediti.
3292 4113 3451 4172 Tales
3502 4123 3667 4177 enim

2223 4188 2311 4243 cul
2368 4190 2536 4247 dubio
2576 4206 2707 4250 sunt
2775 4199 2979 4254 milites
3029 4204 3121 4271 qui
3171 4205 3359 4261 leviter
3413 4188 3791 4283 accinguntur,

2224 4285 2389 4347 atque
2415 4282 2634 4337 unicam
2663 4295 2864 4342 vestem
2895 4290 3295 4362 substringunt,
3324 4311 3388 4351 ac
3420 4282 3670 4367 proinde
3698 4318 3796 4358 mo-

2220 4371 2416 4424 nozoni
2450 4371 2788 4442 frequentius
2824 4381 3188 4449 appellantur,
3238 4395 3297 4439 ut
3348 4398 3571 4457 propter
3635 4408 3790 4447 una.

2222 4470 2424 4515 vestem
2502 4479 2641 4519 zona
2690 4483 2797 4522 uua
2859 4479 3094 4528 utentes.
3149 4476 3327 4544 Atque
3377 4480 3543 4533 etiam
3593 4480 3787 4536 Jobqu

2218 4549 2394 4619 ipsum
2451 4553 2595 4610 Deus
2630 4558 2933 4629 alloquens,
2985 4564 3203 4620 dicebat
3232 4584 3248 4619 :
3278 4567 3379 4635 Ne,
3435 4573 3538 4626 hoc
3563 4577 3689 4637 est,
3721 4588 3788 4627 ne

2220 4641 2493 4697 silentium
2552 4655 2760 4714 teneas,
2811 4667 2999 4706 verum
3052 4657 3401 4725 confirmare,
3453 4678 3518 4717 ac
3561 4672 3785 4717 strenue

2224 4736 2518 4804 responde.
2551 4737 2668 4794 Hoc
2695 4742 2841 4796 enim
2877 4745 3310 4817 significatquod
3342 4753 3459 4805 ait:
3486 4754 3714 4825 Accinge
3736 4763 3787 4807 ut

2224 4826 2304 4878 vir
2344 4826 2550 4885 lumbos
2583 4840 2700 4885 tuos
2726 4832 2795 4887 ⁸⁸.
2826 4835 2966 4904 Ergo
2986 4838 3139 4904 juxta
3161 4840 3615 4908 significationem
3648 4858 3786 4898 zona:

2224 4915 2479 4970 militaris
2525 4908 2693 4973 David
2734 4936 2955 4991 quoque
3008 4926 3076 4979 ad
3128 4926 3296 4981 Deum
3350 4930 3787 4986 aitzAccisuisti

2225 5023 2304 5058 me
2326 5008 2515 5063 virtute
2568 5011 2637 5062 ad
2691 5011 2884 5066 bellant
2908 5016 2976 5068 ".
3015 5017 3079 5072 Et
3108 5019 3175 5071 de
3201 5020 3307 5074 Deo
3343 5024 3501 5077 verba
3539 5023 3782 5081 faciens:

2223 5094 2452 5153 lndntus
2505 5110 2581 5153 est
2632 5101 2889 5158 Dominus
2948 5106 3311 5174 fortitudinem
3398 5129 3462 5165 ac
3507 5117 3784 5181 prwciuit

2222 5205 2275 5242 se
2330 5190 2400 5256 ⁶⁰,
2444 5194 2707 5249 adversus
2760 5196 2959 5266 impios
3011 5199 3219 5256 scilicet
3277 5203 3518 5269 seipsum
3569 5222 3783 5262 armatis

2221 5279 2336 5335 Nisi
2368 5283 2505 5336 forte
2532 5284 2801 5354 quispiam
2852 5287 3000 5342 dicat
3043 5288 3130 5345 his
3161 5294 3341 5347 verbis
3370 5295 3655 5352 :Aerina-it
3690 5301 3783 5353 uir—

2224 5378 2406 5432 tutem,
2465 5372 2565 5426 hoc
2635 5375 2954 5443 significari,
3020 5376 3188 5434 Deum
3243 5398 3587 5453 nequaquam
3640 5386 3780 5442 o.i.ui

620 5527 1100 5624 “litem-Emit
1176 5535 1820 5624 "i‘bid._i§‘.a.“hlattb_:
2119 5548 2130 5579 '

2229 5550 2328 5604 uid.
2352 5551 2442 5618 55,
2468 5552 2588 5624 5i.~
2640 5553 2687 5585 ⁸³
2728 5553 2835 5609 lsa.
2872 5572 2922 5619 ν,
2944 5556 2999 5611 8.
3062 5558 3107 5590 ⁸⁸
3132 5558 3295 5614 Marc.
3326 5575 3378 5624 x,
3411 5560 3501 5617 2|.
3578 5564 3629 5597 ⁸⁸
3657 5565 3774 5621 Luc.

551 5614 652 5666 xtl,
706 5600 776 5656 5’5
871 5601 1139 5658 "tierent.
1174 5609 1306 5672 v,8.
1381 5609 1838 5682 “Coloss.ttt,5.
1895 5600 2087 5684 ξυιιοι»
2144 5600 2375 5677 xiii—iiii

2486 5624 2533 5656 "
2562 5622 2710 5677 Psal.
2742 5641 2872 5689 χιιι,
2905 5628 2993 5681 40.
3088 5629 3133 5659 ⁶⁰
3167 5630 3315 5684 l’sal;
3366 5622 3496 5698 seu,
3532 5632 3581 5686 l.
