3996 6206
218 355 374 416 1331

1192 348 1510 414 NlCETAS
1552 352 1630 413 ΙΝ
1671 353 1893 414 ORAT.
1945 353 2110 413 XLII
2147 356 2206 414 S.
2251 355 2478 414 GllEG.

3355 356 3490 420 138'2

218 461 490 534 petentia
525 476 618 515 sua
645 465 906 516 adversus
937 463 1133 533 impios
1165 478 1325 518 usqu
1357 478 1478 518 esse
1506 464 1653 535 (quis
1676 464 1819 518 enim
1851 473 1897 527 Α
1930 465 2070 534 puli,
2102 466 2217 520 haec
2246 467 2325 520 eis
2355 466 2600 520 doctrina
2631 467 3023 535 praescribitur,
3061 477 3122 520 ut
3179 467 3315 521 nihil
3344 483 3490 522 mor-

215 565 364 606 enm
408 549 676 603 sustinuere
714 550 936 618 queat?)
988 565 1176 604 verum
1209 551 1379 619 ipsius
1429 552 1819 604 exuberantcm

219 655 302 693 ac
362 639 756 693 redundantem
805 634 1017 707 copiam
1083 641 1501 706 compressisse.
1563 640 1816 707 Ejusdem

217 746 465 801 quoque
497 731 715 799 generis
751 742 833 784 est
859 731 992 786 illud
1027 731 1248 787 Davidis
1304 751 1316 786 :
1346 734 1586 786 Amictus
1623 733 1819 786 lumine

218 823 379 872 sicut
416 823 728 874 vestimento
763 823 830 885 ⁸⁸,
883 823 932 876 id
966 831 1050 878 est
1097 822 1327 878 induens
1375 840 1438 878 ac
1485 824 1818 893 restringens

221 913 468 967 luminis
496 913 890 967 cxuberantem
918 914 1155 982 copiam,
1195 930 1303 968 non
1335 931 1492 970 secus
1526 931 1588 970 ac
1612 925 1815 970 vestem

220 1003 539 1070 quamdam
565 1005 629 1055 ad
658 1003 797 1058 talos
815 1018 988 1072 usque
1006 1005 1318 1059 demissam.
1342 1005 1553 1060 Etenim
1575 1008 1816 1074 potentia

219 1094 325 1148 Dei
361 1106 417 1148 et
466 1093 681 1159 lumen,
743 1095 844 1149 nisi
887 1097 1305 1160 contrahantur,
1361 1112 1515 1166 teque
1561 1097 1817 1151 omnibus

220 1187 608 1239 intolerabilia
645 1197 794 1240 sunt.

301 1281 428 1332 Col.
491 1281 597 1334 650
638 1283 700 1335 A.
745 1281 938 1346 Quer
977 1285 1102 1352 quid
1177 1284 1369 1338 lumbis
1423 1302 1541 1338 cum
1598 1289 1815 1340 veritate

219 1385 513 1424 commune
542 1375 648 1437 sit,
680 1385 786 1428 etc.
824 1375 1154 1430 Lumborum
1177 1379 1597 1447 explicazionem
1625 1396 1813 1448 prose-

220 1459 426 1526 quitur
466 1461 796 1528 'fheologus,
849 1461 1214 1533 ac'quoniam
1267 1468 1494 1521 Paulum
1529 1469 1679 1522 audit
1736 1471 1814 1523 sic

228 1549 490 1617 Ephesiis
524 1554 853 1608 scribentem
885 1572 899 1608 :
934 1555 1088 1610 State
1124 1559 1287 1627 igitur
1315 1561 1570 1614 succincti
1607 1561 1812 1614 lumbos

223 1653 433 1695 vestros
466 1645 519 1696 in
553 1646 774 1698 veritate
829 1647 896 1709 ",
938 1651 1130 1715 quatrit
1156 1651 1285 1718 quid
1321 1651 1539 1705 lumbus
1572 1668 1694 1706 cum
1728 1669 1816 1704 γυ-

225 1733 399 1787 ritate
426 1749 717 1790 commune
744 1739 959 1799 habeat.
1000 1750 1165 1809 atque
1193 1741 1244 1794 id
1278 1743 1506 1795 invenit.
1536 1745 1807 1808 Quoniam

225 1826 386 1878 enim
419 1826 472 1878 iu
500 1828 700 1882 lumbis
734 1844 890 1884 renes
919 1840 1068 1895 sunt,
1104 1832 1153 1885 id
1185 1842 1289 1898 est,
1327 1844 1475 1888 retro
1506 1835 1718 1890 lumbos
1743 1839 1808 1889 ad
1846 1804 1884 1856 Β

231 1918 460 1985 spinam
517 1920 688 1986 dorsi,
725 1923 870 1976 circa
901 1939 1058 1978 renes
1098 1933 1276 1978 autem
1310 1940 1434 1994 pars
1467 1929 1809 1996 concupisci-

228 2009 364 2062 bilis
388 2012 492 2063 sita
520 2020 624 2077 est,
664 2014 868 2068 idcirco
900 2030 928 2068 a
972 2015 1092 2070 loco
1132 2018 1635 2086 concupiscentiam
1671 2021 1813 2073 lum;

227 2097 428 2151 borum
463 2101 684 2156 nomine
740 2105 1033 2172 appellavit
1069 2105 1382 2174 Apostolus.
1439 2105 1648 2161 Rursus
1684 2110 1808 2177 quia

229 2189 468 2246 facultas
491 2209 554 2246 ea
585 2209 692 2263 qua
715 2197 1180 2266 contemplamur,
1211 2197 1359 2252 circa
1387 2198 1667 2253 veritatem
1693 2216 1810 2253 ver-

227 2291 415 2343 satur,
447 2296 510 2335 ea
567 2298 689 2351 qua:
730 2300 858 2338 vere
887 2294 1015 2338 sunt
1067 2285 1430 2354 investigatis,
1488 2286 1607 2339 ideo
1639 2287 1706 2339 ab
1745 2301 1810 2340 eo

227 2372 383 2438 quod
429 2375 715 2440 quaeritur,
767 2374 1116 2442 speculatrici
1159 2373 1399 2427 facultati
1438 2369 1678 2428 veritatis
1706 2387 1810 2427 no-

227 2475 362 2513 men
402 2462 684 2530 imposuit.
715 2462 826 2517 lloc
852 2478 977 2517 cum
1002 2479 1032 2516 a
1060 2462 1338 2533 Theologo
1368 2466 1807 2520 animadversum

229 2561 404 2617 esset,
474 2555 556 2609 sic
615 2555 1002 2624 interpretatur
1071 2555 1249 2609 locum
1307 2556 1450 2609 hunc
1490 2575 1502 2609 :
1543 2553 1810 2611 Succincti

229 2643 441 2698 lumbos
492 2645 546 2697 in
578 2645 816 2712 veritate,
857 2647 961 2700 hoc
1013 2657 1115 2713 est,
1165 2646 1366 2700 Christi
1426 2649 1810 2716 contemplatio

231 2734 479 2788 lumbum
544 2747 792 2791 nostrum
833 2743 888 2790 et
920 2736 1418 2806 concupiscentiam
1446 2737 1806 2806 constringit,

229 2837 464 2892 eamque
491 2833 657 2878 totum
685 2827 750 2880 ad
784 2841 965 2880 rerum
1001 2827 1310 2879 divinarum
1342 2839 1584 2878 amorem
1626 2834 1809 2882 trans-

230 2911 410 2966 fusam
449 2926 504 2966 et
549 2916 846 2970 derivatam
894 2917 1123 2974 dilluudi
1155 2933 1218 2971 ac
1247 2916 1481 2984 dispergi
1515 2931 1620 2969 non
1654 2919 1807 2972 sinit.

230 2999 346 3056 Nec
375 3005 520 3056 enim
555 3006 645 3072 qui
703 3005 938 3073 alicujus
983 3005 1060 3058 rei
1101 3019 1287 3058 amore
1337 3004 1656 3069 inardescit,
1680 3019 1808 3074 erga

241 3092 346 3146 alia
383 3094 572 3147 eodem
606 3097 768 3148 modo
803 3096 939 3148 allici
978 3105 1176 3164 potest.

308 3183 446 3236 Ibid.
477 3185 533 3235 Il.
557 3183 682 3236 lam
712 3187 801 3252 qui
837 3195 1034 3238 terram
1074 3196 1313 3239 sanctam
1348 3204 1411 3240 ac
1438 3189 1626 3242 divinis
1658 3189 1809 3240 vesti-

231 3274 330 3342 giis
356 3275 687 3341 impressam,
713 3287 818 3329 etc.
844 3277 1221 3328 Calceamenta
1285 3293 1676 3343 nonnunquam
1712 3292 1810 3344 pro

232 3366 425 3419 vitiosa
459 3367 877 3422 tnortilicatione
927 3365 1267 3432 aceipiuntur
1297 3371 1443 3433 (nam
1493 3383 1555 3418 ex
1589 3376 1808 3418 mortua

234 3476 452 3530 quoque
490 3460 629 3528 pelle
665 3475 726 3513 ea
765 3458 1150 3526 coniiciuntur)
1210 3457 1480 3509 interdum
1518 3458 1682 3509 etiam
1711 3472 1810 3524 pro

234 3549 486 3603 cautione
513 3562 579 3601 ac
605 3548 790 3600 tutela.
816 3544 951 3598 Nam
984 3548 1097 3599 haec
1127 3545 1286 3598 etiam
1317 3543 1575 3612 injuriam
1601 3560 1630 3596 a
1660 3544 1810 3612 pedi-

237 3643 333 3693 bus
367 3647 581 3692 arcent.
611 3640 688 3691 Ae
725 3636 901 3690 Moses
935 3636 1152 3705 quidem
1184 3637 1235 3688 iu
1288 3646 1471 3688 monte
1498 3636 1687 3689 audit:
1725 3633 1808 3688 Ne

237 3732 334 3783 huc
368 3730 671 3792 accesseris,
720 3727 864 3782 solve
923 3728 1280 3780 calceamenta
1323 3726 1386 3780 de
1431 3727 1648 3795 pedibus
1677 3729 1804 3780 tuis.

236 3825 400 3878 Locus
429 3826 590 3886 enim,
625 3824 680 3875 iri
709 3839 810 3892 quo
849 3833 985 3882 stas,
1027 3834 1170 3875 terra
1218 3833 1400 3872 sancta
1433 3831 1509 3872 est
1554 3820 1619 3873 ⁸³.
1675 3819 1808 3884 Quae

237 3919 390 3971 verba
428 3918 528 3970 hoc
587 3916 743 3968 nobis
788 3914 1120 3982 signiﬁcant,
1163 3925 1315 3974 eum,
1343 3912 1436 3978 qui
1467 3911 1704 3962 animam
1737 3908 1806 3962 ad

239 4005 750 4074 contemplationem
783 4001 1008 4070 adjiciat
1047 4003 1186 4067 (haec
1219 4002 1386 4061 enim,
1424 3998 1587 4050 Terra
1619 4008 1804 4050 sancta

239 4110 332 4162 est,
371 4100 422 4149 in
455 4111 562 4164 qua
599 4095 742 4148 Deus
773 4107 868 4161 per
897 4091 1190 4160 imaginem
1218 4090 1464 4158 apparet)
1497 4088 1806 4142 mundanas

243 4205 418 4252 curas,
453 4196 513 4240 ut
546 4198 809 4248 mortuas,
848 4192 900 4238 et
951 4181 1323 4251 inl'rugiferas,
1375 4190 1538 4247 atque
1597 4179 1804 4232 aditqu

244 4280 305 4332 ad
338 4279 502 4330 Deum
537 4274 974 4343 intersepientes,
1001 4271 1238 4336 abjicere
1263 4268 1482 4323 debere.
1522 4269 1804 4322 Consinnli

244 4370 396 4422 modo
431 4369 476 4422 is
514 4381 751 4436 quoque,
783 4364 876 4434 qui
905 4363 974 4416 ad
1002 4361 1408 4432 praedicandum
1454 4358 1803 4428 Evangelium

245 4459 488 4523 mittitur,
527 4467 580 4509 et
611 4472 704 4520 aes,
737 4464 791 4510 et
848 4455 1124 4516 baculum,
1157 4464 1210 4506 et
1265 4453 1402 4506 duas
1459 4453 1710 4516 tunicas,
1751 4459 1806 4504 ct

245 4552 601 4604 calceamenta
646 4549 843 4601 habere
895 4545 1214 4614 prohibetur
1254 4543 1321 4595 “.
1373 4542 1428 4595 lu
1467 4559 1576 4610 quo
1621 4558 1716 4611 per
1755 4542 1808 4596 id

246 4641 471 4713 quidem,
504 4641 648 4708 quod
676 4638 801 4692 :eris
815 4649 1010 4704 expers
1033 4649 1154 4687 esse
1174 4633 1418 4702 jubetur,
1445 4635 1805 4701 pecuniarum

248 4742 580 4802 contemptus
606 4732 834 4784 docetur
864 4743 878 4780 :
914 4741 1010 4796 per
1040 4725 1092 4779 id
1127 4734 1337 4787 autem,
1376 4724 1522 4792 quod
1553 4723 1807 4777 baculum

250 4834 449 4893 gestare
477 4833 732 4888 velatus,
771 4820 986 4888 placido
1032 4827 1193 4885 atque
1235 4816 1304 4868 ab
1335 4816 1415 4866 ira
1465 4812 1644 4866 alieno
1687 4826 1810 4866 esse

249 4913 421 4966 anitno
473 4911 759 4966 condiscit.
823 4908 1058 4963 Baculus
1112 4906 1258 4961 enim
1315 4905 1483 4956 animi
1543 4900 1806 4955 commoti

251 5013 399 5072 atque
427 5004 550 5054 irati
581 5003 822 5070 speciem
857 5003 1082 5068 praebet.
1121 4997 1278 5052 Unde
1318 5002 1372 5050 et
1417 4994 1708 5064 Apostolus
1738 4992 1805 5047 ad

251 5093 550 5147 Corinthios
583 5093 853 5151 scribens,
887 5091 1103 5142 dicebat
1134 5103 1147 5139 :
1179 5088 1319 5151 Quid
1345 5087 1501 5139 vultis
1521 5087 1546 5139 ?
1569 5084 1634 5138 lrt
1657 5084 1805 5153 virga

252 5189 442 5242 vatium
474 5189 542 5238 ad
566 5200 677 5250 vos,
703 5199 773 5235 un
795 5183 849 5235 in
882 5183 1144 5234 charitate
1168 5193 1216 5234 et
1252 5183 1441 5250 spiritu
1475 5178 1711 5231 lenitatis
1735 5175 1808 5230 ⁸⁵2

253 5279 358 5334 iatn
387 5294 481 5348 per
512 5280 747 5330 tunicam
780 5278 889 5328 vita
940 5274 1172 5343 simplex
1216 5284 1378 5342 atque
1410 5271 1479 5325 ab
1505 5269 1660 5324 omni
1687 5283 1808 5324 ver-

254 5373 380 5426 sutia
417 5381 472 5426 et
523 5369 868 5440 improbitate
913 5367 1080 5422 libera
1145 5366 1486 5436 designatur.
1518 5363 1806 5420 Postremo

253 5478 337 5531 per
361 5465 410 5518 id
431 5465 576 5533 quod
607 5465 766 5518 nudis
794 5461 1022 5531 pedibus
1069 5459 1321 5513 incedere
1341 5458 1600 5528 jubentur
1632 5458 1806 5515 disci.-

323 5651 359 5684 ⁶¹
395 5652 537 5707 Psal.
571 5666 690 5714 CLI,
725 5653 781 5705 2.
859 5653 901 5683 ⁸³
937 5650 1133 5720 Ephes.
1180 5667 1255 5713 γι,
1292 5649 1376 5701 Li.

257 5739 339 5788 tn,
369 5724 416 5776 7.
497 5722 707 5794 "‘Luc.
741 5739 792 5786 χ,
833 5722 916 5775 l9.
985 5719 1037 5752 7“
1063 5722 1213 5791 lien.
1253 5736 1337 5785 Ill,
1374 5719 1457 5773 lii.

1459 5649 1500 5679 ⁸³
1536 5649 1706 5701 limi].
1761 5660 1844 5710 tit,
1880 5643 1930 5697 5.

1538 5719 1579 5748 ⁶⁹
1611 5717 1756 5770 Γεσι.
1793 5731 1864 5778 ιι,
1904 5716 1955 5768 9.

1923 565 2076 608 tuum
2108 555 2283 609 ferant
2318 574 2332 608 :
2365 566 2424 610 ut
2473 557 2761 625 impleatur
2807 557 2936 610 illud
2997 558 3170 625 lsaia',
3215 560 3487 614 dicentis:

1922 645 2095 709 Quam
2142 646 2349 713 pulchri
2403 656 2525 699 situt
2561 649 2714 714 pedes
2764 648 3195 699 annuntiantium
3227 664 3407 715 pacem
3437 658 3489 702 et

1921 737 2057 790 bona
2101 738 2170 801 “,
2199 737 2250 790 id
2280 749 2382 803 est,
2406 751 2462 792 ut
2505 755 2724 809 gressus
2775 754 2964 792 eorum
2996 739 3090 807 qui
3137 753 3287 806 pacis
3314 740 3494 792 Evan-

1919 829 2118 896 gelium
2159 831 2510 893 annuntiant,
2568 833 2688 899 puri
2747 831 2818 885 ab
2870 831 3023 883 omni
3073 831 3492 897 reprehensione

1917 928 2236 987 appareant.
2270 921 2443 974 Moses
2465 921 2649 989 igitur,
2672 921 2912 976 divinam
2939 931 3138 976 terram
3164 921 3400 985 calcans,
3428 936 3490 975 ac

1916 1010 2248 1080 discipulus,
2278 1011 2369 1080 qui
2396 1013 2462 1064 ad
2495 1012 2824 1079 praedicandi
2857 1012 3196 1081 provinciam
3235 1011 3488 1074 mittitur,

1915 1104 2174 1159 vitiosum
2207 1120 2270 1157 ac
2296 1115 2571 1158 mortuum
2604 1105 3035 1157 calceameutum
3065 1103 3262 1156 solvat.
3304 1103 3372 1155 At
3395 1106 3490 1171 qui

1916 1194 2208 1264 {Egyptum
2237 1205 2290 1248 et
2320 1194 2541 1264 {Egypti
2579 1209 2664 1247 res
2711 1193 2872 1263 fugit,
2912 1195 2962 1248 id
2993 1203 3096 1260 est,
3125 1203 3405 1262 peccatum
3436 1202 3490 1245 et

1914 1287 2036 1354 ejus
2069 1286 2233 1348 fetus,
2271 1302 2338 1340 ne
2374 1288 2537 1355 hujus
2565 1288 2684 1340 vita:
2711 1286 2894 1356 ;spinis
2944 1287 3070 1355 (hoc
3114 1297 3217 1351 cst,
3252 1287 3488 1352 peccatis

1915 1394 2036 1446 quae
2083 1379 2245 1432 nudis
2298 1388 2354 1432 et
2413 1378 2716 1431 imminutis
2767 1388 2932 1447 atque
2973 1378 3206 1431 inesutis
3258 1377 3486 1445 pedibus

1916 1470 2198 1537 spinarum
2237 1469 2357 1522 loco
2387 1484 2509 1522 esse
2537 1471 2764 1538 queant)
2792 1469 3121 1532 ollendatur,
3153 1470 3488 1522 calceamen-

1916 1569 2095 1612 torum
2129 1560 2388 1612 tirtnitate
2421 1561 2585 1628 pedes
2625 1561 2980 1614 communiat.
3013 1559 3136 1614 Haec
3171 1570 3347 1612 autem
3379 1559 3488 1611 ral-

1915 1663 2195 1706 ceamenta
2239 1651 2375 1704 nihil
2407 1652 2554 1704 aliud
2584 1663 2734 1717 sunt,
2767 1667 2930 1721 quam
2963 1651 3071 1704 vita
3119 1650 3404 1705 continens
3435 1659 3490 1700 et

1914 1757 2133 1811 aspera,
2166 1758 2287 1811 qua:
2320 1743 2602 1812 spinarum
2636 1745 2916 1811 cuspidem
2951 1742 3237 1810 perfringit
3263 1756 3326 1792 ac
3355 1753 3488 1792 cou-

1915 1837 2061 1899 terit,
2093 1845 2258 1903 atque
2287 1834 2537 1902 impedit,
2573 1849 2640 1887 ne
2692 1845 2975 1904 peccatum
3009 1848 3075 1887 ex
3107 1832 3257 1886 tenui
3307 1840 3361 1884 et
3390 1833 3488 1885 ob-

1913 1943 2077 1981 scuro
2105 1927 2373 1995 principio
2404 1927 2470 1979 ad
2523 1926 2782 1978 interiora
2817 1925 3019 1978 sensim
3064 1924 3336 1976 illabatur.
3377 1919 3488 1975 Nec

1915 2032 2043 2069 vero
2069 2025 2288 2084 prepter
2319 2016 2507 2085 spinas
2535 2016 2800 2069 duntaxat
2833 2016 3030 2068 calceis
3063 2024 3266 2078 utatur,
3304 2013 3396 2066 sed
3433 2022 3487 2064 et

1914 2117 2135 2177 propter
2183 2109 2481 2176 daemones,
2513 2108 2606 2178 qui
2660 2108 2856 2162 callide
2899 2118 2954 2162 et
3008 2109 3266 2160 scelerate
3326 2114 3487 2173 atque

1912 2201 2128 2254 occulte
2158 2201 2385 2256 insidias
2415 2210 2658 2264 struunt,
2698 2215 2839 2270 quos
2891 2214 3090 2269 magno
3123 2214 3196 2252 nu
3226 2211 3353 2250 ..cro
3385 2197 3483 2248 alit

1913 2303 2218 2360 peccatum.
2265 2293 2340 2348 De
2369 2295 2572 2363 quibus
2623 2295 2677 2347 in
2716 2291 3014 2361 Evangelia
3057 2292 3132 2344 ait
3170 2289 3434 2342 Dominus
3469 2306 3481 2340 :

1913 2382 2048 2436 Ecce
2074 2384 2214 2445 dedi,
2240 2384 2382 2437 vobis
2411 2395 2721 2454 potestatem
2752 2383 2992 2436 calcandi
3036 2397 3191 2449 super
3222 2387 3484 2446 serpentes

1911 2484 1961 2528 et
1996 2475 2293 2542 scorpiones
2327 2477 2397 2528 ⁸⁷.
2457 2475 2577 2540 Quo
2603 2475 2723 2529 loco
2761 2482 3040 2542 serpentes
3088 2471 3320 2524 fortasse
3354 2484 3450 2537 pec
3472 2498 3483 2507 -

1913 2573 2030 2617 cata
2069 2578 2134 2617 ea
2163 2565 2446 2628 dicuntur,
2471 2581 2591 2633 quae
2621 2563 2905 2632 perspicue
2927 2561 3112 2630 gravia
3149 2568 3312 2627 atque
3336 2565 3478 2610 atro-

1912 2652 1996 2706 cia
2021 2661 2150 2706 sunt
2189 2670 2203 2706 :
2235 2654 2556 2722 scorpiones
2607 2662 2790 2707 autem
2841 2668 2906 2706 ea
2940 2653 3088 2715 vitia,
3150 2666 3272 2720 qua:
3313 2662 3484 2716 quan-

1911 2757 2076 2811 quam
2121 2743 2401 2796 hominum
2436 2745 2695 2812 opinione
2731 2759 2897 2813 parva
2942 2745 3250 2805 videantur,
3293 2741 3484 2793 mortis

1913 2841 2094 2887 tamen
2127 2835 2317 2888 aculeo
2341 2835 2580 2888 animant
2606 2836 3004 2890 convulnerant
3040 2844 3202 2901 atque
3231 2841 3481 2884 enecant.

1913 2923 2214 2991 Separatim
2243 2936 2422 2979 autem
2459 2929 2510 2979 in
2563 2927 2832 2994 principio
2857 2925 3088 2979 Genesis
3118 2925 3184 2978 de
3231 2929 3483 2989 serpente

1911 3019 2172 3076 scriptum
2206 3027 2290 3070 est
2322 3016 2480 3083 :lpse
2513 3017 2805 3068 observabit
2838 3025 2992 3081 caput
3027 3025 3196 3078 tuum,
3232 3021 3280 3064 et
3303 3021 3357 3063 tu
3389 3010 3484 3062 ob-

1870 3137 1877 3172 τ
1912 3107 2142 3160 servabis
2170 3106 2284 3174 ejus
2322 3107 2627 3160 calcaneum
2676 3107 2742 3159 ".
2790 3107 2963 3160 llomo
2991 3105 3192 3160 etenim
3245 3106 3482 3173 primum

1912 3198 2210 3266 spiritualis
2239 3200 2508 3266 serpentis
2563 3199 2823 3266 impetum
2879 3212 2942 3251 ac
2991 3197 3117 3249 mali
3155 3196 3483 3264 principium

1912 3287 2038 3352 (hoc
2067 3288 2211 3337 enim
2240 3283 2520 3352 Scriptura
2551 3296 2713 3352 caput
2755 3286 2932 3351 vocat)
2976 3299 3169 3336 cavere
3200 3296 3364 3350 atque
3389 3286 3484 3335 0L-

1910 3385 2131 3426 servare
2175 3371 2374 3425 debet:
2407 3387 2474 3424 ne
2521 3371 2661 3424 forte
2713 3371 2958 3440 reliquus
2993 3371 3242 3437 corporis
3278 3379 3484 3422 tractus

1909 3471 2073 3532 caput
2094 3471 2462 3531 consequatur
2482 3480 2494 3515 :
2513 3461 2745 3530 Serpens
2761 3471 2962 3522 autem,
2979 3462 3207 3514 actionis
3234 3459 3479 3512 hominis

1912 3555 2096 3620 linem,
2135 3554 2282 3608 velut
2312 3554 2461 3608 calca
2477 3568 2662 3613 neum.
2695 3553 2969 3616 observat,
3006 3553 3087 3605 vel
3117 3551 3279 3605 etiam
3323 3549 3482 3603 finem

1908 3645 2264 3714 profectionis
2289 3647 2464 3714 ipsius
2488 3658 2540 3701 et
2565 3646 2705 3698 vitae.

1977 3735 2098 3790 Col.
2118 3736 2222 3790 650
2248 3737 2308 3790 C.
2330 3737 2535 3803 .lainjde
2561 3737 2748 3789 bucqu
2770 3744 2923 3803 atque
2944 3735 3056 3804 ejus
3081 3733 3482 3800 signiﬁcatione,

1908 3838 2015 3883 etc.
2066 3827 2272 3897 Duplex
2308 3843 2522 3897 quoque
2551 3838 2653 3888 est,
2689 3827 2882 3893 inquit,
2915 3827 3147 3879 baculus
3178 3843 3190 3876 :
3216 3826 3350 3877 alter
3388 3839 3485 3892 pe-

1908 3916 2076 3968 cudes
2109 3915 2318 3966 ratione
2343 3921 2555 3966 utentes
2580 3920 2852 3978 pastorum
2880 3910 2981 3961 ritu
3009 3911 3304 3974 castigans,
3329 3910 3485 3976 juxta

1909 4001 2036 4052 illud
2072 4017 2086 4052 :
2125 3998 2319 4052 Pasres
2346 4015 2433 4052 eos
2471 3999 2524 4050 in
2568 3999 2713 4064 virga
2746 3995 3007 4064 ferrea”;
3053 3994 3190 4047 alter
3240 3997 3485 4048 inlirmos

1911 4089 2353 4157 l'ulcietrs,}jttxta
2407 4089 2459 4142 id
2506 4088 2650 4155 quod
2697 4101 2727 4140 a
2775 4085 3033 4140 Zacharia
3088 4084 3296 4137 dictum
3357 4095 3482 4139 est:

1909 4181 2095 4234 Adhuc
2146 4180 2397 4233 sedebant
2428 4195 2572 4232 senes
2623 4178 2677 4230 in
2712 4177 2901 4246 plateis
2938 4175 3260 4236 Jerusalem,
3325 4191 3489 4228 unus-

1909 4272 2126 4340 quisque
2165 4269 2410 4322 baculum
2441 4270 2636 4322 habens
2678 4270 2733 4320 iu
2764 4284 2922 4320 manu
2951 4284 3070 4331 sua,
3098 4283 3207 4334 pra:
3241 4267 3487 4318 multitu-

1910 4362 2031 4414 dine
2067 4363 2274 4413 dieruni
2296 4359 2365 4413 "°.
2401 4358 2578 4427 Atque
2616 4359 2743 4412 hinc
2766 4395 2782 4419 ,
2834 4370 2892 4412 ut
2926 4361 3120 4428 opinor
3143 4397 3158 4422 ,
3206 4366 3487 4410 mutuatus

1837 4472 1882 4527 ο
1912 4453 2242 4521 'l‘beologus,
2298 4452 2549 4520 superius
2603 4451 2792 4505 dixit:
2839 4449 3005 4504 Senili
3052 4466 3202 4504 more
3234 4449 3485 4504 baculum

1911 4554 2208 4613 gestantes.
2239 4543 2308 4596 At
2336 4545 2428 4597 tibi
2463 4557 2628 4608 nunc,
2665 4557 2861 4611 agnum
2891 4543 3219 4604 comedenti,
3255 4541 3484 4594 lulciens

1907 4651 1970 4690 ac
1999 4636 2276 4691 sustinens
2301 4637 2353 4688 in
2390 4635 2641 4690 manibus
2668 4635 2758 4698 sit,
2793 4645 2851 4688 ut
2879 4635 3091 4689 etiamsi
3128 4635 3218 4687 Dei
3253 4633 3483 4700 sangui-

1908 4743 2030 4781 nem
2083 4737 2137 4781 et
2164 4729 2470 4796 passionem
2525 4742 2590 4782 ac
2643 4737 2870 4781 mortem
2919 4727 3183 4790 audieris,
3222 4726 3480 4777 nimirum

1911 4817 2092 4872 Verbo
2123 4833 2217 4886 per
2251 4819 2802 4872 communicationem
2827 4817 3142 4871 idiomatum
3169 4816 3347 4870 carnis
3377 4829 3490 4868 suae

1909 4913 2265 4982 proprietates
2293 4911 2394 4966 sibi
2428 4912 2737 4965 vindicante
2758 4950 2773 4973 ,
2832 4927 2899 4964 ne
2929 4920 3106 4964 mente
3157 4910 3394 4974 vacilles,
3425 4920 3491 4982 ne

1912 4979 2076 5080 impie
2132 5018 2163 5056 a
2223 5011 2384 5058 rectae
2421 5003 2541 5056 lidei
2579 5002 2823 5056 doctrina
2853 5002 3094 5064 decidas,
3143 5001 3279 5053 adeo
3310 5007 3369 5050 ut
3407 4979 3490 5052 vel

1912 5097 2198 5165 impetibili
2225 5095 2494 5148 divinitati
2533 5096 2840 5163 passionem
2869 5095 3096 5155 tribuas,
3129 5093 3206 5145 vel
3230 5093 3355 5144 dum
3389 5092 3492 5142 hu-

1907 5189 2000 5258 jus
2030 5187 2398 5257 patrociniurn
2429 5187 2684 5254 suscipis,
2719 5201 2868 5248 eum,
2905 5185 2996 5253 qui
3035 5185 3257 5252 patitur,
3295 5197 3490 5250 purum

1917 5278 2195 5330 hominem
2234 5289 2390 5339 esse,
2449 5289 2548 5328 nec
2597 5277 2828 5328 salutem
2872 5275 3030 5327 nobis
3088 5271 3282 5326 afferre
3333 5286 3494 5340 posse

1909 5366 2215 5419 existimes.
2238 5363 2368 5428 Quae
2390 5363 2532 5416 enim
2558 5379 2588 5414 a
2613 5376 2750 5431 puro
2773 5371 2824 5415 et
2847 5360 3077 5428 simplici
3104 5360 3320 5412 homine
3342 5360 3492 5412 salus

1910 5459 2184 5528 prolieisci
2210 5456 2408 5527 queat?
2430 5454 2618 5509 Nonne
2648 5455 2805 5508 audis
2828 5453 3160 5506 Salvatorem
3187 5451 3491 5504 dicentem:

2009 5646 2053 5676 “
2086 5645 2276 5697 Matth.
2333 5660 2384 5706 κ,
2423 5643 2488 5697 l0
2523 5659 2676 5712 seqq.
2756 5645 2798 5673 θ’
2840 5642 2857 5696 l
2891 5643 3016 5696 (lor.
3055 5657 3126 5705 tv,
3160 5638 3250 5694 21.
3310 5637 3352 5666 ⁸⁸³
3385 5637 3495 5689 lsa.

2035 5715 2080 5744 ⁷⁰
2108 5717 2332 5769 Zacliar.
2375 5729 2487 5780 rm,
2520 5717 2570 5765 σί.
