4050 6198
580 260 720 324 i383

2004 271 2385 336 ADDENDA.

3692 282 3836 348 πέει

579 375 705 430 Nisi
738 377 1182 432 manducaveritis
1215 393 1427 432 carnem
1462 377 1592 433 Filii
1639 380 1867 435 hominis
1888 421 1904 447 ,
1934 393 1981 436 et
2014 383 2154 441 bibe—
2178 390 2229 450 Α
2258 385 2455 442 llosem
2481 401 2503 442 :
2532 386 2770 459 Loquere
2825 388 2962 443 riam
3001 388 3069 443 ad
3100 404 3255 442 aures
3294 388 3496 457 populi.
3528 394 3582 442 ei
3610 397 3833 453 pusilla

574 468 695 523 ritis
718 469 831 538 ejus
858 473 1183 538 sanguinem,
1209 487 1313 524 non
1343 471 1598 526 habebitis
1624 475 1786 527 vitam
1815 475 1870 528 in
1903 476 2048 530 vobis
2065 477 2152 530 "f

577 559 779 624 Quare,
816 558 862 614 si
913 560 1032 613 vita:
1080 560 1380 628 cupiditate
1433 561 1691 629 afticeris,
1745 566 1960 620 sublata
2001 574 2150 627 omni

572 650 911 705 dubitatione
941 651 1053 704 veri
1091 653 1212 719 agni
1245 660 1299 706 et
1327 652 1417 706 Dei
1449 668 1648 723 corpus
1683 658 1907 713 comede
1941 667 1994 711 et
2021 675 2149 711 san-

574 740 792 809 guinem
828 740 971 793 hibe.
1023 740 1251 796 Omnem
1300 743 1446 798 enim
1490 744 1656 799 vitam
1688 756 1879 817 suapte
1910 748 1961 802 ri
1996 747 2153 802 at'fert

578 826 810 882 Verbum
834 870 851 896 ,
896 838 1059 899 atque
1084 832 1215 886 illud
1246 848 1311 887 ex
1348 831 1571 904 Virgine
1604 836 1811 891 editttm
1847 839 2103 906 templum
2131 877 2148 903 ,

574 920 809 975 Verbum
841 936 1030 976 verum
1083 924 1136 977 in
1180 924 1361 993 seipse
1408 926 1635 982 habens.
1666 927 1951 997 Proprium
2002 930 2147 985 enim

570 1012 743 1080 ipsius
771 1023 889 1067 erat
921 1028 1120 1082 corpus
1145 1054 1162 1078 ,
1204 1032 1266 1072 ac
1298 1032 1407 1072 non
1458 1016 1614 1086 quasi
1656 1020 1892 1074 alienum
1926 1035 2064 1076 onus
2096 1030 2151 1077 et

569 1104 813 1158 sarcina.
856 1104 1038 1169 Quare
1084 1107 1129 1160 si
1166 1107 1281 1176 ipsa
1328 1122 1460 1163 caro
1489 1114 1768 1179 assumpta
1803 1097 1895 1165 Dei
1924 1110 2145 1176 dicitur,

566 1194 758 1263 utique
805 1205 857 1248 et
888 1197 1075 1252 carnis
1105 1200 1468 1267 proprietates
1504 1198 1596 1254 Dei
1626 1216 1849 1270 quoque
1872 1201 2144 1257 dicentur.

562 1288 640 1340 Ac
677 1288 905 1354 proinde
954 1304 1054 1342 nec
1092 1289 1159 1343 iis
1192 1305 1313 1357 quae
1342 1292 1408 1345 de
1456 1307 1620 1346 carne
1666 1293 1946 1360 dicuntur,
1986 1294 2142 1350 fidem

558 1378 788 1447 ahroga,
830 1394 956 1433 cum
980 1380 1221 1434 audieris
1253 1380 1451 1435 Filium
1484 1382 1576 1437 Dei
1610 1400 1727 1439 eam
1754 1386 2141 1455 assumpsisse,

561 1466 773 1534 sibique
805 1466 1069 1534 univisse,
1102 1477 1271 1537 atque
1322 1470 1377 1523 in
1424 1471 1657 1526 sublime
1698 1482 1940 1529 evectatn
1988 1476 2145 1530 deifi-

561 1573 719 1615 casse
743 1577 758 1613 :
790 1576 893 1615 nec
916 1576 1110 1615 rursus
1131 1563 1430 1629 committe,
1457 1576 1517 1617 ut
1545 1565 1635 1632 iis,
1655 1580 1777 1633 quae
1796 1567 1864 1621 de
1885 1568 2145 1637 passione

558 1648 837 1711 dicuntur,
893 1650 1211 1717 ofi‘endaris,
1244 1666 1369 1706 cum
1427 1654 1666 1711 dicimus
1699 1656 1869 1711 Deum
1919 1672 2139 1726 passum

2257 481 2613 550 unusquisque
2637 498 2670 534 a
2695 482 2889 544 uicino,
2921 489 2970 533 et
2998 481 3186 533 mulier
3219 497 3251 533 α
3276 481 3447 534 uicina
3464 521 3483 546 ,
3511 496 3644 534 sese
3676 498 3835 537 eum

2252 582 2301 625 et
2341 581 2587 641 argentea
2616 582 2666 625 et
2700 573 3021 625 restimeuta.
3057 560 3310 625 Dominus
3330 584 3513 626 autem
3536 574 3689 627 dedit
3721 588 3841 642 gre-

2253 661 2385 713 tiam
2414 662 2608 731 populo
2646 677 2745 717 suo
2792 678 2970 715 eorum
3016 662 3288 732 .Egyptiis
3331 674 3382 718 et
3427 666 3836 719 commodarent

2254 751 2461 821 ipsis“,
2490 755 2592 807 hoc
2611 763 2716 820 est,
2731 754 2798 809 ad
2821 769 2976 809 usum
2996 756 3363 810 crediderunt.
3389 756 3657 812 Dixerunt
3672 759 3841 811 enim:

2253 840 2430 896 Simul
2463 851 2626 911 atque
2653 845 2709 898 in
2752 853 2938 899 monte
2968 845 3455 902 sacriﬁcaverimus
3475 889 3491 913 ,
3523 851 3721 903 statim
3754 868 3844 907 re-

2249 941 2547 988 vertemur.
2586 933 2698 990 Nec
2747 950 2878 990 vero
2908 935 3079 1005 iniqui
3127 936 3320 1005 jndicii
3372 949 3509 1004 erat,
3563 956 3638 996 ne
3680 944 3844 1012 juxta

2254 1023 2537 1078 historiam
2575 1026 2790 1095 quidem
2846 1026 3114 1095 imperare
3154 1028 3221 1082 iis
3256 1030 3345 1096 qui
3374 1031 3656 1086 diuturnis
3676 1035 3847 1101 ,labo—

2258 1112 2412 1169 ribus
2443 1114 2628 1168 afflicti
2675 1114 2916 1177 fuerant.
2959 1125 3018 1168 ut
3044 1114 3329 1185 Egyptios
3374 1120 3700 1189 spoliarent,
3746 1125 3845 1177 sed

2250 1205 2542 1259 admodum
2595 1205 2758 1258 etiam
2818 1206 3011 1274 integri
3056 1214 3219 1275 atque
3254 1208 3553 1279 incorrupti
3608 1213 3847 1279 jndieis,

2246 1307 2463 1361 aequum
2494 1307 2615 1347 esse
2665 1293 3082 1362 pernuutiantis.
3137 1304 3196 1346 ut
3244 1297 3525 1361 operarius
3568 1299 3849 1353 alimento

2247 1383 2483 1438 fruatur.
2526 1384 2833 1453 A‘llegorico
2859 1392 3044 1438 autem
3073 1399 3237 1439 sensu
3270 1400 3364 1454 per
3400 1385 3699 1456 Egyptios
3728 1389 3851 1442 da»

2246 1488 2437 1528 mones
2474 1473 2701 1543 intelligi
2760 1482 3023 1542 possunt,
3055 1489 3151 1544 per
3184 1489 3309 1529 rasa
3342 1486 3522 1530 autem
3574 1492 3759 1531 aurea
3795 1491 3852 1533 et

2244 1574 2496 1635 argentea
2546 1565 2752 1620 divitiae
2807 1576 3043 1630 nostrae,
3096 1580 3219 1634 quae
3246 1580 3314 1620 ex
3369 1567 3535 1621 variis
3583 1570 3852 1622 materiis

2245 1653 2577 1720 conﬂantur,
2598 1670 2830 1725 quarum
2854 1656 2959 1725 ipsi
2977 1656 3184 1711 domini
3206 1665 3357 1724 sunt,
3381 1657 3537 1712 nobis
3560 1658 3851 1728 imposui-

559 1751 703 1793 esse.
757 1736 892 1793 Nam
942 1754 1066 1794 eum
1115 1743 1415 1798 secundum
1468 1759 1689 1800 carnem
1746 1761 1967 1816 passum
2019 1762 2142 1804 esse
2174 1737 2317 1801 Braa
2361 1761 2549 1801 earum
2601 1747 3071 1818 dispensatoribus
3105 1756 3355 1813 utentes,
3391 1764 3595 1818 easque
3623 1764 3849 1819 expen-

554 1826 915 1893 aﬂirmamus,
948 1844 1136 1884 verum
1167 1831 1304 1886 utin
1341 1833 1558 1902 proprio
1583 1849 1837 1903 corpore.
1872 1835 2139 1890 (la-terum

558 1919 649 1974 bic
669 1933 888 1989 quoque
907 1934 1121 1987 eorum,
1143 1924 1238 1991 qui
1268 1938 1468 1993 agnum
1489 1924 1868 1989 comedebant,
1893 1924 2138 1979 habitum

553 2025 733 2068 serva.
758 2010 894 2065 Nam
919 2014 1381 2081 quemadmodum
1405 2016 1479 2071 illi
1504 2024 1713 2072 stantes
1737 2016 2135 2074 comedebant:

556 2102 639 2159 sie
671 2111 724 2156 tu
758 2119 979 2174 quoque
1009 2106 1153 2161 fixus
1186 2118 1240 2161 et
1272 2108 1482 2162 stabilis
1512 2110 1566 2163 in
1608 2111 1833 2164 veritate
1863 2118 1945 2163 sta
1966 2148 1982 2170 .
2016 2109 2138 2163 lidci

552 2197 748 2252 baculo
782 2198 1002 2254 innixus
1026 2238 1043 2264 ,
1076 2215 1176 2254 nec
1207 2202 1355 2254 omni
1386 2211 1552 2256 vento
1593 2202 1859 2257 doctrina:
1893 2217 2139 2257 commo-

552 2300 702 2341 vere.
734 2284 792 2339 ιιι
821 2286 1036 2355 fastigio
1064 2297 1158 2343 tuo
1181 2300 1287 2356 sta,
1319 2305 1421 2345 nec
1444 2290 1499 2344 in
1523 2292 1881 2360 cogitationes
1908 2292 2139 2347 humiles

555 2387 719 2445 atque
765 2376 1009 2444 abjertas
1061 2379 1398 2447 praecipitem
1432 2389 1484 2435 te
1518 2381 1648 2434 ferri
1683 2384 1820 2436 sine.
1877 2379 1972 2435 Dic
2011 2396 2136 2436 cum

558 2469 761 2522 Davide
790 2483 805 2520 :
839 2469 1051 2523 Stantes
1104 2479 1257 2523 erant
1312 2472 1463 2538 pedes
1522 2473 1690 2525 nostri
1722 2473 1775 2526 in
1824 2473 1979 2525 atriis
2006 2473 2134 2538 tuis,

549 2553 850 2611 Jerusalem
871 2556 939 2621 ",
976 2557 1079 2610 hoc
1107 2568 1210 2620 est.
1237 2559 1293 2612 in
1320 2557 1579 2615 Ecclesiae
1604 2561 1851 2615 doctrina
1886 2562 2139 2615 ambula-

551 2659 674 2698 mus
701 2652 755 2697 ct
786 2658 1215 2710 commutamur,
1246 2662 1345 2701 nec
1375 2648 1670 2717 quidquam
1692 2664 1723 2703 a
1756 2659 1941 2704 nostra
1970 2664 2136 2707 causa

549 2735 786 2787 alienum
807 2736 1078 2790 credimus
1097 2741 1511 2806 acprolitemur.
1533 2740 1587 2792 In
1605 2750 1755 2808 petra
1774 2741 1936 2808 pedes
1960 2742 2137 2802 firma.

554 2819 714 2875 Petra
748 2830 929 2877 autem
974 2823 1225 2880 Christus
1264 2836 1387 2894 est,
1424 2843 1488 2881 ac
1519 2838 1705 2883 nostra
1742 2831 1797 2883 in
1827 2845 1953 2883 eum
2005 2830 2137 2885 ﬁdes

562 2919 618 2964 et
648 2909 924 2963 confessio
956 2929 970 2964 :
1001 2914 1159 2981 cujus
1184 2915 1449 2970 beneficio
1482 2920 1688 2971 utinam
1744 2919 1795 2970 id
1831 2934 2135 2988 consequa-

550 3001 648 3065 ris,
683 3009 744 3054 ut
792 3000 928 3056 recti
989 3015 1054 3056 ac
1105 3002 1214 3056 Deo
1259 3006 1398 3073 grati
1431 3005 1511 3058 tui
1567 3023 1792 3076 gressus
1849 3025 1960 3063 non
2018 3026 2135 3066 mos

550 3100 805 3146 reantur.
1254 3126 1257 3127 ν
1875 3148 1879 3152 .

618 3180 756 3236 Ibid.
819 3184 881 3238 D.
914 3182 1057 3250 Quid
1117 3186 1238 3242 ais?
1292 3185 1447 3242 Itane
1512 3189 1679 3257 ﬁxum
1750 3209 1814 3246 ac
1869 3190 2131 3247 decretum

546 3280 646 3336 est,
695 3282 804 3328 etc.
861 3272 1019 3329 Nunc
1071 3273 1380 3348 Theologus
1447 3279 1755 3336 auditorem
1813 3282 2133 3353 interrogat,

548 3363 732 3431 aitque
783 3364 850 3417 ad
888 3380 1013 3419 eum
1067 3385 1081 3420 :
1136 3365 1274 3434 Quid
1311 3370 1489 3424 dicis?
1518 3381 1598 3434 tu.
1648 3373 1893 3443 inquam,
1941 3377 2034 3445 qui
2073 3390 2136 3430 ea

550 3467 675 3520 quae
706 3468 736 3506 a
785 3453 990 3511 ludatis
1041 3458 1094 3511 in
1144 3460 1315 3527 figura
1372 3462 1805 3529 celebrabantur,
1859 3467 2136 3536 spirituali

550 3544 713 3598 modo
737 3543 916 3599 facere
940 3546 1174 3615 juberis.
1202 3549 1480 3618 Cognosce
1506 3555 1619 3607 haec
1639 3556 1712 3608 ita
1730 3554 1960 3610 decreta
1987 3572 2133 3624 esse,

550 3646 611 3691 ut
661 3637 818 3705 juxta
873 3638 925 3695 id
976 3640 1122 3707 quod
1177 3641 1231 3694 in
1298 3642 1722 3700 Deuteronomio
1781 3647 2014 3702 habetur
2067 3664 2134 3703 cx

548 3728 773 3780 fornace
800 3727 976 3782 ferrea
1005 3730 1077 3795 ⁷⁸,
1114 3730 1221 3785 hoc
1251 3741 1355 3796 est,
1386 3749 1447 3786 ex
1481 3732 1717 3804 IEgypto
1758 3736 1980 3806 migres.
2002 3736 2136 3792 Fur—

549 3830 654 3871 nax
701 3831 864 3885 porro
910 3818 1086 3872 ferrea
1134 3830 1218 3874 est
1245 3824 1388 3877 acris
1426 3834 1481 3877 et
1512 3827 1806 3883 vehemens
1833 3829 2128 3885 affectuum

551 3907 788 3961 flamma.
821 3908 1010 3963 Plures
1039 3919 1217 3965 autem
1265 3912 1396 3967 deos
1423 3914 1572 3980 colit,
1610 3931 1717 3969 non
1766 3918 1940 3973 solum
1977 3921 2070 3989 qui
2101 3937 2133 3976 a

550 4006 698 4053 recta
744 3999 851 4055 fide
891 4015 1117 4057 aversus
1150 4014 1271 4068 est,
1306 4005 1402 4060 sed
1433 4008 1598 4060 etiam
1628 4008 1722 4076 qui
1773 4008 1935 4066 fmdis
1981 4014 2134 4069 volu-

546 4092 788 4160 ptatibus
822 4095 1010 4149 servit.
1038 4093 1283 4165 Singulis
1308 4100 1452 4151 enim
1482 4100 1679 4171 singuli
1700 4102 1976 4161 dmmoues
1989 4121 2130 4175 pra:-

546 4191 719 4246 sunt,
751 4198 816 4238 ac
865 4200 960 4252 per
990 4201 1084 4240 eas
1127 4187 1405 4242 coluntur.
1457 4188 1576 4244 1am
1632 4191 1811 4250 Moses
1846 4197 2131 4267 allegorice

548 4271 797 4326 Christus
854 4283 977 4338 est,
1038 4278 1195 4346 cujus
1241 4280 1324 4333 lex
1370 4279 1755 4351 Evangelium,
1795 4295 1850 4342 ct
1895 4288 2128 4345 militare

547 4359 836 4460 ξξιψθνίυω
892 4361 1152 4418 mamma
1201 4366 1290 4419 m3
1330 4367 1593 4425 adversus
1641 4372 1915 4431 ἀωιηοιιεε
1950 4378 2116 4434 86533-
2151 4397 2197 4456 υ
2225 4388 2558 4444 obruitur".
2590 4387 2704 4443 Hoc
2736 4391 2879 4444 enim
2901 4390 3094 4460 opinor
3123 4390 3414 4460 significat,
3441 4404 3565 4443 cum
3599 4392 3814 4446 sonitu.

549 4446 832 4551 Postrettio
862 4452 1161 4508 auditorem
1194 4458 1415 4524 quidem
1450 4458 1518 4512 ad
1546 4457 1842 4517 fallendum
1875 4446 2191 4529 inducerew
2229 4479 2674 4550 Quandoquidem
2707 4481 2872 4551 igitur
2904 4446 3101 4537 misera
3135 4446 3411 4536 sgnum;
3438 4479 3689 4536 afflictus
3719 4497 3814 4545 es,

550 4542 667 4597 vult
694 4542 1028 4612 Gregorius;
1065 4562 1251 4601 verum
1285 4550 1409 4616 quia
1445 4549 1629 4607 fallere
1661 4554 1971 4611 Christiano
2003 4574 2129 4626 pro.

547 4634 780 4689 hibitqu
812 4646 915 4700 est,
944 4638 1144 4693 idcirco
1172 4641 1460 4709 prmmollit
1485 4643 1559 4709 id,
1580 4646 1726 4714 quod
1751 4648 1996 4704 dicturus
2019 4661 2125 4717 est,

546 4726 734 4796 aitque
768 4746 782 4782 :
813 4729 1115 4786 Consilium
1157 4734 1433 4802 quoddam
1482 4737 1577 4793 tibi
1610 4741 1883 4810 porrigam
1916 4759 2123 4812 nequa-

542 4830 711 4887 quam
744 4834 947 4884 menm,
997 4836 1098 4877 nec
1123 4825 1269 4879 enim
1305 4836 1552 4883 nostrum
1581 4837 1667 4884 est
1696 4832 1951 4901 cuiquam
1987 4850 2119 4890 sua-

545 4908 676 4965 dere
704 4918 766 4962 ut
793 4909 945 4966 fallat
971 4928 988 4966 :
1017 4914 1064 4969 si
1090 4924 1270 4971 autem
1300 4919 1571 4987 spirituali
1600 4938 1767 4978 sensu
1798 4924 1940 4980 hanc
1966 4926 2118 4981 frae-

546 4999 668 5055 dem
717 5002 1071 5069 intellexeris,
1119 5006 1411 5064 admodum
1466 5013 1628 5068 etiam
1667 5030 1766 5070 nos
1815 5002 1985 5073 decet.
2016 5017 2118 5073 ista

545 5090 764 5147 fallendi
807 5095 970 5150 ratio.
1025 5095 1164 5152 Nam
1196 5099 1470 5158 dumoues
1498 5105 1748 5176 decipere
1771 5147 1789 5172 ,
1816 5110 2120 5181 callideque

547 5181 941 5242 circumvenire
966 5226 983 5252 ,
1016 5190 1168 5245 valde
1199 5193 1406 5260 justum
1446 5204 1551 5263 est,
1576 5213 1645 5254 ac
1667 5199 2018 5257 laudandum.
2051 5205 2120 5258 At

546 5286 677 5327 vero
704 5273 875 5330 Exodi
909 5279 1190 5335 historiam
1243 5284 1476 5351 primum
1508 5288 1807 5355 videamus,
1837 5307 1902 5347 ac
1927 5294 2122 5350 deinde

546 5361 612 5414 ad
642 5362 952 5431 allegoriam
978 5383 1079 5425 nos
1108 5370 1474 5429 conleremus:
1514 5375 1578 5430 Et
1612 5379 1749 5433 dixit
1767 5378 2025 5436 Dominus
2051 5383 2120 5438 ad

615 5538 659 5568 η
684 5536 843 5592 Joan.
878 5557 950 5605 ι-ι,
982 5544 1069 5600 54.

638 5609 685 5639 ⁷⁸⁸
717 5614 849 5677 Agg.
887 5626 947 5678 ll,
974 5615 1029 5669 9.
1144 5617 1188 5648 ⁷⁷
1222 5617 1357 5673 Dan.
1392 5636 1466 5687 tv,
1500 5609 1585 5677 id.

1216 5548 1360 5630 Rsal.
1399 5556 1631 5630 exxt,_2.
1709 5560 1756 5591 ⁷³
1785 5559 1937 5617 Deut.
1971 5579 2044 5630 tv,
2068 5564 2158 5620 20.

2242 1837 2449 1894 dendas
2480 1837 2884 1893 committentes
2910 1879 2928 1903 ,
2969 1840 3024 1894 in
3056 1854 3198 1909 quos
3247 1855 3379 1896 usus
3410 1841 3842 1909 imperaverint.

2242 1926 2385 1996 Ergo
2413 1941 2537 1981 cum
2564 1941 2596 1980 a
2637 1925 2911 1996 ﬂagitiosa
2956 1927 3065 1981 vita
3096 1929 3319 1984 excedis
3360 1928 3437 1999 (id
3478 1930 3631 1984 enim
3662 1927 3847 2001 Egy-

2240 2027 2393 2088 ptum
2454 2017 2763 2088 significare
2795 2019 3219 2073 existimandum
3269 2019 3397 2089 est),
3451 2034 3550 2075 eas
3594 2022 3843 2075 utendas

2242 2126 2396 2181 roga,
2445 2112 2655 2168 alienas
2682 2112 2905 2183 quidem
2953 2122 3138 2183 utpote
3167 2115 3465 2170 secundum
3510 2115 3839 2171 demersum

2240 2203 2529 2259 consilium
2587 2204 3000 2261 administratas
3039 2222 3053 2260 :
3096 2216 3217 2263 tuas
3267 2217 3493 2272 autem,
3541 2218 3603 2262 ut
3640 2208 3837 2262 divine

2241 2279 2467 2353 munere
2491 2295 2584 2351 tibi
2612 2312 2924 2361 concessas.
2951 2307 3010 2352 ut
3034 2312 3149 2363 eas,
3174 2299 3637 2368 quemadmodum
3664 2313 3836 2368 opor-

2243 2396 2337 2453 tet,
2392 2386 2697 2456 dispenses.
2758 2389 3179 2444 Comitabuntur
3236 2401 3288 2445 te
3335 2404 3500 2457 porro
3554 2392 3833 2460 pecunia,

2238 2492 2364 2530 cum
2389 2474 2497 2532 Deo
2515 2493 2611 2546 per
2631 2493 2929 2548 pauperum
2951 2493 3151 2535 manus
3167 2479 3482 2535 oﬂ'erentur.
3501 2480 3833 2551 Exemplum

2239 2563 2611 2622 lsraelitarum
2660 2583 2920 2638 sequere,
2952 2578 3008 2624 et
3049 2571 3503 2641 quemadmodum
3572 2573 3655 2627 illi
3704 2588 3830 2628 eum

2241 2658 2440 2715 multos
2487 2676 2661 2715 annos
2712 2660 2982 2732 Egyptiis
3002 2664 3337 2729 scrviissent,
3389 2680 3491 2719 nec
3535 2666 3829 2721 servitutis

2239 2753 2545 2807 mercedem
2601 2763 2787 2822 aperte
2843 2754 3086 2825 ﬂagitare
3139 2764 3382 2826 possent,
3428 2767 3551 2811 arte
3596 2765 3658 2811 at
3708 2760 3828 2811 doto

2242 2840 2558 2909 petitionem
2595 2857 2749 2896 suam
2781 2843 3054 2912 prosecuti
3083 2854 3232 2906 sunt,
3280 2843 3393 2899 Deo
3422 2847 3688 2899 nimirum
3725 2847 3831 2900 hoc

2237 2933 2543 2987 suadente:
2575 2935 2766 2988 eodem
2801 2935 2960 2987 modo
3006 2945 3062 2988 tu
3092 2948 3309 3004 quoque
3359 2936 3631 3003 Spirituali
3678 2934 3833 2989 Pha-

2239 3024 2393 3076 raoni
2425 3024 2682 3088 serviisti,
2729 3025 2874 3079 circa
2914 3033 3115 3080 terram
3144 3038 3597 3095 .tcrt'enarumque
3627 3041 3827 3080 ret-tm

2242 3113 2483 3167 studium
2516 3116 2750 3184 teipsum
2787 3130 3067 3185 occupans
3094 3119 3239 3187 (quae
3279 3134 3390 3172 non
3421 3119 3515 3172 abs
3544 3133 3607 3170 re
3634 3119 3830 3173 lateri-

2244 3203 2320 3256 tia
2358 3215 2524 3271 opera
2580 3206 2955 3274 nominantur)
3009 3220 3073 3260 ac
3118 3216 3404 3275 propterea
3452 3207 3549 3260 tibi
3612 3224 3832 3264 uterer:

2241 3294 2490 3348 debetur.
2515 3292 2785 3359 Quocirca
2809 3294 3095 3364 Egyptios
3117 3297 3629 3364 daturones’spolia,
3679 3310 3829 3353 recte

2241 3400 2503 3456 spargens
2526 3422 2544 3449 ,
2575 3401 2697 3454 qua:
2741 3387 2882 3442 male
2919 3390 3299 3444 accumulasti.
3333 3389 3463 3442 Esto
3487 3403 3628 3444 sane
3655 3429 3671 3454 ,
3708 3393 3828 3460 ipse

2239 3491 2458 3546 quoque
2514 3474 2731 3544 fateor,
2786 3493 2979 3546 graves
3032 3494 3308 3535 arumnas
3355 3481 3635 3549 pertulisti
3695 3497 3825 3535 cum

2240 3568 2341 3621 hoc
2366 3569 2509 3624 luteo
2560 3584 2790 3638 corpore
2817 3569 3145 3636 colluctatis,
3176 3580 3337 3642 atque
3382 3575 3529 3626 atde:
3578 3578 3824 3643 erigens,

2240 3659 2449 3713 alienas
2479 3658 2698 3728 quidem
2726 3699 2742 3725 ,
2784 3661 2912 3731 quia
2944 3671 2998 3716 te
3022 3664 3288 3718 exstincto
3315 3664 3408 3716 alii
3446 3678 3543 3718 eas
3577 3666 3824 3733 posside-

2238 3749 2394 3812 bunt,
2428 3748 2667 3803 caducas
2699 3760 2911 3817 autem,
2946 3754 3204 3823 quoniam
3237 3767 3301 3808 ex
3336 3756 3568 3809 materia
3609 3756 3822 3810 caduca

2234 3849 2291 3893 et
2350 3840 2530 3911 fragili
2579 3852 2873 3897 exstructas
2918 3852 3047 3897 sunt
3101 3861 3117 3897 :
3162 3846 3361 3915 quibus
3425 3849 3821 3903 conuentibus

2237 3931 2501 3985 memoria
2545 3947 2762 4002 quoque
2813 3948 2921 3987 una
2950 3948 3075 3988 cum
3107 3949 3171 3988 ea
3221 3935 3397 3995 fanis,
3428 3951 3554 4004 quae
3590 3953 3662 3991 ex
3708 3939 3820 3992 illis

2233 4021 2594 4085 excitabatur,
2624 4024 2785 4092 perit.
2810 4023 2873 4078 ιιι
2902 4025 3048 4093 quod
3070 4026 3143 4080 de
3169 4026 3486 4081 civitatibus
3518 4026 3816 4097 Scriptura

2234 4112 2404 4177 dicit,
2435 4115 2538 4169 hoc
2573 4125 2657 4170 est
2686 4115 2754 4170 de
2782 4116 3037 4171 domibus
3064 4131 3200 4185 quas
3235 4118 3455 4185 quidam
3487 4128 3810 4173 exstruunt.

2233 4203 2415 4261 Sanus
2442 4207 2586 4261 enim
2607 4216 2692 4262 est
2710 4216 3108 4263 exstructornm
3130 4209 3271 4263 fama
3290 4216 3344 4264 et
3360 4210 3656 4264 memoria.
3677 4209 3813 4264 Nam

2233 4313 2357 4352 cum
2404 4299 2547 4351 aedes
2568 4299 2938 4364 collabantur,
2971 4299 3178 4355 domini
3206 4314 3424 4369 quoque
3469 4315 3677 4356 nomen
3707 4315 3816 4355 una

2232 4588 2334 4626 cur
2356 4574 2525 4642 gratis
2555 4584 2609 4628 et
2637 4575 2756 4629 sine
2799 4585 3007 4644 quaestu
3043 4575 3352 4645 egrederis!
3396 4575 3509 4629 (Zur
3539 4576 3813 4629 daemonio

2225 4664 2328 4719 bus
2351 4681 2414 4719 ea
2446 4666 2727 4736 relinquis,
2764 4666 2819 4721 in
2843 4668 3045 4737 quibus
3067 4670 3195 4722 nihil
3236 4668 3345 4723 illis
3373 4667 3518 4737 juris
3547 4668 3682 4722 est?
3717 4668 3811 4722 Dei

2222 4758 2367 4809 enim
2406 4767 2531 4811 sunt
2557 4758 2762 4822 omnia,
2792 4759 3024 4814 dicentis
3053 4775 3149 4830 per
3180 4762 3437 4829 Aggmum
3464 4776 3480 4813 :
3508 4759 3691 4813 Heaut
3727 4769 3808 4815 est

2226 4861 2413 4899 eurum
2446 4855 2494 4899 et
2525 4858 2799 4916 argentum
2826 4849 2875 4880 ⁷⁸
2897 4888 2912 4913 ,
2945 4864 3011 4903 ac
3030 4864 3124 4919 per
3149 4849 3425 4904 Dauietem
3450 4850 3771 4918 adjicieutis
3790 4865 3810 4903 :

2224 4934 2293 4989 Et
2316 4938 2402 4990 eui
2430 4936 2563 5003 nolo,
2584 4938 2652 4991 do
2676 4953 2737 4992 ea
2758 4938 2822 4991 ".
2852 4937 2981 4994 Heri
3005 4941 3310 4994 daemonum
3338 4953 3489 4995 erant
3510 4941 3811 5010 (nimirum

2227 5042 2351 5079 cum
2405 5028 2545 5080 male
2588 5029 3143 5097 administrarentur),
3176 5032 3283 5085 Deo
3310 5032 3382 5085 ita
3431 5031 3811 5099 permittente.

2223 5117 2499 5174 llodierno
2528 5121 2615 5174 die
2651 5134 2714 5173 ea
2763 5118 3023 5175 Dominus
3062 5123 3156 5175 tibi
3202 5125 3463 5191 porrigit,
3500 5132 3561 5175 ut
3605 5120 3701 5175 his
3738 5124 3809 5175 ad

2219 5207 2453 5262 salutent
2491 5208 2681 5277 utaris,
2731 5212 3083 5283 reconciliata
3127 5213 3223 5267 tibi
3272 5212 3528 5266 nimirum
3584 5227 3810 5284 paup.-

2224 5312 2343 5351 rum
2385 5297 2622 5355 amicitia
2673 5318 2739 5357 ex
2772 5319 3081 5359 mammona
3133 5305 3454 5375 iniquitatis.
3483 5302 3812 5363 ﬂammans

2224 5399 2405 5444 autem
2443 5404 2577 5461 epes
2621 5404 2746 5448 sunt
2797 5395 2999 5466 iniquis
3051 5397 3351 5452 rationibus
3383 5397 3648 5466 quaesita.
3682 5398 3812 5465 Qua

2238 5565 2282 5598 ⁷³
2304 5566 2472 5622 Exod.
2503 5582 2583 5635 Ill,
2610 5568 2681 5623 22
2704 5587 2802 5639 ;xr,
2830 5572 2896 5639 2;
2942 5588 3039 5642 Ill,
3079 5574 3170 5638 35,
3204 5572 3294 5628 36.
3369 5573 3416 5605 "
3448 5573 3595 5629 [δεδι.
3632 5594 3716 5643 ix,
3756 5582 3808 5636 7.
