3996 6206
253 264 402 332 1385

1192 253 1539 317 NICETAS
1582 249 1665 312 ΙΝ
1707 248 1934 308 ORAT.
1975 242 2141 303 XLII
2184 245 2245 302 S.
2286 241 2515 302 GREG.

3379 237 3517 299 1336

256 384 312 436 in
351 395 577 435 numero
618 394 680 434 ca
706 391 925 448 quoque
963 376 1215 447 ponenda
1264 383 1413 436 sunt,
1442 383 1563 441 qua:
1591 381 1748 422 usum
1778 380 1842 419 ac
1872 372 1915 424 Λ
1949 368 2157 430 patrem
2198 357 2423 421 amavit,
2450 370 2514 411 ac
2544 354 2739 411 deinde
2777 369 2869 419 per
2898 352 3169 408 actionem
3201 359 3253 405 et
3282 361 3525 405 eontem-

257 475 635 531 uceessitatem
665 472 956 525 excedunt.
987 467 1276 538 Superllua
1299 466 1445 521 enim
1479 472 1608 519 sunt
1636 474 1841 530 panpe-

262 581 409 620 rum.
441 564 578 630 Quin
600 578 693 633 per
714 560 997 632 Aigyptias
1019 561 1182 613 etiam
1200 573 1329 626 opes
1357 554 1578 610 moralis
1603 560 1657 606 et
1677 559 1842 604 natu-

259 658 415 719 ralis,
441 663 492 707 et
528 668 588 708 ea
621 668 741 722 qua:
774 654 826 705 in
854 650 1173 704 disserendo
1198 657 1471 709 versatur,
1498 641 1842 714 philosophia

256 747 530 817 designari
580 755 779 815 potest,
833 753 996 813 atque
1042 756 1231 796 omnes
1266 740 1371 793 illae
1416 736 1738 806 discipline,
1789 733 1844 785 in

254 856 484 910 quarum
514 838 759 893 studium
802 833 1133 890 incumbunt
1163 832 1259 902 qui
1309 830 1379 885 ab
1409 826 1650 882 Ecclesia
1682 823 1844 879 alieni

253 940 399 985 sunt.
428 929 534 984 Eos
552 930 736 997 igitur,
754 929 845 997 qui
870 927 1094 981 liberam
1116 924 1280 979 vitam
1301 937 1396 991 per
1419 921 1675 973 virtutem
1712 931 1847 971 con-

254 1037 555 1087 sectantur,
601 1033 854 1078 externas
894 1036 1113 1090 quoque
1148 1018 1557 1085 doctrinmopes
1579 1012 1680 1068 sibi
1700 1026 1848 1066 com.

256 1131 448 1187 parare
461 1117 612 1183 jubet
627 1114 954 1181 Theologus,
970 1121 1132 1181 atque
1147 1110 1215 1164 ab
1230 1106 1569 1178 alienigenis.
1584 1112 1845 1174 quantum

255 1209 320 1263 ad
342 1209 503 1261 linem
533 1208 750 1270 attinet,
773 1207 945 1260 mutui
965 1205 1448 1271 nomineaeceptas
1464 1196 1765 1270 possidere.
1792 1206 1848 1248 ιιι

258 1299 315 1352 in
367 1290 610 1367 tempore
663 1295 997 1366 profuturas,
1052 1307 1250 1363 nempe
1303 1306 1426 1345 cum
1462 1303 1556 1343 res
1591 1288 1668 1341 ita
1719 1296 1848 1339 nata

259 1389 465 1452 fuerit,
505 1397 564 1443 ut
601 1388 976 1459 spiritualibus
1009 1387 1161 1441 hisce
1192 1385 1388 1454 opibus
1433 1379 1692 1438 Ecclesiae
1722 1392 1850 1433 arca

258 1481 574 1535 exernanda
633 1482 727 1536 sit.
774 1480 895 1535 Jam
944 1494 1074 1535 vero
1125 1493 1222 1549 per
1274 1486 1385 1531 tres
1431 1474 1551 1528 illas
1602 1471 1849 1527 civitates

260 1570 479 1639 Phiton,
540 1571 870 1628 Rhamesses
914 1582 968 1626 et
997 1570 1103 1637 0n,
1157 1585 1296 1639 quas
1339 1565 1548 1621 llehraai
1579 1561 1849 1617 Pharaoni

260 1664 603 1720 ardilicarunt
629 1705 647 1733 ,
684 1664 937 1719 nonnulli
970 1673 1081 1719 tres
1123 1664 1221 1717 has
1250 1660 1607 1732 cogitationes
1636 1655 1848 1726 signiti-

260 1757 793 1820 cariexistimarunt,
814 1757 1074 1810 nimirum
1099 1755 1366 1819 libidinis,
1413 1752 1653 1807 avaritia:
1687 1759 1853 1819 atque

271 1846 590 1901 ambitionis
634 1864 653 1904 :
696 1862 768 1901 ex
795 1848 999 1917 quibus
1041 1854 1322 1915 peccatum
1363 1838 1850 1905 omneconllatut‘.

268 1934 475 1989 [larum
495 1937 774 1991 civitatum
800 1938 1060 1992 memoria
1082 1935 1384 1993 eversionis
1404 1948 1514 1988 non
1540 1933 1594 1986 in
1616 1930 1854 1985 abscon-

267 2028 385 2082 dito
426 2036 593 2098 atque
640 2029 861 2084 occulto
889 2028 1073 2083 futura
1105 2037 1213 2093 est,
1251 2025 1349 2081 sed
1386 2039 1511 2080 cum
1544 2023 1723 2078 sonitu
1751 2061 1767 2085 ,
1799 2019 1852 2073 id

271 2129 380 2184 cst,
410 2121 757 2186 exaudibilis,
789 2136 855 2176 ac
903 2133 1127 2190 quoquo
1165 2119 1404 2190 gentium
1446 2115 1853 2186 pervagabitur.

339 2212 459 2269 Col.
494 2215 592 2268 65!
633 2214 693 2268 Β.
744 2214 805 2269 Si
833 2212 1023 2267 Rachel
1054 2216 1299 2282 quwdam
1335 2226 1389 2264 es
1413 2249 1430 2275 ,
1458 2217 1566 2264 etc.
1593 2206 1798 2262 Rachel
1823 2222 1855 2259 a

272 2320 429 2379 patre
483 2321 586 2359 suo
645 2304 829 2358 Lahan
875 2301 1188 2366 discedens,
1244 2301 1387 2354 idola
1440 2300 1615 2368 ipsius
1673 2296 1854 2351 furata

266 2399 439 2457 est“.
471 2398 608 2453 Cum
638 2406 823 2451 autem
871 2397 1054 2449 Labau
1090 2394 1361 2464 fugientes
1409 2399 1724 2461 persecutus
1747 2429 1763 2455 ,
1790 2403 1856 2444 ac

268 2491 422 2545 Liam
472 2498 526 2543 et
578 2486 748 2542 Iacob
799 2493 856 2541 et
899 2484 1252 2555 pedissequas
1309 2491 1620 2543 scrutatus,
1678 2480 1856 2549 ipsam

268 2594 515 2650 quoque,
540 2594 662 2650 qua:
695 2593 760 2632 ea
804 2578 860 2632 in
893 2586 1195 2632 stramenta
1232 2575 1424 2630 cameli
1477 2573 1770 2643 injecerat,
1803 2579 1859 2627 et

269 2683 434 2738 super
478 2682 544 2724 ea
574 2667 818 2723 sedebat.
851 2665 1087 2721 scrutari
1125 2675 1385 2734 pararet,
1419 2662 1556 2716 dixit
1605 2659 1854 2717 Rachel:

274 2759 358 2814 Ne
379 2760 590 2813 moleste
629 2755 1044 2828 [eras,domine,
1096 2771 1196 2808 non
1221 2752 1859 2824 possumtibt'assurgere,

273 2853 526 2923 quoniam
556 2853 721 2922 juxta
748 2849 1181 2904 consuetudinem
1215 2847 1494 2900 mulierum
1527 2855 1606 2899 est
1633 2846 1760 2898 mihi
1784 2845 1857 2898 ⁷⁸.

271 2946 581 3017 Theologus
640 2955 824 3000 autem
887 2943 1044 2998 Liam
1102 2952 1163 2998 ut
1223 2941 1352 2996 furti
1396 2941 1671 2995 consciam
1728 2953 1854 2994 cum

274 3036 512 3093 Rachele
562 3036 869 3092 collocavit.
914 3033 1222 3089 Verisimile
1273 3032 1418 3086 enim
1450 3040 1535 3089 est
1572 3046 1692 3086 eam
1725 3030 1855 3085 furti
1885 3062 1930 3118 ο

272 3127 479 3181 sororis
496 3134 771 3195 expertem
794 3136 954 3195 atque
980 3124 1224 3194 ignaram
1247 3137 1354 3178 non
1380 3120 1568 3187 fuisse,
1593 3119 1646 3174 id
1674 3130 1856 3175 tamen

276 3226 477 3273 tectum
520 3216 799 3271 habuisse.
839 3216 1007 3269 Porro
1062 3214 1160 3269 Lia
1193 3215 1436 3269 Hebraeis
1486 3213 1720 3266 laborem
1767 3221 1861 3265 aut

285 3310 613 3364 laborantem
643 3316 821 3373 sonat,
845 3322 909 3362 ac
930 3307 1158 3377 proinde
1178 3306 1248 3360 ad
1273 3305 1543 3360 actionem
1568 3306 1857 3373 accipitur,

279 3403 536 3471 priorque
583 3416 706 3455 cum
738 3399 911 3455 Jacob
959 3397 1314 3452 matrimonio
1346 3398 1614 3468 jungitur.
1654 3396 1861 3453 Rachel

277 3505 457 3550 autem
508 3495 649 3549 idem
681 3503 768 3548 est
819 3493 963 3562 quod
1019 3507 1236 3560 pascens
1260 3531 1275 3556 ,
1315 3500 1411 3545 aut
1446 3507 1565 3561 qua:
1597 3494 1857 3560 pascitur,

279 3602 345 3641 ac
400 3587 898 3654 contemplationem
942 3585 1224 3653 designat;
1293 3593 1454 3653 atque
1507 3584 1649 3638 hanc
1690 3581 1861 3639 Jacob

279 3685 402 3746 post
442 3676 595 3729 Liam
626 3676 678 3729 in
714 3689 937 3729 uxorem
969 3674 1187 3746 accipit.
1232 3674 1389 3729 Actio
1425 3675 1569 3728 enim
1606 3684 1858 3729 contem-

280 3769 534 3838 plationis
599 3778 684 3823 est
761 3769 1191 3823 lundan‘ientum.
1255 3767 1459 3822 Rachel
1515 3768 1678 3838 igitur
1733 3777 1857 3832 est,

281 3859 461 3912 omnis
487 3858 669 3913 anima
717 3857 1190 3926 contemplationis
1242 3859 1511 3922 studiosa,
1568 3874 1689 3928 quae
1743 3858 1859 3926 lege

280 3946 416 4013 Dei,
477 3948 616 4002 velut
675 3948 1175 4016 agna,pascitur,
1230 3956 1284 4000 et
1360 3946 1662 4001 secundum
1726 3946 1859 4015 legis

278 4040 475 4094 divina:
515 4039 889 4108 praescriptum
941 4054 1069 4093 suos
1114 4046 1296 4093 motus
1344 4040 1500 4106 regit,
1567 4038 1860 4107 carnisque

279 4133 632 4202 cogitationes
682 4143 735 4185 et
766 4131 993 4185 allectus
1048 4131 1267 4186 virtutis
1321 4131 1683 4200 procreationi
1743 4131 1858 4200 prio

284 4240 432 4277 mum
466 4223 708 4291 subjicit,
753 4233 918 4291 atque
978 4223 1051 4277 ita
1101 4233 1225 4292 post
1253 4223 1533 4275 introitum
1568 4223 1634 4278 ad
1670 4224 1858 4290 cogni-

282 4314 484 4368 tionem
542 4314 764 4366 omnino
819 4313 1019 4369 abolet.
1070 4313 1165 4367 Lia
1236 4329 1362 4367 vero
1426 4313 1607 4366 anima
1677 4314 1861 4366 omnis

1945 453 2238 522 plationem
2268 450 2484 504 Christo
2508 447 2800 519 adjunctus
2827 486 2841 510 ,
2872 445 3134 501 mundum
3163 456 3380 514 propter
3402 446 3525 501 vita:

1944 544 2396 600 consuetudinem
2446 557 2569 596 cum
2617 540 2837 594 Christo
2871 540 3056 592 initam
3090 538 3345 606 abjurare
3374 538 3527 603 velit,

1946 636 2038 690 ille
2078 635 2246 706 patris
2269 634 2414 688 idola
2453 632 2749 701 surripiat,
2780 631 2834 685 id
2870 639 2974 696 est,
3014 640 3196 699 turpes
3227 638 3282 684 et
3311 644 3529 686 crassas

1948 744 2130 783 rerum
2185 726 2437 797 species,
2493 740 2629 795 quas
2679 724 2919 778 mundus
2968 722 3176 791 objicit,
3231 722 3300 777 ab
3346 724 3529 777 anima

1946 820 2204 890 expellat,
2234 835 2300 873 ac
2332 818 2567 887 primum
2597 817 2816 887 quidem
2851 815 3065 869 virtutis
3099 814 3416 869 fecunditati
3437 830 3530 872 eas

1947 914 2158 983 injiciat
2217 910 2682 983 (quandoquidem
2741 918 2797 963 et
2827 907 3029 963 Rachel
3069 909 3215 963 sellae
3266 909 3357 965 cui
3394 908 3532 963 insi-

1949 1005 2129 1067 debat,
2151 1002 2292 1057 idola
2314 1001 2645 1070 supposuit),
2666 1008 2953 1069 pastqnam
2972 1008 3149 1052 autem
3174 1013 3240 1052 ex
3270 997 3532 1053 dittturno

1951 1096 2137 1150 labore
2155 1096 2207 1148 in
2229 1093 2652 1163 comprimendis
2671 1092 2957 1146 aliectibus
2973 1091 3258 1156 exhausto,
3280 1093 3346 1145 ad
3362 1092 3530 1146 animi

1951 1186 2401 1257 tranquillitatent
2429 1222 2445 1249 ,
2482 1193 2577 1238 aut
2628 1183 2994 1253 cognitionem
3030 1184 3360 1253 pervenerit,
3417 1193 3532 1237 tum

1951 1281 2170 1335 demum
2245 1278 2474 1332 vitiosas
2524 1277 2950 1347 impressiones,
3013 1279 3116 1332 hoc
3163 1287 3268 1340 est,
3327 1279 3536 1349 cogita-

1954 1373 2128 1425 tiones
2160 1383 2390 1440 prorsus
2416 1368 2612 1423 evellat
2651 1382 2717 1422 ac
2740 1367 2806 1421 de
2852 1367 3032 1422 medio
3061 1367 3237 1423 tollat.
3264 1366 3535 1424 Laborem

1953 1473 2133 1518 autem
2174 1464 2277 1517 hoc
2306 1463 2428 1516 loco
2459 1459 2701 1516 studium
2733 1459 2863 1514 illud
2899 1472 3065 1530 atque
3092 1475 3311 1529 operam
3354 1474 3535 1524 vocm,

1953 1574 2075 1627 quae
2102 1557 2157 1609 in
2181 1553 2471 1609 abolendis
2491 1553 2673 1608 carnis
2705 1552 2987 1607 affectibus
3010 1552 3327 1620 suscipitur,
3359 1568 3537 1621 quan-

1955 1649 2250 1720 doquidem
2287 1648 2402 1713 ipsa
2437 1660 2656 1716 quoque
2691 1644 2916 1710 Rachel,
2966 1642 3224 1700 Sichimis
3271 1647 3322 1699 in
3356 1644 3537 1701 Bethel

1884 1731 1928 1786 Β
1959 1751 2302 1811 perrectura,
2337 1737 2510 1806 patris
2538 1736 2684 1788 idola
2718 1735 2771 1788 in
2800 1745 2999 1791 terram
3034 1734 3262 1790 defodit.
3295 1734 3537 1790 Sichima

1956 1846 2122 1901 porro
2184 1830 2534 1885 Hebraeorum
2567 1826 2748 1896 lingua
2786 1832 3064 1879 humerum
3102 1836 3264 1880 sonat
3296 1829 3426 1897 (qua
3456 1832 3539 1882 (ll-

1956 1921 2139 1975 ctione
2159 1921 2311 1974 labor
2334 1919 2420 1976 ille
2449 1917 2787 1987 designatur,
2819 1919 2913 1990 qui
2943 1917 2997 1969 in
3018 1916 3307 1970 domandis
3332 1918 3537 1972 allecti-

1956 2013 2061 2068 bus
2090 2013 2400 2066 exantlatur
2428 2025 2441 2062 :
2479 2012 2736 2064 humerus
2761 2008 2930 2074 enim,
2956 2004 3295 2062 fortitudinis
3313 2020 3365 2063 et
3389 2009 3541 2063 latio-

1957 2110 2033 2162 ris
2053 2115 2135 2162 est
2176 2100 2529 2173 symbolum),
2562 2102 2747 2157 Bethel
2764 2104 2977 2154 domum
3003 2100 3133 2166 Dei;
3164 2103 3303 2157 Deus
3319 2101 3464 2157 enim
3485 2105 3540 2157 in

1960 2199 2355 2269 tranquillitate
2378 2207 2434 2252 et
2465 2197 2739 2252 vacuitate
2770 2198 2840 2251 ab
2871 2196 3179 2263 aliectibus,
3213 2213 3277 2252 ac
3307 2199 3538 2255 scientia

1959 2293 2189 2348 habitat.
2220 2290 2421 2347 Verum
2450 2293 2523 2346 ita
2550 2292 2822 2361 quispiam
2855 2305 3072 2346 crassas
3104 2302 3157 2344 et
3192 2295 3540 2361 perturbatas

1958 2388 2121 2458 hujus
2147 2385 2707 2454 saeculicOgitationes
2724 2384 2968 2453 surripit,
3002 2399 3109 2439 non
3138 2384 3282 2440 utiis
3307 2385 3541 2451 fruatur,

1958 2478 2055 2533 sed
2093 2485 2152 2531 ut
2210 2492 2304 2532 eas
2356 2476 2547 2546 perdat
2599 2490 2666 2529 ac
2721 2476 2922 2537 deleat,
2969 2476 3436 2545 quemadmodum
3489 2488 3543 2533 et

1960 2568 2164 2624 Rachel
2194 2568 2361 2640 patris
2388 2569 2530 2622 idola
2557 2567 2734 2621 furata
2760 2576 2868 2634 est,
2894 2583 3001 2622 non
3031 2580 3086 2621 ut
3111 2584 3174 2622 ea
3197 2568 3426 2633 coleret,
3448 2572 3544 2625 sed

1960 2668 2022 2714 ut
2054 2659 2107 2713 in
2139 2668 2303 2723 terra,
2332 2660 2474 2712 velut
2521 2658 2761 2713 obscena
2811 2668 2867 2712 et
2917 2657 3165 2726 pudenda
3209 2668 3375 2729 atque
3409 2661 3543 2714 obli-

1961 2751 2123 2806 vionc
2165 2751 2327 2818 digna
2354 2788 2368 2814 ,
2427 2751 2748 2806 occultaret.
2809 2749 3041 2821 Sapiens
3086 2754 3249 2806 etiam
3288 2752 3546 2807 lsraelitis

1961 2842 2069 2897 dici
2119 2843 2332 2911 possit,
2370 2844 2462 2912 qui
2509 2858 2730 2897 omnem
2784 2846 3170 2914 cogitationem
3212 2844 3434 2899 Christo
3491 2849 3543 2900 in

1960 2936 2330 3005 captivitatem
2357 2935 2553 3005 redigit
2574 2952 2639 2991 ac
2662 2936 2947 3006 profanam
2971 2939 3357 3003 eruditionem,
3389 2943 3546 3011 qua~i

1962 3027 2282 3098 praeclarum
2329 3027 2603 3097 quoddam
2640 3028 2898 3083 viaticum
2920 3068 2937 3094 ,
2969 3045 3155 3085 secum
3186 3030 3362 3097 ellert,
3395 3049 3547 3087 cam-

1963 3135 2072 3190 que
2126 3121 2192 3173 ad
2246 3120 2664 3174 aedificationem
2733 3120 2992 3176 Eet'lesite
3038 3122 3131 3176 Dei
3203 3126 3541 3186 transvehit.

1964 3215 2373 3281 maximumque
2426 3213 2645 3268 diabolo
2675 3213 2916 3267 dolorem
2939 3229 3006 3268 ex
3055 3230 3122 3269 eo
3158 3215 3347 3283 inurit,
3399 3221 3543 3288 quod

1960 3312 2216 3359 externas
2253 3304 2571 3372 disciplinas
2595 3342 2614 3367 ,
2660 3305 2861 3372 quibus
2902 3305 3256 3375 alienigenae,
3294 3308 3398 3363 huc
3435 3322 3542 3377 est,

1961 3410 1992 3449 a
2023 3403 2168 3449 recta
2198 3394 2303 3449 ﬁde
2326 3396 2503 3450 aversi
2532 3394 2804 3460 homines,
2830 3394 3058 3450 mirifice
3080 3396 3403 3465 gloriantur,
3430 3400 3546 3468 ipse

1964 3490 2074 3543 Deo
2132 3488 2508 3553 consecrarit,
2564 3487 2974 3558 Ecclesiamque
3027 3488 3322 3554 deeorarit,
3379 3505 3544 3564 atque

1964 3579 2142 3649 ipsum
2175 3581 2396 3635 malitia:
2427 3580 2694 3634 artilicem
2739 3589 2857 3633 arte
2886 3580 3152 3636 deluserit
3173 3622 3190 3647 ,
3224 3584 3423 3654 quippe
3449 3588 3544 3656 qui

1966 3671 2021 3724 in
2047 3671 2329 3739 gentilium
2360 3672 2560 3726 studiis
2585 3683 2640 3725 et
2662 3671 2969 3740 disaiplinis
2997 3687 3197 3744 magno
3219 3690 3342 3728 cum
3364 3677 3548 3732 labore

1963 3775 2235 3829 versatus,
2270 3779 2391 3816 cum
2429 3762 2634 3818 idcirco
2684 3764 2957 3832 impurum
2990 3766 3142 3819 illum
3190 3766 3441 3836 spiritum
3491 3771 3544 3825 in

1961 3870 2081 3908 eam
2116 3856 2430 3924 opinionem
2466 3855 2804 3923 adduxisset,
2857 3868 2916 3911 ut
2943 3872 3040 3927 per
3067 3872 3163 3914 eas
3197 3864 3373 3930 ipsum
3404 3863 3548 3932 juris

1962 3945 2047 3998 sui
2095 3945 2461 4015 mancipiique
2511 3945 2714 4000 factum
2741 3960 2864 4000 esse
2906 3946 3278 4014 existimaret,
3317 3966 3425 4004 non
3461 3962 3545 4005 ta-

1963 4050 2085 4087 men
2133 4035 2202 4088 ah
2249 4036 2317 4089 iis
2362 4036 2673 4090 detrimenti
2714 4036 3011 4107 quidquam
3056 4040 3369 4108 acceperit,
3406 4058 3538 4111 quin

1964 4127 2145 4193 potius
2193 4126 2512 4196 hujusmodi
2578 4127 2932 4193 eruditione,
2995 4138 3253 4199 tanquam
3312 4136 3543 4190 materia

1960 4217 2216 4286 quadam,
2245 4218 2313 4271 ad
2345 4218 2581 4287 optimas
2610 4232 2700 4272 res
2725 4232 2856 4274 usus
2881 4219 2974 4284 sit,
3005 4221 3335 4293 tyrannique
3356 4223 3544 4279 stulti-

1962 4313 2092 4365 tiam
2124 4323 2288 4380 atque
2321 4312 2510 4368 inanes
2543 4327 2671 4382 spes
2700 4312 3021 4383 prodiderit,
3045 4316 3138 4384 qui
3169 4315 3423 4373 homines
3453 4335 3549 4373 ar-

285 4405 560 4459 actionem
597 4405 957 4473 amplectens,
982 4420 1105 4473 quae
1134 4406 1350 4459 virtutis
1376 4420 1542 4473 causa
1578 4406 1860 4458 laboribus
1894 4403 1936 4455 Β
1968 4406 2113 4460 tibus
2160 4404 2333 4474 ipsius
2372 4419 2437 4460 ac
2487 4405 2697 4460 technis
2746 4404 3060 4474 superiores
3090 4416 3148 4463 et
3193 4409 3549 4467 subliiniores

283 4496 550 4564 premitur
571 4535 587 4560 ,
616 4509 782 4564 quam
810 4534 826 4559 ,
861 4493 1113 4563 quisquis
1144 4494 1211 4548 ad
1259 4495 1457 4550 divinae
1502 4495 1857 4564 philosophia:

282 4586 522 4642 studium
568 4588 811 4641 animum
854 4586 1076 4655 adjicit,
1109 4586 1338 4655 primam
1385 4586 1500 4641 fere
1531 4587 1632 4641 sibi
1663 4598 1860 4642 contu-

283 4679 558 4733 hernalem
581 4679 820 4733 asciscit.
841 4678 911 4731 At
952 4691 1045 4746 per
1069 4677 1366 4746 sapientem
1383 4675 1679 4733 lsraelitam
1705 4679 1862 4732 nobis

284 4784 439 4824 mens
477 4769 923 4838 contemplationi
957 4769 1137 4824 dedita
1182 4769 1456 4824 indicatur
1479 4809 1496 4834 ,
1525 4784 1645 4838 qute
1674 4770 1859 4824 saeculi

286 4860 449 4927 hujus
495 4862 850 4930 cogitationes
878 4870 1041 4931 atque
1064 4861 1408 4916 inventiones
1437 4861 1506 4914 ad
1533 4860 1860 4930 cognitionis

285 4961 485 5005 terram
522 4953 844 5016 transvehit,
878 4967 987 5005 non
1015 4966 1176 5006 secus
1205 4960 1371 5021 atque
1411 4948 1671 5005 Israelita:
1697 4966 1859 5005 aurea

282 5053 338 5097 et
358 5053 608 5110 argentea
625 5040 1003 5112 [Egyptiorum
1029 5057 1153 5097 vasa
1178 5041 1602 5111 Hierosolymam
1626 5051 1861 5097 transtu-

285 5137 487 5193 lerunt.
518 5133 818 5190 Jerusalem
854 5149 980 5190 vero
999 5174 1016 5200 ,
1048 5136 1095 5189 si
1123 5136 1246 5206 quis
1280 5136 1683 5205 interpretetur,
1712 5136 1860 5205 pacis

283 5228 533 5283 visionem
558 5265 574 5291 ,
603 5235 699 5281 aut
737 5227 924 5296 gratia
952 5228 1201 5296 spiritum
1224 5227 1512 5297 signiﬁcat.
1543 5226 1728 5282 Laban
1756 5229 1861 5282 ita-

283 5334 391 5390 que
420 5320 657 5375 mundus
687 5319 775 5375 hic
804 5320 1089 5375 commode
1120 5320 1230 5374 dici
1261 5330 1424 5390 queat
1448 5360 1463 5385 ,
1494 5321 1636 5376 idola
1678 5330 1860 5375 autem

284 5412 404 5483 ejus
448 5410 607 5467 findat
654 5422 711 5466 et
754 5413 1080 5480 perturbatae
1118 5413 1479 5483 cogitationes
1501 5429 1587 5468 ac-
1632 5420 1864 5467 terrente

286 5520 469 5561 rerum
509 5505 794 5575 imagines.
853 5504 1033 5572 Quare
1082 5505 1127 5562 si
1160 5506 1284 5575 quis
1313 5507 1457 5561 hunc
1488 5508 1751 5561 mundum
1806 5518 1858 5559 ut

353 5665 403 5699 "
428 5664 565 5721 Gen.
602 5678 752 5729 xxxi,
790 5663 877 5718 l9.
952 5663 1000 5695 ⁷⁸
1034 5663 1171 5718 ibid.
1198 5665 1294 5749 >35.

528 5762 797 5822 Pnaoc.
833 5763 949 5822 (in.
983 5761 1283 5823 CXXVII.

1966 4496 2231 4551 servitute
2271 4512 2637 4566 oppressurus
2666 4496 2772 4552 sibi
2808 4497 3115 4552 videbatur.
3151 4497 3392 4555 Possunt
3432 4501 3550 4556 haec

1966 4590 2134 4645 etiam
2155 4589 2223 4644 de
2249 4589 2453 4643 divitiis
2475 4589 2528 4643 in
2556 4605 2778 4645 sensum
2807 4592 3127 4648 cadentibus
3156 4591 3376 4660 exponi.
3404 4590 3540 4647 Nam

1969 4681 2065 4752 qui
2097 4696 2163 4735 ex
2192 4678 2448 4751 Egypto,
2487 4680 2536 4734 id
2567 4689 2674 4746 est,
2704 4698 2770 4735 ex
2808 4684 2909 4737 hoc
2937 4681 3139 4737 mundo
3169 4682 3390 4737 divitias
3413 4697 3545 4739 suas

1966 4790 2063 4842 per
2098 4788 2294 4827 manus
2322 4760 2619 4842 pauperum
2665 4775 2733 4827 ad
2769 4783 2968 4829 terram
2998 4774 3404 4844 promissionis,
3442 4775 3547 4829 hoc

1966 4877 2048 4921 est
2105 4868 2161 4920 in
2188 4870 2385 4922 caelum
2409 4904 2425 4929 ,
2486 4867 2886 4930 transvexerit,
2921 4869 2967 4920 is
3017 4867 3207 4936 procul
3242 4868 3411 4923 dubio
3446 4884 3540 4921 sa-

1970 4961 2123 5029 piens
2146 4960 2394 5019 lsraelita
2418 4971 2502 5013 est
2531 4979 2545 5014 :
2575 4975 2640 5013 ac
2660 4960 2913 5014 diabolus
2933 4963 3305 5025 excruciatur,
3330 4962 3547 5019 videns.

1972 5052 2062 5105 ubi
2093 5051 2383 5105 thesaurus
2406 5048 2659 5104 conditus
2689 5058 2795 5115 est,
2823 5050 2933 5104 illic
2963 5064 3185 5120 quoque
3217 5061 3270 5106 et
3301 5066 3395 5104 cor
3425 5052 3546 5119 ejus

1967 5158 2108 5202 esse.
2135 5142 2230 5212 qui
2263 5140 2524 5195 condidit.

2033 5234 2154 5289 Col.
2200 5233 2299 5289 651
2359 5234 2421 5287 C.
2480 5232 2598 5288 Hoc
2642 5235 2689 5288 si
2730 5233 2937 5304 feceris,
2968 5246 3124 5305 atque
3180 5234 3257 5288 ita
3286 5250 3351 5288 ex
3379 5235 3543 5304 Λέρνα

1961 5335 2072 5395 pta,
2128 5337 2237 5380 etc.
2292 5324 2527 5379 Historia
2574 5326 2643 5380 de
2698 5324 2887 5389 fluvio,
2919 5334 2972 5380 et
3024 5326 3160 5391 sole,
3198 5341 3262 5381 ac
3315 5326 3543 5389 luna,et

1964 5417 2230 5484 muris,in
2255 5418 2394 5472 libro
2424 5413 2579 5472 losue
2602 5416 2915 5472 continetur
2943 5433 2960 5473 :
2988 5419 3213 5487 reliquae
3248 5418 3302 5472 in
3333 5418 3542 5473 Exodo.

1965 5510 2245 5579 Scriptum
2304 5519 2387 5565 est
2439 5512 2584 5564 enim
2615 5510 2781 5580 quod,
2842 5525 2968 5566 cum
3009 5509 3178 5567 Judaei
3211 5526 3276 5566 ex
3308 5510 3544 5582 {Egypto

3099 5764 3173 5828 44
