3996 6206
445 255 579 319 i387

445 371 651 442 egressi
711 369 963 431 fuissent,
1003 364 1146 418 Deus
1202 377 1296 416 eos
1354 361 1728 430 praecedebat,
1781 362 2017 415 interdiu
2049 371 2094 425 Λ

449 464 668 534 quidem
690 461 743 515 in
771 460 1028 514 columna
1053 455 1215 509 nubis
1236 456 1374 508 viam
1412 455 1545 522 ipsis
1562 465 2023 519 commonstrans,

459 563 622 609 noctu
661 558 836 604 autem
870 547 924 600 in
952 544 1524 613 columnaignisznec
1541 542 1747 596 destitit
1769 543 2026 597 columna

447 642 611 699 nubis
626 641 679 694 in
693 640 798 700 die,
815 651 914 691 nec
935 635 1188 691 columna
1210 634 1351 704 ignis
1368 634 1418 686 in
1437 643 1591 688 nocte
1607 633 1747 703 plebi
1761 633 2029 687 universa:

397 736 414 748 ”
449 734 767 804 praelucere;
809 729 1083 782 desertum
1115 736 1298 780 autem
1332 735 1451 780 erat
1497 725 1549 778 in
1581 725 1850 778 Anathom
1881 725 2024 778 haud

451 828 608 895 longe
652 823 721 876 ab
755 819 1015 890 Egypto,
1048 833 1145 887 per
1187 817 1331 886 quod
1379 814 1694 870 Judzeorum
1725 817 1894 886 copite
1923 816 2028 870 iter

451 917 718 970 fecerunt.
744 913 1015 965 Anathom
1051 916 1232 963 autem
1279 916 1465 961 nostra
1503 906 1688 976 lingua
1719 923 2025 977 responsant

393 1011 406 1034 '
449 1007 738 1077 signiﬁcat.
769 1003 940 1058 Judzri
982 1002 1126 1056 enim
1172 1003 1245 1054 ita
1288 1001 1592 1069 pr0pinqua
1628 999 1860 1070 [Egypto
1931 1016 2026 1053 ca-

457 1109 572 1154 stra
633 1098 967 1155 habuerunt,
1003 1101 1062 1147 ut
1088 1092 1330 1161 ipsorum
1372 1105 1589 1159 quoque
1629 1105 1790 1145 voces
1836 1107 2030 1159 prope-

456 1194 676 1244 modum
705 1186 980 1248 exaudiri,
1009 1193 1171 1251 atque
1206 1197 1236 1235 e
1269 1181 1578 1250 propinquo
1622 1195 1881 1249 responsa
1905 1181 2026 1234 dari

453 1288 695 1349 possent.
718 1277 929 1330 llursus
953 1287 1151 1344 aquam
1171 1271 1358 1326 divisit
1382 1271 1644 1324 Dominus
1672 1291 1684 1325 :
1713 1281 1769 1325 et
1798 1272 2026 1340 ingressi

455 1383 582 1425 sunt
616 1369 710 1423 lilii
765 1365 930 1422 Israel
962 1379 1060 1435 per
1094 1362 1336 1417 medium
1359 1362 1528 1416 maris
1564 1360 1734 1415 llubri
1767 1380 1781 1415 :
1814 1359 2028 1417 Pharao

456 1472 631 1527 autem
665 1459 900 1514 reversis
929 1457 1090 1526 aquis
1116 1470 1239 1509 cum
1269 1463 1381 1508 toto
1423 1467 1527 1508 suo
1572 1454 1819 1508 exercitu
1857 1453 2028 1508 obru-

456 1564 544 1608 tus
577 1562 681 1607 est.
718 1549 976 1618 Sequitur
1021 1545 1250 1601 historia
1283 1545 1350 1600 de
1379 1560 1614 1608 manna,
1635 1554 1690 1600 et
1724 1555 1875 1613 petra
1905 1559 2029 1614 per-

455 1660 639 1707 cussa,
672 1653 726 1696 et
766 1645 834 1696 de
871 1655 997 1709 rege
1043 1638 1493 1705 Amalecitarum,
1529 1638 1622 1708 qui
1664 1637 1792 1692 dum
1827 1637 2028 1691 transi-

458 1747 568 1788 tum
625 1733 865 1788 Hebraeis
903 1731 1234 1802 praecludere
1287 1730 1500 1794 nititur,
1536 1729 1688 1784 fusus
1733 1744 1797 1784 ac
1847 1729 2030 1799 prolli-
2061 1719 2105 1776 Β

461 1839 620 1894 gaius
661 1835 763 1887 est,
797 1823 964 1878 Josue
995 1824 1216 1893 quidem
1251 1825 1550 1877 exercitum
1584 1823 1835 1884 ducente,
1879 1821 2033 1875 Mose

465 1932 645 1973 autem
698 1933 889 1988 preces
942 1913 1206 1971 fundente
1238 1931 1304 1971 ac
1339 1932 1436 1986 per
1475 1930 1735 1971 manuum
1759 1913 2035 1969 extensio-

465 2028 610 2071 nem,
639 2027 776 2080 quas
797 2008 978 2064 Huret
1002 2009 1184 2062 Aaron
1217 2009 1469 2077 utrinque
1495 2007 1891 2072 sullulciebant,
1909 2021 2034 2060 cru-

464 2119 580 2157 rem
607 2105 888 2171 ligurante.
916 2102 986 2155 De
1010 2100 1172 2154 lluvio
1189 2099 1422 2154 Jordane
1452 2099 1795 2154 habeslosue
1820 2114 1901 2164 tn;
1920 2098 2032 2168 (22)

462 2201 530 2250 de
589 2197 761 2250 tnuris
819 2194 970 2249 urbis
1024 2193 1262 2255 Jericho,
1296 2208 1417 2262 cap.
1442 2207 1529 2256 vr;
1572 2193 1637 2245 de
1692 2207 1853 2245 cursu
1901 2192 2034 2245 solis

458 2302 524 2342 ac
572 2289 713 2341 lunae
767 2285 1022 2350 inhibito,
1057 2299 1180 2353 cap.
1225 2299 1278 2336 x.
1341 2283 1459 2338 Jam
1494 2282 1936 2337 decrabronibns
1960 2283 2032 2335 ita

458 2379 722 2448 scriptum
762 2377 987 2432 habetur
1014 2376 1182 2430 Exod.
1215 2390 1370 2437 xxut,
1391 2374 1494 2427 28:
1520 2373 1728 2427 Mittunt
1749 2374 2031 2426 crabrones

459 2479 579 2523 ante
601 2483 670 2533 te,
690 2479 792 2524 etc.
816 2469 878 2522 Et
899 2469 952 2522 itt
971 2468 1110 2522 libro
1131 2467 1418 2537 Sapientize
1439 2483 1452 2518 :
1472 2465 1661 2520 Misisti
1682 2480 2032 2533 prwcursores

459 2567 722 2618 exercitus
756 2567 832 2619 tui
861 2567 1162 2626 crabrones,
1200 2573 1256 2615 ut
1309 2563 1495 2631 impios
1547 2561 1809 2629 paulatim
1854 2570 2029 2613 exter-

460 2658 724 2710 minarent
774 2657 840 2709 ’⁵.
877 2656 982 2709 Sed
1033 2655 1146 2724 jam
1180 2670 1373 2708 omnes
1408 2651 1797 2706 has'bislorias
1827 2654 2033 2721 allego-

460 2749 571 2802 rice
617 2763 978 2817 exponamus.
1032 2747 1303 2802 Columna
1340 2746 1504 2815 igitur
1538 2741 1725 2807 nubis,
1756 2755 1815 2799 ut
1863 2743 2032 2798 Paulo

459 2853 679 2908 queque
701 2839 964 2907 placet",
991 2837 1229 2905 Spiritus
1261 2850 1489 2890 sanetus
1521 2844 1626 2899 est,
1656 2835 1749 2904 qui
1783 2835 2032 2888 homines

459 2930 515 2982 in
551 2928 782 2983 turbidis
805 2927 970 2981 animi
1004 2928 1243 2980 motibus
1263 2926 1690 2992 comprimendis
1719 2924 2032 2978 laborantes

461 3023 736 3076 inumbrat
785 3035 848 3072 ac
889 3017 1195 3086 refrigerat,
1229 3032 1293 3070 ac
1323 3019 1457 3070 solis
1489 3017 1542 3068 in
1573 3015 1768 3068 malam
1819 3021 2027 3084 partem
2060 3051 2104 3109 ο

458 3114 666 3184 accepti
696 3120 890 3167 aestum
931 3120 1093 3179 atque
1131 3109 1381 3162 ardorem
1411 3123 1440 3161 a
1474 3107 1632 3161 nobis
1661 3115 1832 3169 arcet,
1862 3121 1894 3160 a
1922 3121 2032 3177 quo

459 3208 620 3263 etiam
671 3204 880 3258 semina
908 3203 1000 3256 illa
1035 3200 1205 3272 petris
1253 3199 1506 3253 mandata
1552 3198 1924 3252 exsiccantur.
1957 3199 2034 3254 De

459 3313 570 3366 quo
601 3297 655 3350 in
695 3294 928 3350 Psalmis
959 3307 1178 3363 quoque
1219 3291 1430 3346 dicitur
1457 3310 1471 3344 :
1505 3288 1612 3343 Per
1655 3290 1796 3342 diem
1823 3290 1903 3342 sol
1933 3305 2035 3342 non

459 3397 574 3442 uret
602 3397 672 3454 te,
700 3400 860 3457 neque
907 3384 1036 3438 luna
1085 3399 1177 3453 per
1228 3382 1513 3435 noctem".
1567 3379 1835 3434 Columna
1894 3380 2035 3448 ignis

459 3495 676 3544 rursus,
713 3478 797 3532 vel
827 3475 1069 3547 Spiritus
1104 3483 1328 3529 sanctus
1372 3484 1478 3536 est,
1513 3472 1606 3542 qtti
1643 3473 1708 3524 ad
1753 3475 2032 3542 apostolos

459 3571 515 3624 in
554 3569 693 3639 ignis
721 3569 908 3633 lortna
943 3564 1262 3628 accessit“,
1295 3563 1377 3617 vel
1416 3566 1580 3617 etiam
1606 3565 1722 3632 ipse
1755 3563 2032 3630 Christus,

458 3661 824 3730 quieolumna
843 3658 1062 3728 quidem
1089 3657 1158 3710 ob
1187 3655 1510 3725 tripartitatn
1544 3657 1790 3724 corporis
1818 3656 2032 3710 dimen-

461 3754 672 3806 sionem
702 3749 901 3802 dicitur
935 3765 950 3800 :
981 3747 1122 3815 ignis
1150 3758 1360 3809 autem,
1387 3755 1606 3814 propter
1649 3746 2029 3800 divinitatem:

457 3843 601 3898 Deus
637 3841 783 3897 enim
828 3847 1006 3893 noster
1050 3837 1186 3908 ignis
1217 3853 1528 3890 consumens
1556 3849 1634 3890 est
1667 3838 1734 3892 ⁷⁸.
1769 3836 1900 3892 Haec
1931 3840 2034 3892 ita-

459 3953 567 4007 que
620 3935 762 4007 ignis
811 3933 1067 3987 columna
1116 3931 1169 3984 in
1213 3931 1420 3984 erroris
1478 3937 1638 3984 nocte
1668 3941 1927 3998 vagantes
1963 3931 2031 3983 ad

458 4027 741 4083 veritatem
763 4026 915 4080 ducit
945 4024 1188 4078 scientiae
1211 4021 1469 4075 nimirum
1494 4020 1673 4076 facem
1709 4022 2029 4092 praeferens.

458 4120 743 4176 Desertum
795 4129 975 4173 autent
1035 4116 1332 4170 mitescens
1365 4115 1549 4168 anima
1571 4126 1675 4181 est,
1727 4132 1850 4185 qua:
1880 4118 2032 4186 prius

457 4213 680 4283 quidem
746 4209 1012 4263 silvestris
1075 4216 1189 4261 erat
1235 4216 1399 4276 atque
1435 4207 1600 4273 invia,
1634 4222 1736 4261 nec
1792 4206 2028 4262 fructum

461 4304 630 4357 ullum
684 4301 838 4370 probi
879 4299 1120 4353 alimenti
1153 4297 1382 4362 ferebat,
1432 4310 1619 4366 postea
1669 4316 1796 4354 vero
1833 4302 2031 4370 spiritu

463 4393 707 4447 lenitatis
760 4389 1155 4455 mansuefacta,
1203 4405 1267 4444 ac
1318 4404 1414 4459 per
1448 4392 1690 4444 divinum
1751 4407 2030 4447 accessum
2067 4387 2112 4445 D

460 4484 709 4550 exculta,
760 4483 973 4539 fructus
1036 4483 1280 4554 protulit.
1342 4481 1462 4537 Jam
1508 4499 1656 4537 tnare
1689 4487 1833 4554 quod
1889 4490 2032 4539 scin-

461 4577 645 4642 ditur,
684 4575 976 4631 aﬂ‘ectuum
1029 4582 1322 4643 tempestas
1376 4585 1479 4638 ρει,
1513 4589 1576 4628 ac
1614 4574 1927 4630 ﬂuctuantis
1978 4585 2034 4630 ct

459 4669 777 4739 procellosze
824 4666 987 4737 hujus
1033 4665 1152 4719 vita:
1191 4665 1575 4720 amarulentia.
1608 4664 1821 4722 Pharao
1849 4677 2028 4722 autem

460 4762 805 4825 submersus,
833 4772 994 4828 atque
1023 4758 1246 4811 Amalec
1297 4757 1438 4810 bello
1486 4772 1800 4826 oppressus,
1841 4760 2031 4818 diabo-

461 4855 546 4908 lus
569 4862 670 4907 est.
693 4853 882 4916 Arma,
915 4850 1162 4904 divinum
1195 4849 1486 4916 auxilium;
1515 4865 1730 4916 manus,
1763 4853 2030 4919 actiones;

459 4947 637 5013 panis.
690 4940 993 5012 spiritualls
1047 4954 1196 4995 esca.
1255 4941 1436 5008 Petra,
1483 4939 1756 5008 Christus,
1805 4959 1870 4996 ex
1924 4959 2031 5012 quo

459 5053 598 5105 aqua
633 5038 757 5090 vita:
793 5042 996 5088 inanat.
1040 5032 1268 5088 Fluvios
1300 5034 1395 5103 qni
1427 5033 1727 5100 inhibetur,
1785 5035 2030 5090 libidinis

463 5129 806 5195 piolluvitnn.
844 5125 938 5179 Sol
994 5135 1169 5187 stans,
1242 5123 1336 5178 Sol
1393 5137 1475 5180 est
1523 5126 1772 5194 justitiae.
1855 5129 2029 5197 Atque

460 5241 489 5272 υ
523 5222 736 5271 beatum
769 5219 1172 5285 hominem,qut
1197 5226 1309 5270 toto
1337 5217 1445 5281 die,
1481 5220 1583 5272 hoc
1621 5229 1705 5271 est
1733 5223 2019 5287 praesentis

528 5419 572 5447 τυ
611 5417 736 5488 Sap.
777 5433 874 5483 xu,
914 5419 967 5472 8.
1045 5419 1091 5450 ⁷⁶
1133 5418 1303 5472 lCor.
1340 5433 1394 5482 x,
1427 5418 1450 5470 1
1490 5435 1645 5487 seq‘l-

531 5600 639 5670 (92)
679 5597 850 5651 [labes
878 5596 1060 5653 Iosue.
1095 5596 1204 5652 llas
1237 5613 1430 5670 omnes
1472 5599 1729 5670 historias
1753 5600 2021 5666 interpres

464 5665 678 5728 Granius
721 5672 838 5724 fuse
868 5677 1192 5738 prosecutus
1241 5677 1345 5724 est.
1379 5665 1548 5722 Nobis
1579 5670 1694 5723 loca
1729 5665 2024 5738 Scriptura:

1883 247 2260 307 ADDENDA.

1721 5419 1764 5449 ⁷⁷
1796 5419 1919 5473 Psal
1946 5435 2072 5484 cxx,
2111 5420 2164 5474 6.

2125 362 2288 430 hujus
2323 362 2446 415 vita:
2474 362 2673 430 spatio,
2698 376 2822 414 cum
2865 359 2917 412 in
2949 361 3132 430 seipso
3170 377 3570 432 nequaquam
3610 375 3806 414 occi-

2126 455 2340 507 dentem
2372 456 2590 519 retinet,
2630 468 2730 506 nec
2761 454 2876 507 vitii
2909 464 3073 522 atque
3117 455 3455 524 ignorantia:
3497 469 3814 520 vesper:

2125 545 2629 614 circumscriptum,
2658 546 2980 614 utitnpuros
3007 555 3061 600 et
3092 547 3396 602 sceleratos
3431 548 3812 602 (immanes

2127 631 2389 702 impetum
2438 635 2494 687 in
2540 649 2600 689 se
2643 633 2908 690 facientes
2949 635 3189 705 legitime
3226 636 3532 707 frangere,
3591 646 3818 704 atque

2127 724 2182 780 in
2247 724 2428 794 fugam
2495 735 2821 781 convertere
2900 737 3085 796 queat.
3143 726 3297 780 Luna
3383 745 3532 798 quae
3645 730 3818 780 reti-—

2127 826 2320 880 netur,
2387 816 2665 870 mutabilis
2738 824 2926 870 nostra
2996 829 3187 870 natura
3257 827 3384 879 est,
3461 833 3646 886 qua
3749 820 3812 869 in

2127 909 2333 963 sanctis
2368 907 2502 962 viris
2530 907 2632 962 fixa
2670 909 2969 962 etimmota
3001 919 3302 978 permanet,
3338 922 3620 980 propter
3665 913 3810 962 vir.

2127 1001 2262 1056 tutis
2299 1000 2542 1056 habitum
2578 1001 2938 1062 mulationem
2961 1017 3071 1056 non
3110 1002 3544 1058 admittentem.
3616 1002 3818 1056 Euri

2126 1093 2220 1163 qui
2241 1093 2597 1163 dejiciuntur,
2625 1093 2849 1147 malitiae
2879 1092 3129 1162 presidia
3152 1101 3304 1159 sunt,
3331 1102 3518 1163 atque
3553 1095 3820 1148 omnis

2127 1183 2378 1248 altitudo,
2413 1199 2535 1253 qua:
2563 1183 2824 1239 adversus
2857 1181 3025 1237 Deum
3060 1183 3362 1238 extollitur.
3395 1183 3818 1239 Crabroncs

2128 1287 2548 1346 praecurrentes,
2577 1276 2776 1331 divinae
2798 1277 3046 1346 quaedam
3079 1276 3336 1344 potentia:
3365 1286 3540 1343 sunt,
3578 1279 3818 1333 nobis

2129 1380 2534 1432 succurrentes,
2584 1380 2750 1439 atque
2803 1371 2859 1424 in
2909 1370 3189 1425 daemones
3240 1369 3436 1426 hostes
3493 1381 3816 1427 nostros

2130 1461 2494 1517 incursantes.
2525 1464 2603 1518 Ac
2647 1478 2715 1516 ne
2760 1463 2976 1532 longius
3021 1477 3331 1517 sermonem
3362 1468 3808 1533 protrabam,

2131 1567 2241 1607 non
2273 1568 2337 1608 ea
2361 1555 2557 1619 solum,
2580 1569 2702 1623 qum
2727 1552 3167 1615 commemoravi.
3198 1569 3266 1609 ex
3295 1555 3546 1625 Egypto
3573 1573 3808 1627 egre-

2131 1644 2312 1710 diens,
2344 1645 2530 1699 divino
2558 1645 2822 1699 beneficio
2859 1646 3232 1714 consequeris,
3255 1647 3350 1700 sed
3380 1648 3561 1700 etiam
3601 1649 3798 1709 alia,

2132 1753 2254 1808 qua:
2282 1738 2541 1806 posthaec,
2589 1737 2641 1792 id
2675 1746 2760 1790 est
2791 1737 3069 1806 deinceps,
3100 1737 3344 1790 historian
3377 1753 3565 1792 sacra:
3597 1755 3795 1808 pro-

2133 1829 2246 1884 dita
2267 1835 2397 1883 sunt
2426 1845 2441 1881 :
2471 1837 2526 1882 et
2552 1843 2675 1882 cum
2708 1827 2815 1882 his.
2857 1827 2978 1883 Uno
3004 1830 3152 1882 enim
3181 1829 3429 1883 historiae
3453 1839 3784 1884 contextu

2134 1922 2251 1978 haec
2281 1930 2336 1976 et
2364 1920 2454 1975 illa
2485 1921 2856 1975 continentur.

2202 2012 2320 2068 Col.
2351 2011 2450 2066 651
2504 2011 2568 2066 D.
2602 2015 2678 2066 Ac
2725 2012 2833 2065 tale
2869 2023 2945 2066 est
2975 2012 3187 2080 festum,
3223 2021 3331 2067 etc.
3361 2011 3768 2079 Huiusmodi,

2136 2104 2335 2174 inquit,
2376 2101 2576 2159 festum
2627 2103 2898 2166 celebras,
2958 2119 3063 2157 non
3120 2104 3430 2158 secundum
3489 2119 3765 2174 corpus.

2136 2195 2239 2250 hoc
2283 2204 2368 2251 est
2426 2195 2588 2249 fmdis
2624 2195 2997 2263 voluptatibus
3032 2195 3343 2264 indulgens,
3365 2206 3427 2250 ut
3463 2199 3756 2264 gentiles,

2136 2302 2236 2342 nec
2295 2287 2597 2341 secundum
2643 2286 2878 2340 litteram
2929 2298 2981 2340 et
3019 2287 3367 2355 simpliciter,
3398 2298 3460 2340 ut
3485 2285 3675 2341 Judaei
3729 2307 3752 2342 :

2136 2378 2231 2431 sed
2284 2379 2588 2447 perfectum
2628 2391 2692 2430 ac
2727 2377 3012 2445 spirituale
3041 2379 3262 2446 Deoque
3293 2388 3540 2447 gratum.
3575 2377 3750 2433 Talis

2137 2469 2235 2524 tibi
2283 2483 2471 2524 mensa
2533 2468 2855 2538 proponitur
2904 2469 3128 2537 antiqua
3179 2477 3234 2522 et
3285 2469 3438 2522 varia
3487 2470 3748 2526 historia

2136 2560 2362 2626 referta,
2419 2571 2765 2628 mentemque
2810 2560 3112 2616 oblectans.
3148 2559 3282 2615 Tale
3313 2563 3564 2617 comedis
3635 2573 3744 2618 tua

2135 2666 2303 2707 causa
2337 2653 2710 2720 dispensatum
2741 2650 2943 2706 Christi
2995 2651 3210 2717 Natale,
3243 2655 3350 2707 tale
3405 2656 3556 2708 enim
3606 2660 3742 2723 epi-

2137 2743 2408 2812 taphium.
2465 2741 2596 2797 Tale
2637 2757 2668 2796 a
2718 2751 2769 2796 te
2801 2743 3134 2813 intelligatur
3181 2743 3464 2799 Paschalis
3504 2759 3737 2818 myste-

2137 2833 2303 2898 rium,
2337 2832 2498 2902 quale
2534 2834 2716 2887 oratio
2747 2841 2933 2888 nostra
2966 2834 3037 2888 ob
3073 2833 3262 2889 oculos
3303 2836 3502 2904 posuit,
3542 2839 3738 2890 nimi-

2135 2941 2257 2980 rum
2316 2925 2465 2995 quod
2507 2935 2565 2980 et.
2590 2941 2765 2996 agnus
2798 2935 2884 2982 est
2911 2927 3192 2991 Christus,
3224 2933 3284 2980 ut
3323 2927 3614 2990 innocens;
3655 2939 3732 2981 et

2140 3019 2347 3083 hircus,
2380 3029 2439 3072 ut
2470 3028 2691 3088 prepter
2722 3028 2944 3088 peccata
2976 3027 3164 3073 nostra
3209 3020 3457 3085 traditus;
3493 3019 3737 3075 deinde

2136 3111 2282 3181 quod
2315 3111 2367 3164 in
2404 3111 2694 3178 praesentia
2748 3109 2954 3165 Christi
2987 3111 3306 3181 mysterium
3355 3111 3620 3181 positum,
3657 3127 3737 3168 ac

2133 3204 2282 3257 velut
2336 3203 2751 3273 prtesignatum,
2787 3212 2954 3272 atque
3011 3212 3138 3257 ante
3191 3204 3388 3258 saecula
3432 3204 3731 3258 decretum

2134 3303 2302 3349 esset.
2344 3293 2482 3348 Tum
2522 3295 2671 3364 quod
2735 3295 2942 3348 idcirco
2996 3294 3207 3350 decima
3241 3295 3330 3349 die
3356 3310 3528 3366 agnus
3555 3311 3750 3358 acce-.

2134 3397 2280 3455 ptus,
2308 3397 2469 3455 atque
2498 3386 2647 3456 quod
2675 3386 2742 3440 ad
2785 3401 3071 3455 vesperam
3106 3395 3373 3442 mactatus
3398 3401 3518 3442 esse
3560 3389 3725 3441 dica-

2137 3487 2242 3541 tur,
2279 3481 2406 3546 quia
2439 3477 2491 3530 in
2525 3477 2634 3532 line
2655 3479 2982 3531 saeculorum
3013 3477 3233 3532 Christo
3262 3494 3411 3534 mors
3442 3479 3668 3547 contigit
3699 3497 3718 3532 :

2134 3571 2394 3640 quodque
2449 3570 2574 3623 ideo
2603 3578 2763 3624 nocte
2797 3584 2904 3623 una
2937 3584 3128 3624 carnes
3155 3570 3538 3633 absumantur,
3585 3573 3720 3638 quia
3809 3575 3818 3582 ”

2135 3663 2329 3715 tnortis
2375 3660 2576 3714 Christi
2613 3670 2826 3730 tempus
2865 3661 3087 3715 unicum
3124 3670 3228 3724 est,
3264 3675 3328 3715 ac
3356 3662 3524 3716 semel
3565 3678 3722 3714 mor-

2135 3761 2287 3816 tuus,
2325 3768 2433 3805 non
2471 3753 2608 3806 ultra
2651 3753 2904 3807 moritur.
2937 3752 3069 3807 Item
3107 3754 3253 3820 quod
3284 3767 3400 3814 eos,
3439 3753 3532 3822 qui
3588 3753 3721 3820 agni

2133 3845 2428 3914 participes
2481 3845 2636 3908 liunt,
2687 3845 2758 3898 ab
2788 3845 2934 3899 omni
2993 3845 3126 3898 vitio
3158 3855 3214 3897 et
3246 3845 3374 3898 dolo
3406 3847 3556 3898 velut
3604 3845 3718 3898 fer-

2135 3944 2317 3988 mento
2365 3935 2599 4004 quodam
2625 3935 2838 3990 alienos
2885 3950 3028 4002 esse,
3074 3951 3138 3990 ac
3170 3951 3266 4004 pro
3292 3937 3493 3990 Christi
3525 3951 3718 3990 amore

2134 4026 2487 4080 alllictionum
2541 4026 2870 4081 acerbitates
2925 4036 2981 4080 et
3036 4027 3433 4080 amaritudines
3467 4025 3714 4093 perferre

2134 4127 2380 4187 oportet,
2424 4128 2479 4173 et
2533 4119 2818 4188 expeditos
2868 4133 2988 4173 esse
3042 4128 3206 4188 atque
3273 4120 3617 4183 succinctos,
3650 4135 3713 4171 ac

2135 4211 2384 4263 morienti
2439 4209 2666 4263 Christo
2702 4211 2846 4264 velut
2905 4212 3133 4264 comites
3183 4225 3242 4264 se
3286 4211 3610 4280 adjungere,
3657 4221 3708 4264 ct

2135 4317 2260 4356 cum
2281 4319 2344 4356 eo
2368 4318 2432 4357 ex
2461 4303 2562 4356 hac
2598 4304 2705 4356 vita
2735 4303 3134 4373 mundanisque
3161 4305 3394 4372 negotiis
3423 4305 3708 4368 excedere,

2139 4401 2300 4461 atque
2341 4407 2518 4461 usque
2548 4391 2614 4446 ad
2641 4403 2911 4462 posteram
2964 4407 3217 4446 auroram
3265 4391 3416 4446 domi
3467 4405 3706 4454 manere,

2135 4485 2242 4538 hoc
2292 4493 2398 4550 est,
2430 4485 2634 4538 virtute
2677 4498 2785 4538 non
2818 4484 3125 4547 discedere,
3167 4483 3353 4552 quoad
3378 4481 3558 4536 futura
3587 4484 3704 4535 dies

2136 4577 2438 4646 praesentia:
2494 4576 2700 4630 Christi
2761 4576 3062 4630 illucescat.
3097 4573 3212 4628 Nox
3261 4576 3409 4627 enim
3449 4582 3552 4628 tota
3582 4572 3697 4624 haec

2137 4670 2247 4722 vita
2278 4677 2381 4723 est.
2437 4668 2584 4730 Hinc,
2615 4675 2779 4736 atque
2827 4667 3162 4736 hujusmodi,
3213 4665 3423 4721 Pascha
3480 4663 3702 4734 mystice

2138 4759 2409 4830 designat,
2463 4774 2585 4828 quas
2616 4759 2700 4814 lex
2748 4759 2972 4829 quidem
3028 4758 3408 4823 adumbravit,
3457 4757 3708 4811 Christus

2140 4861 2322 4907 autem
2359 4852 2610 4907 absolvit.
2649 4849 2766 4921 Ipse
2807 4852 2951 4905 enim
3007 4849 3055 4905 is
3090 4858 3228 4914 erat,
3261 4863 3426 4918 quem
3477 4849 3590 4904 haec
3643 4849 3709 4899 ad

2139 4959 2394 4999 verorum
2453 4944 2700 4997 colorum
2751 4941 3160 5010 expressionem
3217 4940 3620 5004 desiderabant,
3652 4948 3710 4993 ut

2139 5050 2259 5105 qua:
2286 5034 2419 5089 nihil
2452 5035 2597 5087 aliud
2625 5045 2831 5099 essent,
2855 5048 3020 5102 quam
3042 5033 3248 5087 umbrae
3278 5048 3464 5087 earum
3499 5047 3710 5093 rerum,

2139 5142 2266 5197 quae
2300 5126 2366 5179 ab
2399 5126 2518 5194 ipso
2558 5124 2805 5193 gerenda:
2835 5132 3011 5178 erant.
3044 5123 3292 5188 Quonam
3332 5133 3512 5176 autem
3548 5125 3714 5174 modo

2143 5218 2211 5270 iis
2243 5226 2539 5268 extremam
2581 5231 2802 5268 manum
2869 5216 3120 5267 addidit?
3163 5214 3431 5279 Quoniam
3477 5211 3716 5266 sublatis

2245 5419 2288 5451 ⁷⁸
2340 5421 2460 5473 Act.
2489 5437 2546 5484 tt,
2593 5421 2612 5473 l
2653 5437 2806 5489 seqq.
2888 5421 2932 5452 ⁷9
2974 5419 3126 5472 lleut.
3179 5434 3254 5480 tv,
3299 5416 3392 5471 24.

2130 5600 2421 5680 adnotasse
2449 5599 2583 5652 satis
2616 5596 2738 5650 fuit.
2763 5595 3070 5652 Notissimte
3089 5599 3231 5651 enim
3268 5605 3394 5650 sunt
3423 5596 3505 5650 hae
3529 5596 3682 5652 histo

2133 5685 2246 5723 Nil}.
