4050 6198
278 301 420 367 1389

1199 286 1525 351 NICETAS
1567 287 1650 348 IN
1693 287 1919 347 ORAT.
1961 289 2130 350 XLII
2173 291 2234 350 S.
2274 287 2510 351 GREG.

3383 287 3519 352 13ῧο

275 433 444 492 atque
477 412 772 485 antiquatis
823 407 1142 465 liberalibus
1176 403 1484 470 sacriﬁciis,
1537 403 1841 473 spiritualia
1873 410 1917 466 Α
1948 405 2039 460 hic
2085 415 2262 459 tamen
2293 403 2436 474 juris
2487 403 2928 474 praecellentiam,
2960 401 3120 457 Pater
3152 402 3296 458 enim
3331 404 3522 459 diabo-

279 509 549 569 sacrilicia
597 503 840 560 numeris
881 500 1137 556 omnibus
1185 497 1435 552 absoluta
1471 496 1716 559 tradidit,
1759 495 1846 548 ni-

277 605 476 660 mirum
527 613 650 654 cum
696 609 848 650 nova:
877 607 1050 649 ccenaa
1079 589 1343 662 mysterio
1399 601 1533 642 suos
1587 586 1844 649 initiavit,

276 693 520 761 dixitque
547 709 559 742 :
597 685 712 739 Hoc
738 683 899 754 facile
928 683 986 737 in
1015 697 1186 736 meam
1212 677 1761 733 commemorationem
1775 675 1841 728 '°.

274 785 384 840 Nec
412 784 553 837 enim
582 784 694 850 jam
723 790 921 847 agnum
953 775 1238 838 habemus,
1261 785 1362 826 nec
1396 769 1626 825 acerbas
1665 768 1846 822 lactu-

275 893 394 940 cas,
431 887 737 945 panemque
765 867 1016 924 tormenti
1048 875 1351 936 expertem,
1375 877 1564 918 verum
1589 875 1685 932 pro
1708 873 1848 930 agno

277 969 455 1038 ipsum
508 964 812 1024 Christum,
861 959 1037 1019 illum,
1072 959 1316 1028 inquam,
1351 954 1564 1024 Agnum
1598 952 1715 1016 Dei,
1747 953 1849 1005 tol-

275 1061 474 1115 lentem
519 1066 736 1126 peccata
782 1051 994 1115 mundi,
1025 1067 1185 1123 quem
1222 1050 1305 1104 lex
1330 1048 1646 1111 deliueavit,
1677 1045 1848 1100 Isaias

278 1151 408 1204 indit
427 1149 559 1209 avit,
588 1144 828 1199 Joannes
855 1142 1287 1197 demonsuavit:
1321 1154 1418 1210 pro
1442 1152 1636 1208 azymo
1664 1147 1846 1190 autem

278 1257 438 1310 parte,
470 1251 524 1292 et
575 1238 798 1291 lactucis
826 1234 1059 1297 acerbis,
1103 1232 1455 1302 purissimam
1522 1230 1574 1282 in
1631 1227 1850 1281 Christo

278 1333 472 1393 vitam,
504 1344 626 1398 qua:
687 1341 792 1379 non
840 1325 960 1377 sine
989 1323 1302 1400 acerbitate
1347 1319 1850 1386 aillictiouibttsque

278 1425 572 1479 obtinetur.
603 1417 686 1473 Ob
723 1431 844 1471 eam
889 1413 1036 1469 enim
1067 1429 1292 1468 causam
1327 1413 1581 1467 Christus
1614 1425 1681 1463 ex
1720 1423 1848 1479 pas-

279 1515 432 1570 sione
465 1513 530 1565 ad
568 1509 793 1578 gloriam
827 1505 1093 1576 pervenit,
1137 1513 1197 1559 ut
1243 1521 1308 1558 ex
1339 1519 1406 1559 eo
1431 1504 1675 1574 quidem,
1703 1502 1850 1571 quod

275 1615 471 1672 passus
505 1607 607 1663 est,
643 1612 742 1652 nos
769 1611 989 1666 quoque
1021 1595 1234 1660 doceat,
1272 1595 1490 1648 dolores
1524 1604 1684 1661 atque
1713 1590 1850 1644 ami-

273 1695 486 1746 ctiones
531 1689 748 1759 pietatis
780 1702 949 1742 causa
983 1687 1299 1742 subeundas
1349 1700 1470 1740 esse
1504 1702 1519 1738 :
1555 1699 1617 1738 ex
1653 1698 1719 1738 eo
1748 1697 1847 1736 au-

1949 499 2060 552 lum
2097 495 2499 560 condemnavit,
2539 501 2597 550 ut
2627 495 2718 566 qui
2749 493 2888 550 Filio
2929 509 3030 550 suo
3058 495 3259 564 injuste
3290 503 3518 549 mortem

1947 596 2316 660 procurasset.
2341 587 2485 643 Mors
2515 587 2660 642 enim
2686 587 2890 656 peccati
2924 602 3084 658 paena
3114 595 3236 651 est;
3265 588 3520 644 Christus

1905 690 2132 735 autem
2182 694 2462 750 nunquam
2513 679 2780 749 peccavit.
2845 680 2920 734 Ac
2980 679 3203 748 proinde
3257 680 3329 734 ita
3391 696 3521 734 cuu-

1949 774 2208 828 demnato
2236 781 2468 843 tyranno
2491 771 2649 827 Pater
2683 787 2783 826 nos
2816 771 3087 837 liberavit,
3113 781 3272 842 atque
3297 773 3363 826 ad
3396 789 3519 826 eum

1950 880 2047 936 per
2095 865 2291 918 Filium
2325 864 2571 919 subvecti
2608 878 2826 919 sumus.
2854 861 2988 918 Nam
3021 865 3066 918 is
3101 864 3318 919 medius
3358 866 3524 918 inter-

1949 956 2161 1026 positus
2194 955 2340 1008 viam
2369 954 2529 1009 nobis
2571 956 2936 1024 complanavit
2967 962 3021 1010 et
3051 958 3525 1020 communstravit,

1951 1057 2113 1116 atque
2158 1047 2210 1100 in
2247 1047 2425 1101 Patris
2486 1047 2750 1101 honorem
2798 1047 2900 1102 hoc
2945 1047 3304 1114 dispensavit.
3341 1046 3520 1101 Ilomu

1949 1137 2094 1190 enim
2147 1136 2325 1192 factus
2355 1145 2461 1200 est,
2495 1149 2550 1192 et
2582 1152 2776 1208 passus
2812 1147 2918 1204 est,
2947 1147 3000 1192 et
3030 1142 3347 1209 sanguinem
3376 1139 3522 1194 Patri

1950 1226 2170 1290 obtulit,
2223 1235 2282 1282 ut
2335 1227 2496 1282 Pater
2539 1228 2754 1282 hostem
2789 1229 3196 1292 condemnaret,
3245 1231 3528 1299 nostrique

1957 1319 2174 1387 generis
2206 1319 2470 1372 liberator
2499 1318 2673 1388 magis
2712 1330 3021 1388 appareret,
3054 1323 3154 1376 etsi
3188 1319 3358 1376 Filius
3390 1329 3549 1390 prte-'

1951 1411 2162 1465 clarum
2202 1410 2306 1466 hoc
2333 1408 2548 1464 facinus
2576 1411 2830 1480 patravit.
2866 1411 3074 1464 Passim
3104 1413 3248 1466 enim
3273 1414 3326 1466 iu
3351 1413 3528 1467 Evan-

1951 1503 2090 1572 gelio
2126 1503 2340 1558 Patrem
2373 1503 2676 1566 honoratis.
2707 1503 2924 1573 egregia
2971 1519 3068 1558 sua
3099 1503 3237 1558 facta
3270 1505 3319 1559 ei
3350 1505 3526 1560 ascri-

1952 1595 2050 1648 bit.
2094 1594 2228 1648 Illud
2278 1603 2461 1650 autem
2498 1594 2799 1649 netandum
2827 1593 2997 1664 quod,
3025 1608 3151 1648 cum
3190 1594 3304 1648 haec
3335 1594 3523 1656 dictio,

1953 1686 2168 1758 λύτρον,
2189 1686 2325 1741 duas
2356 1686 2720 1758 proprietates
2756 1686 3217 1749 habeat,alteram
3251 1684 3378 1752 quia
3405 1700 3524 1749 eos,

273 1790 409 1846 tem,
433 1755 577 1850 quod
617 1779 846 1846 gloriam
873 1777 1106 1848 adeptus
1134 1785 1238 1840 est,
1275 1776 1327 1829 id
1367 1775 1523 1830 nobis
1553 1773 1761 1835 afferat,
1790 1781 1850 1827 ut
1882 1755 1922 1811 Β
1952 1755 2274 1848 ῳιὶἐθριίγί
2319 1755 2598 1842 tenentur,
2626 1779 2679 1832 in
2711 1779 3016 1832 libertatem
3049 1779 3268 1842 asserit,
3297 1777 3524 1832 alteram

275 1871 330 1924 in
346 1872 536 1924 eadem
560 1883 685 1924 cum
705 1882 773 1923 eo
792 1867 962 1935 gloria
989 1866 1184 1921 simus.
1211 1864 1270 1919 Si
1301 1865 1442 1920 enim
1475 1865 1846 1933 compatiinur,

276 1963 452 2031 inquit
481 1961 706 2024 Paulus,
736 1970 788 2014 et
819 1959 1341 2029 congloriﬁcabimur
1357 1959 1424 2012 ⁸¹.

349 2053 464 2106 Col.
497 2051 602 2106 654
629 2054 696 2104 Δ.
729 2049 1010 2104 Enimuero
1039 2048 1272 2102 alienum
1301 2063 1404 2101 non
1463 2049 1623 2116 fuerit
1655 2063 1762 2100 rem
1789 2061 1850 2098 ac

275 2144 570 2197 doctrinam
610 2141 895 2211 inquirere,
943 2149 1054 2195 etc.
1085 2137 1199 2194 Hoc
1228 2140 1346 2194 loco
1375 2154 1632 2208 magnum
1685 2140 1849 2208 quid-

277 2235 420 2304 piam
463 2234 852 2303 inquisiturum
887 2246 947 2287 se
978 2230 1289 2302 proﬁtetur,
1320 2230 1484 2300 idque
1524 2246 1637 2284 rem
1669 2239 1846 2290 vocat.

279 2333 468 2392 utpote
507 2333 736 2393 gestam,
786 2323 1092 2379 doctrinam
1148 2331 1354 2386 autem,
1386 2332 1448 2376 ut
1497 2322 1848 2390 opinabilem,

276 2413 384 2467 hoc
421 2422 524 2477 est,
558 2414 873 2482 opinionem
924 2411 1217 2482 quamdam
1246 2421 1302 2465 et
1335 2413 1668 2466 sententiam
1699 2413 1766 2466 de
1792 2428 1850 2466 se

279 2504 436 2558 nobis
490 2505 830 2559 alierentem.
900 2502 1219 2559 Exhaustus
1267 2504 1451 2568 enim,
1503 2505 1698 2573 inquit,
1755 2519 1852 2573 pro

278 2594 441 2646 nobis
483 2594 571 2646 ille
617 2592 844 2660 sanguis
875 2591 1081 2648 Christi
1112 2592 1226 2662 (qui
1260 2600 1315 2645 et
1352 2591 1600 2645 Pontifex
1626 2593 1849 2657 dicitur,

280 2693 339 2737 ιιι
369 2699 468 2736 nos
498 2685 606 2737 Deo
643 2683 844 2738 sistens
873 2693 1040 2752 atque
1063 2683 1387 2745 concilians,
1412 2693 1465 2736 et
1492 2684 1847 2750 sacrilicium,

277 2773 406 2841 quia
454 2774 669 2827 oblatus
723 2773 828 2841 est)
861 2773 948 2827 cui
982 2773 1200 2827 tandem
1251 2774 1410 2828 datus
1459 2784 1564 2836 est,
1600 2783 1652 2826 et
1684 2789 1847 2842 quam

279 2865 350 2918 ob
393 2865 656 2918 causam?
699 2863 886 2933 Neque
929 2865 1074 2920 enim
1108 2865 1239 2918 illud
1292 2864 1520 2918 dubium
1576 2872 1685 2929 est,
1716 2867 1848 2934 quin

283 2972 382 3011 nos
439 2957 636 3026 captivi
681 2971 712 3010 a
758 2956 975 3011 diabolo
1033 2965 1363 3021 tenerentur,
1397 2957 1691 3012 venundati
1749 2958 1851 3012 sub

1951 1872 2077 1939 quia
2112 1873 2184 1930 ei.
2225 1885 2254 1924 a
2289 1885 2399 1939 quo
2431 1878 2710 1936 tenentur,
2740 1869 2976 1938 pretium
3016 1869 3254 1939 persolvi
3302 1884 3527 1924 necesse

1949 1973 2054 2026 est,
2093 1963 2197 2016 hoc
2233 1963 2350 2015 loco
2371 1962 2546 2032 pretio
2585 1962 2730 2025 huic,
2762 1961 2906 2030 quod
2941 1960 3202 2015 Dominus
3226 1961 3528 2015 redimendi

1952 2055 2124 2109 nostri
2169 2070 2334 2110 causa
2400 2053 2696 2124 persolvit,
2749 2055 2916 2107 altera
2991 2053 3297 2122 proprietas
3356 2054 3530 2107 adfuit

1951 2145 2221 2217 (captivos
2250 2147 2396 2200 enim
2453 2146 2750 2216 liberavit),
2781 2145 2949 2199 altera
3002 2145 3194 2198 deluit.
3227 2141 3335 2197 Nec
3380 2145 3525 2197 enim

1951 2237 2201 2292 diabolus
2240 2237 2552 2306 ltujusmodi
2599 2238 2829 2306 pretium
2859 2235 3092 2305 accepit,
3121 2236 3266 2290 absit
3293 2253 3307 2288 ε
3338 2249 3527 2289 verum

1953 2327 2134 2393 Pater,
2185 2338 2409 2398 propter
2458 2327 2580 2380 Filii
2611 2327 3077 2382 concertationem
3109 2336 3310 2380 nostra:
3333 2325 3529 2378 salutis

1951 2436 2118 2475 causa
2169 2420 2478 2474 voluntarie
2527 2431 2862 2488 susceptam.
2913 2417 3047 2471 Illud
3077 2416 3297 2486 quidem
3329 2430 3529 2483 pravus

1950 2511 2178 2580 spiritus
2234 2511 2286 2564 in
2345 2523 2441 2578 Spe
2487 2511 2696 2572 habuit,
2734 2510 2828 2563 sed
2858 2524 2956 2574 pro
2989 2523 3052 2561 ea
3082 2522 3180 2576 spe
3219 2506 3388 2560 totius
3428 2508 3532 2559 ἰηι-

1955 2603 2091 2671 perii
2127 2601 2466 2656 eversionem
2498 2604 2728 2670 accepit.

2021 2692 2154 2748 Ibid.
2186 2692 2450 2748 PsELLUS.
2492 2694 2630 2748 Rem
2681 2703 2733 2746 et
2799 2693 3101 2746 doctrinam
3147 2690 3266 2760 (Gr.
3290 2691 3525 2760 πρᾶγμα

1953 2786 2050 2838 καὶ
2073 2785 2293 2856 δόγμα).
2323 2785 2420 2839 Res
2455 2799 2558 2843 est.
2595 2801 2713 2855 qua:
2747 2803 2810 2838 cu
2835 2803 2864 2835 η
2901 2785 3128 2854 geritur,
3160 2783 3366 2836 nullam
3400 2799 3530 2836 ron-

1949 2878 2324 2931 tradictionem
2357 2878 2746 2947 spectatoribus
2791 2877 3010 2945 prtebet.
3063 2876 3206 2928 Nam
3251 2874 3387 2942 quod
3422 2875 3531 2928 del-

1951 2971 2144 3038 phinus
2171 2985 2264 3038 per
2297 2986 2464 3039 aquas
2493 2968 2725 3032 labatur,
2754 2985 2834 3021 res
2865 2979 2941 3022 est
2973 2969 3026 3021 in
3057 2968 3325 3037 opinionis
3360 2969 3531 3020 uarie.

283 3057 522 3116 peccato,
554 3049 1012 3118 quemadmodum
1051 3049 1120 3103 ad
1171 3045 1453 3103 Romanos
1477 3048 1671 3103 scribit
1704 3051 1849 3117 Apu-

1957 3071 2120 3116 tatem
2155 3059 2369 3116 minime
2400 3062 2614 3116 eadem.
2637 3061 2815 3130 Neque
2843 3061 2986 3114 enim
3017 3060 3139 3113 aliis
3167 3070 3354 3113 natare
3387 3060 3532 3113 vide-

282 3140 548 3201 stolus“,
579 3144 652 3194 ab
700 3138 840 3195 Isaia
883 3150 1163 3196 mutuatus
1181 3140 1251 3211 “ﬂ.
1288 3141 1461 3194 Simul
1513 3140 1658 3194 enim
1689 3155 1852 3208 atque

286 3231 378 3284 Dei
429 3231 602 3300 legem
657 3233 824 3286 libera
857 3235 1137 3286 voluntate
1188 3231 1532 3296 violavimus,
1558 3242 1720 3300 atque
1746 3233 1849 3284 itit-

281 3335 466 3393 petunt
514 3324 715 3379 diaboli
764 3324 1114 3388 admisimus,
1176 3324 1427 3393 protinus
1483 3323 1694 3377 aditum
1750 3325 1848 3392 ipsi

282 3418 615 3485 aperuimus,
641 3426 922 3488 peceatum
944 3417 1197 3471 videlicet
1228 3432 1294 3471 es
1327 3417 1484 3470 nobis
1509 3417 1850 3484 adjicientes,

281 3524 345 3563 ac
369 3509 556 3563 \itiutn
581 3524 702 3562 cum
737 3508 1014 3577 voluptate
1037 3515 1433 3577 permutantes;
1444 3507 1684 3575 jucunda
1708 3509 1852 3561 enim

285 3601 455 3669 ipsius
509 3602 838 3670 perpetratio
886 3615 1010 3655 esse
1065 3600 1300 3654 videtur.
1348 3599 1503 3664 Quod
1557 3602 1601 3654 si
1647 3601 1715 3663 is,
1760 3600 1854 3668 qui

284 3693 534 3762 captivos
592 3693 828 3756 detinet,
875 3691 1266 3762 redemptionis
1324 3706 1548 3761 quoque
1619 3693 1853 3759 pretium

287 3789 531 3854 accipere
555 3789 732 3854 debet,
762 3803 950 3858 quaero
972 3789 1189 3844 cuinam
1226 3788 1450 3857 sanguis
1476 3789 1678 3842 Christi
1705 3789 1858 3841 oblat.

289 3889 378 3934 tus
409 3880 481 3936 sit
528 3880 778 3935 diabolo?
827 3881 988 3948 Atqui
1041 3883 1142 3935 hoc
1199 3892 1455 3936 extrema:
1514 3881 1857 3934 contumelia:

287 3975 470 4038 fuerit,
500 3974 545 4027 si
571 3974 822 4029 diabolus
851 3973 956 4028 tale
987 3973 1218 4041 pretium
1254 3974 1524 4043 talemque
1552 3975 1854 4028 mercedem

285 4063 579 4132 acoeperit,
611 4078 809 4132 nempe
867 4062 1042 4118 Deum
1075 4063 1280 4132 ipsum,
1312 4063 1382 4117 ob
1437 4079 1595 4132 quem
1632 4063 1858 4116 omnino

286 4170 386 4222 par
428 4165 573 4219 erat,
619 4166 676 4210 ut
708 4155 846 4210 latro
880 4156 969 4211 ille
1018 4155 1177 4210 nobis
1222 4171 1443 4224 quoque
1480 4163 1745 4223 parceret.
1777 4157 1855 4208 An

283 4244 436 4300 Patri
489 4246 646 4300 datus
675 4248 794 4302 est?
823 4247 987 4316 Atqui
1041 4261 1387 4316 nequaquam
1423 4248 1492 4300 ab
1535 4261 1601 4301 eo
1633 4247 1857 4300 terreba-

286 4354 432 4392 mur.
463 4338 678 4408 Alioqui
714 4339 878 4392 etiam
911 4353 1031 4406 qua:
1054 4347 1136 4392 est
1172 4339 1287 4392 hazc
1321 4338 1460 4392 ratio
1491 4350 1654 4407 atque
1687 4339 1856 4405 expli-

1955 3162 2064 3215 tur,
2099 3154 2222 3207 aliis
2248 3171 2415 3208 aecus.
2444 3157 2506 3208 At
2534 3155 2674 3223 quod
2703 3155 2780 3205 ita
2810 3154 3033 3222 geritur,
3056 3161 3112 3204 ut
3135 3153 3345 3204 interim
3372 3152 3532 3206 variis

1955 3247 2304 3312 spectantium
2323 3255 2416 3298 aut
2448 3245 2850 3314 intelligentiam
2882 3242 3212 3310 opinionibus
3238 3242 3531 3309 dividatur,

1956 3340 2052 3391 hoc
2072 3347 2424 3406 prtetcrquam
2457 3336 2597 3404 quod
2621 3335 2846 3404 geritur,
2871 3335 3035 3387 etiam
3062 3333 3382 3387 decernitur.
3426 3333 3534 3387 Do-

1957 3445 2078 3497 gma
2105 3430 2241 3481 enim
2272 3437 2348 3481 est
2381 3429 2456 3480 rei
2486 3426 2662 3480 dubita
2702 3435 2750 3479 et
2778 3436 3124 3478 controversa:
3163 3436 3277 3494 post
3306 3440 3532 3478 accura-

1960 3531 2070 3573 tam
2098 3520 2491 3588 inquisitionem
2523 3519 2872 3588 pronuntiata
2923 3518 3208 3572 sententia.
3264 3517 3535 3582 Quemad-

1960 3613 2170 3664 modum
2212 3612 2493 3665 Platonem
2540 3612 2773 3664 animam
2806 3611 3160 3664 immortalem
3197 3623 3435 3665 astruere
3469 3627 3534 3664 ac

1958 3705 2231 3757 decernere
2247 3704 2474 3756 dicimus
2508 3718 2525 3755 :
2556 3701 3247 3772 quandoquidemSimmias
3281 3713 3330 3756 et
3371 3701 3531 3757 Lebes

1959 3797 2117 3851 aliter
2153 3797 2217 3850 de
2248 3812 2310 3849 ea
2341 3794 2655 3860 sentiebant,
2694 3795 2944 3848 nimirum
2973 3795 3308 3848 harmoniam
3347 3811 3534 3864 quam-

1958 3890 2081 3942 dam
2098 3904 2211 3941 esse
2237 3897 2555 3951 asserentes,
2585 3902 2692 3940 una
2714 3902 2828 3938 cum
2855 3887 3161 3954 corporibus
3183 3886 3533 3939 dilabentem:

1960 3981 2058 4032 alii
2089 3981 2248 4032 etiam
2271 3981 2336 4032 de
2367 3996 2428 4032 ea
2466 3980 2627 4031 aliter
2654 3979 2857 4044 opinati
2886 3987 3030 4028 sunt.

2034 4069 2170 4122 Ibid.
2207 4068 2268 4123 Β.
2310 4070 2382 4120 Ac
2426 4070 2488 4121 de
2517 4068 2726 4122 Christo
2765 4067 2871 4119 lucc
2904 4067 3224 4132 nobis,._dicta
3271 4067 3397 4128 sint,
3427 4077 3530 4120 clc.

1962 4161 2108 4225 Ilzec,
2147 4160 2344 4228 inquit.
2401 4160 2468 4211 de
2501 4158 2741 4221 Christo,
2774 4168 2828 4211 et
2871 4160 3033 4210 rebus
3081 4157 3148 4210 ab
3181 4171 3245 4210 eo
3279 4159 3536 4226 pra-clare

1959 4255 2130 4321 gestis
2157 4252 2364 4306 dixisse
2387 4248 2622 4305 sttil‘tciat
2653 4266 2669 4303 :
2704 4263 2868 4319 atque
2898 4250 2963 4303 iis
2991 4251 3155 4303 etiam
3191 4250 3341 4318 plura
3369 4249 3534 4304 silen-

1964 4345 2020 4396 tii
2053 4345 2257 4397 honore
2291 4357 2711 4411 prosequemur,
2741 4351 3106 4410 praetereunte
3142 4341 3392 4398 videlicet
3413 4359 3536 4398 ora-

287 4432 452 4495 catio,
500 4441 558 4484 ut
591 4433 836 4486 dicamus
881 4429 1099 4484 Patrem
1146 4429 1268 4483 Filii
1303 4431 1388 4484 sui
1421 4434 1682 4498 sanguine
1711 4429 1856 4483 delc—
1884 4436 1936 4496 D
1965 4438 2140 4500 tione,
2183 4443 2298 4487 tmn
2345 4449 2414 4487 ne
2447 4433 2612 4486 nimia
2651 4433 2961 4502 prolixitate
2999 4433 3345 4488 audientibus
3385 4435 3537 4489 insti-

287 4521 446 4583 ctari,
483 4525 574 4593 qui
605 4540 670 4576 ne
695 4524 898 4577 caedem
940 4522 1160 4592 quidem
1199 4522 1349 4576 Isaac
1403 4523 1604 4589 patrari
1654 4522 1858 4592 permi-

288 4615 444 4676 serit,
471 4617 562 4670 sed
592 4632 687 4685 pro
721 4630 785 4669 eo
819 4615 1043 4670 arietem
1089 4615 1433 4668 inactatttlum
1476 4615 1861 4667 substittterit?

287 4706 420 4772 Qua:
467 4707 628 4775 igitur
679 4706 998 4777 quaestionis
1058 4706 1219 4775 hujus
1265 4706 1508 4760 solutio?
1557 4705 1856 4757 Dicendum

287 4801 506 4854 Patrem
531 4801 752 4870 quidem
779 4800 1078 4869 accepisse,
1112 4814 1220 4852 nou
1250 4807 1428 4852 tamen
1454 4799 1598 4867 quod
1623 4797 1857 4865 petierit,

287 4902 385 4946 ant
432 4885 566 4960 ἄνυε
623 4891 896 4956 habuerit,
951 4893 1042 4946 sed
1101 4899 1319 4960 propter
1371 4890 1854 4959 dispensationem.

285 4981 660 5036 Constitutum
717 4982 863 5034 enim
898 4979 1098 5044 fuerat,
1130 4990 1188 5034 ut
1243 4974 1341 5048 pro
1397 4981 1554 5034 nobis
1606 4981 1859 5034 Christus

285 5083 618 5135 moreretur,
670 5081 728 5125 ut
788 5088 882 5142 per
936 5072 1117 5128 carnis
1175 5083 1470 5141 assumpta:
1535 5075 1852 5142 sanguinem

290 5163 418 5229 (hoc
471 5165 617 5217 enim
686 5164 1080 5217 humanitatem
1122 5165 1301 5232 vocat)
1358 5163 1574 5232 generis
1635 5162 1860 5215 humani

290 5259 490 5302 natura
534 5251 881 5305 sanetitatem
927 5260 1370 5320 consequeretur,
1423 5264 1582 5319 atque
1614 5263 1672 5306 ut
1701 5251 1860 5306 Pater

287 5356 392 5394 nos
430 5341 742 5405 redimeret,
769 5350 997 5411 tyranno
1015 5355 1110 5410 per
1139 5341 1242 5394 vim
1263 5341 1640 5411 superato.\’is
1657 5354 1864 5410 autem,

289 5439 511 5502 proprie
567 5433 786 5504 quidem
821 5435 1074 5504 potentia:
1107 5436 1518 5492 exuberantiam
1552 5437 1858 5506 signiﬁcat:

1965 4529 2115 4582 dium
2177 4525 2478 4594 pariamus,
2518 4534 2632 4578 tum
2667 4523 2796 4592 quia
2827 4524 3089 4592 temporis
3133 4525 3382 4592 angustia
3416 4541 3538 4594 pre-

1967 4621 2195 4683 tnimur,
2233 4625 2347 4670 tum
2382 4618 2545 4671 etiam
2575 4625 2792 4685 prepter
2827 4614 3098 4668 dillicilem
3149 4630 3212 4668 ac
3245 4616 3538 4682 perobscu-

1965 4722 2081 4760 ram
2124 4715 2402 4760 tantorum
2452 4704 2837 4774 mysteriorum
2892 4701 3330 4770 explicationem.
3375 4701 3534 4755 IEnei

1971 4807 2155 4851 autem
2183 4795 2454 4865 serpentis
2478 4793 2710 4849 historia
2738 4794 2938 4861 scripta
2975 4803 3057 4847 est
3087 4794 3140 4847 in
3171 4794 3308 4847 libro
3334 4791 3536 4847 Nume-

1965 4905 2174 4944 rorum.
2204 4887 2341 4942 Nam
2373 4904 2494 4944 cum
2554 4886 2709 4941 multi
2762 4901 2826 4940 ex
2866 4889 2989 4940 liliis
3026 4887 3236 4942 Israelis
3275 4888 3345 4941 ob
3395 4903 3540 4941 mur-

1966 4981 2323 5035 murationem
2400 4994 2429 5031 a
2507 4980 2852 5048 serpentibus
2927 4977 3018 5032 icti
3083 4978 3354 5048 perirent,
3417 4988 3539 5032 tan-

1967 5070 2090 5124 dem
2142 5069 2286 5124 Deus
2320 5067 2486 5124 Musis
2519 5069 2770 5138 precibus
2797 5070 3096 5138 mitigatus,
3124 5070 3188 5122 ad
3212 5085 3337 5122 eum
3365 5069 3498 5122 dixrt
3523 5087 3538 5121 :

1970 5161 2085 5216 Fac
2157 5162 2250 5214 tibi
2301 5161 2405 5231 ipsi
2459 5169 2773 5230 serpentem,
2808 5170 2856 5215 et
2905 5178 3039 5230 pone
3104 5177 3223 5215 eum
3266 5161 3322 5214 in
3366 5161 3537 5229 signa.

1973 5255 2078 5309 hoc
2138 5263 2223 5308 est
2285 5254 2340 5308 in
2411 5253 2580 5322 ligno.
2647 5252 2713 5306 Et
2774 5254 3012 5323 quiaquia
3073 5269 3351 5321 percussus
3421 5268 3539 5306 eum

1977 5346 2265 5414 aspexerit,
2315 5347 2446 5400 uiuet
2475 5345 2544 5399 ⁸⁵.
2593 5345 2720 5398 Illud
2765 5361 2930 5416 porro
2984 5342 3096 5400 Fac
3143 5347 3237 5398 tibi
3275 5346 3399 5410 ipsi,
3437 5347 3540 5398 hoc

1977 5436 2234 5500 ostendit,
2280 5438 2423 5506 quod
2477 5438 2735 5505 quoniam
2777 5438 2939 5492 exiis
2991 5453 3112 5505 quae
3160 5438 3380 5501 liebunt,
3433 5437 3538 5490 alia

399 5609 444 5642 ⁸ο
473 5609 618 5685 _Luc.
664 5629 800 5685 χχιι,
838 5617 935 5682 I9;
977 5615 991 5666 l
1050 5613 1174 5668 Cur.
1209 5629 1285 5680 xt,
1317 5614 1406 5667 24.
1449 5613 1492 5645 ⁸⁸
1528 5615 1685 5667 liom.
1744 5625 1851 5676 vm1

1964 5609 2014 5661 7.
2074 5606 2117 5640 ⁸³
2158 5609 2316 5661 Rom.
2343 5623 2441 5674 vn,
2474 5609 2561 5662 li.
2634 5610 2678 5646 ⁸³
2715 5611 2821 5666 lsa.
2861 5626 2955 5675 ιιι,
2997 5611 3022 5664 l
3059 5625 3210 5682 seqq.
3288 5612 3334 5644 "
3371 5609 3531 5664 Num.

295 5695 413 5744 κιι,
464 5683 516 5751 8,
571 5683 623 5737 9.
