3996 6206
514 293 648 360 i391

1927 286 2309 349 AD’DENDA.

3674 283 3861 348 mea

511 413 606 468 Dei
659 408 873 465 ratione
927 407 1146 470 ﬁebant,
1201 405 1305 460 alia
1360 404 1573 479 ratione
1620 404 1929 470 hominum,
1988 404 2093 458 hoc
2124 412 2169 469 Α
2200 418 2327 459 cum
2386 403 2794 468 contrarietate,
2857 412 2915 459 ut
2966 402 3221 473 superius
3283 402 3667 459 declaratum
3724 411 3859 455 est.

511 504 635 560 loco
690 518 706 556 :
734 558 737 561 ,
763 501 880 556 Tibi
914 501 1040 571 ipsi,
1082 500 1289 555 ratione
1321 498 1510 563 Mosis,
1538 505 1606 563 ,et
1640 498 1810 553 totius
1840 496 2089 551 multitu-

511 597 659 652 dinis
692 594 883 649 eodem
917 607 1113 661 genere
1158 590 1403 645 oriunda!
1432 590 1640 644 dictum
1669 599 1774 646 est.
1810 591 1947 658 Age.
1974 590 2085 658 jam

496 688 669 758 quasi
723 701 791 741 ex
851 685 1022 754 ﬁgura
1070 683 1138 737 ad
1197 697 1299 737 nos
1364 682 1670 737 veniamus.
1727 682 1895 736 Deum
1924 681 2087 747 ﬁenim

511 796 612 834 nos
641 790 861 849 quoque
895 774 1245 838 oil'eudimus,
1267 781 1433 843 atque
1464 774 1601 827 adeo
1629 774 1684 827 in
1718 772 2086 843 spiritualium

511 879 824 939 serpentum
885 878 1131 920 morsum
1199 862 1538 927 incidimus,
1598 862 1692 933 qui
1762 878 1858 932 per
1924 877 2090 917 omne

508 961 714 1032 peccati
783 973 955 1029 genus
1025 971 1125 1011 nos
1196 953 1458 1011 ferientes
1524 965 1703 1010 morte
1758 952 2088 1010 adiciebant.

513 1058 765 1119 Quonam
810 1059 992 1105 autem
1036 1048 1201 1104 modo
1253 1048 1483 1102 salutem
1528 1047 1810 1103 consecuti
1864 1046 2093 1103 smnus?

513 1143 842 1213 Aspeximus
879 1142 1043 1196 etiam
1095 1139 1198 1209 ipsi
1228 1146 1540 1206 serpentem
1577 1137 1631 1192 in
1664 1136 1833 1206 ligno,
1877 1137 1979 1190 hoc
2006 1144 2091 1190 est

510 1236 836 1298 Christum,
906 1233 1196 1302 ipsumque
1263 1231 1539 1286 intuentes
1604 1238 1770 1299 atque
1840 1227 1896 1291 iu
1965 1244 2090 1282 eum

511 1328 844 1390 credentes,
898 1324 1135 1380 salutem
1216 1321 1612 1378 nanciscimur.
1710 1318 1915 1375 Verum
1986 1336 2093 1390 qua

512 1418 723 1471 ratione
752 1415 917 1478 Deus,
949 1412 1041 1483 qui
1082 1420 1280 1466 natura
1316 1412 1495 1465 bonus
1523 1418 1628 1476 est,
1678 1424 1909 1481 serpens
1951 1410 2092 1465 dici-

515 1511 641 1566 tur?
685 1509 960 1576 Quoniam
998 1507 1155 1576 juxta
1207 1519 1332 1569 nos,
1372 1501 1547 1557 libera
1578 1501 1859 1557 voluntate
1891 1502 2090 1567 malos,

514 1621 610 1674 νιιι-
656 1600 1069 1657 similitudinem
1127 1595 1311 1650 carnis
1351 1605 1636 1665 peccatum
1687 1592 1867 1650 factus
1908 1602 2009 1657 est,
2040 1600 2095 1647 et

512 1710 638 1747 cum
677 1691 880 1761 iniquis
911 1696 1194 1761 reputatus
1238 1696 1323 1741 est
1353 1686 1421 1741 ³⁸.
1469 1686 1709 1756 Serpens
1741 1688 1904 1757 igitur
1933 1685 2093 1741 Chri-

2197 492 2468 559 Quoniam
2535 493 2704 563 igitur
2772 509 2973 564 pravus
3025 495 3252 564 spiritus
3301 496 3654 549 exstinctus
3738 506 3861 553 est.

2194 598 2297 652 age
2375 585 2426 638 ei
2487 597 2789 653 congruum
2845 585 3183 654 epitaphium
3247 596 3650 639 contexamus
3686 626 3709 647 ,
3788 600 3859 637 ac

2195 692 2318 732 cum
2364 674 2503 731 Osea
2536 676 2816 740 dicamus,
2857 674 2959 729 Ubi
3006 687 3108 740 est,
3134 693 3298 742 mors,
3327 676 3606 731 stimulus
3652 680 3869 728 (an?

2197 768 2286 823 ubi
2334 777 2434 833 est,
2488 768 2716 835 inferne,
2764 768 2987 821 victoria
3040 782 3132 821 tua
3171 768 3255 820 δη
3312 767 3603 823 Diabolus
3674 784 3866 822 enim

2194 860 2394 915 mortis
2430 860 2680 914 minister
2721 870 2806 913 est
2859 877 2873 912 :
2925 875 3074 914 mors
3108 868 3291 913 autem
3330 857 3467 914 Orci
3515 860 3865 913 ministra.

2196 949 2454 1005 Diabolus
2490 950 2761 1020 siquidem
2817 966 2914 1020 per
2973 960 3252 1020 peceatum
3289 953 3597 1005 sauciatos
3648 954 3867 1004 morti

2196 1043 2443 1098 tradebat
2495 1059 2509 1095 :
2581 1056 2731 1097 mors
2797 1051 2984 1096 autem
3045 1038 3377 1097 interfectos
3444 1043 3531 1095 ad
3600 1040 3867 1097 Orem-

2195 1135 2613 1190 transmittebat.
2647 1136 2717 1188 At
2748 1150 2893 1189 nunc
2916 1133 3225 1204 Theologus
3253 1135 3459 1189 inferni
3501 1144 3570 1190 et
3608 1134 3865 1188 mortis

2195 1228 2419 1282 nomine
2467 1228 2747 1282 diabolum
2807 1237 3008 1291 vocat,
3069 1235 3131 1281 ut
3178 1228 3474 1296 utriusque
3549 1242 3865 1281 causam.

2195 1318 2435 1374 Aculeus
2485 1328 2668 1374 autem
2721 1319 2886 1385 illius,
2918 1327 3201 1388 peccatum
3250 1328 3354 1383 est,
3387 1335 3457 1374 ae
3492 1320 3865 1390 volupaatis

2195 1419 2426 1465 uestrum
2477 1428 2490 1464 :
2547 1409 2800 1475 victoria,
2854 1411 3044 1474 fraus;
3086 1410 3288 1479 quibus
3327 1411 3503 1465 rebus
3552 1427 3676 1465 uos
3724 1413 3861 1465 sub

2195 1498 2484 1567 imperium
2560 1515 2722 1554 suum
2788 1516 2852 1554 ac
2907 1510 3231 1569 potestatem
3298 1504 3565 1572 redigere
3641 1503 3863 1556 Belial

2196 1590 2579 1646 contendebat.
2646 1593 2841 1646 Verum
2896 1602 3187 1662 utrumque
3237 1609 3334 1663 per
3365 1592 3685 1649 Christum
3736 1596 3863 1649 dc-

2197 1681 2365 1736 letum
2420 1692 2524 1738 est.
2575 1682 2867 1737 Peccatum
2918 1683 3066 1736 enim
3121 1699 3233 1737 non
3270 1684 3421 1750 fecit,
3483 1700 3603 1739 nec
3632 1702 3669 1739 a
3702 1694 3861 1740 tea-

513 1796 631 1842 stus
658 1794 764 1851 est,
796 1784 940 1839 velut
967 1783 1021 1837 in
1053 1782 1471 1837 similitudinem
1499 1780 1729 1851 peccati,
1762 1782 1893 1851 quia
1924 1780 2091 1835 homo
2125 1785 2166 1839 Β
2196 1784 2372 1830 tatore
2428 1776 2651 1830 delusus
2708 1789 2773 1829 ac
2818 1775 3230 1831 circumventus
3258 1786 3362 1830 est.
3422 1776 3583 1842 Quin
3622 1778 3854 1848 potius

516 1879 694 1933 factus
750 1887 855 1932 est.
915 1880 1090 1947 Atque
1134 1874 1207 1930 ob
1254 1889 1375 1929 eam
1429 1888 1650 1929 causam
1704 1871 1773 1927 ad
1812 1888 1963 1938 eum,
1995 1872 2091 1943 qui

514 1986 714 2041 purum
745 1970 1024 2023 hominem
1067 1981 1194 2022 cum
1235 1981 1361 2021 esse
1398 1965 1792 2032 arbitrabatur,
1825 1967 2043 2022 dicebat
2077 1982 2092 2019 :

516 2064 654 2131 Quid
697 2058 788 2117 'me
840 2061 975 2116 dicis
1033 2061 1225 2114 bonum
1267 2058 1348 2112 8‘?
1390 2060 1682 2117 Enimvero
1729 2075 1955 2130 serpens
2007 2059 2097 2114 ille

516 2173 702 2212 :cneus
747 2170 874 2210 vere
908 2168 1133 2223 serpens
1170 2168 1280 2206 non
1311 2162 1450 2216 erat,
1482 2150 1576 2207 sed
1606 2151 1837 2221 ﬁguram
1872 2151 2093 2221 quidem

513 2247 784 2318 serpentis
837 2246 1107 2308 habebat,—
1146 2259 1415 2299 venenum
1440 2253 1622 2298 autem
1681 2260 1786 2298 non
1843 2244 2095 2299 habebat.

517 2341 717 2398 Eodem
752 2341 915 2397 modo
942 2339 1216 2404 Christus,
1251 2348 1528 2406 quatenus
1575 2338 1785 2409 peccati
1825 2352 2096 2392 venenum

517 2450 627 2491 non
660 2435 915 2499 habebat,
946 2448 1057 2487 non
1092 2440 1210 2487 erat
1241 2447 1384 2487 unus
1416 2446 1449 2487 e
1476 2430 1657 2497 nobis,
1685 2430 1782 2500 qui
1823 2429 2098 2500 serpentis

519 2527 747 2582 formam
782 2525 1075 2583 subiimus.
1119 2527 1291 2579 Omne
1322 2524 1522 2579 etenim
1552 2533 1838 2594 peccatum
1870 2537 2099 2592 serpens

516 2636 644 2677 vere
681 2630 786 2684 est,
839 2628 895 2673 et
952 2618 1045 2688 qui
1083 2616 1261 2687 ipsum
1312 2615 1573 2683 admittit,
1608 2629 1835 2685 serpens
1882 2629 2101 2685 quoque

521 2717 638 2783 ipse
697 2710 951 2767 ellicitur.
1009 2710 1152 2775 Quin
1209 2709 1311 2764 hac
1355 2722 1575 2778 quoque
1620 2722 1790 2763 causa
1845 2722 2097 2777 serpens,

519 2818 685 2872 quem
732 2802 789 2856 in
842 2817 1063 2856 crucem
1100 2800 1278 2856 Moses
1326 2801 1572 2866 sustulit,
1630 2798 1859 2870 ﬁguram
1892 2799 2100 2854 Christi

520 2894 686 2964 gerit,
721 2894 985 2962 quoniam
1030 2893 1490 2961 quemadmodum
1531 2905 1826 2961 corporeus
1855 2905 2100 2959 serpens,

522 2996 633 3037 non
668 2982 846 3037 solum
888 2994 1161 3034 venenum
1213 2981 1395 3045 habet,
1441 2996 1538 3049 per
1574 2981 1744 3049 quod,
1782 2980 1875 3050 qui
1918 2981 1990 3034 ab
2034 2995 2101 3036 eo

524 3075 616 3128 icti
648 3071 874 3138 iuerint,
917 3075 1366 3141 exstinguuntur,
1423 3073 1516 3126 sed
1562 3072 1730 3125 etiam
1776 3072 1903 3126 vitae
1936 3073 2102 3142 phar-

2199 1877 2440 1922 tentator
2464 1867 2582 1936 ipse
2615 1883 2779 1923 cruce
2798 1867 3003 1923 Christi
3034 1870 3470 1925 eonvulneratus
3490 1881 3629 1938 est,
3647 1882 3853 1939 atqu:

2197 1960 2540 2026 interfectus,
2599 1970 2869 2031 quantum
2928 1961 2997 2016 ad
3048 1961 3397 2032 tyrannidem
3446 1965 3695 2029 attinet,
3759 1979 3844 2017 ac

2197 2068 2296 2124 per
2356 2068 2569 2107 aeneum
2635 2062 2693 2107 et
2755 2054 3062 2107 inanimum
3109 2063 3418 2122 serpentem
3484 2054 3837 2123 ignoiuinia

2198 2155 2440 2201 notatur.
2471 2145 2568 2200 llle
2594 2146 2741 2201 enim
2777 2146 2834 2199 in
2860 2147 3006 2216 ligno
3031 2148 3283 2201 conﬁxus
3316 2162 3384 2200 ac
3411 2149 3841 2216 triumphatas

2198 2246 2527 2293 tentatorem
2581 2237 2975 2309 praesignabat,
3031 2239 3125 2309 qui
3178 2253 3278 2308 per
3339 2238 3714 2293 salutiferam
3760 2250 3836 2294 es

2197 2330 2365 2386 vitale
2415 2330 2602 2386 erucis
2650 2330 2857 2401 lignum
2918 2329 3281 2398 interemptus
3333 2338 3444 2394 est,
3496 2341 3685 2400 atque
3734 2332 3817 2385 ita

2204 2423 2479 2493 serpentis
2527 2421 2765 2477 formam
2824 2422 3049 2486 retinet,
3085 2431 3146 2477 ut
3176 2431 3362 2475 tamen
3394 2422 3543 2475 nihil
3576 2437 3821 2485 eorum.

2199 2531 2322 2586 quae
2348 2516 2616 2586 serpentis
2646 2524 2976 2584 sunt,agere
3005 2515 3206 2579 valeat,
3235 2515 3432 2568 saltem
3466 2515 3526 2567 in
3548 2514 3824 2570 Christo.

2201 2607 2260 2660 In
2292 2621 2360 2661 eo
2395 2607 2543 2661 enim
2574 2606 2756 2660 omnis
2800 2605 3061 2661 draconis
3086 2604 3168 2658 vis
3209 2614 3265 2659 et
3309 2603 3551 2658 facultas
3584 2603 3651 2657 in
3688 2604 3826 2657 irri-

2203 2707 2316 2753 tum
2353 2699 2540 2753 cessit.

2272 2789 2391 2846 Col.
2420 2790 2527 2844 654
2576 2790 2638 2845 C.
2684 2789 2809 2845 Iam
2855 2804 2979 2844 vero
3017 2787 3298 2843 Paschalis
3347 2789 3651 2856 participes
3708 2789 3824 2842 eri.

2203 2897 2365 2946 mus,
2413 2892 2523 2937 etc.
2580 2882 2805 2961 Triplex
2842 2883 3071 2937 ‘Pascha
3137 2881 3191 2934 in
3246 2882 3481 2933 medium
3529 2881 3824 2948 producit

2203 2975 2538 3045 'l‘heologus,
2586 2973 2902 3037 Iudaicum,
2960 2961 3212 3028 nostrum
3278 2986 3329 3025 et
3366 2971 3645 3024 futurum.
3730 2973 3825 3024 Ac

2202 3062 2487 3119 Judaieum
2514 3065 2733 3134 quidem
2759 3064 2987 3133 ﬁguram
3016 3063 3187 3117 nostri
3214 3076 3327 3117 esse
3347 3059 3495 3122 dicit,
3520 3069 3819 3113 nostrum

526 3180 769 3229 macutn,
822 3179 933 3233 quo
981 3174 1230 3234 accepto,
1282 3164 1378 3234 qui
1424 3165 1673 3235 percussi
1724 3164 1970 3228 fuerunt,
2032 3166 2100 3219 ad
2135 3160 2179 3219 Ω
2215 3166 2399 3211 autem
2447 3155 2667 3210 futuri:
2709 3154 3002 3210 Judaieum
3048 3169 3215 3224 porro
3261 3162 3447 3207 nostro
3490 3150 3820 3205 obscurius

532 3258 697 3312 vitam
764 3266 1096 3312 revocantur
1152 3274 1165 3311 :
1232 3257 1313 3311 sic
1366 3272 1435 3312 ex
1490 3257 1819 3327 interempto
1898 3257 2107 3311 Adamo

528 3346 733 3403 homini
807 3346 1267 3403 medicamentum
1324 3345 1605 3401 inventum
1653 3355 1759 3412 est,
1822 3350 1968 3415 quod
2025 3354 2110 3402 est

529 3438 743 3495 Domini
801 3455 1044 3509 corpus,
1100 3440 1257 3510 cujus
1295 3440 1346 3493 vi
1397 3452 1562 3493 omne
1616 3440 1823 3509 peccati
1876 3439 2028 3494 virus
2077 3454 2109 3494 a

528 3531 882 3588 credentibus
954 3531 1225 3587 aboletur.
1296 3532 1366 3585 At
1419 3530 1728 3599 Theologus
1799 3543 2106 3601 serpentem

532 3641 745 3681 aeneum
794 3625 998 3679 Christi
1059 3634 1243 3694 typum
1295 3624 1717 3697 haudquaquam
1748 3639 1874 3679 esse
1921 3632 2110 3679 censet

532 3718 734 3786 (neque
763 3717 910 3768 enim
952 3715 1036 3769 fas
1087 3730 1152 3768 ac
1185 3714 1335 3783 pium
1390 3724 1476 3770 est
1505 3729 1825 3784 perversum
1855 3715 2108 3785 spiritum

528 3807 731 3861 Christi
792 3816 979 3876 typum
1034 3808 1274 3875 vocare),
1308 3820 1496 3860 verum
1528 3808 1853 3877 antitypum,
1900 3808 2003 3863 hoc
2029 3819 2111 3865 est

533 3898 867 3954 contrariam
920 3896 1172 3969 ﬁguram.
1222 3897 1434 3951 Etenim
1484 3914 1713 3968 serpens
1752 3917 1782 3954 a
1835 3901 2107 3969 principio

535 3992 743 4047 homini
790 3990 1020 4046 exitium
1072 3989 1295 4054 attulit;
1357 3987 1615 4046 Christus
1680 4003 1861 4046 autem
1920 4002 2109 4061 postea

522 4086 786 4141 salutem.
823 4082 918 4138 Ille
964 4082 1020 4137 in
1073 4098 1319 4139 errorem
1357 4084 1589 4148 induxit,
1627 4085 1717 4140 hic
1764 4086 1905 4139 viam
1961 4101 2111 4141 com-

535 4175 880 4233 monstravit.
947 4175 1064 4230 illic
1111 4190 1339 4246 serpens
1399 4192 1562 4232 verus
1624 4194 1734 4232 non
1787 4187 1954 4243 erat,
2015 4180 2105 4235 hic

536 4272 699 4322 homo
738 4282 923 4322 verus.
980 4265 1182 4322 Adhaee
1233 4267 1326 4321 ille
1378 4269 1567 4324 eadem
1611 4266 1788 4323 forma
1851 4268 2110 4339 praeditos

534 4369 812 4428 serpentes
838 4358 1116 4412 interemit
1160 4374 1174 4413 :
1221 4368 1277 4412 at
1310 4356 1569 4413 Christus
1600 4375 1798 4430 genere
1825 4361 1931 4416 sibi
1970 4376 2110 4416 con-

529 4449 737 4516 junctis
785 4449 1103 4505 hominibus
1167 4453 1335 4505 vitam
1389 4450 1569 4506 aﬂert.
1624 4451 1890 4508 Praeterea
1948 4453 2111 4510 Chri—

536 4552 655 4598 stus
694 4542 878 4598 salvos
924 4558 1021 4598 eos
1077 4542 1228 4610 facit,
1261 4544 1354 4615 qui
1384 4545 1619 4600 credunt
1664 4546 1843 4616 ipsum
1897 4547 2102 4611 vivere,

535 4651 601 4689 ac
646 4634 819 4690 vitam
853 4650 976 4691 esse
1010 4636 1238 4691 credunt
1287 4653 1304 4690 :
1348 4645 1404 4691 at
1435 4636 1691 4692 diabolus
1720 4639 1914 4694 salutis
1940 4653 2107 4694 causa

536 4725 603 4782 iis
640 4735 748 4790 est,
804 4726 898 4795 qui
945 4726 1126 4796 ipsum
1182 4726 1489 4791 intuentur,
1541 4727 1587 4782 si
1639 4729 1803 4783 modo
1860 4729 2108 4784 credide-

536 4817 671 4879 rint,
704 4830 814 4870 non
866 4819 1012 4886 quod
1060 4817 1178 4886 ipse
1210 4816 1374 4882 vivat,
1426 4817 1521 4872 sed
1573 4818 1718 4886 quod
1758 4833 1856 4889 per
1888 4833 2106 4874 erucem

536 4923 831 4980 oppressus
864 4919 1029 4979 atque
1060 4911 1368 4965 exstinctus
1403 4911 1498 4977 sit,
1526 4912 1795 4966 duntaxat
1838 4920 2107 4982 quantum

535 5004 601 5058 ad
632 5001 972 5075 tyrannidem
1020 5020 1034 5056 :
1092 5012 1258 5072 atque
1299 5003 1466 5058 etiam
1514 5004 1754 5060 subditis
1786 5005 1891 5060 sibi
1931 5004 2111 5059 rebel-

535 5094 678 5149 libus
712 5093 1075 5164 potestatibus
1106 5093 1388 5148 interitum
1416 5093 1730 5148 accersivit.
1771 5090 1908 5148 Nam
1942 5091 2108 5147 Chri-

535 5199 679 5251 stus,
743 5188 1075 5243 obtruncato
1128 5187 1290 5252 duce,
1349 5186 1499 5241 illius
1543 5201 1765 5256 quoque
1804 5187 2102 5242 exercitum

536 5282 864 5352 proﬂigavit.
918 5279 1054 5335 illud
1103 5281 1270 5349 igitur
1309 5280 1631 5346 notandum,
1667 5279 1813 5348 quod
1868 5295 2098 5349 serpens

536 5378 796 5429 hactenus
843 5374 1043 5429 Christi
1098 5375 1322 5444 ﬁguram
1382 5372 1624 5442 gerebat,
1663 5371 1808 5442 quod
1861 5372 1917 5427 in
1957 5372 2109 5443 ligno

535 5465 813 5530 penderet,
866 5466 990 5522 aliis
1037 5477 1219 5522 autem
1253 5467 1516 5521 omnibus
1569 5467 1868 5521 rationibus
1919 5466 2108 5533 ﬁgurat

538 5563 875 5625 Contrarias,
924 5564 1027 5619 hoc
1071 5572 1177 5627 est,
1234 5562 1407 5631 ﬁgura
1468 5575 1573 5614 non
1624 5560 1969 5630 simpliciter,
2006 5564 2105 5615 sed

609 5719 654 5753 ⁸³
686 5718 799 5776 Tsa.
841 5732 960 5785 tm,
1011 5717 1067 5773 5.
1141 5716 1187 5752 "'
1228 5715 1416 5773 Matth.
1461 5732 1573 5784 xxx,
1612 5717 1674 5771 Π

1790 5719 1836 5752 "
1876 5719 2014 5776 Osee
2070 5734 2188 5789 xm,
2239 5719 2342 5787 ib;
2386 5718 2561 5776 lCor.
2598 5736 2687 5789 xv,
2720 5721 2809 5777 56.

2210 3264 2357 3314 esse,
2388 3258 2638 3303 nostrum
2673 3261 2824 3311 vero,
2876 3247 2923 3301 si
2968 3248 3189 3317 quidem
3236 3260 3361 3300 cum
3387 3242 3630 3298 Judaico
3675 3259 3818 3297 cou-

2211 3342 2436 3407 l'eratur,
2470 3339 2772 3410 perfectum
2803 3353 2948 3403 esse,
2977 3338 3025 3392 si
3057 3347 3241 3392 autem
3267 3350 3395 3391 eum
3420 3333 3615 3389 futuro
3647 3350 3816 3388 cotu-

2206 3444 2452 3505 paretur,
2498 3430 2902 3502 imperfeetum.
2964 3429 3286 3500 Cuiusmodi
3346 3437 3535 3482 autem
3584 3427 3663 3480 sit
3723 3428 3813 3479 fu-

2213 3539 2396 3582 turum
2447 3523 2681 3590 Pascha,
2744 3525 3105 3594 sequentibus
3158 3521 3343 3576 verbis
3401 3521 3593 3576 docet.
3640 3518 3809 3585 Quod

2212 3633 2344 3673 vero
2373 3618 2492 3681 ait,
2541 3630 2654 3672 non
2696 3616 2845 3670 enim
2882 3615 3066 3670 dicere
3107 3615 3357 3679 verebor,
3399 3614 3503 3668 hoc
3544 3612 3678 3667 ideo
3705 3612 3809 3665 ad-

2210 3711 2370 3777 didit,
2408 3711 2538 3781 quia
2572 3724 2772 3765 novum
2795 3718 2960 3780 atque
2998 3708 3299 3764 absurdum
3335 3706 3506 3761 videri
3559 3715 3805 3777 poterat,

2210 3803 2421 3860 Pascha
2446 3813 2699 3859 nostrum
2726 3803 2957 3874 ﬁguram
2990 3802 3198 3857 dicere.
3242 3799 3585 3855 Perfectiore
3615 3812 3804 3854 autem

2211 3898 2375 3953 modo
2412 3900 2469 3952 in
2524 3899 2692 3954 altera
2744 3901 2857 3954 vita
2909 3898 3133 3953 Pascha:
3180 3899 3478 3968 participes
3539 3900 3801 3959 erimus;

2211 3992 2342 4062 quia
2385 4006 2533 4046 nunc
2592 3992 2648 4046 in
2696 4005 2794 4060 spe
2837 3991 3258 4047 resurrectionis
3317 4000 3525 4045 nostra).
3595 3989 3799 4045 festum

2212 4084 2558 4139 celebramus
2618 4100 2631 4138 :
2694 4094 2825 4139 tunc
2883 4093 3066 4139 autem
3133 4099 3254 4139 eam
3319 4083 3495 4153 ipsam
3555 4084 3798 4138 celebra-

2212 4176 2435 4240 bimus,
2494 4192 2618 4232 eum
2675 4178 2936 4232 nimirum
2993 4178 3167 4247 ipsius
3227 4192 3450 4246 quoque
3517 4176 3795 4246 pollicita-

2213 4270 2288 4322 tio
2327 4268 2536 4337 expleta
2590 4267 2749 4322 fuerit
2776 4308 2792 4333 ,
2832 4284 2994 4337 quam
3047 4269 3177 4323 fecit
3242 4270 3327 4324 his
3374 4268 3562 4324 verbis
3606 4286 3624 4322 :
3670 4267 3790 4319 Νοιι

2213 4358 2387 4412 bibam
2476 4360 2668 4414 amodo
2740 4375 2805 4414 ea:
2858 4361 2955 4414 hoc
3018 4362 3282 4432 genimine
3350 4361 3473 4414 ritis
3527 4377 3697 4429 usque
3741 4364 3795 4413 in

2215 4451 2353 4505 diem
2408 4450 2601 4516 illum,
2654 4468 2772 4506 cum
2836 4453 2969 4506 illud
3024 4454 3199 4508 bibam
3269 4471 3458 4508 novum
3521 4454 3789 4507 vobiscum

2214 4545 2269 4597 in
2300 4559 2461 4613 regno
2491 4544 2671 4599 Patris
2705 4548 2804 4599 mei
2834 4546 2903 4600 ⁸⁸.
2943 4546 3063 4612 Quo
3094 4547 3215 4600 loco
3252 4545 3505 4600 nonnulli
3538 4546 3789 4598 doctores

2217 4652 2313 4707 per
2382 4654 2610 4708 regnum
2685 4638 2891 4692 Christi
2962 4640 3428 4694 resurrectionem
3504 4638 3786 4691 intellexe-

2220 4739 2387 4794 runt,
2456 4745 2553 4799 per
2599 4744 2797 4785 novam
2848 4741 3028 4784 autem
3090 4735 3366 4800 potionem
3415 4744 3589 4784 escam
3632 4728 3789 4780 illam

2201 4836 2383 4892 quam
2432 4824 2661 4892 accepit,
2684 4836 2809 4876 cum
2841 4838 2872 4876 a
2908 4824 3140 4878 mortuis
3178 4823 3591 4879 resurrexisset.
3640 4821 3789 4875 Nova

2204 4916 2366 4968 enim
2390 4929 2451 4969 ea
2483 4924 2622 4981 erat,
2668 4915 2792 4984 quia
2829 4930 2960 4982 non,
3010 4915 3157 4986 quod
3198 4916 3323 4971 cibo
3365 4930 3503 4986 opus
3542 4915 3789 4976 haberet,

2219 5008 2561 5075 comedebat,
2603 5012 2696 5065 sed
2736 5017 2798 5063 ut
2837 5011 3087 5079 corporis
3122 5018 3372 5065 naturam
3416 5009 3791 5070 conﬁrmaret,

2216 5102 2754 5171 resurrectionisque
2787 5116 2902 5157 suae
2944 5101 3106 5156 ﬁdem
3131 5102 3417 5172 discipulis
3448 5100 3684 5155 faceret.
3727 5106 3793 5155 At

2220 5188 2533 5263 Theologus
2555 5209 2807 5265 regnum,
2834 5194 3031 5251 futura).
3054 5196 3202 5251 illius
3226 5195 3352 5250 vita:
3380 5203 3584 5249 statum
3621 5201 3795 5248 inter-

2219 5294 2504 5353 pretatur,
2554 5303 2750 5342 novam
2798 5299 2981 5343 autem
3026 5289 3304 5358 petionem
3335 5327 3351 5351 ,
3396 5286 3793 5340 absolutiorem

2217 5376 2505 5432 erudiendi
2559 5381 2845 5434 rationem.
2873 5381 3052 5451 Atque
3097 5380 3202 5436 hoc
3236 5389 3319 5434 est
3352 5376 3588 5443 Pascha,
3630 5382 3797 5433 nimi-

2217 5482 2339 5521 rum
2398 5484 2465 5523 eo
2517 5481 2762 5538 tempore
2808 5486 3031 5537 arcana,
3084 5482 3192 5526 tam
3257 5470 3582 5534 divinitatis,
3625 5487 3795 5540 quam

2216 5562 2573 5617 humanitatis
2610 5564 2782 5633 ipsius
2818 5566 3073 5634 mysteria
3111 5563 3293 5635 dignis
3338 5562 3664 5619 hominibus
3701 5570 3797 5619 itu-

2903 5721 2952 5754 "
2996 5722 3186 5778 Matth.
3214 5739 3360 5790 xxvr,
3385 5724 3479 5780 29.
