4050 6198
360 211 507 275 1393‘

1274 216 1596 277 NICETAS
1641 217 1722 277 ΙΝ
1760 216 1984 278 ΟΒΑΤ.
2024 218 2191 277 XLII
2232 219 2292 279 S.
2334 220 2566 282 GREG.

357 325 570 393 pertiri.
621 323 729 388 13x
781 334 930 394 parte
982 326 1126 380 enim
1193 344 1330 382 nunc
1400 347 1807 400 cognoscimus,
1871 333 2218 388 tttAverum
2277 349 2400 387 cum
2459 335 2668 404 angelis
2725 335 3062 392 incruentam
3118 337 3440 404 victimam,
3509 341 3614 396 hoc

357 418 654 483 Apostolus
689 418 859 486 inquit
888 419 960 480 “,-
985 431 1030 472 et
1086 436 1150 473 ex
1186 431 1338 489 parte
1387 424 1707 492 percipimus
1747 439 1764 476 :
1811 432 1935 476 tunc

359 519 536 561 autem
567 510 701 576 facie
731 512 798 562 ad
825 512 1035 580 faciem,
1083 513 1186 566 hoc
1217 524 1300 568 cst
1345 513 1492 569 clare
1526 525 1582 568 et
1619 514 1932 570 manifeste.

359 597 473 654 ilac
521 615 741 670 quoque
807 603 1026 657 ratione
1074 602 1283 659 Pascha
1319 605 1425 660 hoc
1463 614 1714 660 nostrum
1764 604 1933 659 futuri

356 689 579 746 Pascha:
629 694 797 762 figura
855 694 961 748 dici
1019 703 1219 763 potest,
1249 698 1378 766 quia
1417 699 1659 767 quandiu
1713 698 1769 752 in
1829 699 1934 752 hoc

356 784 564 837 mundo
611 799 919 851 versamur,
972 788 1218 843 crassius
1263 788 1446 844 adhuc
1478 789 1684 845 Christi
1711 791 1936 858 partici-

355 890 452 943 pes
509 892 722 943 sumus,
782 894 979 948 nempe
1030 895 1123 949 per
1157 889 1404 936 sanctam
1446 881 1620 952 ipsius
1651 899 1872 938 carnem
1912 900 1928 937 :

355 968 467 1021 illic
493 979 675 1022 autem
739 971 962 1026 uberius
1022 988 1086 1026 ac
1107 973 1458 1043 .perfectius.
1513 975 1732 1046 Alioqui
1768 977 1934 1032 etiam

355 1062 635 1128 passionis
684 1076 750 1116 ac
802 1065 998 1121 mortis
1051 1065 1306 1129 Christus
1354 1068 1932 1123 commemorationem

357 1154 744 1221 complectitur
772 1157 958 1212 carnis
989 1157 1165 1227 ipsius
1195 1175 1260 1214 ac
1306 1161 1595 1230 sanguinis
1632 1163 1930 1230 perceptio.

355 1242 777 1316 Quotiescunque
833 1249 1007 1312 enim,
1071 1251 1292 1320 inquit,
1356 1254 1693 1308 manducetis
1745 1271 1934 1323 panem

352 1336 492 1389 [tunc
521 1347 572 1390 et
612 1339 826 1392 culicem
871 1341 1080 1405 bibitis,
1129 1354 1360 1398 mortem
1419 1362 1594 1401 meam
1646 1349 1938 1404 annuntia-

353 1426 482 1482 bitis
513 1429 579 1482 9°.
606 1428 868 1494 Quocirca
901 1431 954 1484 in
985 1431 1088 1487 hoc
1119 1435 1337 1502 quidem
1365 1439 1584 1502 sacculo,
1603 1454 1698 1508 per
1713 1455 1932 1508 eorum,

355 1533 476 1586 qua:
501 1518 760 1581 diximus,
815 1525 1240 1592 perceptionem,
1305 1527 1478 1596 ipsius
1542 1541 1772 1585 mortem
1837 1547 1935 1586 an-

349 1608 670 1664 nuntiamus
727 1627 740 1663 :
787 1627 912 1665 cum
943 1624 1123 1670 autem
1173 1627 1360 1683 postea
1412 1619 1465 1672 in
1522 1619 1703 1688 Patris
1756 1623 1928 1692 gloria

348 1699 652 1763 advenerit,
688 1701 1110 1775 haudquaquam
1160 1720 1468 1777 opportune
1517 1711 1924 1769 confessionem

349 1790 427 1844 illi
459 1802 684 1862 propter
742 1797 1053 1865 passionem
1116 1799 1432 1866 oﬂ‘eremus,
1485 1804 1580 1859 sed
1607 1819 1742 1874 pure
1777 1822 1924 1871 eum,

351 1893 410 1937 tit
447 1882 638 1952 Deum,
683 1901 1046 1957 agnoseemus
1103 1891 1242 1946 facie
1297 1895 1362 1948 ad
1421 1895 1638 1963 faciem,
1679 1913 1743 1953 ac
1799 1907 1930 1956 tunc

350 1977 620 2044 potionem
661 1995 853 2033 novam
884 1981 1138 2038 Christus
1167 1986 1455 2041 nobiscum
1485 1988 1632 2044 bibet
1679 2007 1694 2045 :
1729 2006 1925 2047 novam

351 2069 596 2137 quidem,
635 2081 822 2140 utpote
853 2083 1150 2138 recentem,
1208 2093 1271 2131 ac
1311 2088 1425 2132 tttm
1482 2083 1928 2150 primum-uobis

352 2158 806 2219 innotescentem.
872 2165 1170 2223 Nobiscum
1239 2185 1419 2226 autem
1474 2173 1729 2231 Christus
1782 2177 1928 2232 bibi-

352 2259 512 2310 turus
565 2266 668 2322 est,
715 2259 844 2327 quia
879 2277 985 2315 non
1033 2264 1208 2317 solum
1262 2265 1308 2320 is
1341 2267 1433 2335 qtti
1466 2269 1712 2335 docetur,
1750 2272 1846 2326 sed
1878 2272 1928 2326 is

349 2346 512 2399 etiam
560 2349 651 2416 qui
710 2350 939 2405 docendi
1000 2369 1226 2408 munere
1277 2355 1544 2425 fungitur,
1597 2360 1924 2430 disciplinis,

347 2453 485 2504 quas
519 2442 702 2503 tradit,
745 2445 1004 2498 nutritur.
1049 2445 1207 2500 Potio
1246 2457 1426 2502 autem
1462 2449 1552 2503 illa
1582 2460 1665 2506 est
1703 2467 1768 2507 ac
1816 2469 1924 2508 non

348 2546 496 2596 esca,
525 2535 782 2602 quoniam
841 2547 900 2592 ut
930 2539 1109 2594 virtus
1153 2541 1266 2606 illa,
1300 2559 1422 2611 quae
1461 2545 1512 2598 in
1552 2545 1768 2600 actione
1807 2562 1927 2602 ver-

349 2635 519 2689 satur,
565 2643 691 2682 esca
741 2631 960 2696 dicitur,
1021 2648 1132 2701 quo
1187 2635 1378 2689 durior
1421 2637 1514 2702 sit,
1562 2637 1926 2708 confectoque

347 2717 628 2773 difficilior
660 2739 674 2772 :
724 2721 797 2774 ita
834 2724 943 2785 illa,
980 2740 1104 2792 quae
1138 2725 1191 2778 in
1248 2729 1714 2796 contemplatione
1744 2733 1926 2787 consi-

349 2809 464 2869 stit.
522 2811 669 2877 potio
726 2815 898 2882 magis
937 2816 1196 2885 appellari
1253 2818 1413 2872 solet.
1453 2819 1590 2873 Cttm
1625 2820 1788 2889 igitur
1838 2823 1926 2878 hic

348 2903 522 2956 viitus
558 2906 731 2957 activa
777 2907 937 2960 finem
996 2911 1288 2978 acceperit,
1343 2919 1456 2965 tum
1499 2928 1626 2967 vero
1673 2917 1925 2983 specula-

2036 434 2119 478 est
2182 426 2355 478 laudis
2405 434 2455 478 et
2525 427 2901 487 canticorum,
2979 438 3033 484 et
3086 430 3418 488 rationabile
3451 434 3611 488 obse-

2036 519 2226 585 quium
2301 518 2554 585 sacrifieii
2632 520 2752 574 loco
2812 520 3129 576 offeramus.
3206 522 3274 577 Et
3349 526 3614 593 quemad-

2038 611 2261 664 modum
2319 612 2374 665 iu
2418 613 2584 666 veteri
2639 616 2995 669 tabernaculo
3053 616 3292 685 primum
3340 628 3460 672 erat
3533 619 3614 672 in-

2037 720 2294 773 gressum
2383 705 2588 771 velum,
2623 723 2732 776 quo
2794 708 3235 774 distinguebatur
3294 712 3448 766 locus
3502 711 3610 773 ille,

1997 796 2128 863 ,qui
2163 794 2364 851 Sancta
2423 797 2707 852 dicebatur
2739 838 2756 861 ,
2810 807 2931 866 post
2985 797 3090 853 hoc
3146 814 3341 852 rursus
3381 800 3612 852 alterum

2035 889 2216 942 velum
2251 899 2369 943 erat
2425 889 2679 950 interius,
2727 905 2838 957 qtto
2887 889 3042 944 locus
3091 889 3182 943 ille
3233 891 3618 953 dirimebatur,

2037 998 2196 1053 quem
2263 983 2462 1037 Sancta
2524 993 2840 1036 sanctorum
2896 983 3246 1052 appellabant
3300 1001 3314 1038 :
3383 983 3464 1038 sic
3514 999 3619 1036 nos

2036 1091 2256 1147 quoque
2301 1091 2389 1131 res
2443 1090 2651 1130 omnes
2690 1090 2985 1144 corporeas
3035 1084 3090 1130 et
3141 1076 3193 1129 in
3245 1090 3464 1130 sensum
3525 1090 3612 1128 ca-

2036 1170 2246 1230 dentes,
2287 1169 2437 1223 velut
2475 1169 2712 1234 primum
2747 1169 3022 1236 quoddam
3056 1182 3119 1222 ac
3164 1167 3407 1222 vicinum
3452 1167 3612 1221 nobis

2037 1261 2238 1323 velttm,
2268 1267 2615 1329 penetrcmus
2657 1274 2723 1314 ac
2751 1259 3080 1321 dividamus.
3119 1271 3286 1330 atque
3316 1260 3382 1314 ad
3414 1275 3612 1315 secun-

2037 1349 2192 1413 dum,
2222 1348 2327 1402 hoc
2359 1357 2443 1403 est
2492 1347 2560 1402 ad
2606 1347 2828 1412 coelum,
2863 1350 3005 1416 quod
3037 1365 3122 1404 res
3151 1350 3438 1404 sensibiles
3470 1349 3608 1403 diri-

2035 1441 2134 1494 mit
2185 1441 2254 1494 ab
2323 1439 2834 1502 intellectualibus,
2895 1441 3244 1496 accedamus.
3311 1440 3607 1510 Propinqui

2037 1541 2219 1586 autem
2280 1531 2419 1586 coelo
2469 1531 2624 1599 facti,
2681 1547 2779 1599 per
2834 1531 3028 1587 activae
3069 1534 3289 1588 virtutis
3328 1549 3534 1603 pennas
3580 1549 3608 1586 a

2036 1625 2203 1678 rebus
2251 1623 2485 1678 terrenis
2539 1637 2757 1677 sursum
2811 1623 3006 1687 evecti,
3057 1623 3111 1676 in
3158 1624 3338 1693 ipsum
3391 1639 3612 1693 quoque

2034 1716 2231 1769 cretum
2266 1714 2686 1784 prospiciamus,
2719 1723 2881 1783 atque
2911 1715 3314 1783 contemplandi
3346 1715 3611 1769 facultate

2033 1805 2272 1874 praeditis
2303 1803 2502 1871 oculis,
2539 1804 2816 1874 mysticas,
2853 1819 2956 1858 nec
2981 1803 3034 1857 in
3066 1803 3351 1858 oculorum
3389 1819 3608 1857 sensum

2031 1899 2290 1955 cadentes
2337 1897 2774 1968 pulchritudines
2823 1895 3280 1966 contemplemur,
3316 1896 3382 1949 ad
3435 1896 3608 1964 ipsam

2032 1989 2352 2044 Trinitatem
2406 1989 2618 2044 scilicet
2677 1988 3041 2058 spiritualiter
3091 1987 3606 2058 appropinquantes,

2030 2090 2196 2150 atque
2241 2082 2368 2153 agni
2417 2082 2743 2137 sacrificium
2795 2067 3243 2145 offerentes,hoc
3289 2089 3374 2134 est
3420 2094 3609 2134 sacro-

2032 2187 2284 2232 sanctum
2332 2173 2464 2229 illud
2515 2174 2871 2236 sacrificium,
2919 2174 3064 2241 quod
3117 2172 3398 2230 celebrare
3451 2172 3609 2223 doce-

2031 2286 2178 2334 mur,
2239 2270 2323 2325 vcl
2373 2271 2538 2325 etiam
2592 2269 2768 2339 majus
2816 2285 2830 2320 :
2890 2267 3150 2321 nimirum
3206 2275 3264 2318 ιιι
3315 2279 3412 2318 nos
3461 2264 3610 2332 ipsos

2031 2361 2142 2418 Deo
2207 2371 2350 2418 totos
2407 2361 2704 2416 offeramus
2754 2369 2808 2414 et
2855 2373 3241 2415 consecremus
3280 2397 3297 2422 ,
3353 2355 3608 2408 otnnibtts

2031 2455 2225 2511 diebus
2265 2463 2430 2524 atque
2481 2453 2876 2524 agitationibus
2935 2451 3078 2520 (qua!
3145 2449 3364 2519 quidem
3425 2447 3507 2500 vel
3554 2447 3607 2499 in

2030 2548 2385 2618 cogitatione,
2443 2547 2526 2600 vel
2559 2547 2614 2600 in
2659 2561 2934 2609 sermone,
2979 2543 3064 2597 vel
3103 2543 3156 2596 iit
3211 2556 3378 2610 opere
3426 2539 3608 2594 consi-

2031 2639 2313 2706 derantur)
2368 2646 2530 2704 atque
2597 2635 2791 2691 omnia,
2840 2650 2938 2704 pro
2987 2634 3233 2694 Christo,
3304 2631 3387 2684 vel
3441 2631 3606 2684 etiam

2031 2744 2130 2798 pro
2159 2729 2373 2798 pietatis
2411 2728 2658 2783 doctrina
2710 2731 3027 2795 (utrumque
3077 2724 3221 2779 enim
3252 2723 3407 2790 λόγος
3439 2722 3610 2790 signi-

2032 2823 2178 2890 ficat)
2236 2823 2630 2884 sustineamus,
2683 2822 2749 2873 ad
2811 2818 3132 2888 martyrium
3196 2816 3444 2869 videlicet
3505 2828 3607 2868 nos

2031 2914 2398 2983 accingcutes,
2438 2914 2482 2966 si
2541 2913 2618 2965 ita
2665 2922 2882 2977 tempus
2927 2909 3132 2972 tulerit,
3174 2916 3228 2961 et
3267 2909 3446 2962 crucis
3474 2922 3607 2975 sup-

351 2996 457 3047 trix
513 2997 721 3051 coletur
769 3009 932 3067 atque
982 3005 1346 3068 exercebitur,
1405 3015 1570 3074 atque
1615 3022 1678 3060 ea
1717 3008 1996 3069 sanrtisC
2029 3004 2254 3074 plicium
2313 3004 2635 3064 subeuntes,
2697 3004 2741 3055 si
2790 3003 2865 3056 ita
2919 3016 3146 3056 necesse
3191 3001 3373 3054 fuerit.
3413 3000 3607 3054 Dulces

349 3087 484 3140 viris
510 3090 713 3145 claritts
758 3093 1100 3162 detegcntur,
1131 3111 1254 3165 quae
1284 3112 1431 3151 nunc
1457 3098 1709 3155 Christus
1744 3101 1926 3155 mintts

348 3183 507 3249 pii-ne
545 3182 674 3248 ipsis
705 3187 936 3252 aperuit.
997 3225 1004 3232 ο

414 3273 531 3330 Col.
563 3275 668 3330 655
710 3278 774 3334 A.
804 3281 911 3348 Age
943 3296 1081 3344 vero,
1116 3296 1208 3334 nos
1235 3297 1436 3352 quoque
1479 3282 1604 3352 legis
1646 3285 1926 3353 participes

347 3363 667 3432 efﬁciamur,
703 3379 807 3423 etc.
841 3369 1001 3440 chis
1031 3371 1329 3440 participes
1360 3389 1458 3427 nos
1494 3375 1606 3427 vult
1638 3389 1759 3429 esse
1791 3375 1926 3430 Grc-

349 3460 554 3526 gorius,
588 3475 714 3515 cum
754 3463 880 3527 alia,
919 3471 1031 3516 tum
1064 3463 1280 3518 Pascha
1328 3465 1490 3518 etiam
1519 3466 1837 3531 sancientis,
1873 3475 1928 3520 et

349 3551 566 3619 quidem
633 3554 925 3622 participes
979 3570 1121 3619 esse,
1152 3569 1285 3618 non,
1316 3563 1376 3609 ut
1421 3553 1615 3619 Judaei,
1647 3557 1807 3610 nudae
1839 3558 1928 3611 Iit-

349 3651 480 3696 ter-.e
525 3645 886 3711 adhaerentes,
931 3647 1036 3702 hoc
1078 3657 1182 3712 est,
1235 3663 1436 3718 agnum
1474 3649 1721 3704 sensibili
1765 3651 1926 3705 modo

351 3741 694 3797 eomedentes
742 3744 864 3813 (illi
913 3744 1058 3798 enim
1118 3744 1437 3814 imperfecte
1493 3745 1923 3808 manducanant,

353 3831 576 3902 figurate
623 3851 686 3889 ac
727 3853 834 3890 non
880 3853 1009 3890 vere
1053 3836 1246 3892 festum
1271 3839 1646 3908 celebrantes)
1708 3854 1921 3903 verttm,

350 3932 409 3975 ut
441 3925 742 3993 prgcscribit
769 3927 1145 3996 Evangelium,
1177 3928 1281 3983 hoc
1309 3938 1418 3994 est,
1455 3945 1659 3998 corpus
1703 3945 1766 3983 ac
1793 3945 1922 3984 san.

349 4017 565 4084 guinem
615 4017 830 4072 Domini
880 4019 1267 4087 percipientes.
1321 4019 1679 4090 Evangelium
1738 4032 1922 4076 autem

349 4107 735 4176 perfectionem
787 4113 974 4165 tradit.
1023 4113 1291 4179 Quocirca
1338 4129 1434 4182 pro
1483 4114 1665 4183 capite
1700 4128 1924 4190 aeme-

347 4203 543 4273 tropoli
577 4207 772 4260 coelum
802 4207 1222 4269 constituamus,
1254 4216 1315 4261 ut
1349 4205 1558 4262 Hebraei
1583 4206 1920 4262 Jerusalem.

346 4296 412 4352 ad
465 4313 626 4366 quam
683 4299 854 4352 solam
908 4299 1148 4368 undique
1209 4298 1548 4355 confluentes
1598 4298 1734 4354 festa
1771 4299 1920 4354 cele-

2034 3096 2178 3150 cnim
2225 3106 2352 3149 sunt
2403 3094 2564 3157 clavi,
2608 3101 2832 3163 propter
2879 3094 3284 3148 Domitticorttm
3323 3094 3603 3147 clavorum

2033 3185 2433 3248 imitationem,
2478 3194 2534 3238 et
2593 3184 3014 3240 delectationem
3070 3185 3122 3238 in
3181 3201 3276 3252 spe
3345 3185 3604 3252 positam,

2031 3279 2160 3332 licet
2202 3286 2422 3344 preptcr
2467 3277 2716 3344 corporis
2766 3276 3008 3328 dolorem
3042 3290 3204 3328 sensu
3261 3275 3442 3329 acerbi
3472 3275 3603 3330 sint.

2029 3369 2205 3424 Porro
2247 3386 2342 3440 per
2392 3372 2680 3440 passiones
2733 3351 2940 3423 Christi
2995 3369 3306 3437 passionem
3340 3369 3428 3423 ille
3479 3370 3602 3422 imi-

2033 3469 2202 3525 tatur,
2242 3464 2334 3532 qui
2382 3471 2715 3531 spontaneos
2762 3460 2974 3515 labores
3004 3471 3168 3529 atque
3208 3461 3604 3514 ittvolunlarios

2029 3566 2195 3606 casus
2226 3553 2383 3606 firmo
2425 3562 2481 3606 et
2527 3552 2752 3606 robusto
2780 3549 2965 3604 animo
3015 3549 3238 3620 perfert.
3296 3549 3388 3603 Ille
3418 3557 3600 3604 autem
3657 3541 3665 3548 ’

2029 3645 2298 3714 sanguine
2357 3645 2702 3699 Dominicum
2772 3643 3094 3713 sanguinem
3162 3644 3434 3710 honorat,
3496 3659 3604 3697 non

2029 3735 2194 3790 modo
2249 3735 2342 3804 qui
2393 3736 2711 3806 sanguinem
2753 3750 2912 3791 suum
2963 3750 3061 3805 per
3112 3735 3427 3807 martyrium
3481 3749 3605 3803 pro.

2030 3829 2230 3892 fundit,
2267 3828 2361 3884 sed
2407 3829 2693 3898 etiamqui
2731 3844 2828 3897 pro
2876 3829 3079 3884 Christi
3115 3843 3301 3883 amore
3347 3843 3440 3894 per
3470 3842 3604 3880 cono

2029 3923 2308 3979 tinentiam
2339 3923 2515 3992 ipsum
2557 3921 2854 3975 imminuit.
2891 3921 3136 3986 Quanam
3171 3929 3351 3971 autem
3387 3918 3600 3970 ratione

2028 4033 2137 4070 non
2168 4017 2343 4072 solum
2372 4029 2655 4084 corporeo,
2691 4015 2784 4068 sed
2808 4013 2967 4067 etiam
2987 4011 3253 4081 spirituali
3275 4009 3434 4063 modo
3451 4010 3603 4076 quis-

2028 4109 2168 4178 piam
2183 4121 2400 4161 crucem
2420 4104 2689 4159 conscend
2716 4104 3045 4157 ti-nimirum
3067 4118 3186 4156 cum
3204 4117 3297 4170 per
3327 4117 3602 4156 mrumuas

2025 4210 2079 4254 et
2108 4198 2430 4253 afliictiones
2454 4212 2617 4265 supra
2650 4213 2738 4252 res
2767 4205 3012 4252 terrenas
3040 4197 3300 4265 assurgit,
3328 4210 3390 4249 ac
3420 4203 3601 4249 tenta«

2028 4293 2206 4348 tiones
2269 4289 2424 4345 carni
2485 4289 2727 4344 dolorem
2789 4290 3070 4344 inurentes
3132 4289 3280 4342 velut
3332 4289 3598 4357 quosdam

346 4389 598 4443 brabant.
640 4388 796 4456 Quod
828 4400 1007 4446 autem
1050 4400 1264 4446 terrena
1297 4392 1600 4447 Jerusalem
1650 4393 1719 4446 ab
1755 4405 1918 4446 exer-

2029 4381 2211 4437 clavos
2261 4382 2492 4437 libenter
2530 4383 2755 4451 excipit,
2788 4391 2847 4435 ut
2877 4380 3048 4436 beata:
3085 4380 3208 4434 vitae
3252 4379 3597 4434 dulcedinem

345 4482 547 4538 citibus
577 4483 838 4538 calcanda
869 4494 1034 4548 esset,
1089 4483 1342 4538 Christus
1393 4484 1537 4553 apud
1587 4482 1793 4539 Lucam
1830 4484 1917 4538 his

347 4575 524 4629 verbis
584 4575 907 4644 pradixerat
957 4593 972 4630 :
1045 4578 1113 4629 Et
1169 4573 1469 4630 Jerusalem
1525 4574 1822 4629 calcabitur
1889 4591 1922 4628 a

346 4665 584 4733 gentibus
659 4667 789 4735 (hoc
847 4667 993 4721 enim
1046 4666 1268 4720 nomine
1317 4666 1616 4722 exercitum
1659 4665 1812 4719 illum
1845 4666 1924 4720 si-

346 4755 588 4824 gniﬁcat,
614 4757 710 4825 qui
741 4757 845 4812 sub
871 4755 1210 4826 Vespasiano
1239 4764 1295 4809 et
1322 4753 1448 4814 Tito
1475 4754 1918 4826 Hierosolymam

345 4845 559 4902 infestis
582 4847 753 4916 signis
780 4849 1114 4917 oppugnavit
1159 4857 1324 4916 atque
1379 4847 1733 4917 pervastavit)
1763 4847 1926 4900 donec

344 4938 671 5005 impleantur
740 4950 974 5008 tempora
1048 4943 1325 4994 nationum
1382 4941 1449 4994 ³⁸.
1523 4938 1916 4994 Sacrificcmus

345 5027 495 5093 Deo,
558 5047 665 5084 non
731 5047 793 5084 ca
861 5047 984 5101 quae
1035 5047 1100 5085 ex
1151 5031 1286 5100 legis
1345 5031 1666 5100 prarscripto
1727 5030 1913 5086 offerri

345 5121 616 5184 solebant,
677 5131 859 5189 utpote
904 5123 1124 5190 vitulos,
1175 5137 1450 5194 agnosquc
1510 5131 1728 5178 teneros
1795 5139 1920 5179 cor-

345 5225 452 5264 nua
521 5209 883 5280 produeentes
937 5223 990 5268 et
1048 5216 1300 5284 ungulas,
1363 5230 1485 5284 qua:
1528 5215 1662 5277 duo,
1712 5230 1919 5270 cornua

244 5294 265 5301 ”
345 5303 598 5357 videlicet
652 5315 706 5359 et
752 5308 989 5374 ungulae,
1047 5322 1133 5360 res
1179 5317 1410 5362 mortua:
1466 5316 1596 5361 sunt
1645 5323 1709 5362 ac
1752 5322 1917 5362 sensu

344 5404 619 5461 carentes,
659 5411 723 5450 ac
760 5398 988 5466 proinde
1026 5398 1438 5469 haudquaquam
1474 5415 1731 5468 congruae
1757 5409 1917 5468 atque

348 5481 576 5553 itionem,
615 5505 735 5557 quae
765 5488 897 5545 {Deo
929 5491 1049 5545 vivo
1081 5491 1136 5544 in
1185 5492 1515 5546 sacrificium
1567 5492 1866 5548 offerantur
1899 5509 1912 5546 :

417 5636 462 5672 ³³
504 5638 673 5695 iCor.
710 5656 828 5708 xm,
867 5642 948 5697 i2.
1027 5645 1069 5676 9°
1112 5641 1283 5699 iCor.
1316 5662 1393 5713 χι,
1430 5647 1520 5701 26.

2025 4475 2334 4531 afferentes.

2092 4568 2229 4623 Ibid.
2264 4568 2328 4624 C.
2370 4568 2432 4624 Si
2474 4569 2656 4624 Simon
2698 4566 2983 4637 Cyreuwus
3035 4567 3128 4629 sis,
3165 4574 3272 4618 etc.
3309 4562 3520 4628 Simon,
3550 4563 3596 4620 si

2021 4664 2146 4734 quis
2186 4663 2604 4734 interpretetur,
2639 4661 2990 4714 obedientiam
3027 4657 3338 4728 significat;
3367 4657 3596 4726 Cyrene,

2021 4765 2200 4812 autem
2248 4757 2414 4810 animi
2447 4754 2938 4824 promptitudinem.
2991 4750 3259 4820 Quisquis
3319 4749 3482 4819 igitur
3528 4746 3596 4802 ad

2021 4849 2386 4904 obedientium
2434 4846 2728 4916 Evangelio
2777 4853 3000 4914 paratus
3047 4853 3176 4908 est,
3232 4857 3297 4897 ac
3344 4849 3597 4912 prompto

2026 4941 2209 4995 animo
2247 4955 2342 5010 per
2373 4939 2741 4992 membrorum
2765 4980 2781 5005 ,
2819 4953 2942 5006 qua:
2982 4951 3147 5006 super
3197 4945 3397 4990 terrain
3448 4941 3596 4995 sunt,

2025 5030 2496 5087 mortificationem
2531 5070 2544 5092 ,
2601 5030 2960 5098 philoSOphite
3016 5029 3068 5082 in
3127 5028 3346 5082 actione
3407 5026 3597 5094 posita:
3672 5087 3679 5098 ἱ

2023 5124 2237 5180 labores
2294 5133 2348 5179 et
2405 5122 2724 5178 afiiictiones
2777 5138 2876 5191 pro
2922 5122 3140 5176 virtute”
3175 5122 3346 5186 Subit,
3402 5121 3596 5176 Simon
3679 5113 3698 5126 ’

2023 5215 2316 5285 Cyrenaeus
2340 5216 2581 5281 exsistit,
2623 5217 2764 5269 ultro
2794 5215 3055 5269 nimirum
3083 5215 3338 5269 virtutem
3385 5211 3593 5276 colens,

2024 5315 2188 5376 atque
2239 5308 2485 5361 humeris
2532 5322 2750 5361 crucem
2804 5318 3057 5377 gestans,
3086 5324 3151 5362 ac
3183 5305 3464 5364 Christum
3507 5316 3598 5356 se,-

2021 5413 2220 5469 quens,
2253 5399 2354 5453 hoc
2385 5407 2490 5463 est,
2518 5398 2838 5455 distractam
2865 5415 3092 5467 prorsus
3119 5413 3147 5452 ιι
3181 5409 3320 5453 terra
3349 5397 3448 5468 ρὶεε
3471 5395 3594 5448 vitae

2021 5495 2288 5549 rationem
2342 5493 2654 5548 ostendens.
2699 5493 2897 5548 Eodem
2957 5494 3114 5547 modo
3162 5501 3214 5547 tu
3272 5506 3488 5562 quoque
3543 5485 3590 5546 Si

1597 5645 1638 5676 ⁹¹
1686 5643 1820 5700 Luc.
1855 5659 1967 5711 xxt,
1993 5645 2083 5700 24.

3474 230 3619 290 1394
3701 229 3711 236 ’
