3996 6206
409 207 419 215 ’
505 217 642 279 1395

505 324 671 378 animi
701 323 1007 378 obedientia
1044 321 1301 391 praeditus
1331 339 1412 385 es,
1465 322 1632 376 alacri
1659 322 1844 375 animo
1869 323 1935 376 ad
1958 338 2079 388 ges-
2109 330 2151 378 A

504 415 719 469 tandem
735 413 1278 468 carnalisvoluntatis
1309 413 1722 482 Oppressioncm
1754 422 1805 466 te
1831 411 2076 480 acciuge.

504 505 636 560 Nam
672 506 1041 576 interemptrix
1084 519 1305 574 quoque
1345 504 1618 573 corporis,
1651 518 1788 558 crux
1820 513 1960 558 erat.
1997 503 2078 557 Ita

508 598 616 658 lict.
655 606 714 652 ιιι
741 597 943 652 Christi
985 597 1238 650 mandata
1271 596 1541 665 sequaris.

574 688 690 744 Col.
724 688 830 742 655
862 689 922 744 C.
959 687 1016 742 Si
1051 697 1106 740 ut
1155 688 1295 741 latro
1337 687 1484 741 cruci
1533 687 1692 741 simul
1733 687 1922 756 aﬂixus
1962 686 2076 754 fue-

503 780 598 842 ris,
631 791 740 834 etc.
773 779 862 833 Ille
891 780 947 833 in
979 791 1197 832 crucem
1231 786 1289 832 ut
1325 777 1464 831 latro
1498 778 1732 842 tollitur,
1770 778 1863 846 qui
1899 778 2076 832 scele-

505 887 621 925 rum
653 885 843 941 poenas
871 872 994 925 luit.
1025 869 1128 936 Qui
1162 869 1206 924 si
1238 881 1419 925 tamen
1447 885 1770 940 persuasum
1798 871 1995 924 habeat
2015 885 2077 924 se

501 965 697 1018 merito
729 963 988 1029 cruciari,
1035 978 1100 1017 ac
1142 963 1310 1018 Deum
1366 978 1510 1027 esse,
1545 963 1637 1031 qui
1673 963 1937 1016 mundum
1979 977 2077 1032 gu-

503 1057 690 1110 bernet
743 1063 904 1125 atque
960 1055 1215 1110 omnibus
1261 1055 1424 1110 rebus
1465 1057 1740 1119 consulat,
1775 1055 1977 1124 probus
2021 1063 2076 1109 et

500 1147 766 1203 candidus
796 1157 901 1212 est,
934 1155 1124 1217 utpote
1172 1147 1456 1202 veritatem
1504 1161 1830 1214 agnoscens.
1868 1147 2074 1213 Quam-

499 1240 708 1302 obrem,
732 1247 786 1293 et
812 1246 870 1293 ut
896 1239 1231 1308 perpetiens,
1277 1247 1331 1292 et
1366 1245 1428 1290 ut
1457 1252 1612 1306 aequo
1647 1237 1832 1292 animo
1861 1221 2076 1291 crucia-

496 1341 585 1385 tus
619 1330 821 1396 ferens,
852 1330 906 1386 in
940 1329 1196 1400 paradiso
1215 1337 1322 1384 est.
1351 1329 1429 1384 Ae
1453 1330 1497 1384 si
1531 1329 1876 1399 impatienter
1900 1330 2072 1384 vicem

501 1436 654 1476 suam
706 1421 866 1487 ferat,
901 1421 1411 1492 providentiamque
1459 1428 1699 1484 accuset,
1756 1429 1851 1473 aut
1890 1428 2070 1488 neget,

500 1513 725 1583 iniquus
775 1513 866 1568 ille
915 1521 1037 1576 est;
1073 1521 1127 1564 et
1161 1521 1533 1565 murmurator
1567 1527 1582 1562 :
1617 1527 1681 1565 ac
1716 1511 1946 1581 proinde
1976 1527 2076 1565 nec

502 1607 556 1659 in
613 1607 928 1674 paradisum
983 1604 1252 1669 introibit,
1289 1604 1754 1673 quemadmodum
1809 1619 1911 1659 nec
1971 1602 2074 1659 l-le-

503 1697 651 1763 braei,
687 1697 783 1768 qui
841 1698 896 1753 in
957 1696 1176 1752 deserto
1227 1704 1720 1762 murmuraverant,
1774 1696 1827 1750 in
1871 1709 2071 1751 terram
2103 1675 2148 1734 Β

499 1789 907 1858 promissionis.
966 1789 1206 1844 Proinde
1280 1789 1398 1858 ipse
1454 1788 1796 1858 quoque,-si
1855 1799 2078 1858 propter

501 1894 591 1937 tua
647 1893 866 1953 peccata
935 1881 1204 1953 supplicio
1271 1881 1502 1936 alliceris
1549 1921 1565 1947 ,
1625 1881 1855 1948 probum
1922 1881 2076 1934 illum

499 1985 554 2030 ει
600 1976 894 2032 candidum
945 1977 1212 2031 latronem
1265 1974 1520 2038 imitare,
1578 1988 1643 2028 ac
1679 1975 1808 2027 dum
1863 1973 2078 2029 crucia-

501 2067 617 2132 ris,
675 2068 842 2124 Deum
919 2067 1151 2138 ejusque
1205 2066 1605 2136 providentiam
1659 2080 1938 2135 agnosce,
1993 2066 2079 2120 ni-

501 2161 698 2214 mirum
759 2160 852 2230 qui
911 2167 967 2214 te
1017 2175 1114 2229 per
1178 2159 1340 2228 hujus
1409 2159 1534 2213 vitae
1587 2157 1807 2213 dolores
1857 2159 2076 2228 purgari

502 2251 648 2307 velit.
697 2251 754 2307 Si
783 2252 1062 2320 Christus,
1109 2261 1167 2306 ut
1205 2261 1290 2306 cst
1345 2250 1488 2322 apud
1531 2250 1749 2314 Isaiam,
1783 2250 1924 2304 inter
1955 2264 2077 2304 see-

502 2345 706 2401 lcratos
758 2355 1041 2414 reputatus
1093 2354 1177 2400 est
1227 2346 1273 2378 ”
1339 2345 1502 2410 (cum
1562 2343 1866 2398 latronibus
1927 2343 2076 2398 enim

501 2433 651 2488 velut
704 2435 1050 2491 iacinorosus
1101 2436 1154 2490 in
1211 2450 1426 2490 crucem
1484 2434 1734 2490 sublatus
1763 2445 1864 2498 est,
1915 2433 2079 2504 idque

505 2538 564 2580 ut
614 2538 904 2597 peccatum
960 2538 1112 2583 tuum
1162 2528 1452 2597 espiaret;
1497 2539 1552 2582 tu
1592 2529 1738 2582 enim
1770 2542 1946 2598 ptentn
1982 2527 2080 2582 ob-

503 2620 699 2672 noxius
723 2635 888 2684 eras;
923 2619 1038 2688 ipse
1076 2629 1281 2683 autem,
1315 2628 1375 2675 ut
1407 2619 1500 2690 qui
1543 2628 1824 2690 peceatum
1865 2619 2074 2674 nullum

502 2710 835 2775 admisisset,
873 2712 1148 2767 immerito
1195 2727 1391 2782 passus
1428 2721 1531 2778 est,
1575 2721 1634 2765 ut
1685 2721 1735 2766 te
1774 2727 1805 2766 a
1855 2721 2078 2779 peccato

502 2807 556 2852 et
605 2814 762 2867 pcena
814 2800 1089 2868 liberaret)
1133 2819 1149 2856 :
1196 2810 1255 2855 tu
1301 2813 1522 2870 propter
1567 2802 1720 2855 illum
1753 2802 1936 2869 justus
1961 2801 2075 2854 eili-

501 2904 663 2951 cerc,
708 2889 842 2958 legis
887 2891 1214 2960 evangelica:
1258 2893 1505 2962 vestigiis
1557 2893 1813 2958 luerens,
1862 2909 1927 2948 ac
1978 2908 2078 2962 per

501 2981 667 3034 animi
718 2983 856 3051 grati
909 2980 1146 3037 cilicium
1197 2982 1388 3048 adora,
1431 2984 1485 3038 id
1531 2992 1636 3046 est,
1682 2984 1816 3040 cede
1847 3000 1909 3040 ac
1947 3000 2074 3055 pro—
2101 3015 2146 3078 ρ

499 3075 730 3138 eumhe;
765 3087 1073 3148 agnoscens
1104 3082 1156 3128 te
1182 3075 1394 3132 meritis
1424 3077 1604 3146 ptenis
1641 3075 1802 3143 allici,
1837 3089 1999 3148 atque
2042 3095 2074 3134 a

509 3163 616 3217 tino
651 3179 737 3218 res
781 3163 1051 3219 humanas
1084 3163 1284 3233 inspici
1320 3173 1485 3235 atque
1522 3153 1935 3235 administrari;
1971 3169 2076 3224 hoc

505 3258 652 3313 enim
685 3271 782 3327 per
817 3256 1194 3311 adorationem
1234 3257 1532 3329 signiﬁcari
1558 3267 1756 3330 potest.
1793 3260 1918 3329 Ipse
1947 3279 2078 3334 quo-

500 3363 598 3414 que
627 3345 874 3414 pendens.
911 3346 962 3400 id
1007 3355 1092 3402 εει
1143 3348 1271 3403 dum
1328 3363 1360 3404 a
1407 3349 1518 3405 Deo
1562 3350 1792 3418 puniris,
1826 3353 2076 3410 utilitatis

501 3439 752 3508 lucrique
801 3438 1006 3508 aliquid
1053 3455 1119 3495 ex
1170 3440 1285 3509 ipsa
1341 3441 1694 3510 improbitate
1730 3445 1941 3514 collige.
1978 3445 2071 3500 Gr.

501 3533 721 3596 κακίας,
776 3547 899 3602 qure
949 3547 1077 3596 vox,
1111 3533 1198 3589 vel
1239 3548 1340 3604 pro
1369 3534 1682 3602 alllictione,
1713 3536 1797 3590 vel
1825 3552 1919 3606 pro
1951 3551 2076 3606 pec-

500 3632 623 3677 cato
647 3632 702 3677 et
732 3623 934 3678 scelere
956 3625 1130 3693 accipi
1174 3635 1376 3695 potest.
1406 3626 1653 3692 Quonam
1684 3637 1864 3682 autem
1914 3629 2076 3683 modo

501 3714 598 3770 tibi
641 3715 868 3769 utilitati
911 3716 1016 3769 erit
1058 3718 1401 3785 peccatum?
1445 3733 1637 3788 nempe
1695 3729 1752 3773 ut
1804 3719 2076 3789 intelligas

503 3816 556 3859 te
587 3813 808 3875 propter
847 3804 1028 3875 ipsum
1077 3806 1282 3874 puniri,
1310 3821 1376 3859 ac
1426 3806 1596 3861 Deum
1645 3809 1744 3862 tibi
1797 3810 2074 3877 placatum

503 3897 718 3963 reddas,
772 3911 838 3953 ac
889 3898 1121 3954 salutem
1176 3913 1348 3954 emas.
1393 3897 1526 3954 Nam
1573 3899 1618 3955 si
1653 3901 1726 3954 ita
1760 3900 1975 3968 ieceris,
2007 3903 2074 3958 ad

501 3991 962 4061 sempiternorum
1005 3991 1275 4046 bonorum
1334 3991 1742 4062 perceptionem
1805 3994 2074 4065 ingredie-

501 4085 596 4146 ris,
634 4085 910 4155 simulque
945 4101 1069 4140 cum
1111 4083 1335 4142 Christo
1386 4088 1662 4157 regnabis,
1697 4097 1860 4159 atque
1901 4090 2075 4146 haere-

500 4179 684 4233 ditatis
712 4179 884 4247 ipsius
913 4179 1022 4233 eris
1053 4179 1346 4250 particeps.
1395 4181 1474 4236 Ac
1509 4181 1636 4237 vide
1661 4198 1822 4253 quam
1855 4185 2074 4254 proprie

501 4278 556 4323 ei
586 4279 838 4324 accurate
880 4270 1144 4341 loquatur
1177 4272 1513 4343 Theologus.
1557 4274 1676 4330 Non
1705 4278 1863 4340 dixit,
1917 4277 2076 4332 Chri-

502 4371 621 4417 stus
680 4363 898 4433 iniquus
927 4363 1100 4420 iactus
1129 4375 1231 4431 est,
1258 4365 1353 4421 sed
1384 4377 1680 4436 reputatus.
1726 4370 1939 4426 Rursus
1968 4387 2074 4425 non
2102 4365 2157 4426 D

503 4455 676 4509 dixit:
738 4454 819 4509 'l‘u
874 4455 1058 4527 justus
1127 4459 1420 4528 reputare?
1471 4459 1564 4515 sed
1612 4461 1843 4530 efﬁcere.
1890 4463 2078 4533 Neque

499 4547 644 4601 enim
673 4547 1031 4616 existimatio,
1081 4549 1175 4605 sed
1201 4549 1318 4620 ipsa
1357 4551 1434 4606 rei
1472 4553 1697 4619 veritas,
1742 4555 2075 4623 autjustum

503 4639 776 4695 hominem
824 4639 1024 4706 reddit,
1073 4650 1167 4696 aut
1195 4641 1541 4699 condemnat.
1599 4642 1721 4698 lum
1761 4647 1879 4702 haec
1910 4647 2074 4702 etiam

499 4749 624 4800 qua:
679 4742 1008 4802 sequuntur,
1049 4733 1218 4790 altius
1263 4736 1556 4805 perpende.
1607 4735 1814 4803 Adora,
1875 4738 2074 4808 inquit,

499 4836 591 4880 tua
637 4841 802 4881 causa
851 4827 1194 4895 pendentem,
1255 4827 1518 4896 quoniam
1569 4827 1710 4898 ipse,
1769 4829 2072 4887 sceleratus

501 4918 745 4985 habitus,
796 4918 946 4998 cruci
997 4917 1190 4975 atlixus
1220 4929 1324 4986 est,
1367 4935 1434 4975 ac
1480 4929 1701 4992 propter
1750 4930 1804 4978 te
1842 4933 2071 4978 mortem

490 5010 724 5080 pertulit
757 5027 772 5064 :
803 5019 870 5091 ut
906 5011 1178 5084 intelligas
1227 5018 1302 5076 te,
1343 5021 1404 5066 ut
1433 5027 1559 5069 vere
1592 5011 1945 5083 sceleratum,
1975 5031 2072 5087 per

499 5102 720 5160 dolores
763 5112 819 5161 et
850 5105 1176 5160 alllictiones
1230 5104 1504 5175 justitiam
1555 5106 1819 5177 consequi
1854 5107 2075 5164 debere.

500 5191 656 5258 Quod
695 5209 821 5249 cum
866 5205 1207 5266 perspectum
1247 5193 1486 5262 habeas,
1539 5199 1880 5268 suspendere
1904 5240 1921 5266 ,
1967 5201 2074 5257 hoc

501 5292 582 5338 est
659 5299 691 5340 a
751 5295 967 5343 terreno
1017 5289 1202 5345 carnis
1250 5289 1450 5346 affectu
1513 5291 1802 5348 sustollere
1827 5333 1843 5359 ,
1901 5308 2078 5364 eoque

500 5378 774 5433 exstincto
825 5380 1060 5435 salutem
1109 5381 1382 5450 elucrarc,
1437 5398 1502 5438 ac
1548 5394 1734 5440 mente
1759 5384 2074 5456 paradisum

502 5473 808 5542 ingredere,
839 5473 1121 5531 ctelestem
1165 5475 1314 5531 illam
1361 5473 1555 5542 vitam,
1586 5491 1616 5531 a
1646 5491 1757 5545 qua
1787 5475 2075 5534 excideras

573 5633 616 5671 ⁹¹
651 5631 748 5688 lsa.
787 5634 905 5698 uit,
935 5630 1017 5688 l2.
1097 5632 1140 5663 ²³
1167 5629 1298 5690 Luc.
1323 5647 1441 5702 vni,
1475 5636 1530 5688 9..
1605 5633 1647 5666 ’δ
1675 5632 1781 5693 lsa.
1821 5651 1894 5701 xi,
1921 5635 1958 5690 ἓ
2007 5652 2160 5708 seqq.

1906 213 2287 274 ADDENDA.

3687 207 3828 269 139$

2183 322 2511 388 cogitatione
2537 319 2632 374 tibi
2664 319 2897 387 ﬁngens.
2938 315 3215 371 (Steterunt
3247 330 3379 370 cum
3430 313 3592 370 Iesu
3633 313 3830 382 ingre-

2180 415 2330 480 dere,
2360 415 2552 468 ducetn
2591 409 2670 464 tui
2703 409 2769 464 ad
2801 407 3326 476 contemplationem
3364 407 3692 460 introitus
3730 407 3824 460 fi-

2180 508 2310 560 lium
2357 505 2450 558 Dei
2503 503 2750 566 faciens,
2785 516 2914 556 eum
2968 499 3090 568 ipso
3153 497 3645 568 pulchritudines
3711 499 3830 552 illas

2181 601 2514 667 itispectaus.

2252 690 2387 744 ibid.
2433 691 2497 742 C.
2551 687 2612 743 Si
2637 687 2836 756 Ioseph
2889 689 3251 742 Arimatlueus
3299 685 3395 747 sit,
3436 683 3508 735 ab
3569 697 3684 742 eo,
3719 695 3827 735 ese.

2176 781 2373 848 .loseph
2419 781 2563 834 idem
2639 777 2898 848 estquod
2953 776 3184 846 adjectis
3235 784 3290 829 ct
3336 774 3824 826 incrementum:

2176 875 2544 928 Arimathzeus
2611 871 2752 925 idem
2810 871 2960 938 quod
3012 868 3228 922 tollens.
3284 863 3576 932 Quisquis
3651 863 3826 928 igitur

2177 965 2377 1021 actioni
2423 964 2587 1020 simul
2625 975 2682 1018 et
2717 959 3174 1029 contemplationi
3238 955 3548 1017 incumbit.
3593 952 3822 1022 Josepa

2175 1060 2544 1115 Arimathmus
2589 1056 2698 1112 dici
2730 1063 2934 1126 potest,
2982 1053 3249 1108 nimirum
3286 1065 3383 1119 per
3431 1047 3760 1102 actionem
3793 1062 3820 1097 λ

2177 1155 2360 1220 seipso
2393 1165 2644 1204 crassum
2691 1162 2912 1202 omnem
2947 1156 3002 1198 et
3034 1152 3326 1198 terrenum
3371 1138 3680 1194 affectum
3722 1136 3824 1187 tol-

2176 1245 2295 1299 lens
2329 1251 2384 1298 et
2429 1241 2690 1302 avellens,
2740 1253 2834 1308 per
2888 1233 3417 1303 contemplationem
3480 1239 3711 1283 autem
3757 1229 3818 1280 ad

2175 1335 2511 1408 spiritualem
2555 1332 2927 1404 cognitionem
2959 1330 3301 1383 increscens.
3335 1323 3610 1380 Proinde
3671 1320 3728 1374 si
3765 1331 3816 1371 tu

2175 1443 2391 1501 quoque
2441 1427 2807 1492 adiectionem
2847 1423 3041 1486 habes,
3100 1419 3154 1474 id
3200 1424 3305 1480 est,
3362 1417 3818 1471 incrementa

2176 1522 2380 1578 amoris
2407 1519 2600 1581 divini,
2630 1518 2762 1573 tolle
2794 1530 2860 1569 ac
2884 1525 3038 1584 porta
3078 1511 3343 1580 religiose
3379 1520 3615 1575 corpus
3643 1503 3816 1566 Iesu,

3907 1071 3915 1158 1

2178 1618 2469 1686 mysticum
2520 1609 2750 1671 scilicet,
2788 1607 2952 1678 digne
3002 1605 3182 1674 ipsum
3215 1599 3579 1670 percipiens,
3627 1605 3812 1664 atque

2179 1709 2311 1765 illud
2340 1716 2486 1777 pete,
2519 1705 2571 1759 id
2621 1711 2729 1767 est,
2769 1715 2902 1770 rape
2928 1713 2958 1752 a
2987 1696 3367 1765 cruciﬁgente,
3409 1693 3535 1748 hoc
3583 1697 3684 1745 est
3719 1703 3810 1744 eo.

2176 1803 2269 1874 qui
2331 1800 2557 1869 indigne
2609 1793 2880 1866 percipit,
2941 1805 3006 1846 ac
3065 1796 3355 1859 propterea
3429 1782 3807 1840 contumelia

2177 1894 2381 1957 allicit,
2441 1891 2648 1961 quique
2713 1901 2842 1942 reus
2913 1892 3000 1939 est
3053 1879 3306 1950 corporis
3368 1886 3429 1932 et
3487 1874 3804 1944 sanguinis

2176 1987 2399 2044 Christi.
2451 1983 2742 2050 Tuamque
2788 1978 2884 2032 iiat
2925 1976 2978 2032 id
3007 1973 3155 2044 quod
3203 1985 3425 2034 omnes,
3482 1985 3518 2022 a
3585 1966 3802 2037 quibus

2177 2081 2342 2151 digne
2384 2075 2676 2145 accipitur,
2712 2077 2912 2141 purgat
2959 2078 3016 2123 ct
3052 2063 3389 2121 sanctiﬁcat.
3447 2060 3590 2114 Alio
3627 2058 3800 2151 modo

2177 2150 2343 2229 etiam
2377 2183 2584 2235 corpus
2615 2163 2823 2220 Christi
2855 2170 2962 2226 est,
2991 2157 3247 2230 quisquis
3280 2156 3336 2210 in
3367 2169 3504 2208 eum
3546 2150 3740 2206 credit
3776 2166 3793 2204 :

2178 2265 2345 2335 hujus
2381 2263 2651 2323 membra,
2684 2266 2958 2327 praecepta
3006 2260 3139 2307 sunt
3167 2258 3222 2305 et
3253 2248 3526 2302 virtutes.
3561 2243 3625 2298 In
3657 2259 3792 2297 cr.

2179 2375 2296 2415 cem
2328 2365 2510 2412 autem
2541 2354 2644 2407 hoc
2687 2363 2894 2418 corpus
2929 2346 3070 2400 tollit
3101 2341 3379 2403 diabolus,
3431 2353 3550 2392 non
3592 2337 3789 2390 sinens

2179 2452 2235 2505 in
2267 2448 2424 2503 nobis
2454 2461 2517 2500 ea
2560 2444 2807 2497 membra
2841 2436 3145 2494 secundum
3196 2441 3461 2486 naturam
3492 2428 3785 2482 actionem

2179 2557 2332 2599 suam
2382 2551 2657 2594 exercere.
2703 2535 2774 2587 At
2805 2530 2903 2600 qui
2938 2527 3377 2583 additamentum
3415 2519 3546 2575 tidei
3588 2519 3784 2576 habet,

2178 2632 2378 2703 Joseph
2409 2624 2718 2700 spiritualis
2747 2630 2856 2688 est,
2891 2619 2986 2690 qui
3018 2631 3220 2686 corpus
3272 2611 3526 2681 πείρετε
3559 2614 3780 2703 Ροξξξιο

2178 2697 2524 2792 honesteque
2552 2714 2806 2787 sepelire,
2859 2721 3028 2780 atque
3061 2709 3116 2763 in
3143 2715 3367 2776 pectore
3402 2716 3508 2792 suo
3538 2697 3776 2792 exgtide,

2179 2815 2394 2886 quasie
2427 2790 2578 2881 petra
2628 2808 2840 2870 exciso,
2885 2803 3194 2871 imponere,
3255 2811 3318 2851 ac
3371 2790 3776 2862 spiritualibus

2180 2885 2325 2965 circa
2357 2907 2462 2960 hoc
2492 2901 2754 2958 saeculum
2785 2894 3134 2954 sermonibus
3179 2890 3320 2947 velut
3350 2885 3578 2942 sindone
3608 2893 3761 2949 quo-

2179 3004 2304 3060 dam
2335 2998 2427 3053 Dei
2459 2995 2660 3050 Filittnt
2693 2990 2998 3046 involvere.

2249 3093 2368 3151 Col.
2399 3089 2504 3147 656
2563 3091 2626 3143 Δ.
2670 3087 2729 3140 Si
2756 3083 3084 3140 Nicodamus
3142 3097 3240 3144 sis,
3289 3090 3604 3140 nocturnus,
3652 3086 3768 3131 etc.

2181 3185 2510 3244 Nicodemus
2568 3181 2657 3234 ille
2705 3188 2824 3241 est,
2885 3177 2979 3245 qui
3039 3174 3105 3229 ad
3155 3172 3359 3228 Christi
3419 3170 3764 3241 agnitionem

2181 3278 2365 3334 animo
2408 3272 2626 3342 quidem
2684 3269 2877 3322 lit-mus
2935 3275 3022 3320 est
3071 3280 3136 3319 ac
3188 3262 3419 3325 solidus,
3477 3274 3760 3323 caeterum,

2182 3371 2311 3427 dum
2338 3367 2490 3425 carni
2521 3362 2881 3436 gratiﬁcatur,
2913 3362 2968 3414 iu
2999 3359 3383 3414 mandatorum
3415 3353 3759 3412 observatio-

2182 3477 2306 3518 nem
2360 3458 2471 3514 acri
2533 3453 2701 3509 animi
2774 3451 3127 3506 contentione
3187 3447 3549 3510 incumbere,
3613 3445 3761 3498 velut

2183 3551 2561 3612 meticulosus,
2626 3543 2834 3609 renuit,
2886 3550 3109 3614 propter
3163 3551 3371 3595 metum
3418 3537 3758 3597 Judasorum,

2182 3645 2288 3698 hoc
2337 3650 2422 3696 est
2482 3636 2962 3710 perturbationum
3022 3633 3236 3700 animi,
3296 3632 3383 3688 vel
3445 3631 3757 3686 daemonum

2180 3735 2440 3803 impetus.
2511 3725 2838 3799 Hujusmodi
2903 3733 3084 3780 autem
3139 3724 3260 3777 viro
3306 3721 3371 3776 ad
3437 3720 3653 3775 laudem
3704 3729 3758 3774 et

2159 3822 2711 3883 ‘commendationem
2766 3813 3090 3890 praeclarum
3117 3816 3339 3871 videtur
3371 3824 3518 3869 recte
3563 3813 3752 3867 saltem

2181 3919 2248 3974 de
2276 3917 2496 3972 Christo
2545 3912 2772 3978 sentire,
2827 3927 2930 3970 nec
2971 3909 3372 3966 contumeliosa
3415 3908 3583 3961 verba
3625 3920 3752 3975 pro-

2184 4011 2348 4067 ferre.
2417 4005 2724 4078 Unguentis
2790 4014 2972 4059 autem
3037 4001 3383 4056 Dominicum
3437 4014 3634 4069 corpus
3681 3998 3748 4053 ad

2182 4101 2512 4173 sepulturam
2541 4097 2841 4168 perfundit,
2889 4095 2984 4165 qui
3037 4109 3323 4150 sermones
3349 4100 3402 4148 et
3431 4092 3747 4160 disputatio-

2181 4209 2300 4260 nes,
2329 4207 2466 4262 qnas
2501 4190 2570 4245 de
2617 4203 2684 4244 eo
2714 4187 2900 4250 habet,
2937 4185 3022 4256 pie
3063 4193 3286 4247 tractat,
3338 4197 3542 4254 easque
3581 4181 3745 4236 tundit

2181 4283 2332 4341 suavi
2362 4282 2531 4336 odore
2555 4279 2829 4336 stillantes
2854 4286 2952 4334 aut
2983 4277 3146 4331 etiam
3181 4275 3514 4331 redolentes.

2252 4375 2388 4428 lbid.
2422 4371 2485 4426 D.
2530 4370 2588 4427 Si
2619 4369 2796 4424 Maria
2821 4368 3066 4440 qua'dam
3087 4369 3181 4431 sis,
3205 4368 3252 4424 si
3276 4367 3389 4421 alia
3416 4366 3614 4429 Maria,
3640 4377 3735 4419 etc.

2181 4466 2453 4535 Quoniam
2513 4463 2770 4518 Christus
2830 4475 2860 4514 a
2919 4461 3088 4516 Maria
3147 4460 3474 4530 Magdalena
3537 4467 3720 4526 septem

2180 4557 2452 4613 daemonia
2481 4557 2641 4627 ejecit
2661 4556 2730 4622 “,
2771 4555 2952 4610 anima
2977 4553 3070 4609 illa
3100 4553 3276 4610 Maria‘
3298 4553 3596 4625 Magdalena
3620 4548 3721 4602 dici

2179 4660 2380 4722 potest,
2420 4664 2543 4719 qua:
2588 4646 2820 4717 impuris
2866 4646 3179 4716 spiritibus,
3208 4647 3301 4715 qui
3357 4655 3555 4716 septem
3580 4642 3726 4698 bonis

2179 4742 2467 4813 spiritibus
2497 4739 2566 4795 ab
2586 4737 2729 4795 Isaia
2752 4738 3094 4794 enumeratis
3116 4737 3351 4808 oppositi
3377 4747 3527 4804 sunt,
3552 4737 3728 4790 misere

2177 4841 2428 4898 vexatur,
2475 4845 2642 4901 quam
2688 4838 2877 4902 postea
2926 4827 3210 4899 Evangelii
3253 4830 3504 4884 doctrina
3550 4843 3729 4898 purga-

2183 4925 2261 4979 vit
2284 4923 2352 4978 “.
2382 4924 2453 4980 Ut
2497 4930 2678 4979 autem
2710 4920 2959 4976 exactius
2994 4921 3310 4992 loquamur,
3335 4919 3508 4975 Maria
3537 4919 3728 4989 Magda-

2180 5017 2306 5073 lena
2337 5024 2419 5071 est
2447 5016 2632 5070 anima
2666 5014 2817 5069 omni
2847 5015 3069 5070 actione
3093 5013 3359 5084 gaudens,
3391 5029 3422 5066 a
3456 5012 3726 5081 septenarii

2181 5109 2342 5179 hujus
2385 5106 2574 5164 saeculi
2621 5115 2832 5162 terrore
2862 5107 3012 5161 velut
3056 5107 3394 5163 daemonibus
3423 5106 3722 5176 quibusdam

2180 5216 2276 5272 per
2324 5199 2767 5270 evangelicorum
2826 5208 3221 5269 praceptorum
3269 5198 3572 5255 doctrinam
3608 5213 3722 5267 pur-

2177 5300 2304 5364 gata
2341 5311 2356 5347 :
2385 5307 2416 5347 a
2440 5307 2552 5364 quo
2577 5292 2790 5348 animas
2831 5292 3028 5347 liberat
3055 5292 3280 5347 verbum
3321 5291 3440 5354 Dei,
3490 5305 3646 5361 supra
3671 5304 3722 5345 ea

2182 5399 2306 5454 quae
2345 5384 2399 5442 in
2443 5391 2690 5454 tempore
2725 5390 2876 5446 sunt,
2919 5381 3045 5436 illas
3095 5381 3357 5440 evehens.
3403 5380 3524 5434 Alia
3565 5389 3722 5434 autem

2180 5476 2375 5544 Maria,
2400 5475 2556 5549 cujus
2601 5476 2706 5532 hoc
2753 5475 2874 5533 loco
2909 5473 3156 5533 meminit
3185 5472 3502 5544 Gregorius,
3531 5473 3722 5546 proprie
