4050 6198
353 241 484 306 1397

1265 245 1584 304 NICETAS
1629 245 1706 304 ΙΝ
1748 247 1969 306 ΟΙὶΛΤ.
2016 247 2172 305 XLII
2219 250 2278 306 S.
2318 248 2554 307 GBEG.

3465 249 3602 311 1398

354 355 573 422 quidem
617 362 700 408 est
728 363 898 409 mater
929 355 1172 417 Domini,
1211 359 1292 410 vet
1326 358 1508 425 potius
1531 355 1721 411 Jacobi
1753 357 1929 414 Mino—
1957 369 2004 426 Α
2031 343 2116 413 est
2148 377 2161 413 :
2197 368 2251 412 tu
2290 375 2386 428 per
2427 359 2694 429 justitiam
2745 375 2986 429 rcsnrge,
3043 375 3104 414 ae
3137 360 3346 431 primus
3397 359 3601 418 Christi

350 449 449 502 ris.
487 445 619 501 Nam
663 447 832 501 Mater
883 447 1098 502 Domini
1150 448 1204 502 in
1240 449 1417 519 prima
1467 450 1558 504 illa
1588 451 1926 520 perfectione

349 555 473 592 cum
515 539 632 594 sola
662 539 980 610 Magdalena
1025 543 1090 595 ad
1127 554 1548 598 monumentum
1583 555 1925 613 perrexerat,

349 647 412 685 ac
469 635 891 688 resurrectionis
954 634 1156 690 Christi
1209 636 1412 691 certior
1457 636 1621 704 facta,
1681 639 1923 708 quietem

348 723 556 789 agebat.
601 723 907 795 Allegorice
939 735 1124 780 autem
1159 727 1327 784 altera
1365 727 1556 791 Maria,
1619 732 1804 785 anima
1840 741 1928 786 est

345 815 832 882 coaletnplationis
887 818 1154 883 studiosa,
1214 834 1336 888 qua:
1385 835 1494 874 non
1551 831 1779 886 naturae,
1833 823 1927 877 sed

346 907 537 971 gratiae
593 907 971 974 cognationem
1038 925 1164 963 cum
1225 910 1364 964 Filio
1426 911 1519 966 Dei
1591 929 1686 982 per
1745 930 1926 968 veram

349 997 640 1050 scientiam
665 998 855 1066 adepta
881 1006 988 1052 est.
1010 1002 1188 1070 Atque
1215 1011 1274 1054 ut
1303 1019 1412 1055 uno
1435 1003 1600 1057 verbo
1623 1005 1929 1068 absolvam,

346 1099 443 1152 per
469 1085 609 1140 duas
648 1085 846 1140 Marias
869 1089 1381 1158 designaturanima
1406 1095 1928 1162 contemplationem

347 1176 516 1230 sintut
555 1187 613 1230 et
665 1179 933 1234 actionem
987 1183 1257 1250 amplexa.
1311 1184 1528 1238 Salorne
1561 1194 1744 1239 autem
1787 1187 1932 1256 (qua:

348 1281 454 1320 vox
485 1268 674 1340 lingua
717 1282 902 1324 nostra
935 1288 1117 1338 pacem
1147 1273 1440 1342 signiﬁcat)
1472 1277 1656 1331 anima
1685 1278 1771 1331 illa
1809 1293 1932 1334 esse

348 1367 549 1426 potest,
579 1376 720 1429 quu‘,
753 1361 984 1416 sublatis
1013 1370 1068 1415 et
1097 1365 1340 1432 expulsis
1359 1368 1528 1420 animi
1562 1369 1932 1432 perturbatio-

353 1449 538 1516 nibus,
573 1453 866 1520 tranquilla
900 1468 1034 1522 pace
1067 1454 1292 1520 fruitur,
1318 1466 1486 1527 atque
1515 1461 1710 1514 allecto
1748 1463 1934 1517 carnis

351 1542 570 1610 spiritui
603 1544 706 1611 legi
735 1545 981 1614 subjecto
1011 1562 1108 1617 per
1135 1550 1504 1618 spiritualium
1535 1553 1704 1608 animi
1737 1569 1935 1609 concc-

351 1635 597 1701 ptionum
617 1638 1048 1705 speculationem
1072 1645 1530 1712 sempiternorum
1553 1661 1736 1701 rerum
1758 1649 1939 1702 scien-

2033 451 2339 504 doctrlnam
2370 454 2644 520 cognitam
2676 464 2838 522 atque
2875 452 3143 506 illustrem
3173 453 3354 508 redde.
3406 455 3607 506 Ἄσπα-

2032 542 2169 610 σμός
2237 543 2381 594 enim
2417 542 2520 597 hoc
2554 545 2673 598 loco
2717 545 3104 598 salutationem
3135 554 3188 598 et
3223 543 3603 599 allocutionem

2031 633 2327 702 signiﬁcat.
2357 631 2494 687 Nam
2530 651 2652 687 cum
2689 633 2856 686 Maria
2891 649 3078 686 vocem
3103 637 3233 687 .lesu
3271 636 3605 704 agnovisset,

2031 725 2170 779 dixit
2223 724 2302 778 illi
2335 743 2348 778 :
2382 723 2606 789 Raboni,
2643 723 2781 792 quod
2826 724 3027 776 dicitur
3076 724 3334 794 Magister
3362 725 3432 778 9‘.
3487 727 3610 780 Eva

2032 814 2198 885 igitur
2239 829 2525 880 succurre,
2557 814 2818 868 nimirum
2855 814 3026 882 ipsius
3071 814 3284 883 culpam
3325 816 3606 870 contraria

2034 907 2228 959 virtute
2260 905 2566 975 corrigens.
2602 905 2692 958 Illa
2725 906 2868 958 enim
2902 905 3020 958 \iro
3055 905 3298 959 fraudem
3329 908 3608 960 renuntia-

2032 997 2132 1060 vit,
2156 995 2324 1050 Maria
2351 1009 2532 1052 autem
2559 998 2820 1067 apostolis
2843 997 3096 1054 salutem.
3125 996 3273 1050 Idem
3305 1007 3360 1050 tu
3391 1012 3611 1066 quoque

2034 1087 2282 1141 facturus
2315 1100 2396 1151 cs,
2431 1086 2478 1140 si
2510 1087 2824 1154 ignorantes
2860 1088 3081 1139 doceas.

2103 1178 2218 1232 Col.
2255 1177 2360 1232 658
2395 1178 2457 1232 Α.
2523 1178 2742 1230 Petrum
2799 1179 2874 1232 uel
2926 1175 3190 1230 Joannem
3240 1178 3489 1237 inritare,
3544 1178 3612 1230 ad

2033 1271 2332 1340 sepulcrum
2363 1285 2610 1338 propera,
2655 1278 2760 1324 ctc.
2802 1270 3080 1339 Scriptum
3137 1282 3224 1324 est
3257 1273 3398 1341 apud
3445 1271 3615 1325 Joan-

2037 1381 2159 1419 nem
2195 1383 2210 1418 :
2241 1364 2388 1417 Eariit
2414 1364 2606 1418 Petrus
2649 1375 2699 1418 et
2737 1364 2876 1417 alius
2910 1367 3000 1418 ille
3046 1365 3346 1434 discipulus
3372 1368 3439 1419 ’“.
3473 1367 3613 1420 Curs

2040 1458 2232 1511 rebant
2268 1466 2452 1511 autem
2491 1458 2601 1511 duo
2649 1458 2815 1512 simul
2847 1474 2863 1514 :
2904 1467 2960 1510 et
3014 1458 3106 1511 ille
3137 1459 3282 1512 alius
3317 1459 3615 1529 discipulus

2037 1552 2282 1604 cucurrit
2314 1550 2480 1605 citius
2530 1549 2718 1615 Petro,
2758 1560 2812 1603 et
2871 1551 3021 1604 venit
3060 1551 3270 1620 prinms
3321 1553 3386 1604 ad
3424 1566 3617 1605 monu-

2039 1652 2306 1698 mentum.
2345 1641 2411 1697 Et
2457 1657 2583 1696 cum
2640 1658 2698 1696 se
2753 1641 3089 1706 inclinasset,
3124 1642 3260 1696 vidit
3299 1642 3616 1697 linteamina

351 1726 480 1778 tiam
513 1741 610 1795 pro
654 1729 860 1784 viribus
909 1742 1168 1787 assecuta
1229 1744 1335 1789 est.
1382 1733 1592 1790 Joanua
1639 1747 1820 1792 autem
1866 1741 1932 1792 ad
1968 1716 2008 1770 Β
2039 1736 2237 1805 posita,
2297 1752 2406 1789 non
2461 1746 2645 1790 tamen
2703 1736 2968 1789 introivit.
3024 1735 3183 1790 Venit
3235 1753 3365 1805 ergo
3424 1737 3614 1790 Simon

351 1815 579 1869 verbum
620 1817 924 1872 columbam
975 1831 1158 1888 sonat,
1211 1837 1275 1879 ac
1312 1840 1408 1894 per
1454 1841 1572 1879 eam
1612 1828 1794 1882 anima
1845 1829 1934 1884 illa

354 1908 718 1976 signiﬁcatur,
751 1926 874 1975 qum
913 1913 1161 1968 turbidos
1189 1926 1372 1972 motus
1408 1917 1602 1973 leniter
1626 1919 1843 1989 abjecit,
1871 1938 1936 1977 ac

356 2001 692 2068 spiritualem
748 2003 994 2060 scientiae
1055 2017 1377 2075 proventum
1432 2020 1487 2066 et
1545 2011 1934 2070 fecunditatem

357 2092 634 2148 ardentem
669 2095 852 2159 habet,
896 2097 1000 2152 hoc
1031 2109 1117 2153 est
1147 2101 1283 2155 vitio
1307 2111 1488 2166 vacat,
1523 2114 1576 2158 et
1607 2121 1937 2164 numerosos

359 2181 582 2238 virtutis
614 2182 752 2240 fetus
781 2187 1010 2255 profert.
1044 2188 1413 2255 Quamobrem
1447 2194 1492 2248 si
1522 2210 1631 2263 qua
1666 2211 1726 2252 es
1752 2198 1937 2255 anima

359 2292 422 2329 ex
482 2276 587 2341 his,
636 2293 775 2347 quas
832 2283 1412 2351 commemoravimus,
1470 2287 1708 2343 diluculo
1761 2292 1936 2359 plora,

357 2367 624 2438 lacrymas
671 2370 1037 2439 adipiscendae
1086 2373 1329 2428 scientia:
1361 2375 1469 2430 vim
1510 2377 1771 2435 trahentes
1813 2381 1939 2436 fun-

357 2462 513 2525 dens,
551 2461 655 2514 hoc
684 2475 768 2516 est
815 2461 885 2516 de
935 2465 1256 2519 orthodoxa:
1291 2467 1416 2520 ﬁdei
1451 2470 1767 2541 cognitione
1812 2488 1935 2527 cum

359 2567 556 2622 magna
608 2553 892 2609 alacritate
941 2567 996 2609 et
1034 2556 1219 2610 studio
1266 2557 1574 2626 inquirens,
1632 2563 1936 2632 etquidem

365 2658 550 2698 veram
577 2645 825 2716 mysterii
860 2647 983 2701 tidei
1016 2655 1222 2703 nostra:
1244 2650 1612 2720 cognitionem
1642 2667 1671 2706 a
1701 2653 1808 2708 Deo
1843 2655 1937 2710 tibi

359 2736 475 2789 dari
513 2740 752 2806 postula.
791 2739 1095 2795 Diluculum
1145 2743 1292 2797 enim
1340 2745 1674 2800 celeritatem
1710 2747 1938 2806 indicat.

359 2827 496 2884 Nam
534 2831 582 2885 si
606 2831 1122 2888 excellentissimam
1152 2837 1332 2891 omnis
1356 2837 1575 2893 virtutis
1608 2849 1662 2893 et
1696 2840 1942 2896 scientia:

361 2921 666 2976 doctrinam
691 2923 766 2978 ita
802 2925 1110 2993 quaesieris,
1137 2925 1374 2995 primum
1409 2929 1555 2983 illam
1583 2931 1941 2989 obscuritatis

361 3013 627 3070 doctrina:
675 3017 974 3071 caecitatem
1027 3020 1180 3073 cordi
1210 3030 1304 3075 tuo
1357 3021 1766 3079 incumbentem
1807 3025 1942 3080 sub-

362 3104 531 3160 latam
565 3107 798 3164 videbis.
849 3107 963 3163 llac
994 3119 1178 3164 autem
1229 3112 1508 3178 submota,
1541 3115 1683 3169 duos
1715 3117 1940 3187 angelos

363 3195 611 3265 profecto
638 3215 848 3265 cernes,
880 3202 1113 3255 alterum
1145 3202 1212 3255 ad
1257 3215 1447 3272 caput,
1481 3205 1585 3258 hoc
1625 3217 1712 3260 est
1739 3207 1942 3260 divini-

361 3289 492 3344 tatis
523 3288 850 3357 doctrinam,
877 3293 1111 3346 alterutn
1144 3293 1210 3346 ad
1244 3292 1426 3362 pedes,
1460 3295 1720 3350 nimirum
1748 3295 1944 3351 Imma-

364 3381 552 3444 nitatis
582 3391 631 3436 et
673 3382 1093 3441 incarnationis.
1127 3385 1234 3438 Aut
1267 3385 1315 3440 si
1367 3387 1562 3451 mavis,
1597 3402 1693 3456 per
1719 3388 1943 3458 angelos

362 3473 709 3527 conscientiae
743 3485 925 3528 motus
957 3474 1217 3545 intellige,
1258 3477 1518 3530 exstincti
1555 3477 1849 3546 aliquando
1885 3478 1940 3531 in

365 3571 417 3616 te
439 3579 534 3631 per
560 3566 778 3633 vitium,
812 3565 935 3620 Filii
967 3567 1061 3620 Dei
1099 3567 1557 3622 resurrectionem
1589 3569 1939 3637 proclaman-

365 3663 468 3708 tes.
498 3653 686 3726 Neque
728 3659 874 3712 enim
909 3659 962 3712 in
995 3659 1217 3713 obsceni
1251 3669 1305 3713 et
1343 3660 1665 3713 exsecrandi
1705 3660 1943 3716 hominis

367 3746 544 3801 anima
571 3748 824 3805 Christus
842 3749 950 3803 vim
975 3765 1132 3805 suam
1157 3750 1383 3815 exserit,
1408 3752 1501 3805 sed
1530 3765 1624 3820 per
1645 3749 1942 3820 ﬁagitiosas

368 3847 422 3888 ct
452 3839 741 3896 sceleratas
772 3841 1021 3904 actiones
1050 3843 1461 3912 quodammodo
1490 3843 1794 3899 exstinctus
1832 3853 1939 3901 est.

366 3927 650 3986 Postremo
687 3931 865 4001 ipsum
895 3934 1059 3988 etiam
1088 3932 1364 3988 Christum
1396 3933 1696 3989 intueberis
1728 3937 1940 4004 perspi-

366 4038 470 4078 cue
507 4034 880 4094 apparentem,
930 4041 994 4081 ac
1034 4028 1155 4082 sine
1210 4027 1338 4082 ullis
1393 4027 1568 4097 signis
1625 4037 1679 4082 et
1728 4028 1936 4099 ﬁguris,

368 4115 642 4184 spiritales
689 4125 810 4172 tuas
876 4120 1272 4187 conceptiones
1342 4118 1616 4188 spirituali
1670 4120 1943 4189 voluptate

367 4211 695 4281 explentem.
731 4211 992 4269 Nonnihil
1046 4215 1292 4284 loquere,
1347 4215 1414 4270 de
1471 4213 1690 4269 Christo
1745 4215 1944 4286 pioque

366 4305 620 4361 doctrina
675 4315 1064 4376 percunctans.
1101 4305 1294 4363 Vocem
1350 4307 1618 4373 ausculta,
1684 4307 1790 4362 hoc
1860 4315 1945 4363 est

2036 1824 2230 1880 Petrus
2256 1840 2496 1895 sequens
2534 1842 2681 1889 eum,
2715 1836 2768 1880 et
2809 1825 3057 1880 introivit
3086 1826 3138 1880 in
3174 1837 3612 1882 monumentum.

2037 1918 2235 1972 Petrus
2293 1918 2458 1989 igitur
2509 1919 2556 1971 is
2621 1927 2751 1981 est,
2813 1917 2905 1986 qui
2961 1918 3064 1972 tide
3119 1918 3273 1972 ﬁrma
3331 1928 3386 1972 et
3441 1918 3615 1971 solida

2038 2012 2300 2079 praeditus
2347 2019 2452 2073 cst,
2483 2025 2659 2078 eaque
2689 2010 2854 2064 etiam
2896 2010 3117 2074 virtute,
3155 2026 3276 2080 qua:
3327 2011 3380 2064 in
3410 2010 3622 2080 agendo

2041 2110 2309 2163 versatur,
2356 2111 2676 2156 exornatus.
2711 2101 2954 2157 Joannes
3002 2111 3208 2168 autem,
3256 2103 3350 2172 qui
3401 2113 3620 2171 propter

2039 2193 2321 2248 lenitatem
2356 2201 2412 2248 et
2460 2193 2730 2263 insignem
2783 2195 2974 2249 cordis
3008 2196 3299 2264 puritatem
3342 2210 3370 2248 a
3401 2197 3620 2251 Christo

2027 2297 2273 2352 amatur,
2306 2288 2376 2340 oh
2405 2302 2636 2358 eamque
2691 2303 2914 2345 causam
2962 2290 3247 2360 sapientiae
3279 2300 3331 2345 et
3376 2293 3620 2346 scientiae

2042 2373 2332 2430 thesauros
2379 2377 2768 2447 consequitur,
2824 2394 2887 2433 ac
2947 2395 3043 2448 per
3095 2381 3185 2442 id,
3243 2380 3390 2449 quod
3453 2397 3616 2450 sopra

2041 2474 2229 2533 pectus
2300 2468 2590 2534 recubuit,
2648 2469 2942 2540 theologia:
3000 2471 3108 2524 vim
3184 2481 3240 2525 et
3301 2472 3619 2526 facultatem

2046 2553 2279 2620 accepit,
2327 2554 2652 2622 Sepulcrum
2685 2570 2867 2612 autem
2918 2559 2984 2614 ad
3016 2560 3162 2629 quod
3203 2570 3482 2631 properat,
3509 2570 3618 2616 tam

2039 2643 2135 2712 qui
2216 2648 2666 2716 contemplationi
2730 2666 2896 2719 quam
2955 2653 3049 2720 qui
3121 2653 3326 2708 actioni
3394 2655 3618 2717 studet,

2043 2733 2379 2802 profundum
2440 2738 2576 2793 illud
2637 2751 2746 2802 est,
2797 2742 2851 2796 in
2893 2757 3002 2812 quo
3059 2743 3309 2798 doctrina
3362 2759 3449 2809 ea,
3501 2760 3624 2814 qua:

2043 2827 2350 2882 caelestium
2384 2845 2448 2884 ac
2481 2840 2826 2888 terrenarum
2873 2851 3058 2889 rerum
3091 2837 3459 2906 cognitionem
3492 2852 3628 2892 con-

2043 2918 2205 2984 tinet,
2243 2920 2514 2977 absconsa
2562 2933 2666 2980 est.
2706 2923 2907 2978 Verum
2942 2926 3079 2979 alter
3107 2925 3412 2981 secundum
3443 2928 3624 2982 virtu-

2045 3021 2152 3065 tem
2199 3011 2253 3066 in
2305 3013 2520 3068 actione
2551 3015 2812 3084 positam,
2852 3017 2990 3071 alter
3031 3015 3334 3073 secundum
3367 3031 3620 3074 contem-

2046 3101 2341 3171 plationem
2377 3105 2428 3156 in
2469 3105 2834 3171 intelligentia
2863 3108 3050 3170 sitam,
3087 3109 3334 3162 certatim
3364 3121 3619 3164 currunt.

2043 3193 2158 3249 Hae
2211 3205 2392 3250 autem
2439 3197 2651 3251 ratione
2698 3197 2892 3252 Petrus
2942 3214 3067 3252 cum
3114 3199 3326 3256 Joanne
3371 3204 3623 3257 certatim

2042 3302 2266 3342 currere
2317 3287 2556 3355 dicitur,
2612 3289 2873 3359 quoniam
2919 3290 3008 3346 ille
3073 3293 3306 3347 activam
3363 3295 3621 3348 virtutem

2045 3377 2494 3447 arnplectebatnr,
2528 3377 2616 3432 hic
2642 3379 3059 3446 speculativam,
3085 3396 3206 3450 qua:
3234 3381 3453 3450 quidem
3483 3383 3623 3436 inter

2043 3482 2102 3521 se
2156 3481 2403 3536 pugnare
2467 3467 2740 3522 videntur.
2809 3467 3053 3538 Uterque
3108 3479 3290 3524 tamen
3363 3473 3620 3525 concordi

2043 3575 2208 3614 cursu
2249 3568 2524 3629 properat,
2579 3560 2841 3630 quoniam
2883 3577 3027 3616 unus
3063 3561 3316 3632 idemque
3369 3563 3425 3618 in
3468 3575 3619 3618 utro-

2043 3667 2152 3719 que
2209 3651 2522 3707 laudandus
2584 3666 2788 3721 scopus
2855 3654 3289 3722 perspiciebatur
3339 3656 3432 3709 :id
3477 3659 3622 3709 enim

2044 3744 2301 3813 agebant,
2334 3752 2394 3798 ut
2445 3743 2654 3798 scirent
2689 3759 2757 3797 an
2809 3759 2937 3799 vere
2989 3744 3256 3799 Dominus
3313 3747 3622 3805 revixisset.

2043 3834 2396 3892 Concurrunt
2429 3837 2594 3908 igitur
2627 3838 2683 3892 hi
2715 3837 2826 3892 duo
2851 3837 3018 3891 animi
3048 3839 3335 3908 pr0posito
3359 3849 3415 3894 et
3445 3839 3626 3893 inten-

2044 3929 2227 3994 tione,
2275 3930 2343 3984 ad
2396 3945 2559 3984 suum
2616 3937 2849 3998 uterque
2903 3929 3186 3998 proprium
3245 3929 3446 3982 bonmn
3509 3930 3626 3998 pari

2043 4036 2304 4075 successu
2343 4021 2760 4075 contendentes.
2813 4022 2992 4088 Atque
3035 4029 3095 4073 ut
3133 4019 3380 4088 apertius
3417 4021 3620 4087 dicam,

2043 4118 2264 4179 propter
2286 4109 2620 4165 laudabilem
2646 4109 3050 4164 simulationem
3077 4109 3332 4164 certatim
3368 4120 3620 4178 currunt,

2045 4199 2175 4253 dum
2202 4205 2432 4268 uterque
2452 4197 2680 4252 alterum
2709 4212 2972 4268 superare
2997 4198 3357 4264 conatur,ille
3383 4201 3621 4267 actione,

2047 4291 2133 4345 hic
2156 4290 2640 4359 contemplatione.
2667 4287 3048 4346 Concordibns
3070 4301 3249 4347 autem
3277 4294 3480 4349 animis
3501 4310 3644 4349 cur-

367 4397 673 4452 doctrinam
729 4409 788 4455 et
844 4399 1235 4454 revelationem
1312 4408 1532 4469 captum
1598 4409 1752 4455 tuum
1832 4415 1938 4453 non

2049 4391 2196 4446 runt,
2228 4381 2489 4451 quoniam
2533 4382 2604 4436 ad
2637 4398 2805 4438 unum
2836 4383 3080 4438 scientiae
3111 4401 3336 4452 scopum
3371 4385 3626 4450 tendunt,

370 4489 747 4546 excedentem.
787 4490 942 4557 Quod
995 4490 1041 4546 si
1071 4490 1320 4545 altiorem
1357 4491 1666 4546 doctrinam
1721 4501 1774 4546 et
1821 4507 1946 4561 spe-

368 4580 699 4637 culationem
728 4583 1029 4643 audiveris.
1065 4581 1459 4651 prepemodum
1489 4582 1586 4636 tibi
1622 4582 1895 4638 dicentem
1925 4599 1940 4638 :

370 4669 490 4727 Noli
519 4689 608 4729 me
642 4683 885 4746 tangore,
919 4677 1137 4731 eminus
1172 4685 1282 4740 sta,
1316 4691 1384 4730 ne
1410 4684 1696 4745 propterea
1740 4691 1946 4731 moero-

371 4779 484 4818 rern
513 4766 766 4834 concipe,
802 4777 865 4822 ut
898 4767 983 4822 cui
1027 4767 1266 4822 nondum
1317 4766 1654 4824 sublimioris
1681 4766 1946 4821 doctrinae

370 4857 697 4925 attingendae
743 4866 990 4928 potestas
1039 4860 1153 4915 ﬁat.
1202 4859 1367 4914 Novit
1419 4859 1567 4914 enim
1627 4857 1942 4927 hujusmodi

369 4947 642 5012 doctrina,
677 4950 880 5019 quibus
908 4949 1148 5020 primum
1192 4949 1505 5020 aSpieienda
1539 4949 1634 5014 sit,
1673 4949 1740 5004 iis
1781 4947 1947 5003 nimi-

374 5053 520 5103 rum,
559 5041 653 5109 qui
686 5041 924 5111 majores
955 5041 1021 5096 ad
1069 5041 1584 5112 contemplationem
1623 5054 1952 5110 progressus

373 5128 647 5195 fecerunt,
685 5142 745 5186 ut
789 5131 988 5187 Joanni
1021 5141 1076 5187 et
1110 5131 1274 5186 Petro
1325 5131 1746 5188 resurrectionis
1777 5146 1955 5187 encze-

375 5222 525 5276 nium
559 5223 800 5289 celebra,
837 5225 889 5278 id
936 5234 1040 5289 est,
1073 5222 1271 5278 festum
1323 5224 1464 5277 diem
1515 5223 1753 5288 celebra,
1787 5233 1949 5292 atque

373 5311 444 5365 ob
483 5313 682 5367 animae
713 5323 815 5369 tua:
845 5315 913 5369 ab
945 5313 1229 5369 aﬁ'ectibus
1263 5313 1747 5374 resurrectionem,
1774 5315 1948 5384 gaude

374 5417 440 5456 ac
471 5404 766 5475 triumpha.
803 5405 927 5459 Evae
975 5419 1258 5460 succurre.
1309 5402 1568 5470 Quantam
1609 5412 1789 5457 autem
1844 5402 1949 5456 erit

377 5495 496 5564 opis
529 5495 764 5552 ferenda:
793 5497 968 5552 ratio?
1010 5496 1103 5551 Illa
1134 5512 1232 5566 per
1267 5510 1547 5568 peccatum
1585 5496 1758 5566 prima
1792 5495 1941 5565 lapsa

447 5648 670 5706 "Joan.
710 5669 800 5717 xx,
847 5653 926 5708 tb‘.
1005 5653 1048 5684 ³⁸
1083 5653 1216 5708 ibid.
1249 5653 1302 5707 5.

2047 4481 2101 4526 et
2125 4471 2220 4542 qui
2250 4472 2305 4526 in
2343 4472 2582 4537 actione,
2626 4482 2681 4528 et
2711 4473 2806 4544 qui
2853 4473 2909 4528 in
2949 4476 3324 4543 speculatione
3358 4486 3635 4533 versatur.

2049 4566 2126 4620 Ac
2169 4563 2450 4620 celeritate
2496 4565 2716 4636 quidem
2753 4569 2800 4620 is
2852 4567 2947 4636 qui
3004 4569 3456 4638 contemplationi
3505 4585 3629 4624 sese

2051 4656 2274 4724 addixit,
2298 4658 2530 4714 actionis
2563 4658 2869 4714 studiosum
2893 4661 3206 4727 antevertit,
3229 4673 3416 4732 utpote
3437 4677 3625 4717 crassa

2053 4749 2280 4805 nzateria
2312 4749 2496 4804 minus
2525 4758 2786 4817 gravatus
2816 4767 2831 4804 :
2863 4750 3051 4806 studio
3079 4761 3260 4807 autem
3297 4752 3626 4822 speculatio~

2054 4844 2138 4899 nis
2172 4843 2456 4898 alumnum
2485 4844 2533 4899 is
2560 4851 2807 4913 superat,
2851 4844 2946 4914 qui
2972 4845 3150 4899 activa
3193 4846 3392 4899 virtute
3424 4844 3630 4899 instru-

2048 4944 2169 4990 ctus
2205 4943 2310 5001 est,
2361 4943 2547 5004 utpote
2594 4935 2945 4992 laboriosior.
3001 4935 3206 4990 Adhaac
3239 4936 3330 5005 qui
3381 4945 3628 4991 contem,

2049 5029 2288 5100 platione
2313 5027 2637 5091 delectatur,
2675 5027 2857 5082 solum
2889 5027 3182 5096 intelligit:
3212 5039 3267 5082 at
3294 5028 3387 5098 qui
3413 5029 3626 5084 actione

2055 5123 2275 5191 gaudet,
2317 5119 2697 5190 experimento
2728 5122 3016 5176 scientiam
3041 5123 3187 5192 capit
3217 5141 3231 5176 :
3267 5123 3628 5192 quemadmo-

2055 5215 2183 5269 dum
2222 5215 2463 5270 Joannes
2491 5215 2541 5268 in
2575 5222 2991 5269 monumentum
3019 5216 3197 5270 solum
3234 5231 3292 5272 se
3321 5215 3626 5273 inclinavit.

2054 5305 2254 5362 Petrus
2281 5322 2411 5362 vero
2447 5307 2707 5362 introivit.

2121 5398 2256 5454 ibid.
2318 5393 2474 5464 Quod
2510 5401 2556 5454 si
2598 5397 2813 5455 Thema:
2853 5401 3025 5454 instar
3079 5418 3110 5454 a
3157 5409 3289 5455 cortu
3339 5400 3623 5470 discipulo-

2052 5510 2208 5562 rum,
2272 5502 2380 5549 etc.
2460 5492 2721 5566 Quisquis
2772 5491 2827 5548 in
2893 5492 3016 5548 ﬁdei
3064 5493 3314 5548 doctrina
3375 5492 3623 5554 dubitaL,
