3996 6206
459 256 597 317 1399

458 370 701 425 Thomas
744 375 848 433 est,
890 382 954 422 ac
985 368 1175 423 eodem
1219 368 1383 424 modo
1426 369 1710 440 Didymus,
1751 370 1845 440 qui
1885 388 2031 442 agre
2058 382 2106 433 Α

459 460 771 523 adducitur,
818 468 879 513 ut
913 459 1132 514 virtutis
1179 468 1234 513 et
1279 460 1522 516 scientia:
1567 460 1672 531 ipsi
1727 462 1928 527 insitae,
1963 478 2030 518 ac

456 570 552 623 per
599 552 899 615 admissum
938 561 1223 621 peceatum
1268 561 1524 616 mortuae,
1565 554 2028 609 resurrectionem

456 650 578 702 fore
628 646 846 702 credat.
879 644 1140 714 Discipuli
1181 654 1363 699 autem
1415 653 1567 709 sunt,
1598 646 1693 716 qui
1743 654 1895 701 certa
1924 646 2030 702 ﬁde

456 745 556 797 sibi
588 741 923 812 persuadent
945 739 1248 803 Christum,
1274 740 1379 794 hoc
1407 749 1515 804 est,
1544 748 1849 794 emortuam
1874 741 2030 810 prius

458 836 738 896 virtutem,
764 848 862 903 per
892 831 1133 887 divinam
1162 831 1460 900 potentiam
1485 831 1539 885 in
1567 832 1699 901 ipsis
1725 831 1989 887 revixisse
2013 851 2026 886 :

454 927 658 993 quique
685 933 746 979 ut
777 924 980 978 Christi
1014 923 1269 993 discipuli
1307 923 1450 988 loco,
1487 925 1568 978 sic
1591 924 1694 993 ipsi
1735 925 2033 980 concordia

454 1020 847 1089 sententia?th
870 1018 1129 1074 ﬁrmitate
1147 1029 1201 1074 et
1222 1023 1536 1075 constantia
1568 1020 1851 1089 conjuncti
1876 1031 2027 1086 sunt,

468 1111 533 1161 ad
581 1124 722 1177 quos
748 1110 913 1162 etiam
937 1108 1138 1164 Christi
1176 1111 1351 1179 gratia
1382 1110 1628 1165 immeat.
1653 1109 1710 1165 Si
1744 1111 1910 1182 igitur
1931 1111 2028 1166 tibi

457 1200 771 1266 «mutigerit,
799 1208 859 1253 ut
885 1199 955 1254 ab
985 1215 1175 1255 eorum
1209 1209 1353 1257 coetu
1399 1200 1663 1264 ablueris,
1701 1201 1803 1257 hoc
1830 1212 1936 1266 est,
1971 1211 2029 1256 ut

457 1306 553 1358 per
598 1300 652 1344 te
698 1291 884 1345 minus
925 1292 1140 1355 credas,
1194 1293 1386 1347 saltem
1432 1293 1516 1349 his
1569 1294 1662 1362 qui
1714 1292 2031 1363 huiusmodi

458 1384 876 1439 resurrectionis
920 1384 1223 1454 periculum
1281 1385 1551 1451 fecerunt,
1594 1401 1659 1441 ac
1698 1402 1815 1442 rem
1855 1388 1930 1442 ita
1971 1402 2032 1443 se

457 1476 656 1531 habere
679 1476 1033 1545 confirmant,
1061 1477 1220 1532 iidem
1246 1492 1465 1548 arrogo.
1493 1476 1549 1533 Si
1585 1494 1654 1533 ne
1681 1479 1765 1534 his
1787 1478 2029 1548 quidem,

456 1580 512 1619 at
548 1580 695 1623 certe
739 1578 982 1623 veterum
1033 1579 1378 1639 peccatorum
1422 1573 1705 1636 memoria,
1754 1573 1808 1625 in
1847 1580 2030 1626 mente

454 1661 590 1713 citra
635 1662 953 1730 passionem
995 1664 1290 1731 impressa,
1329 1664 1427 1718 tibi
1455 1665 1616 1719 [idem
1660 1663 1844 1718 faciat.
1896 1662 2033 1719 Pas-

456 1750 630 1804 sionis
686 1760 867 1805 autem
916 1766 1111 1821 expers
1158 1754 1463 1820 memoria,
1511 1754 1647 1808 nihil
1696 1764 1783 1808 est
1837 1752 2029 1819 aliud,
2060 1723 2109 1782 Β

454 1858 619 1912 quam
678 1844 1074 1912 praeteritarum
1149 1860 1333 1900 rerum
1390 1846 1596 1916 absque
1646 1846 1927 1916 voluptate
1978 1855 2036 1901 et

457 1949 696 1990 liltBl'Ol‘e
734 1936 1048 2004 impressio,
1076 1937 1257 1992 nullas
1291 1937 1498 1993 habens
1526 1937 1817 1992 vulnerum
1853 1937 2035 2007 perfo-

456 2028 747 2096 rationes,
800 2040 1025 2099 propter
1083 2044 1203 2085 eam
1251 2045 1374 2100 qua:
1414 2040 1603 2100 postea
1661 2040 1848 2085 secuta
1914 2038 2028 2094 est,

459 2120 974 2189 tranquillissimam
1019 2121 1187 2175 animi
1227 2120 1668 2177 constitutionem
1690 2164 1705 2189 ,
1740 2138 1906 2193 quam
1941 2122 2034 2192 qui

455 2226 565 2265 non
595 2214 850 2277 senserit,
887 2228 956 2267 ne
987 2212 1082 2266 alii
1134 2213 1360 2282 quidem
1409 2214 1728 2279 crediderit,
1770 2216 2038 2282 quemad-

455 2304 685 2358 modum
725 2304 952 2359 Thomaa
984 2305 1210 2360 accidit.
1253 2304 1515 2360 Memoria
1545 2306 1748 2377 itaque,
1782 2315 2037 2376 peccato-

455 2411 578 2451 rum
608 2395 902 2467 vestigium
939 2403 1106 2466 atque
1156 2396 1450 2466 impressio
1482 2406 1567 2452 est
1595 2414 1611 2452 :
1642 2397 1778 2452 clavi
1824 2406 2033 2465 autem,

457 2486 574 2555 ipsa
632 2499 873 2556 peccata,
921 2488 1272 2559 prolabentes
1325 2489 1577 2544 homines
1633 2490 2032 2562 tt'ansligentia.

455 2576 725 2643 Quocirca
773 2592 895 2631 cum
928 2591 1050 2632 eam
1099 2579 1211 2632 vim
1260 2577 1544 2645 habueris,
1581 2588 1640 2634 ut
1678 2593 1740 2635 ea
1772 2579 1892 2636 sine
1926 2582 2036 2636 ullo

456 2668 623 2723 animi
651 2667 843 2724 aﬂ'ectu
874 2668 1141 2724 memoria
1165 2670 1406 2726 recolere
1436 2685 1630 2741 queas,
1666 2679 1782 2725 tum
1811 2673 2033 2727 demum

456 2760 555 2813 tibi
614 2761 931 2830 huiusmodi
984 2762 1243 2817 virtutem
1297 2764 1670 2820 resurrexisse
1708 2778 2033 2834 persuasum

458 2855 617 2909 habe.

538 2942 676 2998 lhid.
765 2940 828 2998 Si
892 2943 951 2997 in
1008 2942 1278 3010 infernum
1349 2944 1671 3009 descendat,
1733 2946 1892 2999 simul
1945 2946 2037 3001 de-

455 3038 685 3103 scende,
741 3028 850 3091 etc.
907 3034 1284 3091 Descendente
1336 3036 1556 3093 Christo
1613 3039 1666 3092 in
1720 3039 2037 3107 infernum,
2065 3083 2109 3142 ο

461 3134 637 3202 ipsum
676 3146 899 3203 quoque
934 3145 1032 3200 per
1075 3130 1596 3200 contemplationem
1629 3147 1879 3202 sequere,
1927 3148 2034 3188 non

459 3226 529 3280 ob
571 3226 797 3288 malum,
851 3225 945 3279 sed
994 3231 1056 3279 ut
1107 3223 1459 3279 excellentem
1512 3238 1706 3279 eorum
1754 3242 1876 3295 qua:
1930 3228 2039 3282 illic

458 3328 819 3388 peraguntur,
873 3316 1141 3371 rationem
1194 3314 1470 3371 addisces.
1532 3316 1611 3372 Ac
1658 3333 1863 3387 quaere,
1916 3334 2043 3389 quae

457 3413 701 3481 duplicis
750 3410 954 3467 Christi
1001 3410 1307 3467 descensus
1344 3425 1515 3465 causa
1566 3410 1753 3477 fuerit,
1812 3412 2039 3469 alterius

459 3507 717 3560 nimirum
783 3520 816 3559 a
865 3504 1005 3560 coelo
1056 3505 1109 3558 in
1160 3514 1388 3568 terram,
1433 3504 1659 3560 alterius
1712 3520 1744 3559 a
1795 3516 1938 3561 terra
1981 3507 2037 3560 in

458 3599 733 3652 infernum
770 3615 784 3651 :
815 3612 883 3651 an
939 3595 1196 3663 fortasse,
1258 3607 1318 3650 ut
1363 3597 1419 3650 in
1471 3604 1613 3651 terra
1672 3598 1892 3666 quidem
1944 3613 2039 3667 per

460 3696 656 3757 ti-Ieut,
713 3705 778 3746 ac
834 3706 1027 3758 puram
1088 3698 1144 3744 et
1192 3690 1538 3744 innocentem
1600 3691 1729 3744 vitae
1783 3692 2039 3760 degendae

460 3785 755 3844 rationem,
792 3781 1008 3835 animas
1037 3795 1159 3834 cum
1198 3781 1535 3850 corporibus
1574 3782 1756 3836 salvas
1789 3782 1989 3836 laceret
2019 3800 2036 3837 :

461 3878 514 3929 in
549 3873 764 3927 inferno
791 3884 973 3926 autem
1003 3873 1219 3928 animas
1252 3872 1371 3927 sine
1404 3875 1728 3941 corporibus
1758 3890 1851 3942 per
1875 3876 2039 3929 tidem

457 3963 673 4019 solam?
700 3962 939 4018 Proinde
967 3962 1224 4035 quisquis
1249 3963 1318 4018 de
1349 3964 1547 4018 animae
1591 3966 1812 4018 interitu
1847 3981 1875 4019 a
1909 3981 2037 4035 pec-

463 4068 586 4113 cato
615 4067 1003 4128 promanante,
1054 4070 1119 4111 ac
1169 4070 1366 4112 rursus
1388 4048 1480 4111 ‘de
1513 4057 1915 4112 resurrectione
1943 4074 2038 4127 per

457 4151 734 4205 Christum
786 4151 1174 4218 contingente,
1226 4148 1654 4218 disputationem
1708 4150 1894 4217 habet,
1950 4152 2043 4207 ille

460 4246 624 4299 etiam
682 4245 737 4297 in
785 4243 1060 4298 infernum
1095 4242 1399 4308 descendit,
1461 4253 1523 4298 ut
1575 4245 1685 4300 vitii
1718 4245 1937 4301 habitus
1985 4256 2039 4302 et

464 4345 645 4395 actus,
691 4332 784 4403 qui
817 4333 868 4387 in
898 4332 1082 4402 aliquo
1125 4330 1252 4398 fuit,
1292 4331 1527 4388 reditum
1566 4335 1632 4389 ad
1679 4336 1936 4390 virtutem
1975 4352 2039 4390 ac

1872 260 2254 323 ADDENDA.

3602 270 3785 333 κω

2133 390 2162 427 a
2208 379 2444 447 quodam
2493 378 2805 434 Christiano
2854 380 3163 439 maledictis
3202 383 3647 453 conviciisque,
3718 397 3795 439 us

2136 469 2419 539 improbus
2451 478 2506 526 et
2529 472 2728 542 impius
2752 473 3024 530 laceratus
3055 486 3225 539 esset,
3261 488 3431 532 noctu
3466 478 3540 531 ad
3586 493 3795 532 con-

2133 562 2449 618 viciatorem
2484 579 2639 619 suum
2667 565 2842 629 venit,
2883 566 3271 636 hominemque
3297 569 3647 632 accusavit,
3728 582 3801 623 ut

2132 655 2319 725 inique
2364 657 2544 727 ipsum
2597 659 2900 714 maledictis
2940 661 3322 715 insectantem.
3372 661 3498 729 Ego
3549 661 3785 717 enim.

2135 747 2330 816 inquit,
2363 765 2448 803 me
2479 759 2819 818 peecatorem
2850 766 2976 806 esse
3017 750 3456 821 haudquaquam
3515 752 3797 806 inﬁcias

2133 837 2283 893 ivero
2312 857 2327 893 :
2359 854 2547 894 verum
2577 856 2702 895 cum
2726 840 2991 897 Christus
3013 842 3065 895 in
3094 840 3378 895 infernum
3411 842 3790 901 descendi'.

2133 945 2296 986 nemo
2327 944 2455 988 ante
2497 948 2585 987 me
2614 933 2683 988 ad
2716 933 2879 988 tidem
2929 935 3187 989 accessit.
3242 933 3361 989 Hoc
3388 934 3464 988 de
3502 932 3794 989 Platone

2131 1030 2640 1076 commemoratur:
2673 1021 2820 1091 quod
2873 1021 3204 1076 credendum
3257 1023 3355 1086 sit,
3393 1038 3619 1087 necne,
3671 1040 3760 1076 an

2133 1112 2407 1168 ditoribus
2436 1112 2797 1181 iudicandum
2834 1113 3105 1185 relinquo.

2201 1200 2262 1258 Si
2328 1205 2382 1257 in
2441 1204 2599 1258 ctelos
2674 1206 2926 1258 ascendat
2959 1246 2975 1266 ,
3049 1206 3212 1261 simul
3282 1208 3527 1261 ascende
3562 1247 3581 1269 ,
3652 1218 3792 1263 etc.

2131 1293 2339 1360 David,
2398 1294 2542 1348 Psal.
2599 1310 2776 1361 χχιιι,
2831 1296 3055 1366 angelos
3125 1297 3468 1361 introducit,
3534 1300 3788 1368 partim

2132 1385 2461 1440 comitantes
2498 1384 2806 1449 Christum,
2845 1400 2913 1441 ae
2955 1386 3334 1456 superioribus
3382 1389 3622 1458 angelis
3684 1390 3793 1442 di—

2131 1485 2362 1533 centes:
2393 1477 2637 1532 Attollite
2677 1486 2886 1548 portas,
2926 1479 3190 1545 principes
3220 1465 3415 1540 nostri,
3460 1490 3522 1533 et
3569 1481 3789 1533 clera-

2133 1569 2264 1623 mini
2281 1575 2447 1636 porta:
2472 1568 2771 1634 aternales,
2793 1578 2843 1623 et
2866 1568 3106 1622 introibit
3127 1566 3238 1622 Rea;
3266 1567 3460 1638 gloria
3474 1583 3501 1631 ;
3540 1573 3781 1638 partim

2135 1662 2297 1716 etiam
2356 1659 2790 1729 interrogantes,
2858 1658 2990 1725 Quis
3033 1661 3113 1714 e'st
3162 1660 3264 1713 iste
3318 1657 3438 1712 Rex
3492 1660 3782 1728 gloria!

2141 1763 2307 1824 atque
2339 1751 2461 1807 illos
2488 1767 2683 1808 rursus
2714 1751 3108 1821 respondentes
3136 1768 3152 1805 :
3185 1748 3449 1805 Dominus
3486 1750 3673 1820 fortis
3708 1764 3777 1805 es

2140 1858 2360 1912 potens,
2411 1843 2669 1898 Dominus
2723 1844 2882 1914 fortis
2937 1844 2993 1897 in
3045 1842 3232 1914 prtelio
3257 1843 3348 1898 “‘.
3401 1842 3484 1897 Ac
3544 1858 3771 1898 mrsu:

2140 1937 2332 1995 eadem
2375 1936 2754 2008 interrogatio,
2787 1946 2843 1993 et
2872 1949 3200 2006 responsum
3238 1934 3370 1990 huic
3414 1948 3768 2003 congruens

2141 2033 2459 2103 angelorum
2507 2031 2576 2086 ad
2624 2030 2764 2087 alios
2817 2028 3043 2100 angelos
3096 2028 3397 2082 inducitur.
3459 2026 3765 2081 Hortatur

2140 2126 2329 2195 itaque
2360 2122 2674 2193 Theologus
2710 2120 3018 2176 auditorem
3053 2127 3115 2174 ut
3141 2119 3430 2175 Christum
3468 2119 3523 2172 in
3563 2118 3760 2174 caios

2142 2215 2527 2274 ascendentem
2568 2214 2885 2277 comitetur,
2935 2222 3120 2269 mente
3166 2211 3380 2267 scilicet
3425 2220 3485 2265 et
3517 2212 3758 2282 cogita-

2143 2310 2313 2370 tione.
2361 2322 2530 2378 seque
2570 2306 2655 2362 vel
2705 2321 2831 2361 cum
2876 2303 3277 2360 deducentihus
3312 2317 3441 2357 eum
3490 2303 3747 2368 angelis.

2140 2401 2225 2456 vel
2268 2413 2395 2454 cum
2446 2396 2848 2467 exeipientibus
2891 2396 3105 2466 jungat.
3154 2394 3207 2450 is
3244 2403 3430 2451 autem
3479 2396 3745 2463 scipsntn

2143 2493 2252 2549 illis
2295 2489 2564 2562 adiungit,
2605 2489 2699 2558 qui
2750 2501 3035 2544 sermones
3075 2486 3331 2557 utrinque
3378 2487 3609 2541 habitos
3644 2502 3748 2541 ex-

2142 2585 2370 2657 pendit,
2412 2592 2577 2654 atque
2618 2581 3074 2651 interrogationes
3108 2594 3300 2634 eorum
3340 2588 3395 2633 et
3432 2590 3743 2648 responsa,

2143 2691 2449 2748 eorumque
2487 2690 2686 2732 causas
2743 2673 3040 2729 examinat.
3083 2668 3228 2726 idem
3286 2670 3461 2741 portis
3500 2683 3741 2739 quoque

2142 2772 2374 2842 imperat
2409 2768 2623 2840 (sedulo
2655 2781 2856 2835 nempe
2888 2762 3220 2835 inquirens),
3249 2761 3380 2832 quid
3408 2761 3481 2817 sit
3542 2775 3741 2816 causa:

2143 2879 2316 2935 quare
2374 2862 2554 2933 angeli
2615 2860 2839 2926 dicant,
2898 2858 3143 2912 Attotlite
3214 2866 3415 2927 portas.
3474 2854 3731 2910 Causam

2144 2963 2326 3011 autem
2364 2953 2529 3023 hujus
2578 2950 2831 3006 elationis
2868 2948 3177 3020 Theologus
3228 2948 3342 3015 ipse
3382 2943 3535 2999 aﬂert
3560 2983 3576 3007 ,
3621 2946 3724 2997 ni-

2143 3046 2344 3100 mirum
2394 3043 2598 3098 ideirco
2637 3049 2824 3111 portas
2874 3038 3089 3102 attolli,
3133 3047 3194 3092 ut
3231 3036 3491 3091 Christum
3533 3034 3735 3089 subli-

2141 3138 2373 3195 miorem
2405 3151 2473 3192 ex
2506 3135 2765 3205 passione
2802 3131 3004 3187 factum
3046 3130 3372 3201 suscipiant.
3408 3124 3529 3181 Non
3566 3126 3730 3181 enim

2094 3230 2348 3293 ‘dieunt,
2401 3227 2640 3297 Aperite,
2696 3224 2813 3290 sed,
2868 3222 3138 3288 Altollite,
3193 3221 3300 3276 hoc
3349 3229 3436 3274 est
3487 3216 3729 3286 Erigite.

2139 3323 2319 3392 Atque
2369 3321 2474 3376 hoc
2511 3320 2631 3375 loco
2669 3318 2802 3373 illud
2846 3317 3126 3387 explicat,
3165 3312 3314 3384 quod
3351 3313 3424 3369 ab
3461 3311 3729 3381 Apostolo

2141 3421 2207 3473 ad
2239 3416 2616 3485 Philippenses
2649 3412 2718 3467 de
2749 3409 2969 3466 Christo
2991 3409 3194 3465 dictum
3233 3415 3321 3461 est
3349 3423 3366 3460 :
3405 3401 3729 3459 Humilieeit

2140 3510 2498 3579 semetipsum,
2536 3507 2711 3573 {actus
2744 3502 2986 3558 obediens
3013 3517 3176 3572 usque
3199 3499 3269 3553 ad
3305 3509 3548 3561 mortem,
3584 3512 3728 3550 rnor-

2143 3617 2247 3660 tem
2278 3615 2455 3657 autem
2500 3600 2696 3655 crucis.
2730 3598 2956 3666 Propter
3001 3594 3140 3668 quod
3183 3601 3233 3647 et
3276 3593 3420 3646 Deus
3466 3589 3726 3644 nouauit

2139 3715 2258 3753 eum
2285 3696 2354 3760 ³⁷,
2387 3703 2495 3750 etc.
2541 3694 2619 3747 Ac
2660 3690 2890 3761 proinde
2922 3688 2979 3743 in
3016 3699 3290 3743 summam
3324 3682 3725 3739 sublimitatem

2139 3792 2382 3847 evectus,
2415 3780 2767 3836 sublimiores
2803 3791 3025 3848 quoque
3066 3787 3253 3846 portas
3289 3773 3405 3828 lieri
3455 3774 3721 3842 postulat,

2140 3876 2207 3931 ad
2240 3876 2414 3945 ipsius
2445 3873 2845 3943 exceptionem.
2879 3870 3036 3939 Quod
3063 3869 3111 3925 si
3144 3866 3322 3938 angeli
3354 3864 3721 3934 suscipientes

2141 3977 2321 4023 mente
2373 3968 2640 4030 haereant,
2691 3963 2938 4019 videntes
2984 3960 3262 4018 Christum
3310 3973 3439 4013 eum
3491 3970 3717 4026 corpore

2141 4059 2565 4126 ascendentem,
2614 4072 2681 4112 ac
2721 4056 2997 4126 passionis
3040 4054 3197 4123 signa
3244 4051 3547 4117 feretuem,
3595 4063 3714 4119 qua

2141 4153 2386 4224 quidem,
2417 4166 2544 4208 eum
2587 4151 2656 4205 de
2689 4150 2834 4205 caelo
2880 4148 3261 4211 descenderet,
3306 4161 3414 4201 non
3456 4143 3710 4207 habebat,

2140 4255 2307 4315 atque
2340 4245 2466 4300 ideo
2491 4242 2904 4299 sciscitarentur
2932 4258 2947 4296 :
2977 4239 3244 4306 Quisnam
3275 4238 3365 4295 hic
3389 4239 3514 4294 est?
3549 4238 3597 4293 is
3622 4237 3711 4307 qui

2142 4340 2211 4393 de
2238 4336 2459 4390 Christo
2494 4335 2589 4400 ita,
2633 4344 2693 4389 ut
2737 4348 2953 4403 aequum
2988 4342 3092 4399 est,
3121 4331 3306 4398 sentit,
3342 4330 3452 4386 illis
3494 4345 3708 4397 respon-

463 4424 752 4482 st-ieutiam
798 4423 953 4478 verbi
995 4423 1260 4479 henelicio
1298 4435 1687 4492 consequatur.
1748 4424 2037 4481 Enimvero
2068 4438 2114 4493 ι)
2141 4427 2289 4495 debit
2318 4444 2333 4480 :
2362 4426 2466 4481 Hie
2492 4435 2577 4481 est
2605 4425 2696 4481 ille
2723 4434 2940 4494 potens,
2970 4438 3099 4479 eum
3130 4425 3183 4478 in
3217 4424 3432 4479 exteris
3460 4423 3705 4478 omnibus

461 4518 741 4582 Christus,
795 4518 849 4571 in
907 4516 1184 4572 infernum
1229 4518 1590 4584 descendens,
1654 4533 1761 4575 nan
1820 4535 2035 4587 onlnes,

463 4625 652 4665 verum
688 4624 785 4666 eos
813 4610 963 4666 solos
989 4610 1084 4680 qui
1118 4610 1495 4674 crediderunt,
1522 4610 1706 4667 salvos
1742 4611 1873 4666 fecit
1896 4611 2035 4683 (25).

461 4704 893 4773 Chrysostomus
920 4704 1037 4774 ipse
1083 4701 1319 4758 aﬂirmat
1350 4704 1626 4758 neminem
1671 4705 1725 4759 in
1758 4704 1977 4759 inferno
2009 4720 2040 4758 a

461 4797 684 4852 Christo
732 4797 965 4851 salutem
1002 4796 1305 4866 accepisse,
1344 4797 1454 4851 nisi
1487 4796 1581 4867 qui
1629 4797 1807 4852 salute
1841 4797 2042 4866 dignus

462 4899 627 4953 esset,
662 4903 788 4944 cum
816 4903 880 4943 ex
916 4889 1021 4943 hac
1046 4890 1157 4943 vita
1188 4888 1555 4944 discessisset.
1585 4888 1656 4943 At
1689 4887 1924 4945 fortasse
1947 4889 2039 4959 qui

464 4993 578 5034 tum
610 4979 986 5046 crediderunt,
1026 4981 1205 5035 salute
1239 4980 1386 5051 digni
1430 4980 1601 5035 habiti
1650 4988 1798 5035 sunt.
1841 4980 2040 5048 Cujus-

466 5072 612 5127 modi
655 5072 914 5144 quiddam
942 5072 1011 5128 de
1033 5072 1253 5127 ethnico
1283 5073 1509 5127 Platone
1540 5072 1593 5125 in
1623 5070 1840 5127 Patrum
1865 5072 2040 5126 histo~

465 5164 565 5219 riis
589 5165 998 5221 circumfertur.
1044 5163 1180 5219 Nam
1215 5179 1338 5219 eum
1362 5164 1452 5219 diu
1493 5171 1655 5218 antea
1685 5164 1793 5217 vita
1815 5163 2039 5219 functus

536 5326 607 5359 ⁸⁸·
651 5327 798 5383 Psal.
830 5342 986 5392 ιιιιιιι,
1039 5325 1092 5391 7,
1138 5325 1192 5390 9,
1240 5325 1327 5381 10.
1401 5325 1445 5357 ’⁷
1499 5326 1736 5397 Philipp.
1785 5340 1844 5390 tt,
1889 5325 1942 5393 8,
1983 5326 2038 5383 9.

539 5488 653 5559 (2'5)
679 5486 907 5543 Videtur
938 5487 1028 5541 hic
1060 5487 1305 5542 alludere
1333 5486 1398 5540 ad
1438 5487 1487 5537 id
1519 5486 1670 5559 quod
1714 5488 1788 5559 ait
1838 5485 2032 5559 Petrus

464 5556 649 5631 priore
686 5560 909 5628 cpistola
960 5574 1080 5618 sua,
1116 5574 1236 5625 cap.
1276 5559 1361 5631 5,__
1385 5556 1576 5625 nempe
1611 5557 1922 5631 Christum_
1949 5556 2031 5609 his

465 5627 557 5702 qui
621 5634 673 5686 in
724 5627 955 5702 inurere
990 5635 1147 5682 erant
1201 5628 1521 5702 praglicasse
1574 5642 1705 5702 :_ex
1752 5642 1862 5693 quo
1903 5627 2031 5702 loco

469 5697 779 5767 suspicatur
831 5698 1244 5758 Nazianzenus,
1286 5698 1565 5753 Christum
1619 5697 1690 5750 ita
1740 5712 1862 5752 cum
1903 5697 2032 5763 ipsis

2145 4521 2328 4580 rebus.
2371 4529 2485 4575 tum
2523 4520 2687 4578 etiam
2724 4519 2780 4574 in
2815 4519 2972 4588 bello.
3008 4518 3154 4590 quod
3186 4534 3333 4574 nunc
3362 4520 3466 4587 ‘pro
3506 4517 3697 4590 gustis

2144 4613 2366 4668 humani
2395 4614 2570 4668 salute
2598 4613 2866 4667 adversus
2890 4611 3168 4667 diabolum
3194 4611 3366 4683 gessit
3390 4629 3408 4667 :
3431 4626 3499 4666 ac
3519 4610 3694 4678 duplex

2143 4719 2466 4774 responsum
2513 4702 2687 4769 dabit,
2719 4704 2867 4757 velut
2909 4714 3226 4759 constanter
3267 4704 3322 4757 in
3354 4703 3443 4759 his
3473 4716 3590 4773 qua
3614 4700 3699 4755 de-

2143 4797 2333 4862 crevit,
2367 4810 2716 4867 permanens,
2747 4810 2812 4850 ac
2841 4811 2943 4867 per
2970 4794 3212 4863 ejusdem
3251 4796 3524 4851 sermonis
3566 4809 3705 4865 repe.

2145 4888 2392 4943 titionem
2424 4889 2752 4944 sententiam
2779 4904 2935 4943 suam
2966 4887 3323 4950 conﬁrmans.
3351 4888 3506 4958 juxta
3536 4888 3659 4943 illud
3688 4905 3703 4942 :

2141 4979 2210 5035 In
2237 4990 2517 5050 conspectu
2554 4983 2781 5034 duorum
2812 4983 2889 5035 vel
2929 4981 3090 5034 trium
3132 4982 3346 5036 testium
3375 4982 3550 5036 stabit
3567 4997 3707 5034 omne

2142 5073 2350 5125 verbum
2380 5072 2447 5127 ".
2482 5072 2657 5140 Atque
2690 5072 2764 5125 ita
2803 5074 2917 5125 haec.
2950 5071 3227 5125 humiliori
3275 5086 3438 5127 sensu
3491 5072 3703 5141 intelligi

2142 5174 2417 5234 poterunt.
2458 5165 2628 5219 Aliter
2674 5164 2863 5227 ctiam,
2905 5179 3001 5234 per
3048 5164 3273 5233 angelos
3321 5175 3704 5235 prosequentes

2113 5325 2160 5358 "
2195 5325 2352 5380 Deut.
2403 5340 2533 5392 χιιι,
2567 5325 2636 5390 6;
2669 5323 2861 5380 Matth.
2894 5341 3049 5389 xvm,
3084 5325 3173 5380 16.

2140 5486 2337 5552 egisse,
2387 5494 2444 5537 ut
2490 5500 2584 5536 eos
2631 5484 2882 5550 quidem.
2931 5485 3023 5550 qui
3070 5484 3136 5537 ad
3188 5482 3367 5551 ipsius
3420 5483 3701 5540 adventum

2145 5560 2303 5610 fidem
2338 5556 2566 5624 :unph-xi
2599 5565 2748 5620 sunt,
2778 5555 2830 5608 in
2864 5556 3064 5609 caelum
3093 5554 3354 5614 duxerit:
3380 5570 3475 5610 eos
3510 5564 3702 5621 autem,

2141 5629 2232 5697 qui
2284 5627 2439 5706 tidem
2492 5626 2592 5697 ipsi
2649 5628 2851 5682 habere
2895 5627 3202 5695 uoluerunt
3258 5625 3314 5681 in
3366 5627 3543 5698 poenis
3583 5625 3699 5683 rclio

2138 5706 2343 5764 quct‘tt.
