4050 6198
264 256 394 321 1401

1174 261 1503 324 NICETAS
1547 263 1632 324 ΙΝ
1672 261 1899 323 OBAT.
1941 261 2106 322 XLII
2147 262 2214 325 S.
2252 262 2487 327 GREG.

3378 271 3520 335 1402

262 369 458 424 divina:
486 369 843 425 Providentia:
875 370 1120 424 doctrina
1154 373 1448 441 significari
1500 384 1699 442 potest,
1734 390 1828 441 per
1856 379 1900 432 Δ
1934 373 2130 442 partim
2176 387 2246 428 on
2291 375 2635 430 divinitatem
2660 416 2673 438 ,
2721 390 2820 447 per
2863 391 3028 448 quam
3079 378 3351 437 illustrata
3393 398 3514 452 est,

260 462 613 529 suscipientes
642 470 842 525 autem,
877 462 1124 516 doctrina
1156 464 1477 529 divinitatis,
1512 482 1607 533 per
1638 480 1827 519 ascen-

259 566 377 605 sum
406 562 585 607 autem
616 569 643 605 a
679 563 819 607 terra
852 554 904 607 in
937 555 1171 618 ciuium,
1205 559 1404 609 mentis
1435 573 1462 610 a
1496 557 1829 626 cogitatione

258 640 615 697 humanitatis
638 643 840 699 Christi
865 645 931 699 ad
958 646 1203 713 ejusdem
1235 647 1571 700 divinitatem
1601 649 1825 711 erectio,

255 742 418 801 atque
456 733 524 787 ab
565 735 782 789 actione
817 736 883 788 ad
920 738 1352 805 speculationem
1398 739 1631 792 erectio.
1667 737 1829 803 Quis-

251 824 375 891 quis
411 823 575 893 igitur
604 841 698 895 per
728 826 1028 894 spiritalem
1062 828 1343 882 scientiam
1379 830 1444 882 ad
1474 831 1827 898 providentia:

247 915 578 975 doctrinam,
626 927 893 985 quantum
938 918 1109 987 ipsius
1153 919 1297 973 vires
1334 919 1534 986 ferunt,
1587 921 1823 988 trajecit,

245 1007 317 1060 ab
366 1022 428 1060 ea
479 1006 545 1059 ad
598 1008 898 1062 divinitatis
946 1011 1248 1065 doctrinam
1299 1013 1570 1094 evehitur,
1624 1014 1825 1081 gratia-

248 1100 462 1168 timque
488 1102 903 1156 conseendendo
936 1103 1283 1159 sublimiores
1315 1105 1508 1159 animae
1543 1116 1725 1173 portas
1755 1108 1822 1161 ed

249 1192 496 1262 supremi
532 1208 597 1247 ac
636 1193 804 1248 divini
855 1195 1014 1250 Verbi
1063 1197 1437 1265 exceptionem
1474 1197 1624 1266 facit,
1659 1209 1824 1269 atque

243 1284 316 1338 ab
346 1284 686 1339 humanitate
711 1284 909 1340 Christi
942 1286 1009 1339 ad
1043 1288 1409 1355 divinitatem,
1437 1291 1585 1346 velut
1613 1308 1641 1346 a
1677 1304 1820 1346 terra

242 1376 300 1430 in
325 1376 522 1432 caelum
552 1376 767 1445 migrat,
793 1385 847 1431 et
873 1376 941 1430 ab
968 1378 1183 1435 actione
1210 1380 1277 1434 ad
1306 1384 1818 1452 contemplationem

239 1468 519 1529 ascendit,
560 1479 624 1519 ac
662 1482 786 1521 cum
837 1467 1021 1523 divino
1072 1469 1249 1525 Verbo
1299 1488 1519 1529 sursum
1570 1476 1820 1531 trahente

237 1560 408 1613 simul
452 1558 737 1614 attollitur.
774 1556 956 1629 Atque
1002 1564 1066 1615 ad
1112 1564 1257 1618 hunc
1292 1567 1510 1619 modum
1552 1567 1817 1636 explicata

232 1653 353 1707 sint
382 1652 497 1719 haec
527 1651 749 1708 Davidis
778 1654 965 1708 verba.
999 1654 1318 1711 Consimilia
1355 1669 1533 1713 autem
1567 1662 1814 1727 quaedam

231 1754 292 1800 et
324 1744 470 1814 apud
508 1745 703 1801 lsaiam
739 1746 1013 1816 leguntur.
1045 1748 1178 1803 Nam
1211 1752 1351 1821 apud
1384 1753 1564 1821 ipsum
1597 1771 1819 1826 quoque

231 1836 513 1900 Christus,
540 1839 591 1891 in
620 1840 819 1894 ccelum
850 1855 973 1894 cum
1000 1838 1280 1910 passionis
1312 1844 1459 1899 notis
1489 1829 1848 1912 ascendens,‘

235 1945 442 1984 novum
479 1930 637 1999 plane
668 1940 718 1985 et
758 1932 1079 1986 inusitatum
1110 1948 1173 1987 ac
1201 1938 1527 2003 stupendum
1563 1938 1820 2007 supernis

234 2022 450 2091 angelis
490 2022 861 2091 speetacultttn
909 2024 1176 2078 exhibuit.
1227 2023 1464 2095 Stupore
1510 2029 1653 2082 enim
1698 2046 1821 2084 cor-

236 2113 378 2181 repti
430 2123 594 2176 sunt,
651 2115 1028 2169 ascendentem
1089 2131 1214 2170 eum
1276 2117 1590 2181 intuentes,
1653 2130 1820 2190 atque

237 2203 446 2260 idcirco
471 2205 722 2260 dicebant
748 2224 761 2259 :
788 2206 920 2271 Quis
954 2215 1032 2261 est
1057 2207 1162 2271 hic,
1189 2208 1280 2278 qui
1307 2211 1445 2263 venit
1468 2210 1530 2264 de
1555 2209 1727 2265 Edam
1748 2215 1816 2276 ”,

235 2299 344 2348 hoc
385 2304 488 2359 est,
517 2313 544 2350 a
576 2298 805 2353 terrenis
838 2298 1025 2363 rebus,
1082 2299 1252 2353 rubor
1288 2302 1672 2355 vestimentum
1699 2302 1818 2372 ejus

232 2399 301 2439 ex
341 2385 554 2440 Bosor?
606 2386 779 2441 Bosor
817 2398 998 2443 autem
1035 2406 1243 2443 carnem
1284 2401 1463 2455 sonat,
1496 2407 1561 2446 ac
1592 2392 1820 2462 proinde

233 2493 334 2547 per
375 2480 571 2532 stolam
612 2480 754 2548 ejus,
790 2489 842 2534 et
890 2480 1274 2535 vestimentum
1310 2482 1613 2538 humanitas
1667 2484 1820 2540 desi-

231 2578 454 2639 gnatur.
510 2570 695 2623 llubor
743 2579 949 2633 autem,
999 2572 1125 2639 quia
1178 2587 1308 2626 caro
1358 2572 1639 2630 Dominica
1690 2591 1820 2631 san-

232 2660 403 2729 guine
441 2676 508 2714 ex
550 2662 719 2716 latere
760 2661 1068 2732 profluente
1103 2663 1271 2718 tincta
1316 2673 1418 2728 est,
1453 2681 1517 2721 ac
1564 2681 1663 2737 per
1692 2684 1819 2739 pas-

234 2755 447 2807 sionem
481 2764 763 2809 exornata.
802 2753 958 2810 Unde
985 2767 1038 2811 et
1069 2757 1345 2827 subjungit
1381 2760 1639 2829 propheta
1669 2775 1686 2813 :
1714 2759 1818 2815 Hic

232 2845 499 2915 formosus
525 2847 579 2900 in
605 2846 760 2901 stola.
788 2846 990 2902 Deinde
1014 2846 1350 2903 Salvatorem
1381 2850 1558 2919 ipsum
1587 2866 1819 2919 respon-

230 2934 450 2988 dentem
501 2935 711 2989 inducit
749 2951 764 2989 :
808 2934 921 3005 Ego
953 2944 1139 3005 loquor
1175 2936 1441 3026 justitiam
1474 2947 1522 2992 et
1548 2938 1814 3008 judicium

1933 466 2134 535 quippe
2160 480 2268 535 qua
2296 467 2433 522 nihil
2464 468 2768 537 pulchrius.

2001 558 2120 611 Col.
2157 558 2261 613 658
2295 557 2358 613 C.
2398 558 2539 624 Quid
2577 563 2647 614 ad
2688 562 2799 616 Ima
2846 563 2998 616 nobis
3046 566 3384 633 sycophanta:
3427 569 3516 622 di-

1931 659 2083 712 cunt,
2112 659 2219 706 etc.
2248 652 2512 707 Absoluta
2544 655 2860 709 narratione
2887 655 3183 727 Gregorius
3212 662 3512 713 orationem

1930 741 1996 793 ad
2025 741 2309 797 haereticos
2335 744 2621 808 convertit,
2647 759 2855 814 eosque
2880 746 3118 815 primum
3146 750 3513 817 syc0phantas

1929 842 2109 897 vocat,
2147 843 2205 887 ut
2247 834 2443 888 Filium
2477 836 2897 897 calumniantes.
2930 841 3089 908 quasi
3137 856 3243 893 non
3290 856 3417 895 vere
3451 856 3514 892 ae

1927 925 2151 994 proprie
2203 924 2371 979 Deum
2428 943 2442 979 :
2497 930 2727 981 acerbos
2783 937 2966 982 autem
3029 944 3400 997 expensores,
3453 940 3515 983 nt

1928 1015 2235 1084 praecipites
2266 1015 2569 1072 divinitatis
2617 1017 2876 1082 arbitros,
2911 1034 3270 1089 personarum
3304 1023 3514 1075 scilicet

1935 1106 2265 1162 diﬂ‘erenliis
2314 1123 2434 1162 eam
2491 1109 2851 1176 dividentes;
2909 1115 3333 1179 reprehensores
3384 1129 3514 1170 vero

1924 1212 2106 1252 rerum
2143 1197 2523 1262 laudabilium,
2556 1206 2743 1266 utpote
2776 1199 3041 1254 incarnati
3089 1198 3212 1255 Filii
3241 1202 3511 1267 actiones,

1925 1289 2178 1342 humana:
2227 1298 2439 1342 natura:
2496 1300 2898 1358 congruentes,
2957 1292 3023 1344 ad
3072 1291 3191 1357 ejus
3251 1292 3511 1346 immuta-

1926 1370 2124 1429 tionem
2179 1376 2547 1445 arripientes,
2615 1390 2738 1428 cum
2793 1386 2975 1430 tamen
3044 1377 3258 1431 laudent
3324 1382 3511 1448 potius

1925 1478 2238 1522 mereantur
2294 1484 2309 1521 :
2364 1477 2527 1537 atque
2570 1467 2732 1521 etiam
2782 1478 2866 1534 ιη,
2938 1470 3112 1538 ipsius
3169 1471 3507 1525 divinitatem

1922 1560 2210 1615 metientes
2235 1571 2288 1614 et
2316 1558 2858 1621 eireumscribentes,
2887 1570 3172 1630 propterea
3201 1562 3346 1630 quod
3378 1578 3507 1630 pas-

1922 1653 2133 1708 sibilem
2186 1666 2408 1706 carnem
2460 1652 2740 1720 suscepit,
2795 1660 2856 1705 ut
2905 1654 3110 1707 nostris
3158 1653 3508 1722 passionibus

1924 1743 2255 1798 mederetur.
2308 1741 2655 1796 Tenehrosos
2704 1741 2933 1810 insuper
2980 1741 3125 1796 circa
3176 1741 3353 1796 lucem
3404 1758 3506 1812 ap-

1921 1834 2123 1904 pellat,
2172 1832 2317 1887 velut
2364 1832 2431 1887 ad
2475 1832 2759 1894 veritatem
2816 1833 2931 1887 sole
2979 1832 3266 1887 clariorem
3317 1834 3510 1889 oculos

1920 1924 2259 1987 claudentes,
2294 1923 2378 1977 vel
2417 1923 2581 1977 etiam
2620 1922 2689 1977 ad
2730 1921 2910 1991 ipsum
2957 1923 3258 1988 Christum,
3293 1924 3385 1991 qui
3422 1932 3511 1977 est

1921 2018 2018 2072 lux
2052 2032 2180 2072 vera
2213 2016 2255 2068 ³.
2296 2016 2586 2085 Imperitos
2615 2024 2798 2070 autem
2835 2015 2981 2070 circa
3017 2016 3368 2084 sapientiam.
3405 2017 3510 2071 hoc

1921 2120 2011 2165 est
2035 2109 2180 2166 circa
2209 2108 2491 2163 Christum
2521 2108 2724 2178 ipsum,
2751 2108 2844 2178 qui
2874 2116 2958 2163 est
2984 2109 3249 2176 sapientia
3278 2109 3456 2166 Patris
3481 2111 3504 2141 ⁸

1919 2218 2109 2258 revera
2160 2202 2491 2266 subsistens,
2550 2200 2638 2256 vel
2688 2201 2852 2256 etiam
2893 2209 2956 2255 ut
2991 2200 3292 2257 Salvatoris
3340 2216 3507 2271 Opera

1921 2295 2203 2365 sapientia:
2243 2293 2401 2363 plena
2448 2306 2792 2362 nequaquam
2845 2291 3232 2363 intelligentes.
3280 2290 3387 2347 Pro
3421 2292 3507 2348 bis

1920 2386 2068 2441 enim
2112 2385 2314 2440 frustra
2348 2383 2605 2438 Christus
2652 2392 2902 2438 mortuus
2935 2393 3038 2438 est.
3092 2384 3315 2439 Piorum
3355 2384 3502 2438 enim

1919 2481 2189 2536 duntaxat
2236 2479 2467 2534 salutem
2519 2478 2765 2533 lucratus
2810 2487 2916 2533 est.
2957 2478 3023 2531 Hi
3060 2477 3223 2534 etiam
3272 2477 3505 2549 ingrata:

1920 2584 2186 2627 creaturae
2217 2580 2376 2636 sunt;
2411 2585 2537 2624 nam
2569 2584 2669 2640 pro
2697 2583 2763 2623 eo
2792 2568 2939 2639 quod
2972 2583 3071 2639 par
3098 2577 3218 2624 erat
3244 2569 3505 2624 Creatori

1925 2665 2131 2735 gratias
2161 2678 2343 2733 agere,
2369 2662 2515 2731 quod
2542 2675 2731 2715 eorum
2764 2675 2933 2715 causa
2965 2659 3080 2730 ipse
3110 2674 3327 2728 quoque
3352 2675 3507 2714 crea-

1918 2764 2043 2811 tura
2074 2755 2252 2809 factns
2277 2762 2445 2815 esset,
2471 2752 2573 2821 ipsi
2599 2761 2788 2806 contra
2821 2750 3136 2820 hujusmodi
3170 2751 3498 2807 beneficium

1919 2848 1975 2904 in
2013 2846 2370 2915 blasphemia:
2407 2846 2757 2899 occasionem
2804 2843 3115 2907 trahebant,
3158 2838 3503 2897 divinitatem

1917 2940 2040 3010 ejus
2069 2947 2305 2994 creatam
2332 2951 2454 2992 esse
2486 2935 2844 2999 blaterantes,
2878 2948 2988 2988 non
3024 2943 3207 2987 autem
3244 2933 3504 2988 humani-

230 3026 448 3079 salatis.
474 3025 749 3079 Justitiam
780 3036 983 3088 autem,
1008 3025 1285 3096 Evangelii
1314 3028 1806 3096 promulgationem
1835 3028 1879 3087 C
1911 3043 2101 3088 ratem.
2142 3029 2207 3085 Hi
2237 3030 2403 3086 etiam
2439 3027 2643 3083 diaboli
2693 3026 2950 3096 ﬁgmenta
2985 3026 3188 3080 merito
3228 3025 3334 3081 dici
3366 3040 3503 3095 pos.

229 3126 417 3182 vocat,
466 3133 569 3188 qua
617 3124 762 3170 terra
804 3118 1105 3186 justilicata
1134 3127 1249 3183 est;
1286 3134 1410 3188 qua:
1456 3128 1813 3189 posteaquam

229 3209 452 3263 locutus
476 3219 559 3262 est
583 3206 857 3272 Christus,
886 3208 1061 3278 angeli
1085 3223 1207 3262 eum
1236 3224 1428 3263 rursus
1479 3210 1817 3281 interrogant

230 3317 298 3355 ac
345 3302 533 3355 dicunt
582 3318 597 3355 :
651 3298 828 3365 Quare
875 3310 997 3353 sunt
1030 3299 1191 3353 rubra
1231 3303 1539 3354 vestimenta
1587 3310 1702 3367 tua,
1765 3312 1815 3355 et

232 3395 561 3455 indumenta,
599 3409 703 3445 non
744 3409 890 3446 secus
928 3409 990 3446 ac
1024 3393 1307 3446 torcularis
1346 3392 1539 3446 calcati
1573 3395 1587 3424 '
1611 3403 1633 3448 ?
1672 3393 1814 3449 Caro

232 3485 378 3540 enim
425 3499 623 3541 cruore
657 3487 863 3540 sttfl'usa
893 3485 1239 3547 cernebatur,
1274 3494 1327 3538 et
1357 3486 1507 3540 velut
1534 3501 1599 3540 ex
1634 3498 1813 3541 musto

233 3579 303 3632 atl
334 3580 559 3633 rubrum
593 3580 833 3634 colorem
866 3580 1059 3634 tincta.
1087 3578 1337 3633 Christus
1364 3590 1540 3632 autem
1571 3580 1813 3633 secundo

238 3674 529 3740 respondet
565 3690 577 3725 :
613 3670 875 3725 Torcular
911 3671 1111 3724 calcavi
1160 3671 1326 3734 solus,
1368 3678 1417 3723 et
1460 3686 1524 3724 ea:
1573 3671 1813 3741 gentibus

237 3763 318 3815 vir
367 3762 537 3816 nullus
585 3774 789 3817 mecum
840 3764 941 3831 fuit
977 3764 1020 3827 ’,
1062 3762 1114 3817 id
1161 3770 1287 3828 est,
1330 3778 1491 3817 nemo
1544 3763 1676 3816 tnibi
1717 3778 1814 3833 pa-

239 3854 391 3908 tienti
445 3854 634 3918 adfuit,
677 3856 998 3925 sociumque
1055 3855 1372 3909 certaminis
1422 3871 1479 3910 se
1520 3856 1750 3925 praebuit
1793 3871 1808 3908 :

239 3957 426 3997 verum
459 3945 612 4000 solus
648 3955 815 4000 totam
850 3944 1052 4000 diaboli
1082 3945 1406 4014 potentiam,
1437 3945 1595 4013 quasi
1629 3954 1812 3999 torcu-

235 4035 337 4089 lari
378 4052 509 4091 uvas
539 4038 806 4105 expressi,
842 4050 907 4092 ac
935 4036 1103 4091 duros
1131 4048 1186 4090 et
1213 4048 1565 4091 contumaces
1593 4036 1811 4093 Iudaeos

231 4123 485 4178 contrivi.
526 4122 636 4178 llas
682 4126 824 4194 apud
875 4124 1072 4180 lsaiam
1113 4126 1573 4195 interrogationes
1622 4135 1677 4181 et
1723 4142 1810 4180 re-

231 4216 561 4285 sponsiones
599 4217 907 4287 Theologus
952 4219 1395 4290 δραματουργίαν
1437 4220 1672 4283 vocavit,
1704 4234 1808 4274 non

231 4306 425 4360 falsam
452 4308 903 4376 compositionem
931 4308 1239 4378 intelligens
1263 4310 1475 4379 (quales
1501 4320 1630 4364 sunt
1652 4320 1808 4365 actus

230 4400 512 4471 fabulosi),
549 4402 643 4458 sed
697 4417 869 4472 genus
909 4402 1183 4456 scribendi
1240 4403 1312 4455 ita
1364 4403 1699 4470 institutum,
1751 4416 1811 4458 ttt

232 4505 499 4561 personas
536 4494 823 4563 loquentes
858 4493 1075 4546 habeat.
1122 4490 1450 4560 Angelorum
1498 4493 1645 4547 enim
1692 4495 1809 4561 alii,

195 4640 198 4643 ,
230 4583 384 4637 velut
426 4584 827 4654 interrogantes
865 4584 1224 4650 inducuntur,
1269 4582 1361 4637 alii
1398 4583 1548 4638 velut
1583 4600 1812 4654 respon-

232 4676 445 4743 dentes,
489 4676 790 4732 sccundum
831 4674 950 4731 eam
984 4676 1275 4731 verborum
1318 4677 1611 4742 rationem,
1645 4694 1809 4747 quatn

230 4772 496 4839 propheta
536 4770 838 4826 constituit.
885 4768 941 4823 Si
984 4770 1148 4841 igitur
1180 4771 1276 4843 (ait
1308 4768 1640 4840 Theologus)
1682 4786 1809 4840 per-

232 4873 560 4917 cunctentur
609 4879 623 4915 :
668 4862 803 4929 Quis
852 4871 935 4916 est
977 4862 1082 4925 hic,
1134 4862 1225 4930 qui
1273 4876 1303 4915 a
1343 4871 1485 4916 terra
1529 4860 1815 4926 ascendit,

231 4963 372 5020 aut,
425 4956 704 5026 quomodo
754 4956 1059 5025 incorporei
1110 4969 1174 5009 ac
1220 4955 1485 5025 sanguine
1537 4955 1814 5018 carentis,

234 5057 510 5116 quatenus
548 5046 694 5103 Deus
724 5055 827 5111 est,
858 5045 1221 5101 rubicundum
1255 5057 1337 5099 est
1373 5045 1624 5114 corporis
1665 5044 1809 5099 inte-

229 5140 597 5208 gumentunt?
646 5140 692 5194 si
749 5141 898 5203 haec,
951 5138 1214 5206 inquam,
1256 5146 1703 5206 percunctantur,
1740 5152 1807 5191 ex

229 5229 465 5286 adverso
518 5231 721 5301 profer,
770 5232 823 5286 id
874 5241 977 5293 est,
1026 5230 1292 5299 responde
1342 5245 1357 5281 :
1411 5226 1672 5283 Formosa
1725 5237 1809 5282 est

230 5325 409 5394 ipsius
445 5327 605 5391 stola,
641 5325 745 5380 hoc
782 5335 885 5390 est,
918 5338 1116 5392 corpus
1165 5323 1356 5392 ipsius,
1393 5321 1536 5391 quod
1585 5337 1805 5391 passum

226 5429 339 5480 est,
373 5419 568 5487 partim
594 5420 663 5473 ob
695 5419 1028 5489 passionem,
1060 5433 1154 5487 per
1181 5433 1344 5486 quam
1375 5415 1672 5486 glorificata
1700 5427 1802 5479 est,

303 5595 348 5628 ⁹⁹
381 5593 486 5648 lsa.
517 5612 668 5654 LXIII,
710 5598 760 5650 1.
856 5603 875 5632 ⁸
909 5596 1040 5650 Ibid.
1073 5596 1124 5649 ‘2.
1238 5597 1258 5627 ’
1290 5596 1421 5650 Ibid.
1450 5595 1504 5649 3.

225 5682 349 5731 Vtu,
399 5668 471 5725 22
553 5668 718 5722 Eccli.
761 5682 907 5734 κιιν,
940 5668 994 5722 5.
1068 5668 1088 5699 ⁷
1126 5666 1353 5739 Philipp.
1403 5682 1460 5729 tt,
1499 5667 1549 5718 7.

1598 5595 1619 5625 ³
1647 5597 1803 5647 .loan.
1835 5608 1873 5655 l,
1922 5592 1977 5648 9.

1628 5666 1647 5688 ’
1680 5661 1838 5722 Joan.
1880 5678 1932 5726 ι,
1980 5662 2068 5720 ff.

1917 3131 2067 3187 sunt,
2113 3132 2222 3175 neu
2259 3130 2319 3175 ut
2361 3119 2431 3174 ab
2475 3133 2541 3173 eo
2584 3118 2776 3179 creati,
2828 3117 2922 3171 sed
2960 3128 3020 3170 ut
3068 3116 3138 3170 ab
3183 3132 3248 3169 co
3296 3116 3502 3171 malitia

1915 3215 2130 3268 imbuti.
2155 3211 2340 3266 Fictor
2364 3211 2511 3264 enim
2540 3208 2792 3263 diabolus
2813 3214 2919 3273 est,
2944 3221 3053 3262 non
3081 3207 3500 3262 subsistentium

1915 3320 2126 3369 rerum,
2153 3304 2250 3358 sed
2285 3317 2497 3356 morum
2529 3317 2543 3354 :
2570 3300 2726 3370 juxta
2760 3300 2813 3353 id
2843 3300 2987 3368 quod
3018 3297 3223 3355 Iudaeis
3245 3298 3499 3354 Christus

1914 3397 2131 3453 dicebat
2163 3409 2181 3449 :
2223 3393 2322 3448 Vos
2349 3409 2414 3448 ea:
2443 3404 2597 3464 patre
2636 3392 2850 3446 diabolo
2879 3392 3004 3446 estis
3034 3392 3078 3445 ⁸.
3114 3390 3241 3445 Haec
3280 3391 3502 3447 locutus

1915 3490 2250 3558 Theologns,
2277 3497 2442 3557 atque
2465 3487 2551 3541 his
2571 3486 2832 3540 omnibus
2856 3484 3145 3539 haereticos
3172 3484 3516 3550 insectatus,

1915 3580 2062 3632 velut
2092 3586 2278 3648 aperta
2316 3576 2496 3632 fronte
2533 3566 2696 3647 atque
2728 3574 2781 3630 in
2813 3575 3007 3629 f'aciem
3061 3574 3195 3645 ipsis
3239 3583 3502 3642 occurrtt,

1913 3680 2081 3740 atque
2130 3670 2472 3739 argumentis
2509 3679 2565 3724 et
2603 3667 3128 3739 interrogationibus
3176 3666 3369 3729 fretus,
3407 3681 3505 3722 eos

1914 3775 2073 3835 urget
2129 3774 2293 3835 atque
2340 3763 2646 3829 confundit,
2698 3762 2935 3832 aitque:
2971 3759 3187 3816 Siccine
3229 3759 3299 3815 ob
3332 3759 3502 3813 bene-

1913 3860 2102 3915 ficium
2139 3858 2196 3912 in
2231 3867 2284 3913 te
2316 3856 2578 3912 collatum
2622 3855 2904 3911 Christum
2940 3868 3119 3908 meum
3152 3850 3504 3906 criminaris?

1912 3950 2227 4006 lncarnatio
2253 3951 2401 4005 enim
2432 3947 2982 4027 ipsiuskbeneficium
3019 3953 3264 3998 nostrum
3297 3942 3498 3995 factum
3544 3990 3547 3991 ,

1912 4052 2019 4099 est.
2050 4043 2119 4095 At
2144 4041 2270 4110 ipsi,
2298 4041 2352 4094 in
2382 4038 2685 4108 Seripturis
2717 4037 3078 4097 invenientes,
3107 4032 3252 4103 quod
3284 4040 3499 4086 creatus

1911 4136 2100 4201 fuerit,
2149 4136 2303 4203 juxta
2360 4132 2515 4196 illud,
2568 4128 2830 4182 Dominus
2889 4125 3082 4180 creavit
3136 4141 3217 4179 me
3249 4126 3291 4190 ⁸,
3344 4125 3497 4190 item,

1912 4227 2059 4298 quod
2098 4238 2293 4282 servus
2340 4232 2567 4278 vocatus
2616 4222 2691 4277 sit
2727 4221 2769 4285 ⁷.
2812 4219 2948 4274 bene
2997 4218 3244 4273 serviens
3285 4217 3496 4276 multis.

1913 4324 2222 4385 ceteraque
2255 4313 2310 4367 id
2348 4326 2540 4382 genus,
2582 4325 2704 4381 quae
2732 4310 2799 4365 de
2831 4309 3174 4363 humanitate
3211 4308 3493 4371 dicuntur,

1913 4423 2088 4477 eaque
2134 4407 2201 4461 ad
2236 4405 2517 4475 Unigeniti
2570 4402 2912 4457 divinitatem
2965 4399 3287 4459 referentes,
3339 4392 3525 4468 ign0-'

1914 4499 2084 4555 minia
2129 4510 2255 4553 eum
2302 4496 2589 4559 notabant,
2631 4509 2661 4549 a
2697 4491 2880 4547 Patris
2926 4501 3124 4545 natura
3159 4499 3497 4558 separantes,

1912 4603 2081 4665 atque
2116 4591 2170 4646 in
2205 4598 2582 4645 creaturarum
2625 4587 2873 4640 ordinem
2915 4583 3226 4650 redigentes
3264 4598 3278 4633 :
3311 4579 3500 4646 sicque

1913 4684 2235 4743 beneficium
2268 4684 2321 4736 in
2351 4682 2557 4737 crimen
2588 4678 3001 4734 convertebant.
3037 4674 3275 4730 lioccine
3308 4674 3496 4743 igitur,

1915 4778 2123 4848 inquit,
2177 4774 2289 4830 Deo
2335 4772 2741 4829 extenuationis
2797 4783 2963 4824 causa
3015 4766 3251 4834 obiicis?
3296 4766 3495 4819 Postea

1913 4869 2240 4926 beneﬁcium
2276 4866 2331 4920 in
2366 4864 2580 4934 species
2633 4876 2761 4916 suas
2814 4859 3027 4926 dividit,
3060 4868 3225 4927 atque
3277 4855 3495 4909 ittteritn

1915 4962 2280 5032 evangelicum
2330 4959 2479 5012 illam
2534 4966 2753 5009 centum
2807 4954 2988 5007 oviutn
3041 4950 3354 5019 parabolam
3395 4962 3495 5000 cx-

1915 5053 2093 5124 ponit.
2141 5052 2219 5105 Ac
2269 5064 2366 5120 per
2416 5061 2571 5101 ovem
2622 5044 2881 5114 quidem,
2931 5055 3052 5110 qua:
3100 5055 3132 5093 a
3182 5038 3500 5092 centenario

1916 5159 2079 5215 grege
2130 5142 2426 5199 abscessit.
2478 5145 2534 5192 et
2583 5133 2890 5197 aberravit,
2943 5139 3196 5184 naturam
3253 5135 3493 5181 nostram

1915 5232 2170 5302 intelligit
2212 5248 2228 5285 :
2272 5245 2367 5299 per
2405 5237 2675 5298 pastorem
2722 5232 2926 5288 autem,
2966 5222 3143 5291 ipsum
3178 5217 3495 5284 Christum;

1916 5326 1997 5380 sic
2020 5324 2166 5378 enim
2194 5338 2252 5376 se
2280 5322 2393 5390 ipse
2421 5319 2668 5372 nominat
2693 5333 2708 5371 :
2750 5314 2860 5385 Ego
2887 5330 3004 5368 sum
3034 5312 3231 5366 Pastor
3258 5310 3423 5363 bonus
3450 5308 3492 5361 ³.

1917 5415 1967 5469 ls
2009 5414 2078 5469 ad
2126 5426 2248 5476 nos,
2300 5411 2403 5463 hoc
2448 5416 2531 5463 est
2580 5408 2646 5461 ad
2695 5406 3042 5461 oberrantcm
3094 5416 3275 5464 ovem,
3324 5399 3494 5461 venit,

3273 5576 3294 5609 ⁸
3325 5574 3488 5631 Prov.

2090 5590 2112 5622 ⁸
2145 5589 2162 5644 1
2193 5589 2321 5647 Cor.
2363 5604 2400 5652 t,
2431 5587 2520 5643 9.4.
2629 5587 2650 5618 '
2688 5583 2846 5642 Joan.
2903 5597 3021 5648 Vill,
3070 5577 3161 5635 44.
