4050 6198
583 303 724 368 1403

2011 301 2388 362 ADDENDA.

3702 294 3731 356 1
3744 296 3855 357 4ῢὶ

581 423 744 481 atque
777 426 830 464 ιιι
870 409 1155 465 montibus
1205 418 1260 465 et
1311 410 1542 467 collibus
1577 411 1806 477 invenit,
1858 412 1910 466 iu
1958 414 2162 482 quibus
2191 418 2236 472 Α
2267 422 2380 465 tum
2424 408 2589 465 etiam
2635 417 2696 464 ut
2737 421 3100 477 comparans,
3147 405 3200 460 id
3247 415 3367 467 est,
3402 408 3756 470 concilians,
3798 425 3863 463 ac

583 502 1049 563 sacriﬁcabamus,
1095 501 1252 568 juxta
1304 499 1499 555 Oscam
1548 502 1570 534 ’
1600 512 1655 557 et
1689 503 1884 557 Isaiam
1919 505 1984 557 ⁸ο.
2027 503 2160 558 Nam

583 593 724 661 apud
781 592 1048 653 idolorum
1106 593 1344 648 cultores
1398 594 1450 647 itt
1512 609 1664 648 more
1717 595 1952 664 positum
2007 605 2165 661 erat,

584 684 850 739 sacriﬁcia
883 684 936 738 in
968 685 1274 748 montibus.
1303 686 1692 756 umbrosisque
1719 689 2011 744 arboribus
2039 705 2168 743 con-

585 779 767 831 ticere.
803 776 1083 830 Inventam
1120 777 1290 846 igitur
1323 779 1596 846 palantem
1631 789 1875 835 nostram
1915 791 2167 835 naturam

586 870 812 923 minime
845 869 1102 937 neglexit,
1139 869 1233 924 sed
1270 871 1572 940 perinsigni
1609 870 1816 924 honore
1849 873 2170 940 complexus

584 969 688 1013 est.
724 960 925 1013 Iisdem
980 961 1124 1012 enim
1161 959 1405 1014 humeris
1441 975 1560 1015 eam
1595 962 1855 1030 suscepit,
1889 963 2089 1030 quibus
2118 973 2171 1017 et

585 1053 770 1106 crucis
805 1053 1013 1121 lignum
1065 1053 1210 1106 tulit.
1252 1052 1508 1121 Bajulans
1547 1054 1689 1107 enim
1742 1067 1960 1106 crucem
2015 1069 2166 1106 suam

588 1157 848 1210 egressus
879 1153 962 1197 est
994 1144 1057 1206 “,
1088 1144 1409 1213 priusquam
1441 1144 1506 1196 ad
1540 1158 1658 1197 eam
1690 1145 2006 1214 gestandum
2040 1145 2173 1197 ada-

590 1242 712 1287 ctus
761 1231 955 1286 fuisset
1001 1231 1217 1299 Simon,
1269 1232 1729 1300 quemadmodum
1784 1245 1837 1286 et
1887 1231 2054 1287 Isaias
2109 1235 2176 1286 de

593 1327 710 1394 ipso
750 1325 1078 1378 vaticinatus
1126 1324 1308 1378 fuerat
1357 1326 1546 1379 dicens
1589 1342 1603 1378 :
1643 1324 1808 1393 Cujus
1845 1325 2175 1393 principatus

593 1432 750 1482 super
787 1418 1058 1469 humerum
1105 1432 1218 1482 eius
1247 1416 1309 1470 “.
1349 1416 1637 1484 Acceptam
1691 1424 1872 1470 autem
1931 1426 2174 1469 nostram

597 1516 846 1560 naturam
877 1508 942 1560 ad
985 1523 1278 1576 supernam
1311 1507 1482 1560 vitam
1505 1546 1518 1570 ,
1563 1523 1593 1560 a
1626 1522 1733 1576 qua
1767 1506 2173 1571 excidet-amns,

597 1591 831 1665 reduxit,
892 1608 1056 1667 atque
1111 1598 1317 1666 angelis
1375 1600 1722 1669 aggregavit,
1771 1581 1869 1668 qui
1927 1599 1979 1652 in
2034 1599 2178 1652 bono

596 1699 911 1744 constantes
939 1699 1180 1743 manent.
1216 1686 1289 1741 illi
1321 1689 1465 1742 enim
1513 1705 1610 1758 per
1642 1691 1936 1758 nonaginta
1985 1706 2176 1745 novem

2267 503 2604 570 desponsans
2661 498 2890 554 Domino
2941 496 3163 552 Christo
3231 498 3490 567 populum
3540 500 3858 563 eximium,

2271 594 2373 645 hoc
2401 603 2487 646 est
2531 592 2811 660 copiosum
2855 598 2911 644 et
2951 590 3332 648 excellentem.
3383 600 3550 659 atque
3595 591 3866 646 omnibus

2271 685 2396 738 aliis
2427 684 2601 752 ipsius
2632 683 2956 736 substantiis
2979 682 3362 750 creaturisqne
3393 684 3868 751 prmstantinrcm.

2271 776 2524 832 Christus
2556 776 2700 830 enim
2741 775 2997 830 Ecclesiae
3028 790 3265 844 sponsus
3291 784 3394 837 est,
3433 791 3532 843 per
3559 775 3726 828 tidem
3763 777 3870 843 ipsi

2271 870 2565 937 adjuncta).
2599 868 2695 922 Sic
2723 869 2866 922 enim
2895 867 3133 922 Joannes
3162 867 3403 936 Baptista
3433 867 3681 936 loquitur
3713 886 3730 920 :
3767 868 3873 932 Qui

2273 959 2419 1013 habet
2460 976 2707 1028 sponsam
2755 975 2976 1025 sponsus
3025 969 3099 1012 est
3135 973 3153 1012 :
3191 959 3392 1012 amicus
3440 970 3622 1013 autem
3658 962 3874 1027 sponsi,

2277 1052 2366 1120 qui
2409 1061 2550 1111 stat,
2597 1061 2646 1103 et
2695 1051 2846 1105 audit
2891 1064 3044 1113 eum,
3095 1047 3352 1117 gaudium
3402 1051 3597 1117 gaudet
3651 1060 3874 1117 propter

2275 1157 2447 1196 vocem
2500 1142 2681 1210 sponsi
2728 1142 2791 1195 ¹¹¹.
2848 1141 3099 1194 Amicum
3153 1151 3332 1194 autem
3403 1143 3657 1209 scipsum
3712 1153 3878 1196 vocat

2277 1248 2605 1302 przrcursor.
2659 1231 2775 1284 Jam
2834 1247 2964 1285 vero
3027 1231 3092 1282 ad
3151 1231 3530 1299 accipiendum
3594 1232 3879 1302 Spiritum

2278 1323 2534 1376 homines
2585 1337 2681 1388 per
2727 1337 2924 1391 aquam
2981 1322 3358 1390 prmpurgabat
3401 1321 3650 1376 Joannes
3704 1343 3719 1376 :
3772 1324 3879 1392 Ego

2275 1414 2445 1474 enim,
2479 1414 2674 1482 inquit,
2709 1414 2912 1481 baptizo
2947 1429 3032 1467 vos
3073 1415 3126 1466 in
3163 1429 3302 1481 aqua
3352 1429 3370 1467 :
3405 1415 3518 1481 ipse
3559 1425 3755 1467 autem
3790 1419 3882 1468 lla-

2278 1504 2499 1572 ptizabit
2527 1521 2616 1559 vos
2643 1506 2696 1557 in
2727 1503 2933 1570 Spiritu
2964 1514 3146 1558 sancto
3175 1506 3238 1556 ’³.
3269 1505 3655 1575 Pra'pnrgator
3690 1509 3883 1576 itaque

2279 1592 2507 1672 .loannis
2539 1593 2844 1662 baptismus
2881 1601 3017 1656 erat,
3050 1592 3117 1646 ad
3150 1592 3488 1660 spiritualem
3532 1592 3755 1647 Christi
3795 1596 3886 1646 ba-

2284 1686 2538 1754 ptismum
2579 1689 2807 1751 ducens,
2858 1687 2956 1755 qui
2999 1697 3052 1740 et
3102 1684 3392 1754 purgandi,
3443 1693 3497 1737 ct
3548 1686 3884 1752 perﬁciendi

595 1795 726 1836 oves
772 1780 1149 1849 desugnantur,
1188 1780 1388 1847 quibus
1442 1781 1646 1834 relictis
1697 1793 1880 1851 pastor
1912 1784 1978 1835 ad
2015 1797 2176 1834 unam
2211 1758 2252 1812 Β
2281 1780 2388 1833 vim
2433 1779 2614 1834 habet.

595 1882 872 1927 errantem
906 1872 1090 1930 venit.»
1106 1879 1167 1926 ut
1194 1887 1316 1926 eam
1351 1871 1642 1937 inveniret,
1673 1887 1735 1928 ac
1763 1888 1886 1927 cum
1922 1873 2028 1937 his,
2061 1889 2182 1942 quae

596 1978 627 2017 a
669 1977 828 2033 grege
878 1977 986 2018 non
1037 1963 1335 2027 aberrant,
1385 1963 1738 2032 conjungeret
1767 2003 1781 2027 ,
1832 1968 1976 2033 quod
2013 1949 2179 2020 etiam

599 2055 752 2109 fecit.

666 2145 787 2201 Col.
837 2146 942 2201 659
997 2147 1061 2200 A.
1118 2146 1256 2210 Quia
1309 2147 1602 2209 lucernam,
1661 2148 1759 2200 hoc
1813 2157 1912 2210 est,
1969 2165 2184 2203 carnem

597 2233 780 2308 suam,
801 2253 905 2297 etc.
934 2243 1166 2297 Centum
1195 2245 1380 2298 ovium
1413 2244 1730 2313 parabolam
1765 2242 2010 2312 proxime
2039 2241 2184 2308 apud

605 2333 806 2387 Lucam
860 2337 1105 2402 sequitur
1157 2335 1432 2390 drachma:
1485 2336 1765 2404 parab’ola.
1821 2333 1944 2388 ιιευο
1996 2344 2180 2387 autem

605 2424 774 2493 ipsius
806 2426 968 2479 verba
999 2435 1126 2480 sunt
1156 2443 1171 2481 :
1203 2426 1262 2481 Si
1287 2445 1392 2492 qua
1431 2429 1624 2481 mulier
1663 2429 1864 2482 habens
1904 2429 2186 2482 drachmas

601 2517 803 2578 decem,
838 2532 994 2570 unam
1039 2519 1350 2572 drachmam
1390 2521 1702 2588 perdiderit,
1743 2537 1913 2574 nonne
1947 2521 2185 2576 accendit

603 2607 894 2673 lucernam,
927 2619 976 2663 et
1026 2613 1206 2665 evertit
1264 2613 1508 2678 domum,
1563 2623 1612 2666 et
1661 2615 1846 2682 quwrit
1884 2613 2184 2682 diligenter,

608 2699 772 2752 donec
801 2700 1056 2753 invenerit
1103 2702 1411 2756 drachmam
1447 2720 1603 2770 quam
1641 2704 1945 2773 perdiderat
1973 2703 2056 2756 “2’
2090 2703 2188 2757 llic

603 2791 772 2857 igitur
809 2794 1026 2857 mulier,
1065 2794 1146 2847 vel
1183 2795 1304 2862 ejus
1357 2796 1542 2862 potius
1575 2796 1697 2849 loco
1742 2796 1996 2849 Christus
2045 2805 2130 2848 est
2168 2812 2183 2845 :

601 2871 851 2943 lucerna,
879 2885 1053 2951 ipsius
1083 2901 1234 2950 caro,
1264 2903 1418 2954 pura,
1448 2887 1696 2955 inquam,
1727 2886 1818 2939 illa
1845 2897 1898 2940 et
1919 2902 1948 2940 a
1978 2887 2184 2954 peccati

606 2973 863 3028 sordibus
917 2975 1128 3038 libera,
1194 2977 1606 3044 divinitatisque
1668 2979 1872 3032 lumine
1922 2979 2185 3032 mundum

607 3064 964 3129 collustrans,
1001 3080 1236 3134 eumque
1267 3083 1299 3120 a
1334 3069 1536 3136 peccati
1586 3069 1825 3124 tenebris
1866 3085 2186 3138 repurgans,

607 3168 716 3209 non
763 3169 924 3210 secus
959 3171 1021 3210 ac
1061 3158 1279 3211 domum
1321 3159 1614 3227 quamdam
1667 3160 1868 3214 multas
1918 3160 2108 3216 sordes
2140 3171 2195 3216 et

609 3246 936 3315 quisquilias
983 3247 1293 3302 habentem.
1342 3249 1612 3303 Dracbma
1655 3260 1860 3314 autem,
1896 3253 2100 3317 anima,
2135 3262 2195 3308 ut

608 3339 756 3406 regia
783 3338 1021 3408 imagine
1049 3339 1285 3408 signata,
1309 3357 1432 3410 quae
1467 3341 1690 3404 quidem
1721 3341 1880 3398 {mdis
1908 3343 2194 3401 aﬂectibus

611 3431 808 3485 obruta
857 3440 912 3486 et
958 3431 1178 3487 defossa
1231 3441 1368 3501 erat,
1419 3446 1607 3502 postea
1662 3445 1844 3489 autem
1894 3451 1925 3490 a
1975 3437 2194 3492 Christo

612 3533 890 3590 quaarente
935 3525 1176 3578 inventa.
1227 3526 1408 3594 Atque
1455 3526 1741 3580 hominum
1791 3527 1958 3580 simul
2001 3537 2056 3581 et
2105 3527 2192 3582 Dei

610 3626 861 3670 amantes
907 3614 1104 3686 angeli,
1142 3615 1218 3670 ob
1252 3615 1374 3685 ejus
1410 3616 1781 3671 inventionem
1828 3633 1892 3673 ac
1936 3618 2194 3684 salutem,

613 3706 800 3760 laetitia
836 3705 1246 3762 didunduutur:
1293 3707 1495 3775 quibus
1528 3708 1692 3762 etiam
1716 3709 1908 3776 primis
1943 3709 2197 3764 incarna-

616 3799 780 3860 tionis
815 3798 1137 3867 mysterium
1187 3799 1448 3852 traditum
1503 3807 1609 3862 est,
1658 3815 1724 3856 ac
1771 3816 1870 3856 nos
1901 3801 2097 3856 deinde
2128 3804 2196 3858 ab

616 3893 683 3946 iis
709 3889 954 3958 ejusdem
989 3891 1302 3960 cognitione
1334 3891 1531 3947 imbuti
1564 3908 1781 3948 sumus.

675 3983 808 4039 Ibid.
827 3982 965 4049 Quia
980 3985 1249 4038 lucernam
1265 3986 1623 4053 prwviamlux
1637 3985 1734 4040 illa
1749 3986 2072 4052 clarissima,
2087 3996 2194 4042 etc.

615 4075 879 4138 Praevius,
909 4075 1025 4131 sive
1059 4092 1390 4146 praecursor,
1421 4088 1540 4134 erat
1571 4077 1811 4134 Joannes
1844 4078 2107 4148 Baptista,
2141 4088 2200 4135 ut

613 4185 682 4229 ex
735 4171 907 4238 patris
946 4170 1121 4239 ipsius
1173 4171 1456 4240 prophetia
1507 4181 1657 4242 patet
1695 4189 1708 4224 :
1749 4169 1974 4227 Prteibit
2027 4175 2196 4242 enim,

613 4264 813 4331 inquit,
863 4273 983 4315 ante
1029 4263 1218 4331 [aciem
1267 4264 1482 4317 Domini
1526 4264 1592 4319 “.
1639 4263 1887 4318 Lucerna
1936 4272 2120 4319 autem
2165 4280 2198 4320 a

617 4351 848 4405 Domino
883 4351 1002 4421 ipso
1050 4353 1352 4421 appellatus
1389 4361 1497 4417 est,
1547 4354 1632 4408 his
1682 4356 1863 4410 verbis
1897 4373 1912 4409 :
1950 4352 2052 4408 llle
2086 4365 2198 4410 erat

2352 1871 2488 1924 Ibid.
2537 1870 2596 1925 Β.
2644 1870 2888 1924 ΙΙιεεσίηθ
2923 1868 3031 1922 Deo
3069 1868 3256 1937 objicis
3299 1880 3456 1938 atque
3492 1869 3734 1929 idcirco,
3777 1878 3886 1921 etc.

2283 1965 2459 2032 Supra
2490 1978 2717 2016 numero
2752 1962 3015 2032 singulari
3046 1962 3282 2029 dicebat,
3315 1963 3444 2015 Idne
3466 1960 3678 2029 objicis
3719 1960 3882 2015 Deo?

2280 2057 2348 2111 de
2405 2056 2667 2111 beneficio
2719 2057 2984 2126 loquens;
3046 2056 3155 2110 illic
3219 2056 3364 2108 enim
3421 2054 3711 2123 generalis
3772 2064 3888 2106 erat

2284 2150 2485 2204 oratio.
2525 2148 2680 2203 Nunc
2721 2149 2849 2202 illud
2885 2149 2938 2202 in
2979 2151 3162 2218 plures
3207 2149 3418 2217 species
3458 2148 3751 2210 dividens,
3788 2148 3882 2211 ait,

2284 2231 2534 2296 lIieccine
2572 2242 2766 2311 objicis
2792 2240 2924 2307 Deo,
2956 2251 3120 2311 atque
3151 2241 3355 2297 idcirco
3383 2256 3508 2294 cum
3538 2239 3713 2294 Patre
3746 2241 3884 2293 infe-

2282 2337 2483 2390 riorem
2530 2351 2594 2389 ac
2639 2334 2908 2388 minorem
2941 2335 3246 2397 existimas,
3293 2335 3422 2404 quia
3467 2334 3878 2403 discipulorum

2287 2425 2452 2495 pedes
2488 2424 2686 2489 abluit,
2718 2433 2776 2477 ut
2809 2435 2862 2478 ιιι
2901 2439 2995 2493 per
3030 2424 3390 2477 humilitatem
3427 2424 3622 2478 extolli
3663 2423 3880 2476 discas?

2288 2514 2391 2581 Qui
2434 2515 2603 2578 enim,
2651 2515 2848 2584 inquit,
2898 2516 3133 2568 omnium
3187 2515 3390 2582 primus
3435 2531 3550 2568 esse
3602 2519 3783 2582 cupit,
3823 2516 3882 2565 sit

2286 2608 2516 2662 omnium
2551 2608 2860 2660 novissimus
2887 2607 2966 2671 ⁸ος
3003 2616 3055 2661 et
3096 2623 3109 2659 :
3155 2607 3259 2673 Qui
3278 2623 3332 2660 se
3359 2606 3635 2670 humi/int,
3667 2606 3882 2658 exalta-

2287 2699 2427 2752 bitur
2457 2699 2638 2753 “.-De
2669 2699 2925 2752 inclinata
2975 2709 3157 2752 autem
3208 2699 3435 2754 muliere
3484 2701 3635 2768 apud
3674 2699 3883 2754 Lucam

2287 2789 2554 2859 scriptum
2603 2799 2726 2856 cst,
2780 2791 2926 2858 quod
2975 2791 3231 2847 Christus
3280 2791 3567 2846 mulierem
3622 2794 3888 2862 spiritum

2289 2881 2623 2936 inﬁrmitatis
2666 2881 2988 2946 habentem,
3037 2897 3103 2938 ac
3132 2883 3382 2937 deorsum
3431 2893 3799 2938 contractam
3844 2892 3890 2938 et

2288 2974 2631 3038 inclinatam,
2678 2988 2780 3028 nec
2827 2983 2991 3042 caput
3038 2974 3248 3042 erigere
3296 2976 3583 3033 valentem.
3640 2991 3887 3029 curare-

2218 3101 2260 3160 C
2294 3066 2364 3120 rit
2392 3068 2458 3121 “.
2490 3065 2642 3121 lianc
2687 3067 2971 3120 mulierem
3014 3065 3326 3137 Theologus
3367 3067 3672 3134 allegorice
3723 3085 3886 3124 sensu

2296 3156 2596 3213 humanam
2628 3158 2868 3213 animam
2899 3173 3022 3213 esse
3049 3159 3198 3221 dicit,
3233 3174 3344 3228 prae
3370 3159 3645 3228 gravitate
3677 3162 3888 3228 peccati

2295 3249 2554 3306 deorsum
2607 3257 2913 3316 urgentem,
2961 3265 3025 3304 ac
3072 3251 3407 3318 depressam.
3443 3249 3592 3316 Quin
3645 3262 3707 3305 tu
3763 3253 3887 3307 illud

2293 3357 2533 3412 quoque,
2579 3341 2780 3411 inquit,
2813 3341 3188 3409 reprehendis,
3223 3341 3702 3410 quemadmodum
3752 3343 3887 3396 I‘ba-

2295 3437 2480 3501 risari,
2532 3435 2677 3503 quod
2730 3433 3074 3488 convictores
3133 3432 3333 3488 habere
3390 3423 3727 3501 publicanos
3788 3449 3886 3487 non

2297 3538 2559 3590 recusat,
2610 3526 2757 3597 quod
2812 3526 2956 3596 apud
3015 3524 3336 3595 publicanos
3393 3527 3743 3589 diversatur,
3795 3541 3884 3579 nec

2296 3634 2488 3673 eorum
2530 3616 2906 3686 exceptionem
2942 3629 3301 3685 mensamque
3338 3613 3576 3676 fastidit,
3621 3617 3780 3684 quod
3813 3615 3883 3667 in-

2298 3725 2464 3778 super
2507 3709 2578 3763 ab
2619 3705 3014 3776 exigendorum
3046 3704 3394 3776 vectigalium
3441 3720 3684 3760 munere
3715 3706 3786 3760 ad
3813 3709 3881 3760 ιίι-

2298 3799 2626 3870 scipulatum
2663 3797 2931 3868 quosdam
2987 3797 3244 3862 traducit,
3289 3795 3456 3852 veluti
3509 3793 3881 3849 Matthaeum:

2302 3903 2382 3956 ut,
2415 3893 2678 3962 quoniam
2709 3891 2846 3946 lucri
2875 3889 3108 3946 studiosi
3140 3899 3269 3945 sunt
3300 3889 3603 3960 publicani,
3638 3887 3880 3943 Salvator

2299 4000 2519 4056 quoque
2567 3983 2684 4052 ipse
2730 3983 2962 4038 salutem
3015 3998 3210 4038 eorum
3244 3982 3424 4037 obiter
3468 3981 3784 4045 elucretur,
3823 3981 3881 4034 ab

2298 4079 2420 4148 ejus
2473 4077 2726 4132 videlicet
2793 4075 3043 4132 doctrina
3112 4077 3400 4130 utilitatem
3468 4074 3815 4144 capientium
3867 4091 3879 4127 :

2299 4168 2761 4240 quemadmodum
2796 4177 2852 4223 et
2891 4169 3138 4224 medicus
3189 4169 3257 4222 ad
3309 4167 3529 4223 lmtidos
3567 4169 3804 4222 morbos

2299 4260 2558 4326 demittit,
2594 4259 2872 4330 nullisque
2908 4260 3024 4330 ipse
3064 4259 3370 4320 doloribus,
3403 4257 3499 4328 qui
3551 4259 3880 4313 medicinam

2300 4361 2617 4422 exposcam,
2649 4351 2879 4407 allectus
2916 4349 3135 4421 aegrotis
3173 4351 3467 4404 sanitatem
3504 4347 3694 4413 adert,
3732 4359 3888 4417 atque

616 4446 831 4497 lucerna
863 4444 1057 4498 ardens
1093 4445 1156 4497 ".
1191 4442 1498 4502 Lucernam
1545 4460 1710 4514 porro
1745 4445 1924 4516 ipsum
1961 4421 2208 4514 vocavit:
2233 4445 2272 4498 D
2302 4421 2391 4497 ille
2434 4442 2623 4509 etiam,
2674 4441 2768 4512 qui
2801 4442 2958 4512 juxta
2991 4440 3127 4510 legis
3177 4450 3512 4509 praeceptum
3564 4437 3623 4491 in
3680 4438 3887 4492 fovea

617 4544 678 4595 ut
705 4534 969 4589 doctrinae
999 4534 1179 4588 lumen
1219 4549 1249 4588 a
1284 4549 1343 4588 se
1383 4549 1490 4588 non
1533 4534 1846 4599 habentem,
1879 4536 1973 4591 sed
2010 4551 2040 4589 a
2073 4533 2198 4605 Spi-

619 4626 758 4684 t'itus
787 4627 964 4680 sancti
991 4626 1186 4696 gratia,
1212 4636 1267 4680 et
1292 4628 1422 4696 quia
1457 4625 1776 4696 praefulgido
1804 4628 1950 4683 Solis
1973 4627 2201 4695 justitia:

618 4719 826 4778 lumine
851 4719 1230 4772 obscurandus
1268 4729 1406 4772 erat.
1448 4716 1564 4772 Vos
1608 4735 1800 4774 rursus
1829 4719 2056 4784 dicitur,
2091 4735 2199 4774 ιιοιι

618 4810 782 4878 tnodp
832 4820 1054 4879 propter
1103 4809 1467 4864 exaudibilcm
1524 4809 1696 4879 ipsius
1753 4811 2196 4878 praedicationem

619 4904 763 4972 (ipse
811 4903 956 4957 enim
1004 4913 1110 4965 est,
1151 4902 1306 4971 juxta
1358 4901 1508 4956 Isaiae
1550 4901 1892 4970 vaticinium,
1933 4901 2046 4957 Vox
2083 4902 2200 4957 cla-

617 4996 815 5052 mantis
855 4996 910 5048 in
946 4996 1154 5050 deserto
1188 4995 1288 5062 “);
1327 5011 1515 5050 verum
1547 4995 1710 5050 etiam
1743 5004 1800 5050 ut
1827 4995 2047 5052 Christo
2076 4993 2200 5048 Sal-

621 5096 830 5152 vatore,
855 5099 1122 5156 quantum
1153 5087 1221 5140 ad
1253 5088 1674 5155 humanitatem,
1703 5088 1875 5157 prior,
1909 5103 2013 5142 non
2041 5101 2203 5143 secus

621 5192 689 5230 ac
715 5193 815 5232 vox
848 5191 1152 5233 sermonem
1185 5179 1479 5234 antecedit.
1510 5178 1805 5234 Pronubus
1832 5189 2013 5234 autem
2042 5194 2207 5238 voca-

621 5278 730 5332 tur,
767 5277 826 5322 nt
879 5269 1099 5324 Christo
1132 5271 1199 5324 ad
1252 5286 1537 5340 sponsam,
1589 5272 1694 5326 hoc
1743 5282 1828 5328 est
1877 5273 2203 5338 Ecclesiam,

623 5361 760 5414 viam
777 5370 1028 5418 sternens
1051 5363 1276 5434 (Parata
1297 5365 1466 5430 enim,
1490 5365 1686 5436 inquit,
1705 5368 1844 5420 viam
1871 5366 2084 5422 Domini
2110 5368 2206 5440 ν’),

696 5566 719 5599 ⁵
748 5565 874 5620 Ose.
911 5581 984 5631 tv,
1015 5567 1101 5620 15.
1217 5566 1260 5597 ὀ
1291 5567 1396 5623 Isa.
1429 5581 1552 5629 va,
1584 5565 1676 5620 25.

698 5637 742 5669 ¹⁵
767 5636 924 5689 Joan.
957 5652 1009 5700 v,
1049 5637 1140 5690 55.
1219 5637 1386 5690 “Isa.
1423 5652 1512 5701 ιιι,
1577 5639 1649 5698 8,-
1711 5635 1900 5689 Matth.
1933 5652 2011 5701 III,
2044 5637 2098 5691 5.

699 5707 957 5764 “Matth.
992 5722 1085 5768 si,
1115 5706 1216 5773 27;
1273 5722 1429 5773 χχιιι,
1460 5707 1559 5771 Il;
1601 5705 1758 5762 Joan.
1803 5723 1924 5772 χιιι,
1968 5707 2052 5762 I6.

1791 5564 1832 5597 “
1867 5564 2024 5619 Joan.
2059 5581 2174 5624 χιχ.
2211 5566 2297 5620 I7.

1791 5639 1900 5688 itth.
1933 5652 2011 5688 ιιι.
2044 5637 2098 5688 5.
2176 5635 2217 5667 ⁸⁷
2243 5635 2349 5688 ibid

2161 5708 2204 5740 ³¹
2240 5705 2430 5764 Matth.
2466 5719 2620 5768 χχιιι,
2656 5703 2740 5758 Il.

2300 4534 2596 4597 incumbit,
2644 4534 2970 4603 lapsumque
3019 4530 3245 4594 animal,
3297 4544 3653 4599 nequaquam
3708 4531 3893 4598 lapsus

2299 4627 2440 4698 ipse,
2471 4625 2733 4680 extrahit.
2763 4625 2921 4690 Quod
2965 4624 3014 4679 si
3063 4623 3137 4677 illi
3175 4622 3464 4676 miriﬁcam
3501 4621 3637 4676 hinc
3675 4623 3890 4677 Iaudem

2297 4725 2734 4786 consequuntur,
2789 4715 2922 4784 quid
2983 4716 3202 4768 tandem
3264 4713 3445 4768 alieni
3497 4723 3712 4783 potest,
3761 4716 3890 4785 quin

2303 4810 2480 4864 multo
2510 4808 2771 4878 majorem
2804 4807 2964 4862 nobis
2989 4806 3413 4861 admirationem
3444 4807 3727 4863 Dominus
3753 4809 3892 4863 esci-

2306 4910 2424 4956 tare
2469 4901 2683 4964 debeat,
2733 4899 2829 4968 qui
2894 4898 3093 4954 [tedam
3162 4908 3409 4954 nostram
3474 4900 3890 4969 corruptionem

2305 4992 2589 5058 sustinuit,
2614 5001 2775 5061 atque
2795 4991 2864 5044 ad
2889 4990 3136 5045 intimum
3163 4991 3342 5058 ipsum
3371 4990 3551 5045 lacum
3577 4990 3890 5052 descendit,

2304 5095 2360 5139 ιιι
2387 5083 2662 5139 hominem
2687 5081 2980 5137 aﬂ‘ectuum
3023 5082 3298 5138 ulceribus
3329 5090 3638 5138 scatentem
3678 5084 3894 5140 incola-

2302 5176 2479 5232 mitati
2514 5177 2784 5239 redderet,
2817 5190 3154 5245 sursumque
3191 5176 3552 5245 pertraheret,
3598 5177 3706 5246 qui
3754 5188 3894 5231 tanta

2304 5271 2616 5326 calamitate
2663 5285 2962 5340 oppressus
3009 5278 3148 5334 erat,
3196 5279 3256 5323 ut
3297 5283 3516 5324 sensum
3561 5284 3800 5324 omnem
3839 5286 3894 5322 ac

2305 5366 2572 5421 rationem
2607 5363 2832 5436 pecudis
2867 5362 3042 5417 instar
3071 5362 3366 5430 amisisset,
3393 5364 3526 5416 adeo
3557 5373 3620 5416 ut
3652 5379 3770 5418 nec
3800 5366 3895 5418 sibi

2411 5564 2454 5595 ¹¹
2483 5563 2588 5617 Isa.
2624 5575 2702 5626 ιι,
2744 5561 2797 5616 6.
2915 5561 2956 5592 ⁸³
2991 5560 3123 5613 Luc.
3162 5575 3253 5624 xv,
3284 5559 3338 5614 8.
3458 5560 3498 5591 “
3531 5559 3672 5617 Luc.
3729 5579 3770 5626 ι,
3811 5566 3894 5622 76.

2453 5634 2496 5664 ⁸⁸
2519 5632 2678 5686 Joan.
2717 5645 2797 5698 ιιι,
2823 5631 2913 5685 ‘29.
2993 5632 3036 5662 ¹⁹
3061 5629 3252 5684 Matth.
3296 5645 3378 5694 ut,
3409 5631 3495 5698 ll;
3528 5629 3703 5688 Juan.
3745 5651 3784 5700 I,
3808 5639 3893 5689 26.

2847 5704 2891 5732 ²²
2936 5701 3072 5757 Luc.
3106 5717 3224 5766 xui,
3257 5701 3345 5756 II.
