4050 6198
299 301 438 366 1405

1211 301 1533 362 NICETAS
1572 301 1654 362 IN
1698 302 1922 363 ORAT.
1967 302 2142 363 XLII
2183 303 2246 363 S.
2286 302 2522 363 GBEG.

3413 304 3551 363 MOE

296 411 396 480 ipsi
455 409 713 465 auxilium
767 406 928 472 ferre.
965 421 1081 463 nec
1129 409 1326 464 medici
1362 425 1519 479 opem
1573 411 1866 478 implorare
1895 413 1939 470 Δ
1970 414 2060 467 nia
2107 412 2197 467 illa
2248 413 2640 483 producamus,
2694 427 2747 465 in
2792 409 3016 482 quibus,
3049 411 3245 480 partim
3280 425 3308 464 a
3352 408 3535 472 Patre,

295 512 496 572 posset,
543 503 639 556 sed
688 501 942 556 rationali
995 501 1259 570 quodam,
1312 501 1419 556 hoc
1466 511 1572 564 est,
1622 501 1866 565 Christo,

291 612 432 664 opus
463 596 710 657 haberet,
758 594 851 662 qui
894 607 995 663 pro
1025 608 1125 649 suo
1167 609 1298 662 erga
1345 609 1516 663 genus
1565 595 1864 648 humanum

293 701 477 742 amore
506 694 561 740 et
593 686 969 740 misericordia
1003 693 1200 754 suopte
1235 693 1370 738 nutu
1406 685 1794 754 impelleretur.

358 780 477 833 Col.
509 778 612 834 659
645 778 706 832 C.
768 776 970 831 Missus
995 778 1204 847 quidem
1259 788 1361 841 est,
1418 793 1600 832 verum
1655 787 1710 831 ut
1769 785 1868 831 ho-

286 886 393 934 mo,
434 878 539 922 etc.
599 867 870 932 Hmretici,
907 867 1184 922 Christum
1233 868 1540 931 audientes,
1573 869 1866 932 dicentem,

293 961 456 1014 Pater
493 961 640 1013 misit
671 977 754 1014 me
781 960 848 1021 ’³,
883 960 1111 1015 subdole
1139 975 1203 1014 ac
1229 975 1484 1030 perverse
1517 961 1866 1030 colligebant,

283 1069 349 1106 ex
375 1067 443 1106 eo
469 1053 613 1120 quod
661 1052 859 1106 missus
904 1059 1050 1105 esset
1073 1049 1263 1116 Filius,
1296 1060 1458 1120 atque
1479 1052 1869 1106 incarnationis

287 1142 526 1198 consilio
564 1143 875 1211 paruisset;
909 1156 1060 1206 eum,
1083 1151 1142 1196 ut
1175 1140 1335 1196 Patre
1364 1142 1700 1208 inferiorem,
1740 1144 1873 1199 mis-

284 1250 412 1289 sum
464 1249 605 1293 esse.
650 1243 814 1303 atque
874 1235 1147 1303 paruisse.
1213 1234 1365 1291 Missi
1414 1237 1582 1303 enim,
1639 1238 1866 1306 subjecti

284 1336 451 1394 atque
499 1325 775 1380 inferioris
838 1339 962 1379 esse
1010 1326 1250 1380 videtur.
1310 1325 1427 1382 Hoc
1483 1329 1671 1399 igitur,
1719 1329 1869 1398 quod

283 1415 638 1485 blasphemiae
705 1415 809 1469 illis
863 1423 980 1469 erat
1036 1427 1444 1486 argumentum,
1500 1419 1575 1474 ita
1634 1420 1870 1474 breviter

283 1509 448 1563 solvit
480 1506 810 1576 Theologus.
845 1506 1116 1570 Quoniam
1163 1506 1419 1564 Christus
1457 1510 1729 1578 duplicem
1766 1526 1868 1566 na-

281 1611 460 1653 turam
503 1598 771 1662 habebat,
811 1597 1074 1652 nimirum
1125 1597 1367 1653 divinam
1426 1611 1481 1656 et
1535 1603 1865 1670 humanam,

277 1703 472 1744 ornncs
509 1704 601 1744 eas
632 1703 820 1752 voces,
852 1705 986 1760 quas
1021 1690 1090 1746 de
1120 1706 1186 1746 eo
1234 1693 1544 1748 sublimiter
1573 1705 1627 1750 et
1656 1697 1864 1766 magni-

276 1781 380 1834 fice
435 1781 672 1848 prolatas
720 1781 1002 1851 reperies,
1052 1783 1354 1838 divinitatis
1414 1801 1537 1841 esse
1590 1788 1861 1858 intellige;

275 1884 475 1925 omnes
545 1880 732 1926 autem
781 1874 1018 1929 humiles
1085 1884 1135 1930 et
1204 1876 1483 1946 abiectas,
1539 1879 1865 1938 humanitati

275 1961 514 2017 ascribe.
568 1961 722 2029 Quod
774 1963 821 2020 si
864 1965 934 2020 de
983 1965 1324 2022 humanitate
1375 1969 1517 2026 hanc
1547 1973 1865 2029 missionem

279 2053 680 2122 interpreteris,
717 2056 902 2112 nullus
941 2058 1046 2112 erit
1093 2059 1385 2129 objectioni
1424 2061 1595 2118 locus.
1627 2064 1863 2132 Etenim,

282 2155 344 2198 ut
387 2146 572 2213 homo,
621 2147 825 2205 missus
867 2159 951 2206 est
1003 2161 1058 2207 ct
1108 2153 1252 2208 fame
1297 2166 1350 2210 et
1395 2157 1484 2210 siti
1530 2158 1782 2224 amictus,
1813 2171 1868 2215 et

279 2237 544 2308 fatigatus
572 2248 626 2294 et
657 2256 862 2310 angore
891 2253 1174 2314 correptus
1205 2256 1312 2312 est,
1347 2256 1401 2302 et
1439 2249 1707 2321 lacrymas
1737 2268 1868 2322 pro-

278 2330 424 2385 fudit
477 2351 491 2386 :
539 2333 622 2387 sin
683 2334 750 2388 ad
813 2334 1159 2393 divinitatem
1197 2339 1510 2408 huju‘smodi
1547 2345 1866 2400 missionem

275 2423 602 2487 detorseris,
663 2426 744 2481 sic
784 2441 1006 2497 quoque
1073 2429 1437 2488 nihilominus
1486 2435 1610 2504 pius
1667 2451 1866 2506 scopus

273 2518 572 2572 constabit.
601 2517 776 2574 Patris
801 2521 944 2574 enim
971 2523 1300 2579 voluntatem
1333 2528 1714 2583 remissionem
1741 2545 1866 2586 esse

276 2608 728 2678 interpretamur.
765 2611 992 2668 Volente
1019 2617 1164 2669 enim
1191 2615 1356 2672 Patre
1380 2619 1661 2675 descendit
1688 2624 1865 2678 Filius

278 2699 336 2752 in
401 2710 629 2765 terram,
671 2703 763 2772 qui
825 2713 1008 2758 autem
1063 2721 1128 2760 ex
1177 2707 1483 2775 cujuspiam
1535 2713 1770 2767 consilio
1811 2721 1866 2776 et

279 2794 550 2847 sententia
593 2795 798 2862 aliquid
846 2795 999 2861 facit,
1036 2798 1106 2853 ab
1134 2813 1201 2853 eo
1246 2810 1529 2869 permotus
1565 2818 1690 2858 esse
1716 2804 1864 2859 vide-

281 2899 394 2944 tur.
429 2890 585 2957 Quod
620 2893 765 2946 enim
806 2893 1079 2962 quispiam
1113 2896 1456 2965 comprobat,
1488 2899 1590 2954 hoc
1631 2901 1864 2955 suadere

282 2996 502 3050 quoque
543 2993 596 3035 et
649 2982 854 3036 hortari
916 2992 1194 3038 censetur.
1250 2983 1532 3055 anlicem
1577 2997 1758 3042 autem
1791 2988 1862 3044 ob

1973 507 2172 576 partim
2198 520 2228 558 a
2258 505 2464 573 seipso,
2503 511 2555 557 et
2585 504 3068 564 resurrectionem,
3095 511 3150 556 et
3172 500 3551 566 traditionem,

1971 609 2027 652 et
2057 597 2434 653 ascensionem
2497 595 2669 648 Filius
2723 595 2922 648 habere
2973 595 3208 648 dicatur.
3245 593 3446 648 Paulus
3483 594 3550 648 ad

1972 691 2131 746 Rom.
2167 690 2234 744 de
2297 689 2456 743 Patre
2510 688 2742 749 scribit,
2785 688 2927 756 quod
2985 686 3373 756 proprioll’ilio
3443 704 3550 741 non

1971 781 2236 850 pepercit,
2273 765 2368 834 sed
2413 794 2511 848 pro
2557 779 2715 833 nobis
2766 777 3024 831 omnibus
3078 777 3299 831 tradidit
3330 792 3451 830 eum
3481 777 3551 840 “,

1971 873 2053 927 Ad
2089 872 2267 926 Titum
2301 880 2481 925 autem
2504 869 2572 922 de
2593 870 2731 923 Filio
2767 870 2838 922 ita
2868 870 3149 936 loquitur:
3187 869 3290 933 Qui
3324 868 3552 921 tradidit

1971 964 2202 1033 seipsum
2241 978 2336 1031 pro
2369 960 2542 1024 nobis,
2587 968 2645 1014 ut
2692 959 2967 1013 redimeret
3011 974 3106 1011 nos
3141 957 3203 1009 ab
3253 958 3397 1010 omni
3432 972 3555 1024 pec-

1972 1066 2090 1112 cato
2111 1058 2177 1108 ’⁸.
2211 1057 2278 1109 Ει
2308 1055 2361 1108 in
2390 1053 2562 1122 Epist.
2597 1052 2663 1106 ad
2708 1051 2928 1106 Galatas
2965 1068 2978 1105 :
3011 1050 3115 1116 Qui
3146 1049 3290 1103 dedit
3321 1049 3553 1117 seipsum

1970 1163 2064 1218 pro
2111 1147 2343 1213 peccatis
2412 1144 2634 1207 nostris,
2688 1153 2744 1196 ut
2805 1143 3028 1212 eriperet
3081 1158 3174 1194 nos
3237 1158 3268 1193 ιι
3309 1141 3557 1208 prrrscnti

1971 1237 2166 1295 sa'culo
2217 1251 2441 1305 nequam
2472 1235 2542 1286 “.
2590 1234 2806 1288 Rursus
2873 1234 2938 1287 ad
2988 1233 3238 1286 Corinth.
3279 1233 3345 1287 de
3397 1234 3555 1286 Patre

1972 1332 2221 1397 loqur-ns,
2258 1327 2333 1380 ait
2362 1343 2376 1380 :
2411 1325 2548 1380 Deus
2586 1333 2760 1379 autem
2801 1335 2849 1378 et
2877 1324 3158 1378 Dominum
3189 1323 3465 1377 suscitavit
3484 1324 3552 1377 ’⁷.

1971 1423 2038 1477 Et
2075 1422 2142 1477 ad
2177 1419 2398 1477 Galatas
2441 1417 2693 1473 scribens
2738 1432 2752 1469 :
2811 1415 2917 1468 Per
2965 1415 3146 1470 Jesum
3199 1417 3471 1469 Christum
3505 1423 3552 1468 et

1970 1517 2210 1578 Patrem,
2273 1513 2364 1583 qui
2418 1511 2693 1566 suscitavit
2759 1525 2878 1564 eum
2929 1525 2962 1562 a
3017 1511 3238 1562 mortuis
3283 1510 3348 1561 ”.
3404 1512 3470 1560 At
3501 1508 3552 1558 in

1970 1607 2262 1676 Evangelio
2294 1606 2411 1674 ipse
2445 1602 2615 1658 Filius
2659 1602 2726 1656 dc
2771 1601 2954 1671 seipso
2986 1599 3156 1654 dicit:
3192 1599 3390 1653 Solvite
3422 1610 3554 1652 lem-

1969 1701 2113 1771 plum
2149 1702 2268 1762 hoc,
2306 1706 2355 1752 et
2392 1698 2448 1752 in
2489 1695 2658 1749 tribus
2689 1694 2873 1748 diebus
2907 1691 3150 1747 excitabo
3191 1691 3326 1745 illud
3362 1691 3431 1744 ²⁹.
3491 1689 3555 1742 Et

1969 1807 2158 1847 rursus
2189 1807 2204 1844 :
2241 1789 2561 1844 Potestatem
2587 1787 2749 1840 habeo
2771 1785 2999 1855 ponendi
3026 1786 3262 1838 animam
3293 1797 3486 1844 meam,
3505 1789 3556 1834 et

1966 1892 2278 1954 potestatem
2301 1880 2463 1934 habeo
2491 1880 2684 1933 iterum
2715 1876 3008 1947 accipiendi
3041 1892 3157 1929 eam
3187 1875 3256 1928 ³ο.
3285 1873 3402 1927 Jam
3429 1887 3556 1925 vero

1967 1978 2034 2030 de
2061 1975 2386 2032 ascensione
2421 1973 2475 2027 in
2506 1973 2712 2027 ctelum
2761 1970 2814 2024 in
2850 1969 3080 2024 Actibus
3111 1968 3373 2036 scriptum
3415 1974 3499 2018 est
3537 1982 3552 2018 :

1971 2067 2274 2124 Videntibus
2300 2064 2580 2126 discipulis
2612 2071 2916 2132 assumptus
2941 2070 3040 2127 est,
3076 2070 3127 2115 et
3163 2059 3326 2114 nubes
3370 2075 3554 2112 susce-

1966 2164 2043 2230 pit
2085 2177 2204 2214 eum
2234 2159 2302 2213 ".
2351 2160 2418 2212 At
2463 2158 2516 2212 in
2569 2157 2710 2212 libro
2737 2156 3128 2210 Psalmorum:
3167 2151 3465 2208 Ascendens
3501 2152 3554 2205 in

1967 2255 2137 2307 altum
2161 2254 2426 2320 captivam
2461 2250 2615 2304 duxit
2663 2249 3025 2318 captivitatem
3069 2245 3134 2298 ³¹.
3174 2243 3238 2300 Et
3274 2245 3326 2298 in
3364 2244 3555 2296 Evan-

1967 2348 2106 2419 gelio
2140 2365 2154 2402 :
2198 2345 2370 2399 Nemo
2405 2343 2642 2400 ascendit
2677 2344 2732 2397 in
2765 2342 2976 2406 cretum,
3011 2341 3113 2396 nisi
3141 2343 3206 2406 is,
3227 2341 3316 2405 qui
3339 2339 3402 2392 de
3426 2338 3556 2392 car/0

1967 2439 2235 2493 descendit
2268 2437 2336 2491 ³³.

2037 2530 2153 2586 Col.
2191 2529 2299 2584 662
2331 2529 2400 2583 A.
2446 2527 2625 2582 Proh!
2663 2527 2849 2598 qualia
2900 2525 3124 2580 Verbum
3170 2539 3309 2579 nunc
3352 2537 3552 2592 quoque

1966 2623 2200 2688 patitur!
2227 2628 2334 2675 etc.
2363 2619 2484 2674 Haec
2510 2620 2677 2674 verba
2713 2635 2728 2673 :
2762 2617 2934 2672 Probl
2967 2632 3133 2686 quam
3187 2615 3370 2687 gravia
3408 2629 3555 2668 nunc

1969 2728 2190 2783 quoque
2249 2713 2454 2782 patitur
2523 2711 2814 2776 Christus,
2870 2709 3193 2779 quiritantis
3273 2715 3436 2769 sunt,
3489 2719 3556 2758 ac

1966 2805 2196 2876 proinde
2261 2820 2386 2860 cum
2450 2803 2824 2858 admiratione
2897 2801 3150 2872 legenda.
3235 2797 3556 2868 Indignatur

1965 2899 2110 2952 enim
2150 2906 2310 2965 atque
2338 2911 2483 2966 aegre
2521 2894 2627 2949 fert
2655 2894 2991 2963 Theologus,
3023 2891 3224 2947 Filium
3258 2891 3352 2945 Dei
3383 2891 3488 2944 etia
3503 2906 3553 2942 ιιι

1965 3004 2115 3044 nunc
2167 2987 2500 3043 contumelia
2555 2985 2718 3041 allici.
2783 2985 3085 3040 Sabelliani
3132 2983 3280 3040 enim
3328 2997 3450 3036 eum
3494 2991 3557 3040 ut

282 3087 506 3126 causam
573 3087 671 3128 sua
726 3083 875 3128 recte
931 3073 1075 3129 facta
1143 3076 1290 3130 Patri
1351 3077 1526 3134 Filius
1589 3080 1932 3137 ascribit:C
1968 3083 2140 3137 Deum
2190 3082 2531 3136 honorantes
2575 3093 2702 3134 cum
2744 3077 2906 3132 Patre
2946 3075 3291 3132 confundunt
3321 3090 3386 3130 ac
3418 3089 3555 3128 con-

283 3163 538 3224 alteram,
577 3163 706 3232 quia
757 3164 919 3220 Pater
955 3165 1078 3221 Filii
1128 3169 1458 3239 principium
1509 3172 1866 3243 est(princi-

286 3253 440 3322 pium
477 3263 683 3319 autem,
712 3265 975 3325 quantum
1033 3260 1098 3314 ad
1144 3275 1391 3324 causam,
1426 3277 1534 3316 non
1582 3272 1851 3332 quantum

282 3348 350 3400 ad
384 3347 659 3419 tempus);
699 3349 948 3413 alteram,
985 3367 1055 3406 ne
1111 3351 1220 3408 Deo
1266 3355 1543 3408 adversari
1591 3356 1860 3411 videatur.

287 3439 533 3494 Pernissa
568 3441 714 3495 enim
772 3443 860 3497 illa
897 3443 1019 3498 Filii
1063 3445 1224 3499 verba
1275 3460 1381 3499 non
1430 3461 1496 3500 eo
1528 3447 1780 3512 tendunt,
1810 3456 1871 3503 ut

285 3527 451 3586 Patre
501 3529 732 3586 inferior
777 3549 898 3587 esse
947 3534 1216 3600 videatur,
1274 3535 1368 3590 sed
1425 3545 1486 3590 ut
1529 3536 1704 3605 ipsius
1740 3553 1866 3592 cum

286 3621 450 3678 Patre
469 3625 764 3680 concordia
793 3626 1202 3698 voluntatisque
1226 3630 1516 3684 consensio
1539 3629 1868 3698 declaretur,

292 3716 516 3784 perinde
542 3732 605 3772 ac
636 3717 682 3772 si
716 3717 926 3772 amicus
953 3718 1021 3772 ab
1055 3719 1232 3774 amico
1254 3720 1458 3776 missus
1483 3735 1606 3776 esse
1632 3722 1868 3790 dicatur,

301 3824 408 3861 non
462 3818 521 3861 ut
563 3810 812 3872 inferior,
844 3810 938 3866 sed
995 3819 1055 3865 ut
1101 3811 1348 3881 aqualis,
1399 3822 1563 3882 atque
1620 3815 1868 3871 eamdem

295 3897 621 3954 voluntatem
655 3900 1036 3966 habenszaut,
1082 3903 1127 3956 si
1175 3902 1367 3969 mavis,
1400 3905 1864 3972 quemadmodum

295 3990 462 4045 solem
517 3992 728 4048 radium
778 3995 994 4049 misisse
1059 3995 1316 4059 dicimus,
1361 3995 1452 4065 qui
1520 4011 1866 4067 nequaquam

293 4082 546 4147 diversae,
581 4085 674 4139 sed
706 4084 949 4155 ejusdem
981 4101 1108 4140 cum
1141 4101 1207 4141 eo
1235 4095 1319 4142 est
1341 4089 1683 4144 substantias.
1714 4088 1872 4155 Quod

293 4184 478 4229 autem
510 4177 575 4231 de
602 4193 710 4232 uno
739 4189 905 4247 atque
927 4177 1118 4234 eodem
1153 4178 1397 4247 Christo,
1426 4180 1533 4235 alia
1564 4181 1710 4236 nt'de
1738 4180 1871 4247 Deo,

291 4267 399 4319 alia
446 4275 506 4320 ut
553 4267 621 4321 'de
678 4268 900 4324 homine
947 4270 1220 4334 dicantur,
1264 4270 1396 4326 hinc
1444 4270 1654 4340 liquido
1700 4281 1869 4343 patet.

295 4349 551 4407 Testatur
575 4353 723 4410 enim
751 4354 1057 4424 Scriptura,
1090 4356 1235 4425 quod
1278 4355 1439 4413 Pater
1469 4374 1594 4415 eum
1624 4358 1870 4428 tradidit,

1969 3175 2219 3238 trahunt,
2242 3187 2406 3226 unam
2436 3179 2602 3239 atque
2630 3169 2878 3224 eamdem
2931 3183 3054 3222 esse
3096 3166 3275 3221 Patris
3329 3175 3384 3220 et
3430 3164 3554 3220 Filii

1970 3278 2024 3321 et
2075 3263 2311 3332 Spiritus
2375 3261 2553 3319 sancti
2625 3274 2922 3330 personam
2974 3267 3305 3314 asserentes.
3361 3255 3554 3320 Ariani

1969 3367 2180 3420 contra,
2207 3370 2355 3422 eum,
2385 3353 2516 3424 quia
2555 3367 2686 3408 caro
2739 3350 2915 3407 factus
2968 3359 3073 3413 est,
3103 3350 3402 3418 ignominia
3439 3347 3554 3402 alii-

1972 3447 2148 3510 cinnt,
2181 3444 2340 3499 Patre
2395 3444 2667 3496 minorem
2714 3454 2837 3495 esse
2899 3438 3258 3502 afﬁrmantes,
3312 3445 3477 3506 atque
3523 3450 3556 3491 a

1972 3538 2152 3596 Patris
2203 3544 2398 3592 natura
2461 3542 2803 3603 separantes.
2867 3530 3016 3585 Utris
3096 3530 3266 3599 igitur
3333 3528 3556 3599 gravius

1975 3631 2245 3687 irascetur
2296 3628 2407 3693 ille,
2435 3626 2525 3682 cui
2589 3625 2656 3680 ab
2709 3624 2778 3678 iis
2837 3621 3174 3678 contumelia
3211 3620 3464 3684 infertur,
3497 3627 3556 3673 ut

1975 3722 2196 3793 gravius
2230 3716 2628 3788 peccantibus?
2654 3714 2746 3770 Vel
2787 3714 2988 3784 potius,
3025 3712 3164 3767 utris
3196 3711 3316 3779 plus
3346 3709 3556 3763 condo-

1977 3812 2166 3868 nabit?
2209 3807 2348 3865 Nam
2399 3823 2528 3864 cum
2578 3807 2669 3866 alii
2704 3806 3045 3861 divinitatem
3079 3802 3427 3866 contrahant,
3463 3800 3556 3855 alii

1973 3904 2219 3960 eamdem
2281 3901 2537 3959 scindant
2590 3897 2752 3969 (quae
2807 3895 3092 3965 Opiniones
3135 3895 3275 3946 inter
3316 3906 3375 3946 se
3424 3905 3557 3945 con.

1977 3997 2156 4052 traria;
2185 3995 2333 4066 sunt)
2359 3993 2526 4048 videri
2553 3992 2786 4046 fortasse
2821 3989 3100 4042 nonnullis
3125 3995 3326 4054 posset,
3352 3986 3556 4038 alteros

1973 4098 2186 4150 tantum
2238 4100 2485 4156 peccare,
2543 4092 2706 4151 atque
2748 4081 2827 4133 ira
2871 4079 3065 4148 dignos
3117 4092 3238 4131 esse
3288 4093 3302 4128 :
3355 4075 3556 4129 alteros

1976 4191 2158 4240 autem
2211 4178 2365 4234 nullo
2413 4174 2578 4230 modo
2625 4187 2832 4236 errare,
2876 4186 2940 4226 ac
2985 4181 3273 4242 propterea
3306 4167 3557 4247 indignos

1975 4290 2120 4341 esse,
2147 4273 2347 4345 quibus
2372 4269 2702 4324 irasceretur
2733 4265 3020 4330 Dominus,
3069 4279 3133 4318 ac
3181 4276 3371 4334 prenas
3412 4260 3554 4314 irro-

1977 4372 2150 4436 garet.
2189 4362 2384 4418 Verum
2417 4359 2576 4414 aliter
2617 4374 2676 4414 se
2718 4373 2808 4413 res
2858 4357 3041 4410 habet.
3074 4353 3274 4407 Malum
3323 4352 3467 4406 enim
3498 4349 3558 4406 in

291 4453 349 4494 et
389 4457 420 4496 a
457 4443 693 4526 mortuis
739 4446 1037 4508 revocavit.
1083 4461 1150 4501 ac
1178 4448 1421 4517 suscepi!-
1453 4465 1468 4503 ε
1497 4465 1622 4519 quae
1649 4450 1870 4520 quidem
1901 4459 1952 4519 D
1981 4459 2230 4528 utrisque
2258 4453 2472 4524 aequale
2499 4461 2605 4516 est,
2652 4447 2870 4506 tametsi
2916 4448 2972 4502 in
3015 4445 3310 4502 contrariis
3339 4452 3563 4499 sentem.

297 4521 628 4605 lieneplaciti~
643 4537 761 4593 sive
785 4538 1139 4594 humanitatis
1163 4538 1618 4608 significationem
1649 4542 1870 4598 habent.

293 4625 457 4696 Atqui
513 4628 678 4683 etiam
731 4630 1036 4698 reperimus
1107 4630 1286 4700 ipsum
1347 4646 1570 4702 quoque
1627 4633 1870 4702 seipsum

293 4719 606 4784 tradidisse,
658 4731 712 4775 ct
739 4736 769 4774 a
802 4722 1031 4777 mortuis
1074 4723 1344 4778 excitasse
1375 4732 1540 4792 atque
1583 4724 1637 4778 in
1671 4725 1872 4780 coelum

293 4814 625 4870 ascendisse.
685 4812 898 4883 Quibus
947 4815 1128 4870 verbis
1175 4816 1356 4870 divina
1407 4815 1581 4886 ipsius
1630 4817 1874 4886 potentia

293 4906 629 4961 declaratur.
669 4907 868 4961 Verum
920 4908 1208 4963 haereticus
1273 4909 1507 4964 humiles
1557 4909 1777 4978 quidem
1807 4911 1874 4965 de

291 4999 516 5054 Christo
542 5014 709 5054 voces
739 5008 904 5070 atque
951 5000 1277 5056 humanitati
1326 5001 1428 5055 soli
1481 5002 1871 5057 convenientes

298 5091 479 5159 inepte
525 5091 755 5162 profert,
824 5107 888 5147 ac
943 5107 1160 5146 sursum
1217 5091 1582 5161 deorsumque
1629 5092 1802 5162 jactat
1861 5109 1876 5148 :

297 5183 563 5240 sublimes
649 5193 829 5248 autem
923 5183 1274 5251 divinamque
1360 5183 1531 5253 ipsius
1624 5194 1877 5242 naturam

294 5274 670 5344 exprimentes
725 5274 945 5330 silentio
1005 5274 1245 5344 praeterit
1284 5289 1299 5327 :
1341 5283 1504 5344 atque
1560 5274 1694 5331 illud
1749 5275 1877 5347 qui-

293 5367 423 5421 dem
473 5367 702 5432 excutit,
743 5366 890 5436 quod
943 5381 1138 5437 passus
1189 5369 1281 5434 sit,
1315 5383 1421 5421 non
1467 5378 1647 5423 tamen
1700 5371 1875 5434 addit,

298 5458 448 5528 quod
508 5474 706 5528 passus
768 5459 841 5514 sit
907 5460 1236 5514 voluntarie.
1300 5462 1413 5530 Age
1465 5476 1598 5517 vero
1632 5463 1876 5520 testimo-

1295 5573 1342 5602 ’δ
1375 5571 1534 5626 Rom.
1571 5587 1686 5634 VIII,
1718 5570 1805 5632 '52.

407 5569 458 5600 "
486 5565 644 5621 Joan.
673 5582 749 5629 vr,
790 5584 885 5624 vm
919 5563 1142 5638 passim.
1295 5573 1342 5602 ¹⁶

415 5636 592 5693 Galat.
643 5654 680 5695 ι.
730 5640 784 5694 1.
879 5640 925 5672 ⁸⁸
962 5637 1120 5695 Joan.
1174 5656 1233 5695 ll.
1303 5641 1364 5695 19

993 5656 1120 5695 oan.
1174 5656 1233 5704 ιι,
1303 5656 1386 5695 ιυ.

300 5634 348 5667 ³⁸
415 5636 592 5693 Galat.
643 5654 680 5697 ι.
730 5640 784 5694 1.

305 5706 347 5740 ⁸³
368 5703 524 5762 luan.
561 5724 639 5774 In,
678 5709 764 5769 15.

1501 5643 1544 5674 ³⁰
1575 5641 1728 5696 Joan.
1771 5641 1937 5708 x,18.

1973 4551 2067 4607 tiis
2121 4547 2446 4620 reperiatur.
2502 4543 2642 4598 Male
2674 4542 2878 4612 quippe
2926 4547 2980 4594 et
3011 4537 3304 4594 Sabelliani
3337 4543 3555 4594 contra-

1972 4643 2125 4708 hunt,
2153 4649 2209 4698 et
2250 4639 2437 4696 Ariani
2490 4637 2835 4708 disiungunt.
2879 4632 3016 4688 Nam
3064 4638 3121 4686 et
3164 4629 3286 4684 illos
3321 4638 3562 4681 numero.

1973 4730 2241 4796 dividere,
2275 4742 2340 4783 ac
2390 4733 2504 4780 tres
2553 4737 2820 4795 personas
2873 4728 3114 4776 statuere
3168 4714 3473 4785 oportebat,
3503 4719 3560 4770 et

1972 4823 2206 4878 Arianos
2290 4817 2590 4874 divinitatis
2661 4815 2873 4869 ratione
2937 4819 3284 4871 connectere,
3359 4819 3556 4861 unam-

1981 4930 2087 4986 que
2145 4921 2356 4966 tantum
2403 4920 2652 4965 naturam
2696 4916 2944 4960 astruere
2996 4903 3177 4957 Patris
3225 4897 3456 4955 et'Filii
3506 4905 3559 4949 ct

1983 5007 2221 5076 Spiritus
2276 5003 2473 5058 sancti.
2531 5000 2822 5054 Enimvero
2875 4998 2964 5053 dic
3021 4995 3177 5058 mihi,
3231 5003 3284 5046 tu
3316 4991 3408 5061 qui
3441 4988 3556 5042 Arii

1986 5099 2180 5168 dogma
2217 5094 2509 5166 profiteris,
2565 5090 2825 5161 impingis
2875 5089 2942 5143 ad
2990 5083 3260 5142 carnem?
3322 5083 3424 5135 hoc
3450 5090 3553 5140 est,

1983 5191 2234 5254 offendis,
2285 5192 2348 5244 'et
2401 5184 2794 5242 scandalizaris
2842 5182 2911 5236 ob
2966 5178 3436 5236 incarnationem,
3495 5188 3559 5226 ac

1982 5291 2203 5352 propter
2223 5294 2342 5332 eam
2377 5275 2572 5332 Filium
2604 5273 2769 5328 Patre
2792 5271 3057 5332 minorem
3084 5265 3405 5323 existimas?
3445 5262 3558 5322 lloc

1983 5374 2077 5431 tibi
2098 5388 2222 5428 cum
2252 5369 2452 5426 Judmis
2477 5381 2768 5423 commune
2791 5373 2896 5420 est.
2951 5364 3033 5416 An
3058 5363 3222 5416 etiam
3259 5358 3556 5414 Samaritaw

1980 5475 2110 5516 num
2142 5458 2420 5513 Christum
2443 5454 2646 5511 vocas?
2690 5469 2816 5508 nam
2843 5451 2920 5508 illi
2953 5464 3172 5522 quoque
3205 5449 3308 5504 hoc
3337 5444 3560 5505 nomine

1969 5572 2015 5604 "
2045 5568 2156 5623 Tit.
2191 5585 2249 5631 ιι,
2277 5567 2367 5622 14.
2509 5567 2554 5599 ¹⁶
2587 5565 2769 5621 Calat.
2821 5581 2861 5631 ι,
2908 5564 2965 5619 4.
3075 5565 3118 5599 ⁸⁷
3153 5561 3171 5616 l
3204 5561 3330 5618 Cor.
3365 5577 3440 5622 vi,
3469 5557 3552 5631 id.

2040 5642 2082 5672 ³¹
2111 5626 2298 5704 Δαίι,
2331 5641 2384 5694 9.
2510 5638 2556 5669 ³²
2597 5637 2738 5694 Psal.
2790 5626 2961 5704 Livu,
3003 5635 3100 5703 l9;
3166 5633 3358 5705 Ephcs.
3399 5647 3469 5690 tv,
3500 5626 3554 5681 8.
