3996 6206
590 289 725 352 1&07

2004 277 2388 337 ADDENDA.

3740 288 3767 349 1
3780 291 3876 352 ξος

585 428 710 469 eum
783 407 1122 478 appellarunt
1145 441 1160 465 ,
1217 400 1366 453 velut
1423 395 1718 450 Sabbatum
1790 406 1854 446 ac
1899 391 2158 446 Judaicas
2188 415 2233 471 Λ
2267 389 2548 458 consequi.
2577 388 2752 446 llomo
2775 393 3118 463 enim,cujus
3146 394 3321 452 virtus
3344 399 3510 453 nullo
3535 403 3876 470 argument£5

587 499 851 572 quasdam
900 493 1254 549 caeremonias
1288 490 1606 544 solventem.
1655 485 1982 539 Samaritani
2013 485 2158 537 enim

586 592 808 646 dimidia
863 605 928 641 ex
981 596 1132 657 parte
1193 583 1506 637 Juda-orum
1567 580 1880 648 religionem
1953 584 2158 630 tenent.

584 683 742 744 Nam,
775 681 918 748 quod
951 677 1220 746 sequitur,
1250 674 1460 728 tacebo.
1517 671 1784 736 Quidnam
1836 668 1971 722 hoc?
2017 669 2160 737 quod

584 792 613 828 a
652 776 898 828 drcmone
920 771 1288 826 obsideretur.
1329 766 1587 820 Dicebant
1611 766 1782 842 _enim
1833 762 2027 825 Judzei,
2062 762 2164 817 Sa-

583 867 880 919 maritanus
905 880 956 917 es
985 872 1062 926 tu,
1095 872 1143 915 et
1166 859 1483 914 da’monium
1512 857 1670 910 habes
1701 857 1744 888 “
1783 873 1795 910 :
1835 855 1982 924 quod
2015 869 2161 910 nunc

579 958 651 1010 oh
684 955 1034 1025 blasphemia:
1082 951 1509 1021 magnitudinem
1559 949 2014 1018 atrocitatemque
2067 963 2160 1002 re-

581 1051 712 1103 ticet
737 1047 1058 1116 Gregorius.
1086 1046 1154 1100 At
1204 1043 1484 1115 Unigeniti
1517 1041 1794 1095 divinitati
1843 1041 2000 1094 ﬁdem
2047 1056 2156 1094 non

580 1141 770 1204 babes,
802 1155 901 1194 nec
930 1155 1052 1194 eum
1083 1137 1250 1192 Deum
1277 1151 1398 1191 esse
1419 1134 1561 1188 l‘atri
1582 1134 1846 1204 aequalem
1877 1134 2158 1188 admittis?

578 1232 657 1285 Ne
689 1232 964 1285 daemones
991 1229 1211 1300 quidem
1263 1243 1330 1281 eo
1376 1227 1619 1281 audacia:
1666 1237 2056 1296 proruperunt,
2096 1235 2156 1281 ut

579 1325 682 1378 hoc
713 1324 974 1378 dicerent.
1009 1323 1086 1375 Ita
1122 1320 1323 1373 videris
1379 1328 1432 1373 et
1480 1320 1755 1373 daemones
1815 1317 2154 1382 inﬁdelitate,

574 1422 628 1465 et
663 1410 882 1465 Judmos
917 1410 1325 1479 ingratitudine,
1361 1406 1446 1461 vel
1495 1407 1677 1476 potius
1723 1407 1942 1461 inscitia
1972 1416 2025 1460 et
2056 1408 2156 1462 hes

578 1504 835 1556 bctudine
867 1503 1194 1570 (utrumque
1246 1502 1390 1554 enim
1424 1499 1697 1570 signiﬁcat
1743 1499 2104 1571 ἀγνωμοσύνη
2133 1501 2153 1571 )

576 1604 856 1658 superare.
915 1587 1088 1642 Judaei
1137 1589 1306 1650 enim,
1341 1597 1699 1658 posteaquam
1734 1589 1964 1644 dixisset
1994 1589 2152 1644 Chri-

578 1691 746 1734 stus:
789 1681 950 1733 Pater
1007 1697 1150 1734 meus
1203 1698 1365 1748 usque
1425 1683 1578 1734 modo
1628 1690 1899 1748 operatur,
1950 1691 1999 1736 et
2058 1698 2152 1752 ego

2267 482 2543 549 explorata
2585 492 2690 545 est,
2721 499 2820 538 nec
2863 485 3021 541 laude
3072 489 3203 552 ulla,
3254 504 3356 544 nec
3413 493 3612 561 pretio
3687 496 3879 563 dignus

2264 583 2366 628 est.
2396 573 2704 628 Mandatum
2758 592 2929 646 porro
2983 580 3302 649 accipimus,
3355 597 3466 636 non
3523 585 3696 654 quod
3737 587 3878 656 ἱειιι-

2266 673 2411 716 rarct
2445 663 2587 718 Dens
2617 665 2730 719 fore
2793 677 2851 720 ut
2892 667 3021 721 illud
3069 671 3623 737 transgrederentur,
3689 676 3794 729 sei
3837 691 3881 728 at

2264 754 2479 808 arbitrii
2512 755 2817 810 libertatem
2877 759 3035 814 nobis
3097 763 3255 829 quasi
3312 761 3422 817 lata
3456 764 3598 832 lege
3631 771 3883 835 promul-

2261 857 2434 913 garet.
2479 845 2615 901 Nam
2676 850 2822 918 quod
2873 865 2970 917 per
3027 854 3136 906 vim
3173 863 3230 908 et
3284 865 3476 911 coacte
3523 857 3614 920 ﬁt,
3665 859 3878 915 virtutis

2259 953 2458 992 nomen
2498 940 2742 996 obtinere
2815 959 2923 997 non
2975 953 3182 1014 potest:
3218 946 3356 1012 Quid
3397 950 3639 1020 igitur?
3669 951 3877 1005 Diabas

2259 1031 2458 1087 invidia
2487 1037 2764 1106 exagitati,
2793 1045 2846 1092 et
2880 1040 3006 1094 dolo
3040 1042 3401 1098 circumventi
3433 1060 3686 1108 sumus.
3718 1047 3874 1115 ιιεςεὲῑ

2258 1122 2611 1192 violavimus,
2699 1128 2957 1196 paradiso
3039 1132 3367 1196 excidimus,
3433 1149 3506 1188 ac
3581 1146 3876 1206 propterea

2251 1217 2583 1286 jejunamus,
2636 1221 2895 1286 quoniam
2927 1229 3060 1275 tunc
3102 1237 3210 1275 non
3260 1223 3699 1291 jejunavimus,
3769 1241 3874 1280 cum

2255 1307 2472 1362 arboris
2505 1309 2752 1364 scientiae
2796 1311 3060 1380 voluptati
3108 1311 3400 1376 cessimus,
3457 1330 3492 1367 a
3549 1332 3679 1384 qua
3731 1321 3876 1370 notas
3950 1367 3951 1374 η

2255 1399 2420 1463 Deus,
2459 1408 2519 1454 ut
2567 1402 2992 1467 ahstineremus,
3033 1405 3467 1473 priescripseral.
3509 1405 3710 1464 Vetus
3737 1412 3874 1463 enisa

2253 1499 2338 1543 est
2377 1501 2706 1559 prmceptum
2779 1493 3013 1561 jejunii,
3055 1495 3332 1565 simulque
3409 1512 3547 1551 cum
3625 1500 3876 1554 humane

2253 1595 2454 1650 genere
2513 1591 2726 1636 natum.
2795 1581 3042 1638 Primum
3099 1585 3242 1638 enim
3298 1586 3432 1640 illud
3506 1591 3872 1654 mandatum.

2253 1673 2393 1738 quod
2440 1672 2682 1727 Adamus
2725 1675 2940 1743 accepit
2986 1689 3002 1728 :
3052 1674 3132 1730 De
3178 1677 3321 1746 ligna
3355 1679 3620 1734 scientiae
3665 1681 3800 1736 boui
3831 1697 3873 1736 ει

574 1787 760 1839 operor
786 1772 829 1803 ³⁵
849 1810 866 1835 ,
893 1772 1209 1841 quaerebant
1233 1773 1408 1839 ipsum
1436 1771 1759 1834 interﬁcere,
1783 1775 1908 1842 quia
1936 1769 2139 1826 Patrem

2261 1765 2490 1832 maligne
2545 1766 2834 1821 comedetis
2871 1767 2953 1833 ",
3005 1768 3196 1838 jejunii
3249 1781 3416 1839 atque
3473 1778 3872 1843 temperantia

572 1878 732 1916 suum
766 1863 979 1918 dicebat
1006 1864 1196 1928 Deum,
1231 1865 1490 1932 a3qualem
1533 1879 1593 1919 se
1633 1864 1741 1918 Deo
1770 1863 2001 1920 faciens.
2026 1864 2149 1920 Filii

571 1955 716 2007 enim
767 1957 1180 2024 appellationem
1232 1958 1458 2024 mqualis
1517 1956 1740 2010 honoris
1789 1971 1978 2009 vocem
2029 1972 2152 2012 esse

572 2047 817 2100 arbitrati
851 2057 998 2110 sunt,
1049 2047 1154 2101 hoc
1204 2058 1306 2110 est,
1357 2048 1764 2113 existimabant,
1793 2048 1838 2101 si
1871 2048 2147 2104 Christum

571 2139 666 2192 Dei
700 2137 894 2192 Filium
931 2153 1053 2193 esse
1083 2139 1404 2199 faterentur,
1434 2139 1536 2193 sibi
1577 2154 1793 2208 quoque
1840 2141 2148 2194 necessario

570 2229 848 2283 fatendum
884 2245 1024 2296 esse,
1056 2245 1178 2285 eum
1209 2231 1417 2286 honore
1443 2231 1520 2284 illi
1549 2247 1732 2300 parem
1768 2241 1931 2300 atque
1966 2247 2149 2301 aequa-

571 2323 674 2374 lem
716 2336 860 2375 esse.
901 2321 1088 2391 Itaque
1123 2322 1244 2377 Filii
1271 2338 1466 2377 nomen
1496 2323 1714 2378 Christo
1743 2339 1847 2378 non
1881 2326 2146 2380 concede-

569 2414 838 2468 bant:ne
872 2415 1233 2484 aequalitatem
1296 2431 1513 2484 quoque
1572 2431 1696 2470 cum
1759 2417 1918 2472 Patre
1969 2419 2144 2472 eidem

567 2503 863 2558 concedere
893 2520 1122 2560 necesse
1155 2507 1434 2560 haberent.
1466 2507 1828 2562 Atdaemones
1863 2507 2141 2563 Christum

566 2594 735 2650 Deum
770 2605 1062 2663 noverunt,
1093 2614 1215 2652 cum
1245 2600 1311 2653 ab
1338 2614 1405 2653 eo
1438 2600 1788 2655 invisibiliter
1820 2600 2146 2672 fugarentur

565 2697 618 2739 et
645 2689 1044 2744 cruciarentur.
1103 2689 1258 2745 Unde
1322 2692 1487 2746 etiam
1533 2692 1823 2747 dicebant:
1860 2692 1999 2748 Novi
2027 2697 2143 2762 quis

566 2788 623 2828 tu
671 2780 788 2843 sis;
845 2789 898 2833 et
952 2798 1141 2838 rursus
1171 2798 1186 2836 :
1220 2781 1360 2847 Quid
1388 2785 1484 2846 tibi
1524 2796 1573 2837 et
1621 2786 1792 2851 nobis,
1835 2784 1948 2840 Fili
2005 2787 2146 2840 Dei?

572 2866 771 2921 Venisti
813 2871 912 2923 huc
953 2883 1076 2926 ante
1105 2883 1305 2940 tempus
1335 2883 1575 2944 torquere
1605 2892 1697 2931 nos
1723 2878 1786 2930 “.
1821 2879 1998 2947 Atque
2031 2879 2144 2933 haec

563 2960 784 3028 quidem
817 2970 870 3015 et
900 2961 1070 3016 Judaei
1097 2964 1478 3020 eLdaemones.
1510 2967 1578 3020 At
1614 2975 1692 3031 tu,
1726 2982 1826 3020 nec
1857 2968 2142 3036 aequalita-

565 3061 674 3105 tem
707 3051 973 3117 admittis,
1002 3062 1060 3107 ut
1083 3051 1251 3108 Judaei
1281 3073 1295 3110 :
1320 3064 1562 3110 creatum
1589 3060 1731 3112 enim
1766 3074 1889 3111 eum
1917 3059 2140 3128 asseris,

565 3158 662 3197 nec
687 3144 1025 3201 divinitatem
1055 3148 1348 3216 conﬁteris,
1373 3158 1434 3204 ut
1452 3151 1745 3206 daemones.
1771 3151 2139 3218 Quamobrem

562 3235 655 3290 tibi
682 3237 854 3293 satius
895 3238 1072 3294 fuerat
1100 3239 1413 3296 Iudaeorum
1448 3245 1556 3297 ritu
1583 3242 1962 3299 circumcisam
2008 3259 2141 3313 prae-

558 3331 696 3397 putii
726 3327 945 3386 carnem
981 3334 1203 3400 habere,
1238 3346 1400 3405 atque
1427 3352 1459 3391 a
1493 3335 1833 3392 daemonibus
1866 3339 2132 3406 divexari,

559 3434 618 3477 ut
671 3428 817 3480 salse
874 3428 1076 3497 aliquid
1142 3417 1359 3496 dicam,
1417 3430 1880 3499 quemadmodum
1943 3430 2020 3484 illi
2082 3431 2133 3484 in

556 3515 884 3588 Evangelio,
937 3536 1169 3589 quorum
1229 3537 1323 3575 ore
1377 3521 1651 3578 daemones
1729 3522 2132 3593 loquebantur,

557 3611 957 3679 Christumque
985 3613 1153 3665 Deum
1183 3614 1606 3679 conﬁtebantur,
1631 3631 1817 3686 quam,
1844 3631 1968 3670 cum
2002 3631 2136 3684 pra:-

558 3703 770 3769 putium
805 3703 1025 3766 habeas,
1053 3706 1156 3758 hoc
1185 3715 1289 3768 est,
1324 3721 1431 3760 non
1459 3709 1819 3763 circumcisus
1845 3710 1942 3769 sis.
1973 3724 2073 3764 nec
2101 3723 2131 3762 a

557 3793 802 3843 diemone
851 3790 1178 3857 obsidearis,
1215 3795 1308 3847 sed
1356 3795 1617 3849 incolumi
1671 3807 1853 3851 mente
1906 3799 2005 3861 sis,
2056 3798 2132 3850 ita

556 3879 816 3935 scelerate
846 3889 1011 3949 atque
1069 3883 1233 3953 impie
1285 3885 1504 3944 sentire.
1537 3885 1846 3955 Filiumque
1875 3903 1906 3942 a
1952 3887 2132 3944 Patris

552 3971 841 4028 divinitate
871 3988 1147 4042 separare.
1386 4023 1392 4028 .

619 4066 734 4120 Col.
764 4066 867 4120 662
896 4066 955 4121 Β.
999 4065 1102 4121 Sed
1133 4067 1328 4122 bellum
1375 4069 1495 4135 hac,
1537 4070 1675 4140 quod
1715 4086 1832 4123 cum
1859 4072 1971 4126 illis
1995 4074 2131 4142 geri-

551 4173 698 4222 mus,
747 4168 852 4213 etc.
922 4157 1153 4225 Bellum,
1207 4161 1402 4230 inquit,
1473 4163 1617 4232 quod
1676 4178 1802 4217 cum
1860 4165 2129 4221 haereticis

550 4251 810 4318 gerimus,
843 4253 1112 4320 siquidem
1167 4255 1462 4324 aliquando
1491 4258 1683 4312 saltem
1725 4257 1790 4312 ad
1841 4259 2121 4314 meliorem

550 4352 784 4396 mentem
811 4344 988 4400 redire
1028 4344 1319 4410 voluerint,
1353 4349 1792 4417 comprimatur:
1828 4351 1911 4406 sin
1941 4362 2124 4406 autem

2254 1857 2337 1911 lex
2373 1869 2511 1912 erat.
2534 1858 2688 1924 Quod
2721 1859 2766 1914 si
2801 1859 2908 1912 Eva
2957 1861 3026 1914 ab
3054 1861 3216 1931 hujus
3251 1862 3380 1933 ligni
3417 1879 3518 1918 esu
3548 1867 3870 1922 abstinuis-

2253 1959 2362 2014 set,
2394 1965 2740 2020 nequaquam
2781 1952 2884 2006 hoc
2905 1951 3116 2021 jejunio
3137 1969 3288 2009 nunc
3317 1970 3468 2026 opus
3497 1958 3864 2014 haberemus.

2250 2041 2360 2096 Nec
2374 2043 2518 2096 enim
2537 2057 2672 2112 opus
2689 2045 3090 2101 estvalentihus
3108 2046 3344 2111 medico,
3361 2049 3459 2104 sed
3481 2051 3640 2105 male
3663 2053 3823 2104 habet
3840 2075 3865 2094 -

2252 2133 2414 2190 tibus.
2435 2134 2701 2200 Quoniam
2721 2137 2884 2206 igitur
2917 2147 3047 2194 tunc
3066 2154 3175 2193 non
3207 2140 3628 2210 jejunavimus,
3663 2148 3856 2200 merita

2249 2241 2394 2282 nunc
2411 2228 2856 2299 nobis,jejunium
2870 2240 2953 2286 est
2965 2232 3315 2300 indictum,ut
3331 2236 3484 2295 quod
3500 2252 3624 2291 non
3646 2255 3769 2292 serv
3781 2253 3861 2293 ire

2244 2319 2452 2388 jejunio
2483 2321 2788 2387 amisimus,
2813 2323 2863 2378 id
2891 2338 2958 2378 eo
2975 2335 3190 2379 servato
3210 2326 3738 2395 recipiamus.Qnid
3764 2347 3854 2383 an-

2249 2416 2356 2462 tem
2391 2407 2521 2463 illud
2551 2419 2655 2474 est,
2681 2411 2826 2480 quod
2849 2411 2921 2465 ob
2936 2411 3202 2482 jejunium
3223 2428 3328 2468 non
3348 2425 3649 2470 servatum
3669 2421 3852 2472 amisi-

2247 2500 2406 2554 mus?
2439 2499 2750 2568 Paradisus,
2769 2503 2836 2557 ad
2853 2519 3012 2572 quem
3033 2504 3188 2560 nobis
3211 2520 3307 2574 per
3321 2505 3614 2576 jejunium
3646 2512 3852 2564 reditus

2246 2593 2471 2661 patebit.
2506 2593 2682 2664 Atque
2709 2595 2913 2650 idcirco
2944 2595 3086 2651 Deus
3109 2612 3328 2652 carnem
3365 2599 3573 2664 induit,
3601 2617 3678 2655 ac
3709 2618 3853 2656 mor-

2250 2690 2355 2736 tem
2385 2683 2575 2747 subiit,
2614 2693 2673 2738 ut
2703 2699 2805 2740 nos
2841 2700 2936 2754 per
2959 2697 3241 2756 peccatum
3270 2690 3498 2753 mortui,
3536 2693 3850 2748 revivisca-

2246 2788 2391 2829 mus.
2432 2776 2576 2841 Quin
2607 2775 2710 2846 ipsi
2744 2793 2966 2849 quoque
3025 2788 3154 2834 ante
3204 2767 3503 2838 salutiiera:
3553 2786 3849 2852 passionis

2248 2872 2465 2933 tempus
2509 2866 2866 2936 jcjuuantes,
2923 2868 3146 2924 Christo
3213 2875 3544 2928 commortui
3595 2891 3855 2939 sumus.
3939 2865 3942 2910 έ

2245 2957 2477 3012 turbidis
2530 2959 2790 3014 nimirum
2843 2963 3014 3017 animi
3072 2961 3315 3019 motibus
3337 2967 3606 3034 oppressis
3652 2980 3718 3024 et
3751 2985 3852 3024 εἰ·
3939 2985 3942 3002 '

2248 3049 2486 3114 stinctis,
2518 3059 2578 3105 ut
2607 3067 2901 3122 purgemur
2940 3071 2954 3108 :
2995 3070 3058 3110 ac
3095 3058 3260 3112 simul
3291 3056 3617 3124 mortiﬁcati,
3667 3061 3844 3116 simul

2250 3145 2684 3210 resurreximus,
2718 3147 2977 3214 praeclara
3015 3148 3261 3203 videlicet
3301 3159 3351 3203 et
3378 3149 3607 3204 salutari
3652 3169 3845 3208 resur-

2241 3238 2482 3293 rectione
2510 3251 2522 3286 :
2550 3239 2884 3309 proindcque
2905 3241 3065 3296 simul
3093 3243 3254 3296 etiam
3283 3243 3575 3312 gloriﬁcati
3611 3262 3836 3302 sumus.

2309 3331 2427 3386 Col.
2463 3331 2569 3386 662
2607 3330 2672 3390 D.
2707 3332 2960 3398 Quamvis
3001 3343 3176 3389 autem
3223 3337 3488 3404 permulta
3518 3338 3678 3391 illius
3711 3349 3838 3392 tem-

2237 3423 2401 3490 poris,
2421 3431 2528 3478 etc.
2563 3422 2840 3478 Permulta
2875 3434 3003 3479 sunt
3065 3441 3127 3481 ea
3183 3428 3471 3492 miracula,
3509 3444 3643 3499 quae
3687 3431 3834 3484 cira

2238 3519 2550 3583 passionem
2606 3523 2662 3570 et
2721 3531 2940 3570 crucem
2973 3519 3319 3588 contigerunt
3351 3536 3365 3574 :
3408 3535 3678 3588 quaenam
3702 3522 3836 3575 illa?

2240 3605 2382 3660 Deus
2430 3607 2483 3660 in
2537 3622 2700 3662 cruce
2749 3608 2994 3674 sullixus,
3033 3625 3137 3664 nou
3192 3620 3472 3680 quatenus
3525 3612 3708 3677 Deus,
3741 3614 3828 3667 sed

2239 3707 2516 3766 quatenus
2551 3699 2666 3767 ipse
2700 3714 2919 3769 quoque
2949 3701 3112 3756 homo
3135 3711 3236 3758 est.
3269 3701 3336 3756 Et
3364 3702 3480 3758 lure
3509 3705 3830 3759 commani-

2235 3789 2469 3844 cationis
2511 3790 2682 3861 ﬁgura
2730 3799 2835 3854 est,
2880 3807 2986 3861 qua
3041 3803 3274 3864 utraque
3337 3807 3536 3848 natura
3607 3806 3827 3866 propter

2233 3883 2637 3952 hypostaticam
2674 3885 3034 3949 identitatem,
3090 3899 3451 3956 mutuumque
3497 3888 3740 3944 alterius
3777 3890 3824 3942 in

2233 3976 2458 4028 alteram
2514 3975 2808 4030 transitum
2872 3977 3232 4046 proprietates
3290 3993 3420 4032 suas
3468 3994 3600 4032 cum
3649 3981 3818 4033 altera

2232 4067 2598 4122 communicat
2653 4084 2670 4123 :
2740 4069 2977 4124 tenebrae
3063 4071 3131 4125 ab
3207 4073 3335 4124 hora
3407 4081 3568 4127 sexta
3643 4087 3815 4142 usque

2231 4160 2300 4216 ad
2357 4176 2599 4224 nonam,
2655 4161 2773 4216 sole
2833 4161 3087 4216 videlicet
3157 4165 3450 4230 patientem
3513 4162 3812 4219 Dominum

2231 4254 2466 4322 lugente,
2494 4268 2559 4308 ac
2577 4253 2983 4322 quodammodo
3027 4254 3101 4308 illi
3149 4257 3607 4322 condolesceute;
3635 4260 3812 4311 velum

2230 4346 2486 4412 scissum,
2523 4345 2594 4400 ob
2638 4345 2871 4411 luctum,
2900 4355 3069 4413 atque
3117 4356 3179 4400 ut
3228 4348 3585 4417 perspicuum
3632 4350 3810 4409 ﬁeret,

549 4435 849 4502 noluerint,
880 4437 934 4490 in
967 4440 1258 4508 praesentia
1285 4441 1663 4511 conquiescat,
1695 4451 1857 4513 atque
1889 4445 1942 4500 in
1969 4446 2117 4500 aliud
2151 4467 2198 4526 ο
2227 4435 2465 4490 diVinam
2529 4436 2855 4506 Potentiam.
2918 4452 3042 4507 quae
3104 4439 3307 4508 ιεηιριο
3365 4441 3564 4505 illa“.
3631 4457 3814 4496 feces-

547 4535 757 4596 tempns
790 4529 1086 4599 rejiciatur.
1140 4531 1252 4588 Nec
1311 4535 1458 4587 enim
1518 4534 1761 4604 profecto
1805 4537 1965 4591 nobis
2019 4539 2122 4591 hoc

545 4627 824 4673 certamen
858 4623 1050 4676 terrori
1080 4623 1204 4688 erit,
1248 4640 1345 4694 pro
1381 4625 1511 4690 Deo,
1544 4635 1744 4681 etcum
1776 4626 1886 4682 Deo
1920 4629 2117 4682 bellum

548 4711 885 4776 gerentibus.
920 4712 1077 4769 Nunc
1123 4731 1250 4769 vero
1304 4715 1356 4769 in
1411 4732 1682 4785 summam
1715 4719 2009 4788 redigenda
2040 4731 2124 4774 est

547 4799 744 4863 oratio,
771 4815 835 4853 ac
873 4804 1190 4857 conti-actim
1226 4805 1298 4858 ita
1341 4806 1629 4860 dicendum
1661 4823 1676 4861 :
1707 4810 1786 4862 0h
1817 4809 1958 4864 hanc
1987 4825 2120 4866 cau-

546 4902 662 4942 sam
697 4905 727 4943 a
771 4890 878 4945 Deo
909 4895 1076 4948 creati
1127 4911 1338 4960 smnus,
1379 4907 1437 4952 ut
1468 4898 1730 4953 beneﬁcio
1757 4900 2118 4968 aﬁiceremur,

547 4992 712 5050 atque
761 4985 896 5038 adeo
959 4986 1220 5042 beneﬁcio
1277 4989 1452 5045 aﬁ'ecti
1508 5007 1732 5052 sumus:
1797 4993 2116 5049 beneﬁcium

546 5085 724 5126 autem
770 5074 899 5129 illud
948 5077 1069 5142 fuit,
1104 5079 1247 5148 quod
1272 5083 1560 5148 paradisus
1588 5083 1747 5138 nobis
1781 5086 2115 5140 commissus

546 5174 648 5229 est,
680 5179 733 5220 ut
759 5168 958 5224 divinis
997 5171 1206 5226 deliciis
1237 5172 1562 5228 lrueremur.
1606 5173 1918 5229 Mandatum
1964 5191 2121 5230 acce-

551 5257 752 5321 pimus.
784 5267 842 5311 ut
889 5260 987 5314 hoc
1038 5272 1255 5316 servato
1287 5264 1514 5332 gloriam
1547 5281 1987 5336 assequeremur.
2017 5267 2119 5321 llo-

555 5345 756 5400 minem
794 5350 938 5402 enim
977 5353 1207 5420 primum
1243 5356 1482 5424 probari,
1537 5369 1700 5427 atque
1747 5361 2120 5428 experimento

553 5449 651 5506 per
683 5441 924 5493 mandati
952 5445 1387 5501 observationem
1415 5448 1598 5516 perﬁci
1632 5451 1932 5518 oportebat,
1959 5459 2120 5518 atque

545 5537 626 5598 ita
674 5530 870 5587 deinde
933 5551 1031 5604 pro
1095 5538 1314 5594 virtutis
1378 5543 1599 5608 ιιι-ωηιῐο
1653 5543 2115 5599 immortalitatem

625 5693 667 5726 “
699 5690 852 5751 Joan.
886 5712 1000 5759 vm,
1045 5696 1132 5754 48.
1226 5698 1266 5730 ³⁵
1293 5697 1449 5765 Joan,
1483 5714 1533 5764 ν,
1570 5698 1767 5763 l7,18.

1856 5702 1899 5734 ³ο
1926 5701 2108 5758 Matth.
2148 5717 2243 5770 vti,
2267 5703 2358 5758 ςὶξ).

2221 4527 2380 4592 sisse,
2442 4527 2778 4598 domumque
2829 4528 3126 4594 desertam,
3181 4545 3248 4584 ac
3317 4531 3606 4602 gentilibus
3659 4534 3810 4586 exci-

2221 4619 2454 4673 dendam
2504 4627 2560 4674 et
2599 4620 2945 4674 evertendam
3003 4620 3312 4690 reliquisse.
3343 4621 3442 4676 Vel
3491 4625 3600 4678 ideo
3651 4624 3802 4676 scis-

2221 4724 2343 4763 sum
2385 4718 2468 4762 est
2513 4709 2724 4774 velum,
2766 4719 2826 4763 ut
2869 4709 3071 4764 ethnici
3123 4713 3326 4766 Sancta
3365 4713 3633 4779 viderent,
3677 4729 3805 4784 quae

2220 4799 2391 4855 Judaei
2430 4801 2757 4870 impediente
2796 4801 2989 4856 littera:
3035 4803 3289 4858 crassitie
3319 4820 3669 4876 nequaquam
3717 4807 3803 4860 vi-

2227 4895 2450 4950 debant.
2515 4894 2652 4949 Nam
2718 4910 2840 4949 cum
2914 4897 3279 4952 sanctiﬁcatio
3345 4901 3590 4954 nondum
3676 4904 3800 4955 data

2225 4985 2499 5052 easet,sed
2522 4987 2576 5040 in
2611 4986 3124 5042 Dominiadventum
3151 4996 3207 5042 et
3233 4993 3579 5057 praesentiam
3611 5006 3802 5046 serva-

2219 5087 2396 5146 rctur,
2448 5078 2588 5149 ipse,
2623 5077 2897 5148 pertracto
2937 5079 3079 5144 velo,
3108 5095 3172 5134 ac
3199 5091 3520 5136 sanctorum
3555 5086 3800 5147 arcanis,

2219 5186 2343 5240 quae
2378 5171 2604 5240 ingratis
2626 5179 2680 5225 et
2713 5171 3088 5239 pervicacibus
3137 5170 3343 5228 Iudaeis
3384 5183 3575 5242 operta
3611 5186 3792 5240 erant,

2221 5263 2524 5332 patefactis,
2575 5264 2642 5317 ad
2677 5262 2954 5317 coclestem
2995 5266 3374 5334 cognationem
3429 5266 3590 5320 nobis
3653 5269 3793 5320 viain

2223 5356 2500 5425 patefecit.
2531 5354 2767 5426 Sanguis
2800 5365 2855 5412 et
2886 5373 3026 5427 aqua
3071 5373 3137 5412 ex
3199 5357 3370 5413 latere
3422 5361 3790 5429 proﬂuentes,

2221 5450 2450 5505 alterum
2480 5449 2546 5504 ad
2586 5451 2873 5504 delendum
2930 5451 3209 5507 servitutis
3261 5463 3458 5510 nostra:
3504 5457 3793 5526 chirogra.

2221 5543 2385 5612 phum
2419 5560 2432 5596 :
2468 5544 2700 5597 alterum
2740 5544 2806 5598 ad
2863 5543 3167 5601 libertatein
3207 5558 3453 5605 nostram
3507 5566 3606 5619 per
3663 5554 3785 5607 sub-

2436 5703 2477 5735 ³⁷
2518 5699 2648 5758 Gen.
2688 5719 2747 5767 ll,
2785 5700 2866 5756 i7.
