4050 6198
296 269 436 335 1409

1233 271 1559 330 NICETAS
1602 270 1681 330 IN
1723 269 1946 329 ORAT.
1986 271 2154 328 XLll
2192 270 2252 329 S.
2295 271 2526 332 GREG.

3415 276 3550 336 1410

292 385 647 455 scriptionem
687 388 840 454 regio
874 399 1028 438 more
1052 383 1509 438 confirmandam.
1548 380 1722 434 Porro
1774 396 1868 448 per
1899 383 1944 439 Α
1973 378 2244 434 habitur-Ic
2277 389 2428 433 sunt.
2483 379 2604 435 Vita
2638 382 2862 450 insuper
2909 391 3161 446 vocatur,
3198 384 3326 453 quia
3386 397 3549 441 natu-

291 479 492 547 duplex
547 477 678 531 illud
737 477 1088 546 profluvium,
1146 475 1343 544 duplex
1407 474 1712 542 baptismus
1768 475 1863 526 de-

289 569 607 638 signabatur
651 587 664 622 :
704 569 886 632 alter,
948 568 1042 637 qui
1107 583 1202 636 per
1261 581 1460 634 aquam
1524 565 1860 632 conficitur;

296 661 430 713 alter
487 662 579 729 qui
653 676 748 730 per
844 660 1208 730 martyrium,
1269 675 1394 713 cum
1453 658 1705 712 videlicet
1741 674 1864 726 per.

290 749 582 804 secutionis
639 735 887 820 tempus
919 765 1022 804 nos
1073 749 1127 803 in
1165 750 1473 819 periculum
1544 748 1860 803 adduxerit.

290 837 494 895 Rursus
515 841 740 909 sanguis
765 838 1064 910 profluens,
1095 841 1372 895 hominem
1406 841 1690 909 arguebat,
1718 856 1860 909 aqua

287 942 464 986 autem
517 932 774 985 eumdem
803 948 970 1002 supra
1005 934 1304 988 humanam
1335 932 1711 987 conditionem
1743 947 1864 988 esse

285 1023 626 1078 ostendebat.
660 1022 830 1077 Terra
850 1031 1084 1079 tremore
1111 1039 1384 1080 concussa
1417 1033 1472 1079 et
1493 1024 1547 1078 in
1583 1023 1864 1079 meliorem

285 1119 491 1165 statum
555 1111 915 1166 mutationem
961 1113 1288 1178 declarans,
1347 1113 1435 1167 vel
1487 1113 1650 1167 etiam
1715 1113 1861 1181 quod

286 1205 548 1256 adversus
585 1215 681 1256 eos
732 1202 822 1270 qui
862 1204 1170 1272 petulanter
1216 1213 1270 1258 et
1325 1204 1532 1258 furiose
1585 1205 1862 1259 Christum

290 1291 664 1347 acerbissimis
720 1292 1071 1347 contumeliis
1119 1301 1370 1348 vexatum
1427 1294 1814 1348 interfecerant
1846 1335 1861 1359 ,

289 1384 366 1437 ira
397 1385 834 1438 excandesceret.
871 1384 1045 1438 Petra:
1097 1400 1194 1454 pro
1224 1384 1382 1439 Petra
1427 1395 1721 1455 perruptae,
1760 1385 1866 1441 hoc

286 1484 391 1542 est,
422 1490 518 1544 pro
541 1472 777 1537 Christo,
801 1487 864 1527 ac
883 1471 1205 1527 Judaeorum
1239 1476 1532 1528 amentiam
1558 1490 1867 1544 coarguen-

287 1577 414 1620 tes:
447 1563 702 1634 quoniam
752 1579 877 1618 cum
937 1565 1088 1634 ipsre,
1141 1565 1306 1618 etiam
1358 1566 1541 1620 anima
1588 1576 1862 1630 carentes,

284 1657 482 1710 timore
503 1655 1003 1724 confringerentur,
1041 1657 1116 1710 illi
1159 1666 1349 1712 contra
1386 1659 1439 1712 in
1490 1658 1732 1728 lapidum
1766 1672 1865 1710 na-

1972 485 2086 521 ram
2112 485 2326 522 onmem
2352 472 2674 524 rationalem
2703 482 3072 540 coagmentat,
3105 484 3266 543 atque
3295 475 3348 528 in
3369 487 3548 530 ortum

1969 561 2242 628 producit.
2291 559 2356 612 In
2392 563 2505 629 ipso
2567 562 2710 615 enim
2746 563 2990 624 vivimus,
3045 574 3095 616 et
3155 581 3438 628 movemur,
3500 575 3551 618 ct

1969 651 2222 706 sumus”.
2242 652 2518 721 Sapientia
2539 664 2740 718 autem,
2773 665 2831 707 ut
2867 656 3050 708 omnia
3072 657 3285 726 cognita
3324 659 3552 720 habens.

1972 753 2082 798 tam
2132 745 2315 798 divina
2355 762 2518 814 quam
2559 747 2822 801 humana.
2853 747 2986 801 Nam
3025 751 3116 817 qui
3156 765 3240 802 res
3267 750 3539 813 condidit,

1980 833 2121 886 idem
2156 836 2350 886 harum
2386 848 2606 902 quoque
2655 849 2855 889 causas
2884 843 2930 888 el
2953 838 3204 890 rationes
3237 845 3550 905 perspCItas

1968 923 2152 979 habet.
2193 922 2442 978 Potentia
2495 941 2648 989 vero,
2684 934 2744 980 ut
2793 935 3150 981 conservator
3191 945 3379 981 eorum
3431 945 3553 999 quae

1968 1014 2037 1069 ab
2063 1014 2182 1084 ipso
2216 1026 2399 1070 creata
2433 1026 2582 1081 sunt,
2619 1032 2851 1087 eamque
2881 1018 2987 1074 illis
3026 1020 3135 1073 vim
3172 1020 3442 1088 praebens,
3496 1030 3554 1075 ut

1968 1115 2362 1160 conserventur
2398 1121 2460 1160 ac
2497 1108 2826 1162 cohaereant.
2870 1107 3084 1164 Rursus
3133 1109 3334 1163 mentis
3377 1111 3549 1163 soboo

1968 1196 2073 1259 les,
2106 1206 2166 1250 ut
2203 1195 2442 1250 Verbum
2511 1212 2824 1252 connexum
2871 1214 2996 1253 cum
3031 1200 3278 1270 genitore
3320 1215 3442 1264 suo,
3491 1215 3554 1254 ac

1972 1293 2112 1345 citra
2148 1291 2462 1360 passionem
2502 1301 2844 1360 generatum,
2902 1295 3124 1360 perinde
3155 1310 3219 1348 ac
3273 1309 3458 1348 sermo
3486 1309 3553 1347 ex

1970 1393 2174 1436 mente.
2214 1380 2570 1452 Signaculum
2627 1392 2850 1448 autem,
2910 1395 2968 1436 ut
3025 1395 3195 1438 totum
3237 1386 3446 1439 Patrem
3501 1391 3552 1440 in

1969 1475 2150 1543 seipso
2185 1488 2505 1544 erpressum
2568 1475 2799 1538 habens,
2852 1487 3015 1545 atque
3060 1479 3377 1542 ostendens,
3445 1495 3551 1533 non

1970 1577 2134 1617 secus
2174 1578 2238 1616 ac
2268 1564 2486 1634 signum
2536 1566 2817 1635 exemplar
2848 1578 3006 1620 suum
3061 1567 3244 1619 refert.
3279 1567 3395 1619 Jam
3429 1584 3556 1621 vero

1973 1670 2119 1710 unus
2167 1665 2334 1725 atque
2393 1657 2535 1710 idem
2591 1658 2848 1714 Christus
2881 1669 2939 1713 ut
2975 1658 3218 1713 Verbum
3270 1675 3334 1712 ac
3388 1650 3553 1724 Deus,

283 1757 460 1800 turam
490 1745 920 1814 degenerabant,
955 1758 1121 1817 atque
1155 1758 1210 1803 et
1241 1751 1306 1803 ad
1345 1724 1598 1805 timorem
1637 1750 1866 1819 stupidi,
1902 1724 1943 1777 Β
1975 1749 2185 1802 ratione
2236 1724 2580 1816 intelligitur,
2638 1765 2746 1803 non
2802 1761 2984 1816 autem
3023 1753 3288 1805 cernitur.
3348 1750 3554 1805 Natura

280 1845 338 1891 et
361 1834 431 1889 ad
455 1833 780 1890 beneficium
805 1837 998 1905 ingrati
1032 1841 1447 1908 permanebant.
1467 1841 1658 1895 Mortui
1686 1858 1870 1897 resurs

283 1935 496 1996 gentes,
531 1936 694 1997 atque
723 1927 779 1981 in
814 1929 1092 1984 civitatem
1121 1933 1489 1999 introeuntcs,
1521 1934 1588 1988 ad
1619 1949 1869 1989 commu-

285 2021 375 2075 nis
408 2021 832 2075 resurrectionis
884 2023 1385 2090 confirmationem,
1417 2042 1482 2080 ac
1527 2036 1866 2081 mortuorum

287 2113 356 2165 ad
390 2126 688 2181 supernam
719 2113 884 2166 vitam
920 2115 1311 2171 restitutionis.
1365 2118 1532 2186 Signa
1568 2119 1768 2187 partim
1803 2119 1869 2173 ad

288 2203 646 2272 sepulcrum,
704 2203 902 2272 partim
947 2216 1076 2273 post
1133 2207 1449 2274 sepulcrum
1499 2207 1666 2269 edita,
1725 2209 1871 2262 velut

285 2295 437 2363 quod
475 2294 727 2350 Christus
762 2294 1052 2364 obsignato
1086 2309 1448 2352 monumento
1478 2300 1866 2365 resurrexerit,

289 2389 442 2442 velut
479 2401 636 2444 terrae
689 2400 893 2454 motus,
949 2391 1144 2458 lapidis
1205 2391 1496 2454 revolutio,
1550 2393 1869 2462 angelorum

286 2481 554 2545 visiones,
586 2483 930 2549 linteamina,
983 2492 1041 2539 et
1090 2484 1395 2540 sudarium.
1449 2484 1613 2539 Multa
1645 2485 1866 2554 quidem

285 2587 355 2626 ac
379 2573 635 2641 praeclara
696 2586 826 2629 sunt
870 2575 987 2629 hate
1034 2576 1326 2641 miracula,
1359 2577 1452 2630 sed
1485 2577 1694 2630 nullum
1743 2592 1867 2630 cum

285 2662 482 2718 salutis
542 2680 674 2718 meze
735 2666 1002 2721 miraculo
1035 2667 1430 2722 conferendum
1481 2680 1588 2722 est.
1645 2667 1870 2736 Exiguae

286 2755 435 2807 enim
459 2758 672 2812 cruoris
701 2769 868 2826 guttae
895 2760 1084 2814 orbem
1121 2760 1436 2816 universum
1466 2761 1868 2826 instaurarunt,

289 2847 396 2902 hoc
418 2856 524 2911 est,
545 2852 618 2902 ita
644 2851 994 2915 innovarunt,
1024 2859 1084 2906 ut
1115 2866 1318 2906 novum
1344 2853 1471 2906 vita:
1493 2851 1598 2905 iter
1628 2860 1871 2906 sectare-

289 2948 400 3002 tur,
437 2953 501 2992 ac
533 2953 632 2995 nos
665 2942 717 2994 in
752 2956 920 2994 unum
975 2943 1390 3012 conjunxerunt
1437 2952 1491 2997 et
1520 2944 1871 2998 constrinxe-

1971 1840 2119 1892 enim
2148 1839 2334 1893 divina
2385 1855 2608 1893 sensum
2652 1855 2872 1895 omnem
2904 1842 3192 1895 oculorum
3225 1842 3413 1910 ellugit
3449 1861 3461 1895 :
3495 1852 3556 1896 ut

1974 1941 2160 1985 autem
2220 1932 2409 1996 homo,
2443 1933 2610 1984 etiam
2665 1934 2928 1986 cernitur.
2962 1931 3087 1997 Qui,
3122 1934 3275 2001 juxta
3318 1935 3555 2002 Aposto-

1971 2021 2154 2086 lum“,
2185 2021 2370 2075 omnia
2402 2031 2580 2090 portat
2609 2031 2664 2076 et
2691 2024 2933 2076 continet
2964 2023 3180 2091 alligata
3214 2033 3268 2076 et
3290 2023 3555 2077 'constri-

1972 2125 2059 2169 cta
2092 2115 2255 2168 verbo
2287 2130 2350 2168 ac
2376 2126 2650 2184 praecepto
2690 2115 2906 2168 virtutis
2941 2129 3080 2168 suae.
3112 2113 3273 2175 Nam,
3309 2125 3364 2168 ut
3395 2115 3550 2178 dixit,

1971 2207 2045 2260 ita
2079 2206 2220 2260 facta
2249 2205 2428 2260 sunt‘o
2461 2224 2475 2272 ;
2505 2216 2564 2259 ut
2594 2206 2753 2268 dixit,
2801 2209 2874 2263 ita
2905 2209 3193 2260 manent“.
3245 2207 3381 2260 llnic
3424 2222 3552 2259 ora-

1974 2297 2176 2352 tionem
2224 2312 2380 2353 suam
2410 2302 2571 2353 ollert
2601 2298 2938 2368 Theologus,
2967 2313 3134 2367 quam
3164 2304 3278 2351 vult
3330 2299 3550 2366 quidem

1971 2389 2246 2458 primitias
2306 2391 2618 2455 nominare,
2659 2391 2808 2444 velut
2856 2391 2990 2444 alias
3019 2405 3236 2458 quoque
3265 2399 3386 2458 post
3431 2405 3550 2443 eam

1971 2481 2255 2536 oblaturus
2293 2500 2306 2536 :
2342 2495 2529 2534 verum
2566 2481 2871 2544 addubitat,
2902 2491 3068 2550 atque
3121 2483 3200 2535 ait
3238 2483 3377 2534 hanc
3422 2495 3554 2534 ora.

1975 2574 2176 2629 tionem
2216 2575 2488 2642 primitias
2528 2573 2764 2628 fortasse
2799 2589 2907 2628 non
2958 2590 3101 2640 esse,
3145 2575 3238 2629 sed
3282 2577 3442 2627 linem
3498 2581 3554 2625 et

1971 2665 2455 2733 complementum.
2497 2667 2635 2719 Nam
2671 2675 2891 2736 propter
2933 2676 3295 2728 senectutem,
3351 2667 3550 2733 inquit,

1974 2755 2119 2810 haud
2155 2757 2298 2821 scio,
2344 2758 2628 2826 longiorne
2673 2738 2967 2812 mihi‘vita
3002 2759 3409 2827 suppeditatura
3458 2760 3551 2821 sit,

1973 2857 2033 2901 ut
2067 2847 2206 2903 alias
2251 2865 2474 2919 quoque
2522 2851 2719 2904 offerre
2749 2867 2971 2920 queam,
3003 2852 3192 2920 sicque
3231 2864 3419 2903 earum
3462 2865 3552 2902 ra~

1975 2939 2122 2994 tione
2192 2940 2311 2994 haec
2361 2942 2541 2994 oratio
2604 2943 2919 3010 primitialis
2999 2945 3335 2998 nominetur.
3398 2942 3551 2996 Hanc

288 3034 569 3090 runt,non
597 3042 756 3082 secus
781 3043 845 3083 ac
873 3029 1190 3099 coagulum,
1211 3031 1256 3084 si
1290 3030 1345 3084 in
1378 3030 1462 3086 lac
1486 3031 1786 3100 injiciatur,
1817 3028 1868 3084 id
1899 3049 1942 3110 α
1975 3046 2136 3102 porro
2166 3031 2354 3097 oﬂ‘ero,
2398 3033 2591 3101 partim
2646 3035 2713 3087 de
2768 3034 3046 3090 beneficiis
3095 3036 3148 3088 in
3205 3051 3292 3090 me
3334 3036 3554 3089 collatis

289 3118 438 3182 quod
469 3117 523 3170 in
555 3133 619 3172 eo
646 3119 955 3187 dispersmn
992 3135 1056 3175 ac
1077 3120 1302 3175 ﬂuidum
1325 3129 1430 3184 est,
1449 3123 1768 3184 condensat,
1787 3132 1870 3174 at-

287 3222 400 3274 que
418 3208 471 3261 in
488 3223 652 3262 unum
670 3209 903 3262 solidum
921 3226 1118 3278 corpus
1139 3211 1436 3280 compingit
1454 3221 1507 3264 et
1522 3210 1749 3278 colligit.
1769 3209 1872 3264 Co-

287 3297 515 3364 agulum
546 3306 725 3351 autem
745 3309 825 3352 est
846 3299 1080 3354 lacteum
1095 3300 1249 3363 illud,
1271 3301 1417 3368 quod
1442 3301 1494 3353 in
1513 3299 1614 3353 ticu
1633 3299 1868 3369 est(24),

285 3405 509 3460 quoque
561 3391 808 3445 nonnulli
844 3392 912 3446 ad
960 3391 1409 3446 condensandum
1462 3392 1549 3444 lac
1611 3399 1864 3446 utuntur.

359 3481 479 3536 Col.
520 3482 626 3537 665
668 3483 736 3537 A.
766 3484 855 3548 At,
884 3501 913 3536 ο
951 3483 1182 3548 Pascha,
1233 3499 1506 3552 magnum,
1557 3484 1795 3552 inquam,
1823 3491 1871 3535 et

289 3591 498 3628 sacrum
521 3575 753 3640 Pascha,
775 3586 883 3631 etc.
915 3576 1039 3631 llaac
1066 3578 1251 3641 verba,
1278 3575 1322 3630 Ο
1348 3575 1555 3632 Pascha
1581 3590 1865 3645 magnum,

293 3669 360 3720 ad
395 3667 592 3723 festum
635 3670 844 3738 ipsum,
868 3671 1097 3740 perinde
1141 3685 1206 3724 ac
1237 3670 1348 3723 vita
1374 3671 1660 3740 praeditum
1684 3667 1870 3723 refert.

291 3761 387 3815 llla
420 3772 626 3827 autem,
665 3762 709 3818 Ο
764 3764 1003 3818 Verbum
1054 3765 1169 3830 Dei,
1225 3774 1276 3819 et
1315 3780 1437 3834 quae
1483 3765 1742 3833 deinceps
1781 3779 1870 3819 se-

299 3862 563 3920 quuntur,
599 3855 664 3908 ad
714 3853 1017 3918 Christum,
1055 3856 1341 3924 spirituale
1386 3854 1623 3920 Pascha,
1657 3870 1753 3924 per
1783 3870 1874 3910 ac-

297 3944 680 4000 clamationem
713 3947 918 4016 dirigit.
962 3947 1214 4003 Christus
1253 3963 1415 4016 porro
1447 3945 1685 4002 Verbum
1731 3947 1870 4002 dici-

298 4042 405 4099 tur,
427 4044 652 4104 propter
680 4037 1090 4105 generationem
1139 4035 1413 4105 passionis
1459 4044 1766 4104 expertem,
1817 4045 1871 4090 et

297 4126 425 4194 quia
456 4127 614 4182 nobis
637 4125 853 4182 Patrem
891 4127 1163 4181 enuntiat.
1193 4126 1306 4181 Lux
1337 4135 1546 4194 autem,
1583 4138 1645 4180 ut
1680 4127 1869 4196 splen-

295 4220 399 4270 .lor
425 4218 755 4284 animarum,
789 4233 915 4287 qua:
946 4227 1000 4273 et
1033 4219 1141 4273 vita
1169 4229 1223 4273 et
1263 4233 1519 4272 sermone
1546 4227 1870 4288 purgantur.

297 4308 433 4362 Nam
493 4310 540 4363 si
607 4310 916 4381 ignorantia
969 4319 1023 4364 et
1080 4318 1361 4380 peccatum
1423 4312 1661 4364 tenebrae
1719 4319 1871 4374 sunt,

1977 3125 2184 3193 gratias
2215 3139 2403 3192 agens,
2428 3125 2624 3189 partim
2661 3128 2998 3194 supplicans,
3038 3143 3102 3180 ne
3145 3139 3336 3195 praeter
3365 3142 3551 3180 sacras

1974 3224 2030 3269 et
2086 3219 2429 3268 necessarias
2487 3231 2650 3268 curas
2698 3216 2996 3284 quidquam
3047 3231 3305 3271 aerumna:
3355 3220 3550 3285 patiar.

1974 3305 2110 3359 Nam
2147 3320 2247 3374 pro
2299 3306 2406 3360 illis
2456 3307 2707 3360 laborare
2743 3319 2908 3376 atque
2934 3307 3096 3376 afﬂigi
3146 3324 3370 3362 necesse
3408 3323 3489 3362 est.
3525 3328 3538 3360 :

1973 3411 2078 3450 nec
2116 3411 2212 3450 eas
2257 3411 2450 3451 recuso
2499 3411 2565 3451 ac
2619 3397 2886 3451 detrecto.
2939 3397 3304 3467 Tyrannidem
3369 3407 3552 3452 autem

1979 3489 2229 3557 corpOris
2290 3487 2590 3558 Gregorius
2657 3488 2911 3542 morbum
2975 3489 3212 3559 appellat
3276 3490 3553 3558 (podagra

1977 3577 2213 3632 fortasse
2238 3580 2377 3647 erat)
2409 3593 2576 3647 quam
2625 3577 2790 3632 etiam
2826 3579 2962 3634 solvi
3013 3589 3288 3649 precatur,
3327 3591 3382 3635 ut
3413 3597 3540 3634 eum

1977 3669 2329 3739 vehementer
2383 3670 2847 3724 contrahentem:
2897 3671 2980 3725 vel
3010 3671 3215 3741 potius,
3275 3689 3380 3726 non
3407 3688 3556 3726 rnor-

1978 3760 2135 3828 bum,
2165 3761 2262 3816 sed
2295 3759 2388 3815 Dei
2419 3763 2772 3826 sententiam,
2801 3779 2909 3834 qua
2948 3764 3039 3818 hic
3080 3765 3305 3818 morbus
3338 3766 3403 3818 ad
3469 3766 3555 3833 ip-

1979 3852 2098 3907 sius
2121 3853 2502 3923 purgationem
2535 3852 2794 3908 decretus
2813 3852 3013 3907 fuerat.
3043 3853 3336 3908 Pollicctur
3368 3862 3554 3909 autem

1978 3943 2304 4015 Theologus,
2340 3945 2388 4000 si
2425 3957 2730 4000 extremum
2764 3933 2889 4000 vitae
2919 3947 3086 4009 diem,
3135 3947 3206 3998 ita
3239 3955 3298 3998 ut
3329 3947 3551 4014 expetit,

1976 4034 2296 4099 confecerit,
2339 4045 2502 4104 atque
2550 4037 2604 4089 in
2637 4048 2838 4096 aeterna
2892 4036 3242 4090 tabernacula
3301 4047 3555 4104 receptus

1976 4125 2169 4188 fuerit,
2222 4127 2334 4180 illic
2363 4142 2582 4195 quoque
2621 4140 2681 4179 se
2733 4140 2900 4193 super
2930 4125 3104 4179 altare
3155 4123 3247 4180 Dei
3282 4129 3554 4180 Sacrificia

1977 4227 2132 4286 grata
2185 4217 2520 4271 oblaturum.
2576 4218 2708 4283 Quae
2739 4219 2901 4272 Verba
2951 4220 3021 4274 ab
3065 4218 3204 4274 Isaia
3262 4231 3550 4273 mutuatus

1976 4310 2248 4383 est,.apud
2286 4323 2448 4376 quem
2484 4309 2626 4363 Deus
2656 4310 2734 4362 ita
2767 4309 3042 4380 loquitur:
3069 4311 3135 4365 Et
3164 4313 3384 4381 a/ferent
3413 4313 3552 4365 dona

296 4400 522 4455 scientia
547 4410 696 4456 certe
726 4416 791 4455 ac
826 4401 975 4471 justa
1022 4408 1074 4455 et
1121 4399 1306 4453 divina
1338 4401 1447 4453 vita
1500 4400 1637 4455 lucis
1671 4414 1869 4454 nomen
1905 4398 1948 4453 D
1975 4410 2132 4471 grata
2161 4401 2230 4454 ad
2249 4400 2422 4455 altare
2448 4402 2701 4456 meum“.

835 4719 959 4808 ΙΝ
1037 4716 1759 4811 ORATIONEM
1837 4722 2175 4846 XLIV,
2251 4721 2561 4816 OLIM
2630 4728 3006 4816 XLIII.

810 5023 1353 5080 ARCUMENTUM.

366 5119 783 5174 Demonstrativi
832 5118 1034 5187 generis
1097 5128 1174 5170 est
1230 5117 1343 5172 lucc
1398 5118 1571 5171 oratio

294 5222 470 5268 tanton
507 5213 809 5267 suasoriam
841 5209 1235 5281 quodammodo
1277 5211 1574 5264 admixtum
1621 5219 1726 5264 est.
1759 5210 1875 5263 Αιι-

364 5372 415 5404 "
445 5372 562 5427 Act.
591 5386 727 5437 xvu,
759 5369 850 5425 28.
926 5371 971 5403 ”
998 5370 1165 5426 Hebr.
1195 5388 1235 5435 ι,
1280 5370 1335 5424 5.

359 5527 484 5608 ,(24)
550 5529 800 5608 [foueam
831 5527 966 5608 illud
995 5570 1010 5594 ,
1065 5529 1203 5608 quod
1249 5531 1304 5582 in
1344 5529 1448 5608 ficu
1482 5535 1581 5582 est.
1613 5525 1717 5608 “Ne
1768 5526 1863 5580 tibi
1904 5558 1914 5568 -

293 5597 498 5667 mirum
535 5602 801 5664 videatur,
857 5599 1043 5663 lector,
1077 5597 1402 5667 hujusntodi
1435 5597 1646 5667 coaguli
1691 5611 1864 5667 genus

295 5682 330 5721 a
360 5666 544 5725 Niceta
578 5671 838 5734 describi,
872 5666 1312 5737 quandoquidem
1342 5671 1456 5735 ipse
1487 5666 1705 5734 quoque
1752 5666 1864 5720 Pii.

1621 5133 1639 5170 :
1680 5119 1734 5170 in
1769 5133 1876 5186 qua

1413 5368 1459 5400 ‘°
1505 5369 1652 5428 Psal.
1678 5387 1856 5435 xxx",
1881 5370 1937 5434 9,
1979 5371 2038 5424 ll
2067 5412 2079 5426 .
2109 5371 2151 5403 “
2187 5369 2332 5425 Psal.
2366 5386 2533 5438 XLVII,
2567 5372 2656 5428 15.

1909 4918 1982 4930 .-

1985 5030 2323 5084 monitionem
2355 5033 2494 5085 enim
2527 5034 2704 5096 habet,
2738 5038 3037 5106 partimque
3064 5039 3134 5090 ad
3172 5039 3411 5091 virtutem
3442 5054 3558 5088 am-

1980 5119 2314 5188 plectendam
2378 5125 2674 5178 auditorem
2743 5128 3034 5194 hortatur,
3098 5131 3294 5196 partim
3349 5147 3378 5180 α
3431 5129 3556 5179 vitio

1981 5221 2214 5266 revocat.
2277 5211 2429 5266 Nova
2480 5231 2640 5282 porro
2691 5217 2974 5272 Dominica
3000 5221 3110 5273 dies
3171 5224 3280 5272 Iure
3313 5228 3552 5282 vocatur,

2734 5374 2779 5406 “
2809 5374 2916 5431 lsa.
2951 5392 3041 5442 ιχ,
3078 5377 3131 5431 7.

1985 5530 2130 5604 nius,
2163 5519 2286 5597 cap.
2318 5528 2425 5604 311.Δ
2451 5529 2545 5585 lib.
2585 5549 2692 5597 xw,
2727 5535 2846 5588 ficu.
2896 5533 2964 5587 ad
3001 5535 3327 5604 tignrandos
3359 5551 3555 5590 caseos

1980 5601 2088 5653 vim
2120 5615 2242 5655 esse
2263 5601 2477 5655 scribit.
