4050 6198
218 236 348 302 1413

1124 241 1448 302 NICETAS
1491 244 1571 305 ΙΝ
1613 245 1837 305 ΟΡιΛΤ.
1883 243 2088 304 XLIII
2130 245 2194 306 S.
2234 245 2466 308 GREG.

3337 245 3476 314 14η

212 360 432 422 pacatus
457 349 652 404 animas
683 356 878 411 status,
913 358 1080 416 atque
1105 353 1174 406 ab
1219 351 1512 409 allectuum
1545 356 1786 410 tumultu
1819 361 1866 416 Α
1894 354 2039 423 quod
2073 352 2216 408 Deus
2262 354 2424 409 Pater
2477 353 2618 409 bona
2672 363 2948 411 votuntate
2990 363 3353 428 comprobans
3392 375 3482 414 us-

212 458 274 498 ac
307 444 536 511 strepitu
580 443 736 495 liber.
769 439 1069 496 Jerusalem
1103 445 1272 507 enim,
1307 447 1350 499 si
1384 447 1784 516 interpreteris,

213 535 360 604 pacis
416 533 677 588 visionem
738 532 1030 601 signiﬁcat.
1090 533 1562 601 Quemadmodum
1619 539 1788 608 igitur

213 636 338 681 tunc
373 626 454 679 fas
490 637 596 677 non
624 632 743 678 erat
770 622 971 678 Judaeis
998 625 1213 682 divinos
1243 638 1437 684 cantus
1469 631 1522 685 in
1555 632 1785 687 barbara

213 728 348 774 tet-ru
381 727 623 780 cantare,
665 719 883 771 tametsi
921 718 1029 772 illis
1064 719 1429 777 instrumenta
1484 739 1594 778 non
1628 725 1786 782 dees-

213 819 352 869 sent,
388 823 576 861 verum
614 808 872 862 dicebant
905 825 919 861 :
963 810 1236 874 Quomodo
1288 815 1622 869 cantabimus
1655 833 1785 870 can-

211 903 364 953 ticum
402 900 615 953 Domini
672 901 725 952 in
779 912 924 954 terra
980 903 1152 956 aliena
1174 903 1259 960 “.i
1317 907 1396 961 sic
1430 923 1530 961 nec
1587 911 1784 978 nobis,

210 993 418 1046 etiamsi
453 1006 517 1046 os
543 1006 609 1046 ac
635 991 895 1062 linguam,
927 1009 1050 1063 qua:
1085 999 1354 1051 sermonis
1387 1013 1590 1068 organa
1637 1013 1786 1067 sunt,

217 1083 532 1147 habeamus,
591 1079 674 1137 ias
703 1089 784 1136 est
839 1083 1088 1139 libertate
1142 1085 1399 1156 loquendi
1438 1091 1557 1157 uti,
1592 1090 1643 1143 id
1678 1099 1782 1156 est,

213 1178 436 1231 tidenter
465 1191 531 1230 ac
579 1176 751 1231 libere
798 1176 973 1246 ipsius
1015 1179 1283 1234 auxilium
1317 1196 1566 1250 quaerere
1619 1191 1783 1251 atque

211 1268 522 1337 implorare,
554 1269 798 1338 quandiu
824 1278 1071 1337 peccato,
1093 1286 1202 1339 quo
1234 1275 1364 1327 nulli
1387 1273 1602 1327 barbari
1636 1290 1786 1328 acer-

213 1359 390 1414 biores
447 1362 660 1431 tyranni
712 1372 866 1428 sunt,
927 1367 1307 1432 servierimus,
1343 1381 1506 1436 atque
1565 1369 1621 1422 in
1675 1368 1782 1421 alia

213 1451 486 1520 republica
535 1452 824 1508 fuerimus.
855 1454 929 1509 Os
957 1456 1102 1510 enim
1167 1459 1326 1513 nobis
1371 1459 1637 1529 Propheta
1684 1462 1784 1515 ob-

210 1544 372 1596 struit
406 1543 594 1596 dicens
624 1561 637 1597 :
670 1546 954 1599 Pcccatori
991 1557 1175 1602 autem
1222 1549 1363 1603 dixit
1405 1550 1570 1616 Deus,
1606 1551 1784 1616 Quare

213 1641 268 1684 tu
299 1647 522 1686 enarra:
565 1633 814 1702 justitias
858 1654 1025 1702 meas,
1056 1648 1104 1692 et
1137 1642 1366 1696 assumis
1414 1650 1780 1698 testamentum

1892 447 2084 510 tendit,
2111 455 2166 500 et
2197 444 2435 515 Spiritus
2463 455 2712 512 sanctus,
2745 447 2903 515 cujus
2933 447 3337 520 ligurum—gerit
3382 465 3474 504 sa-

1893 539 2050 608 piens
2082 537 2340 603 Beseleel,
2376 538 2562 592 labore
2588 553 2690 593 suo
2719 550 2772 593 et
2807 539 3074 594 industria
3103 541 3354 610 perfecit,
3411 557 3476 597 ac

1902 631 2202 701 spiritualis
2241 631 2416 684 Moses
2442 628 2694 684 Christus
2729 630 2940 700 Opiﬁcis
2980 632 3086 684 ritu
3123 646 3218 700 per
3251 648 3309 686 se
3346 632 3480 686 clie-

1889 721 2008 786 cit,
2048 722 2342 775 humanam
2377 720 2632 775 videlicet
2678 731 2928 774 naturam
2967 723 3018 775 iu
3056 738 3113 776 se
3149 723 3268 792 ipso
3326 739 3476 776 com-

1885 814 2117 882 pingens
2151 828 2244 881 per
2279 813 2675 882 hypostaticam
2712 814 2989 868 unionem.
3021 813 3163 867 Area
3203 825 3476 882 postremo

1887 920 2070 958 rerum
2101 905 2343 956 omnium
2377 905 2708 958 creationem
2760 903 3048 974 designare
3095 914 3281 974 queat,
3312 923 3474 977 quam

1885 995 2045 1050 Pater
2067 1003 2125 1048 ut
2139 1009 2292 1049 meus
2312 995 2588 1064 cogitavit,
2612 994 2782 1050 Filius
2798 1004 2858 1050 ut
2876 994 3107 1052 Verbum
3127 997 3396 1058 condidit.
3414 1015 3478 1054 ac

1886 1084 2122 1154 denique
2148 1084 2388 1153 Spiritus
2415 1094 2640 1140 sanctus
2662 1087 2922 1141 omnibus
2948 1089 3192 1144 numeris
3213 1089 3472 1144 absolvit.

1956 1175 2094 1228 Ibid.
2125 1176 2190 1228 C.
2220 1173 2346 1228 Jam
2399 1192 2616 1245 regnum
2663 1193 2868 1247 quoque
2919 1177 3128 1232 Davidi'
3167 1181 3472 1234 innovatum

1886 1277 1987 1335 est,
2017 1277 2123 1322 etc.
2169 1267 2331 1322 Prius
2386 1266 2553 1321 David
2588 1283 2617 1322 a
2644 1269 2898 1324 Samuele
2943 1270 3000 1324 in
3046 1270 3322 1326 Bethleem
3371 1290 3472 1326 uu-

1888 1367 2011 1412 ctus
2037 1367 2142 1424 est,
2187 1365 2246 1412 ut
2287 1358 2520 1412 habetur
2550 1358 2571 1412 ι
2605 1359 2738 1428 lteg.
2770 1375 2888 1430 cap.
2919 1377 2976 1416 v.
3005 1361 3229 1426 Deinde,
3259 1365 3470 1417 exstin-

1887 1458 1976 1504 Cto
2008 1449 2194 1513 Saule,
2228 1447 2282 1501 in
2317 1447 2532 1503 Hebrou
2577 1463 2671 1503 rex
2701 1450 2970 1503 salutatus
2999 1460 3103 1514 est,
3143 1461 3196 1504 ut
3239 1462 3472 1506 testatur

1893 1539 2168 1593 secundus
2203 1537 2378 1604 liber;
2405 1538 2565 1592 tertio
2598 1545 2721 1608 post
2770 1538 3046 1592 interitum
3097 1537 3470 1608 Mephiboseth

1889 1632 1960 1686 ab
1985 1630 2260 1686 universis
2292 1629 2566 1685 tribubus.
2602 1630 2742 1700 Ergo
2772 1639 2825 1683 et
2854 1644 2979 1684 cum
3013 1637 3135 1698 post
3161 1630 3470 1684 unctionem

205 1737 377 1776 meum
407 1738 500 1792 Per
556 1741 616 1780 οδ
646 1736 794 1781 tuum
833 1729 876 1762 "
903 1733 929 1787 ?
966 1729 1329 1803 Posteaquam
1358 1744 1541 1790 autem
1573 1751 1636 1790 ex
1669 1738 1784 1806 ερί-
1818 1709 1859 1768 Β
1890 1741 2119 1795 regnum
2161 1725 2263 1795 ipsi
2297 1735 2612 1789 novaretur,
2636 1723 2838 1779 festum
2872 1725 3171 1778 celebravit
3207 1741 3220 1777 :
3256 1733 3312 1779 et
3347 1740 3473 1779 rur-

200 1814 385 1870 rituali
409 1817 725 1887 captivitate
749 1835 844 1890 per
872 1824 1251 1893 ptenitentiam
1274 1827 1429 1897 quasi
1452 1827 1786 1896 postliminio

202 1908 870 1985 redierimus,novamque
891 1931 1086 1973 rursus
1107 1917 1228 1972 vitae
1247 1921 1518 1974 rationem
1539 1929 1593 1976 et
1610 1919 1786 1974 admi-

201 1998 586 2057 nistrationem
611 2003 921 2070 inierimus,
943 2015 1056 2062 tum
1087 2008 1306 2064 demum
1328 2009 1398 2065 ob
1426 2010 1570 2066 hanc
1587 2025 1783 2065 novam

208 2093 404 2160 vitam,
451 2109 654 2151 novum
699 2112 922 2168 quoque
960 2109 1182 2154 cantum
1227 2104 1602 2158 concinemus.
1639 2104 1783 2170 Quin

201 2185 368 2239 etiam
397 2185 497 2253 illi,
527 2185 623 2256 qui
654 2188 995 2259 spiritualem
1017 2191 1382 2262 captivitatem
1422 2209 1770 2264 nequaquam

200 2277 566 2344 pertulerunt,
585 2276 681 2334 sed
717 2280 773 2334 in
807 2279 1006 2337 virtute
1049 2292 1308 2352 tanquam
1351 2284 1406 2337 in
1433 2285 1608 2353 patria
1626 2302 1784 2341 man-

198 2378 418 2436 serunt,
435 2384 498 2425 ac
518 2371 848 2440 proﬁciendo
865 2388 1036 2429 novos
1051 2375 1284 2430 subinde
1299 2376 1514 2432 virtutis
1533 2393 1786 2448 progres-

193 2475 296 2516 sus
313 2461 754 2526 faciunt,novum
778 2477 1001 2534 quoque
1015 2467 1290 2521 canticum
1322 2469 1430 2522 Deo
1463 2470 1778 2523 conciuunt.

276 2553 415 2608 Ibid.
448 2553 580 2608 Tum
602 2556 765 2608 etiam
815 2558 1104 2611 testimonii
1153 2575 1282 2613 arca
1331 2561 1636 2625 innovatur,
1673 2572 1779 2618 etc.

198 2642 483 2714 Scriptum
525 2655 612 2701 est
643 2646 784 2701 libro
817 2645 1180 2704 Numerorum
1222 2650 1558 2722 :Postquam
1605 2653 1782 2710 Moses

194 2750 387 2791 arcam
417 2737 613 2801 erexit,
647 2739 963 2794 obtulerunt
1008 2742 1294 2796 duodecim
1334 2745 1608 2815 principes
1629 2783 1645 2812 ,
1678 2746 1782 2802 hoc

192 2837 308 2894 cst,
366 2831 608 2885 tribuum
666 2831 930 2901 praefecti,
983 2833 1050 2888 ad
1107 2834 1303 2891 altaris
1356 2837 1777 2905 dedicationem,

195 2935 428 2976 munera
477 2938 597 2986 sua,
630 2924 888 2978 nimirum
921 2926 1204 2980 acetabula
1234 2938 1508 2997 argentea,
1536 2941 1588 2984 et
1620 2931 1779 3000 phia-

1891 1833 1986 1874 sus
2008 1833 2133 1873 cum
2193 1831 2290 1886 per
2345 1817 2614 1872 universae
2665 1815 2857 1885 ,plebis
2921 1815 3302 1871 salutationem
3370 1817 3472 1886 ipsi

1888 1911 2226 1982 principatus
2275 1912 2649 1975 innovaretur,
2684 1910 2826 1965 diem
2869 1909 3019 1964 illum
3054 1909 3240 1965 laetitia
3283 1918 3338 1965 et
3384 1925 3476 1966 so-

1891 2004 2172 2060 lemnitate
2225 2015 2552 2076 prosecutus
2585 2011 2706 2070 est,
2741 2004 2890 2073 regni
2940 2002 3470 2058 administratio-tem

1892 2113 2208 2168 capessens.
2241 2097 2404 2153 Juxta
2457 2097 2772 2168 allegoriam
2807 2105 2989 2151 autem
3020 2095 3321 2166 spiritualis
3372 2095 3476 2148 Da-

1895 2191 1985 2248 vid
2024 2192 2279 2246 Christus
2311 2201 2416 2252 est,
2452 2204 2637 2253 verus,
2685 2188 2909 2259 inquam
2931 2229 2947 2254 ,
2983 2189 3072 2245 ille
3100 2205 3195 2243 rex
3231 2188 3356 2242 novi
3391 2189 3472 2242 ls-

1888 2288 2051 2344 raelis
2074 2302 2138 2341 ac
2154 2285 2391 2342 videntis
2403 2284 2592 2351 Deum,
2609 2292 2667 2340 ut
2686 2301 2752 2340 ex
2771 2299 2970 2356 genere
2987 2283 3152 2340 David
3171 2283 3474 2338 secundum

1889 2395 2108 2436 carnem
2130 2378 2538 2435 oriundus.Hic
2565 2377 2619 2431 in
2655 2377 2830 2447 primo
2881 2391 2984 2431 suo
3026 2377 3260 2430 adventu
3299 2391 3474 2445 quan-

1894 2482 2011 2526 tum
2033 2471 2100 2525 ad
2137 2471 2536 2525 humanitatem
2561 2479 2760 2524 unctus
2781 2477 2865 2522 est
2890 2487 2903 2522 :
2925 2477 2980 2521 at
3001 2469 3055 2521 in
3079 2469 3322 2522 secundo
3341 2477 3392 2521 et
3410 2468 3474 2519 il-

1892 2563 2056 2617 lustri
2085 2572 2142 2615 ut
2162 2563 2305 2617 Deus
2322 2572 2374 2616 et
2395 2561 2679 2624 Dominus,
2699 2562 2987 2629 omnisque
3009 2568 3272 2613 creatura:
3293 2556 3402 2611 Rex
3421 2567 3474 2610 et

1886 2655 2115 2710 Creator
2144 2653 2600 2723 proclamabitur,
2637 2651 2717 2705 vel
2745 2651 2916 2705 etiam
2952 2650 3321 2718 proclamatus
3367 2658 3471 2712 est,

1886 2747 2010 2802 data
2043 2746 2256 2800 scilicet
2285 2745 2354 2806 ei.
2386 2753 2445 2798 ut
2469 2743 2699 2809 homini,
2731 2745 2881 2798 omni
2913 2751 3183 2810 potestate
3234 2740 3288 2793 in
3333 2741 3473 2794 coelo

1885 2847 1939 2892 et
1971 2837 2023 2890 in
2052 2843 2198 2890 terra
2230 2835 2298 2889 ³³.
2334 2834 2506 2888 Porro
2532 2835 2707 2904 ipsius
2732 2848 2984 2904 regnum,
3007 2834 3054 2887 si
3082 2833 3299 2901 quidem
3327 2836 3474 2902 priu-

1887 2941 2004 2981 rem
2041 2925 2355 2979 unctionem
2398 2933 2727 2992 spectemus,
2779 2924 2832 2976 in
2882 2922 3257 2992 conccptionis
3303 2923 3475 2992 ipsius

196 3011 284 3066 las
321 3023 635 3082 argenteas,
678 3025 733 3069 et
781 3016 1052 3071 thuribula
1098 3032 1285 3082 aurea,
1319 3029 1374 3074 et
1409 3021 1664 3076 animalia
1711 3022 1778 3078 ad
1809 3048 1852 3107 α
1893 3019 1975 3073 vel
2011 3017 2316 3072 nativitatis
2350 3016 2490 3070 festo
2522 3016 2815 3069 innovatur
2847 3033 2861 3069 :
2893 3015 2938 3070 si
2976 3025 3154 3068 autem
3179 3023 3472 3070 secuti-lam

194 3105 583 3160 holocaustum
615 3093 850 3162 “.Hanc
875 3123 1040 3178 porro
1082 3110 1379 3164 testimonii
1418 3127 1600 3167 arcam
1642 3113 1777 3171 Mosi

192 3196 656 3266 compingeudam
709 3200 982 3254 mandavit
1028 3199 1217 3256 Deus:
1251 3199 1437 3256 Facies
1477 3205 1614 3257 enim
1639 3245 1652 3266 ,
1694 3208 1778 3258 in-

191 3289 343 3360 qtl't,
369 3289 532 3358 juxta
576 3289 752 3342 omnia
785 3289 1221 3358 qua'cunquetibi
1254 3290 1308 3344 in
1342 3304 1512 3346 monte
1539 3297 1778 3358 ostendo,

193 3382 298 3435 hoc
343 3390 441 3442 est,
475 3379 632 3450 juxta
681 3381 962 3449 exemplar
1000 3395 1162 3446 arcae,
1197 3383 1340 3452 quod
1391 3383 1486 3436 tibi
1537 3399 1636 3453 ego
1687 3400 1778 3439 os-

197 3475 385 3533 tendo,
418 3482 522 3524 etc.
550 3471 618 3525 ‘°.
651 3469 890 3526 Beseleel
926 3480 1106 3524 autem
1154 3486 1218 3525 ex
1245 3471 1386 3528 tribu
1431 3472 1572 3526 Juda
1604 3484 1777 3539 ortus,

195 3577 363 3631 quem
406 3563 546 3616 Deus
601 3562 794 3630 spiritu
849 3565 1130 3632 sapientia:
1173 3565 1456 3633 impletum
1499 3568 1778 3622 architecti

199 3669 427 3707 munere
470 3653 617 3722 iungi
655 3655 841 3722 jussit,
878 3669 998 3708 eam
1049 3656 1304 3722 absolvit,
1329 3657 1475 3712 Mose
1505 3658 1624 3728 ejus
1665 3659 1778 3713 for-

199 3762 348 3799 tnam
394 3748 776 3814 praescribente
825 3748 978 3815 juxta
1029 3751 1302 3814 exemplar
1355 3751 1456 3818 ipsi
1500 3768 1528 3804 a
1562 3751 1671 3807 Deo
1725 3755 1776 3808 in

205 3844 392 3890 monte
414 3845 720 3890 ostensum.
743 3841 814 3891 At
839 3837 1020 3893 Moses
1059 3839 1175 3908 ipse
1202 3853 1320 3893 eam
1347 3843 1556 3906 statuit,
1583 3857 1778 3912 quem-

204 3926 498 3981 admodum
531 3927 599 3982 de
639 3927 723 3982 his
752 3927 1007 3982 omnibus
1039 3928 1095 3982 in
1128 3927 1297 3984 Exodi
1323 3929 1461 3984 libro
1501 3930 1779 3988 iusissime

202 4018 463 4087 scriptum
502 4026 610 4073 est.
642 4018 964 4073 Testimonii
1013 4035 1178 4089 porro
1225 4036 1349 4075 arca
1375 4022 1518 4077 dicta
1555 4032 1659 4088 est,
1693 4027 1777 4079 vel

202 4112 332 4179 quia
361 4126 601 4181 capsum,
631 4113 683 4166 in
720 4127 826 4181 qua
860 4121 915 4167 et
934 4111 1268 4168 Testameuti
1310 4114 1503 4168 tabulae
1527 4152 1542 4179 ,
1574 4124 1627 4168 et
1657 4131 1776 4170 am-

202 4201 380 4272 phora
407 4203 577 4271 ipsius
610 4217 807 4256 manna
839 4203 1282 4267 continebantur,
1317 4205 1382 4258 ad
1433 4219 1623 4259 eorum
1657 4221 1779 4276 quae

203 4301 319 4345 tum
364 4305 511 4359 gesta
561 4299 613 4346 et
667 4292 784 4361 lege
834 4293 1040 4347 sancita
1105 4292 1342 4358 fuerant,
1399 4296 1775 4351 testimonium

1886 3113 2393 3182 proclamationem,
2435 3108 2654 3162 infesto
2694 3107 2895 3162 celebri
2932 3105 3398 3162 llesurrectionis.

1955 3199 2093 3254 Ibid.
2122 3196 2293 3250 Facta
2315 3205 2438 3250 sunt
2466 3197 2623 3248 etiam
2655 3197 2906 3248 Enca'nia
2941 3194 3346 3264 Hierosolymis,
3367 3207 3470 3250 etc.

1884 3291 2140 3347 Encaznia
2176 3291 2282 3343 hoc
2321 3289 2441 3342 loco
2473 3287 2748 3356 intelligit,
2785 3302 2894 3339 non
2934 3287 3134 3356 prioris
3159 3289 3302 3342 illius
3329 3298 3475 3341 stru-

1884 3395 2052 3440 cturae
2076 3381 2288 3451 templi,
2319 3394 2439 3450 quae
2468 3390 2734 3448 regnante
2757 3376 3224 3447 Salomonefacta
3251 3389 3351 3439 est,
3376 3379 3470 3432 sed

1886 3474 2208 3548 posterioris
2237 3473 2406 3536 illius,
2434 3485 2554 3539 qua:
2585 3469 2820 3524 reditum
2867 3467 3180 3522 Judaeorum
3210 3484 3276 3521 ex
3302 3467 3475 3538 Baby-

1885 3570 2062 3624 lonica
2105 3565 2423 3633 captivitate
2465 3571 2656 3618 secuta
2711 3568 2817 3616 est.
2847 3559 2986 3615 Cum
3022 3561 3187 3631 igitur
3222 3560 3472 3614 Enczcnia

1885 3661 1976 3716 illa
2025 3659 2366 3714 celebrarent
2409 3655 2661 3710 lsraelitte
2691 3693 2705 3716 .
2755 3669 2864 3708 non
2922 3653 3084 3707 modo
3133 3653 3307 3707 hiems
3357 3665 3473 3706 crat

1884 3751 2150 3808 naturalis
2183 3764 2247 3804 ac
2274 3747 2548 3804 sensibilis
2571 3784 2586 3809 ,
2621 3746 3082 3815 quemadmodum
3132 3761 3472 3800 commemo-

1883 3851 1968 3900 r'at
1993 3844 2233 3900 Joannes
2253 3843 2322 3906 “,
2375 3841 2467 3896 sed
2497 3840 2663 3894 etiam
2703 3838 3042 3910 spiritualis,
3074 3852 3269 3908 nempe
3311 3837 3472 3908 perti-

1884 3941 1987 3995 diae
2019 3949 2074 3993 et
2104 3935 2526 3996 incredulitatis,
2555 3942 2614 3986 ut
2659 3931 2960 4001 Gregorius
3005 3940 3190 3984 noster
3223 3931 3470 3998 exponit.

1882 4031 2081 4084 Aderat
2101 4036 2281 4081 autem
2304 4035 2359 4080 et
2374 4022 2661 4090 Jesus,qui
2682 4029 2892 4088 tempus
2913 4019 3130 4086 quidem
3151 4033 3315 4072 omne
3334 4033 3471 4087 prae-

1883 4115 2026 4170 cedit
2059 4123 2119 4168 ut
2143 4112 2320 4174 Deus,
2345 4126 2535 4164 recens
2561 4116 2743 4160 autem
2795 4115 2848 4161 et
2903 4121 3076 4158 novus
3105 4117 3188 4161 est
3207 4147 3222 4171 ,
3249 4116 3308 4159 ut
3337 4119 3468 4160 tem.

1883 4207 2032 4276 plum
2068 4213 2122 4259 et
2156 4200 2658 4270 bomogtemplum,
2685 4197 2930 4267 inquam.
2962 4199 3029 4251 de
3065 4213 3174 4266 quo
3218 4197 3470 4253 Salvator

1887 4297 1900 4350 i
1909 4311 2000 4366 pse
2017 4295 2151 4348 dixit
2168 4309 2182 4346 :
2197 4291 2395 4347 Solvite
2422 4289 2670 4356 templum
2684 4289 2850 4352 Itoc,et
2868 4287 2920 4339 in
2944 4287 3110 4340 tribus
3129 4287 3310 4342 diebus
3334 4289 3471 4342 illud

201 4383 805 4453 contirmationemque,
826 4383 1069 4439 clausam
1097 4385 1314 4440 haberet
1339 4386 1386 4420 '°
1417 4404 1430 4440 :
1461 4388 1543 4443 vel
1567 4387 1695 4458 quia
1726 4390 1779 4443 in
1807 4375 1861 4436 D
1887 4386 2125 4444 excitabo
2144 4383 2475 4453 ".Corporis
2495 4382 2640 4435 enim
2661 4380 2919 4450 templum
2942 4394 3052 4434 uno
3070 4379 3367 4450 eodemque
3384 4381 3472 4436 die

203 4475 322 4542 ipsa
374 4473 640 4532 Dominus
695 4475 1140 4546 conspiciendum
1199 4492 1257 4532 se
1312 4479 1580 4546 praebens,
1644 4481 1780 4538 Mosi

206 4580 390 4620 rerum
438 4571 765 4636 agendarum
800 4569 882 4625 vel
922 4583 1031 4623 non
1086 4570 1418 4636 agendarum
1464 4572 1683 4628 oracula
1729 4583 1784 4628 et

210 4660 644 4714 contestationes
671 4660 884 4725 edebat,
933 4676 965 4714 a
1029 4660 1230 4729 quibus
1290 4675 1489 4717 nomen
1527 4664 1776 4733 accepit:

213 4745 547 4815 Contrstare,
577 4749 775 4820 inquit,
807 4753 859 4805 id
895 4761 1000 4817 est,
1042 4753 1293 4821 praecipe,
1335 4753 1527 4822 populo
1569 4754 1690 4808 huic
1712 4758 1782 4822 ⁸¹;

210 4842 299 4897 vel
326 4843 486 4898 etiam
521 4861 550 4900 a
589 4848 708 4916 lege
737 4849 811 4902 ita
842 4849 1278 4920 nuncupabatur,
1311 4864 1432 4917 qua:
1467 4850 1632 4902 etiam
1671 4851 1786 4918 ipsa

209 4937 578 4991 testimOuium
631 4940 849 5004 dicitur,
892 4940 1049 5007 juxta
1095 4941 1265 4996 illud:
1324 4941 1646 4995 Testimonia
1696 4951 1787 4994 tua

207 5029 486 5082 credibilia
530 5031 676 5099 facta
701 5043 825 5084 sunt
865 5034 1019 5086 nimis
1053 5033 1119 5086 ".
1154 5034 1326 5102 Hujus
1355 5048 1498 5087 art-a2
1537 5031 1786 5086 Euctenia

209 5121 556 5189 primumque
616 5138 814 5183 usum.
867 5123 933 5176 ad
993 5139 1150 5191 quem
1181 5125 1468 5192 magniﬁce
1504 5131 1558 5178 et
1607 5125 1788 5176 multis

208 5214 517 5280 sumptibus
559 5223 837 5268 exstructa
875 5215 1083 5274 fuerat,
1108 5215 1284 5269 Moses
1311 5214 1626 5268 celebravit.
1671 5215 1787 5268 Cae-

211 5320 386 5358 terum
438 5321 566 5361 arca
623 5323 840 5376 quoque
899 5308 1194 5361 testimonii
1243 5308 1349 5359 dici
1418 5308 1590 5376 possit
1651 5307 1784 5361 illttd

205 5399 499 5468 mysticum
553 5397 646 5454 Dei
703 5399 992 5454 consilium
1045 5401 1110 5452 de
1159 5399 1319 5453 \‘erbi
1384 5400 1780 5463 incarnatione.

944 5577 986 5608 ⁸⁷
1009 5575 1152 5631 Psal.
1186 5594 1332 5633 κως.
1368 5578 1456 5630 16.

1063 5651 1107 5681 δ’
1129 5647 1269 5701 Psal.
1298 5663 1426 5713 χαι,
1470 5649 1522 5702 5.

279 5580 326 5610 ⁸³
361 5577 499 5631 Psal.
529 5592 747 5643 cxxxvr,
781 5576 834 5630 4.

199 5664 394 5706 xxxvi.
470 5647 702 5704 “Exod.
736 5663 850 5711 xix,
888 5646 976 5699 ‘21.

1571 5577 1614 5606 “‘
1656 5575 1922 5640 Num.vu,
1945 5576 1967 5628 1
1994 5590 2146 5644 seqq.

1599 5647 1644 5680 ⁵³
1683 5645 1872 5699 Matth.
1903 5661 2047 5707 xxvi,
2082 5649 2168 5699 18.

1890 4476 2186 4549 (passionis
2202 4474 2429 4541 scilicet)
2445 4472 2680 4527 Solutum
2701 4479 2806 4532 est,
2819 4485 2884 4524 ac
2904 4471 3064 4524 tertio
3081 4481 3202 4539 post
3223 4474 3311 4526 die
3326 4474 3472 4525 exci-

1891 4581 2061 4626 tatutn
2098 4587 2112 4624 :
2149 4581 2250 4622 nec
2275 4567 2386 4634 jam
2441 4564 2694 4628 moritur,
2748 4564 2864 4626 sed,
2905 4573 2959 4616 ut
3016 4561 3253 4616 Daniclis
3291 4562 3470 4615 verbis

1892 4674 2042 4728 utar,
2074 4669 2257 4716 manet
2301 4660 2354 4712 in
2393 4659 2614 4712 szecula.
2648 4657 2714 4710 Et
2751 4655 2971 4726 quidem
3028 4666 3256 4708 mortem
3302 4654 3470 4709 subiit

1895 4757 2186 4817 Christus,
2249 4761 2309 4806 ut
2361 4750 2520 4812 mihi,
2577 4751 2676 4803 hoc
2735 4759 2856 4812 est,
2909 4746 3166 4801 omnibus
3236 4747 3468 4799 salutem

1895 4850 2104 4904 afferat.
2145 4844 2400 4901 Surrexit
2427 4850 2635 4901 autem,
2682 4849 2742 4894 ut
2791 4855 2878 4892 me
2911 4854 2940 4890 a
2973 4837 3139 4892 veteri
3176 4839 3328 4906 lapsu
3359 4837 3470 4890 eri-

1896 4951 2008 5011 gat,
2041 4949 2200 5008 atque
2233 4953 2299 4991 ex
2326 4935 2490 4989 veteri
2519 4948 2717 4986 novum
2752 4930 3111 4984 instauraudo
3146 4929 3326 4983 iaciat.

1993 5031 2112 5085 Col.
2175 5029 2280 5082 GlO
2329 5029 2391 5081 A.
2429 5026 2573 5092 Quin
2621 5025 2830 5076 divinus
2889 5038 3093 5090 quoque
3145 5019 3317 5073 θαι-ἑτι
3380 5035 3469 5071 σοιν

1889 5125 2142 5179 mundum
2184 5123 2236 5173 in
2267 5137 2320 5171 se
2353 5135 2551 5180 creare,
2576 5128 2683 5170 etc.
2733 5115 3064 5183 Intelligendi
3103 5115 3183 5166 vis
3215 5124 3268 5164 ct
3303 5106 3468 5164 faeni-

1887 5226 1969 5270 tas
1995 5233 2024 5269 a
2048 5214 2248 5267 Davide
2277 5225 2374 5265 cor
2403 5218 2630 5263 vocatur
2665 5225 2678 5260 :
2713 5207 3021 5260 intellectus
3069 5214 3248 5257 autem
3302 5202 3471 5270 agita-

1888 5306 2366 5362 tiones'viscerum
2417 5301 2638 5355 nomine
2673 5299 3037 5369 appellantur.
3072 5295 3150 5350 Ac
3193 5295 3468 5349 facultatis

1885 5395 2260 5452 intellectricis
2282 5394 2579 5463 puritatem
2613 5399 2667 5443 et
2692 5389 2914 5459 spiritus
2957 5388 3356 5442 innovationem
3413 5403 3464 5437 in

2889 5567 2934 5597 ⁸ο
2962 5565 3273 5630 Εκοὼκκιι,
3303 5582 3458 5622 xxxv.

2802 5641 2845 5671 ⁸³
2890 5636 3020 5692 Joan
3055 5637 3202 5689 ι.19.

2261 5573 2306 5604 ⁸9
2338 5571 2507 5624 Exod.
2536 5584 2661 5631 xxv,
2686 5568 2773 5623 40.

2245 5643 2290 5674 ⁵⁵
2319 5642 2477 5697 .Ιο;ιιι.
2513 5655 2564 5706 x,
2603 5641 2694 5693 ἓξ.
