4050 6198
585 197 726 261 1415

2006 195 2391 254 ADDENDA.

3721 198 3869 256 Mlti

587 313 1011 387 cogitationibus
1079 310 1239 381 petit,
1293 325 1399 364 non
1452 320 1510 365 ut
1562 325 1668 364 non
1721 310 1952 373 habens,
1980 307 2073 363 sed
2122 319 2180 362 ut
2211 323 2252 373 Α
2285 307 2535 379 angelico
2560 307 2768 362 lumine
2797 306 3066 378 posterius
3100 314 3342 363 creatum
3374 323 3437 362 ac
3468 312 3871 378 temporarium

588 417 856 478 exaptans
884 404 1159 459 recentius
1198 403 1457 473 quiddam
1480 401 1725 472 quotidie
1760 401 1864 456 sibi
1892 400 2175 455 accedere.

590 497 880 554 lnnovatio
912 496 1115 567 quippe
1166 511 1366 550 novum
1419 494 1724 564 profectum
1786 492 2033 563 quotidie
2082 508 2180 546 na-

594 598 831 645 scentem
862 586 1347 655 secessionemque
1376 585 1672 654 signiﬁcat.

672 680 809 733 Ibid.
845 675 950 732 Sed
982 679 1110 749 quid
1154 677 1286 731 mihi
1317 675 1474 746 plura
1502 674 1763 729 Encwnia
1798 673 2043 745 colligere
2089 690 2152 728 ηε
2171 676 2209 714 -’

595 787 737 827 cosse
774 781 869 835 est,
909 778 1016 823 etc.
1051 768 1213 834 Quid,
1248 767 1450 838 inquit,
1478 769 1635 836 plura
1666 764 1918 819 Encaeuia
1940 779 2183 818 comme-

596 880 816 920 morare
858 879 1085 920 necesse
1113 871 1215 929 est,
1269 878 1394 917 cum
1423 864 1626 931 possim
1658 858 1910 915 Enetenia
1946 860 2060 913 haec
2085 858 2185 915 do-

597 974 745 1025 cere,
774 973 894 1028 quae
923 973 1070 1012 nunc
1103 964 1327 1027 propter
1371 955 1603 1010 salutem
1653 961 1902 1009 nostram
1946 952 2188 1007 celebra-

597 1067 747 1119 mus,
786 1061 847 1106 ιιι
892 1054 984 1122 qui
1027 1065 1137 1105 non
1179 1050 1356 1106 solum
1381 1049 1661 1119 duplicem
1715 1056 1946 1102 mortem
1986 1044 2189 1116 fugeri-

600 1160 746 1208 mus,
793 1143 1019 1198 alteram
1072 1142 1331 1197 nimirum
1372 1139 1769 1210 .corruptionis
1814 1148 1869 1194 et
1909 1138 2185 1204 interitus,

599 1238 831 1292 alteram
861 1236 1065 1306 peccati
1090 1235 1145 1288 in
1184 1234 1407 1290 Christo
1437 1233 1706 1288 sublatam
1732 1242 1787 1287 et
1817 1231 2142 1287 exstinctam
2169 1247 2186 1285 :

602 1330 698 1385 sed
728 1328 897 1384 etiam
931 1327 1134 1397 duplici
1159 1327 1281 1381 vitae
1329 1325 1492 1381 nobis
1545 1324 1603 1380 in
1638 1324 1860 1380 Christo
1898 1332 2069 1393 partae
2098 1321 2193 1376 ad-

597 1422 774 1494 juncti
828 1421 1116 1485 fuerimus,
1162 1433 1357 1488 nempe
1388 1428 1443 1474 et
1470 1417 1766 1473 immortali
1808 1416 1887 1471 illi
1930 1425 2095 1485 atque
2135 1414 2190 1466 in

603 1531 698 1582 spe
731 1513 945 1583 positae,
975 1522 1032 1567 et
1063 1512 1112 1567 ei
1152 1525 1274 1579 quae
1318 1511 1374 1564 in
1420 1511 1629 1580 peccati
1680 1508 2041 1579 oppressione
2085 1506 2193 1561 sita

603 1617 708 1660 est.
740 1604 996 1660 Christus
1039 1604 1186 1659 enim
1226 1611 1475 1658 mortuus
1525 1612 1609 1657 est
1664 1611 1719 1656 et
1758 1599 2086 1666 resurrexit,
2134 1607 2194 1653 ut

2282 407 2387 462 est,
2420 399 2543 462 hoc,
2573 398 2821 468 inquam,
2860 399 3083 453 materia
3113 409 3376 453 constans
3417 410 3475 453 et
3527 401 3873 455 mundanum

2283 489 2464 543 iumen
2516 490 2569 544 in
2617 501 3008 560 aspectuinque
3049 490 3273 545 cadens.
3306 489 3445 544 Nam
3506 501 3564 546 et
3616 506 3646 543 a
3717 502 3878 544 nocte

2285 581 2720 643 interscinditur,
2755 591 2811 636 et
2844 589 3061 636 noctem
3094 597 3288 636 rursus
3317 583 3492 651 aquis
3525 582 3879 650 portionibus

2285 673 2615 736 intersecat;
2675 687 3068 742 nonnunquam
3134 674 3281 728 enim
3328 688 3449 728 eam
3494 676 3883 743 magnitudine

2285 775 2530 836 superat,
2562 780 2962 833 nonnunquam
3016 781 3236 821 rursum
3287 767 3357 821 ab
3412 782 3476 821 ea
3532 782 3882 835 superatur:

2286 867 2661 925 quantumque
2703 856 2805 925 ipsi
2833 855 3030 922 aufert,
3061 866 3270 911 tantum
3299 857 3542 912 vicissim
3582 858 3655 911 ab
3686 876 3762 911 eo
3789 875 3885 911 ex-

2288 958 2606 1018 torquetur,
2650 964 2800 1003 nunc
2830 948 3054 1018 quidem
3103 953 3344 1003 maximo
3397 951 3485 1003 die
3533 950 3888 1003 brevissime

2290 1040 2463 1107 nocti,
2497 1055 2645 1095 nunc
2675 1050 2869 1095 contra
2892 1041 3133 1095 maxima
3182 1050 3341 1096 nocte
3392 1042 3738 1096 brevissimo
3790 1044 3889 1095 diei

2293 1133 2622 1188 succedente
2653 1150 2669 1189 :
2701 1134 2936 1188 adeo-ut
2978 1147 3081 1188 nec
3143 1135 3401 1187 horarum
3454 1148 3739 1194 numero.
3800 1150 3893 1186 nec

2289 1226 2470 1296 Spatio
2495 1233 2551 1281 ct
2576 1225 2862 1281 intervallo
2891 1225 3127 1280 alterum
3146 1225 3215 1279 ab
3239 1227 3411 1281 altero
3440 1235 3778 1293 superetur,
3805 1228 3892 1279 sed

2290 1326 2482 1387 pacata
2520 1324 2575 1371 et
2632 1315 2923 1386 tranquilla
2970 1316 3321 1371 aemulatione
3374 1318 3513 1371 inter
3543 1331 3613 1372 se
3658 1328 3889 1372 certent.

2292 1422 2357 1464 ac
2386 1408 2661 1465 maximus
2709 1409 2828 1463 dies
2877 1408 3129 1465 maxima
3158 1408 3325 1475 nocti,
3354 1409 3735 1464 brevissimus
3784 1412 3896 1463 bre-

2292 1500 2534 1556 vissimae
2576 1500 2926 1570 respondeat.
2978 1499 3095 1555 Hoc
3162 1501 3344 1571 itaque
3414 1502 3605 1556 lumen
3662 1503 3721 1553 in
3781 1516 3896 1554 aere

2295 1592 2478 1648 fusum
2511 1602 2568 1650 et
2596 1609 2900 1663 expansum
2931 1601 3043 1659 est,
3077 1608 3240 1663 quem
3271 1602 3465 1648 natura
3496 1609 3601 1648 sua
3630 1594 3897 1662 caligino-

605 1709 706 1749 uos
735 1699 960 1762 peccato
1012 1693 1338 1756 moriamur,
1380 1702 1545 1760 atque
1575 1689 1627 1744 in
1659 1690 1899 1744 novitate
1919 1689 2044 1744 vitae
2073 1703 2195 1741 ani-
2224 1672 2269 1730 Β
2310 1702 2433 1742 sum
2464 1702 2528 1741 ac
2583 1695 2755 1742 totum
2787 1687 2841 1741 iu
2875 1701 2933 1742 se
2967 1696 3313 1757 compactum
3338 1698 3503 1756 atque
3530 1689 3897 1740 commistum

605 1789 858 1844 lmlemus
880 1788 950 1841 ⁵³.
986 1786 1143 1853 Quod
1191 1794 1376 1840 autem
1426 1784 1809 1839 Encaenioruut
1858 1797 2056 1836 nomen
2106 1798 2193 1836 se-

602 1880 784 1935 cundo
817 1880 1112 1949 repetitum
1144 1885 1250 1941 est.
1274 1891 1501 1932 causam
1535 1877 1603 1930 ab
1636 1876 1756 1945 ipso
1780 1874 2058 1943 'l'heologo
2093 1872 2192 1925 ad-

606 1988 801 2027 nexam
830 1972 1015 2026 hahct.
1049 1969 1183 2025 Nam
1218 1984 1282 2024 ea
1310 1985 1432 2041 qua:
1454 1968 1751 2038 voluptatis
1785 1982 1946 2023 sensu
1977 1965 2193 2019 animos

606 2076 827 2120 nostros
849 2063 1114 2128 alliciunt,
1151 2060 1450 2116 identidem
1477 2076 1587 2130 pra:
1612 2058 1811 2130 gaudio
1859 2056 2191 2126 repetimus:

605 2158 855 2212 nondum
898 2166 1081 2210 tamen
1129 2154 1396 2225 quidquid
1432 2154 1703 2217 volumus,
1732 2152 2069 2221 expressisse
2101 2165 2196 2201 uo-

606 2250 693 2306 bis
728 2250 1001 2305 videmur.
1060 2246 1357 2303 Innovatas
1421 2261 1588 2301 aures
1636 2244 1844 2299 all‘erte.
1906 2243 2196 2297 lnnovatur

606 2342 753 2396 enim
783 2341 954 2407 auris,
986 2340 1041 2395 in
1071 2354 1237 2410 quam
1286 2339 1414 2393 novi
1457 2337 1665 2407 aliquid
1722 2336 1961 2402 insonat,
1989 2345 2044 2390 et
2076 2350 2197 2404 quae

607 2446 671 2484 ea
696 2430 873 2497 audit,
901 2445 1023 2501 quae
1053 2445 1334 2500 nunquam
1366 2437 1524 2483 antea
1552 2427 1856 2482 audiverat.

684 2523 818 2577 lbid.
851 2523 916 2581 Β.
934 2520 1128 2576 Lumen
1152 2537 1313 2575 unum
1328 2531 1375 2576 et
1400 2518 1777 2583 inaccessibile,
1794 2514 2197 2572 etc.Prolessus

518 2680 519 2691 χ
611 2611 924 2683 'l‘henlogus
949 2630 1008 2669 se
1038 2613 1196 2669 nobis
1246 2610 1599 2679 traditurum,
1626 2612 1890 2681 quidnam
1936 2608 2050 2664 sint
2092 2607 2199 2662 Eu-

609 2708 803 2771 caenia,
834 2721 956 2775 quae
1008 2720 1040 2760 a
1072 2707 1234 2760 nobis
1277 2704 1644 2766 celebrantur,
1686 2718 1794 2756 non
1837 2703 2023 2756 statim
2071 2716 2199 2770 pro-

615 2799 774 2852 missi
809 2798 967 2859 fidem
999 2798 1200 2866 explet.
1238 2797 1337 2851 sed
1375 2796 1541 2850 altius
1579 2810 1610 2850 a
1651 2794 1918 2859 theologia
1955 2805 2010 2845 et
2044 2802 2199 2847 natu.

619 2889 719 2943 rali
751 2888 1097 2957 philosomtia
1142 2901 1325 2950 orsus,
1352 2902 1416 2942 ac
1449 2885 1646 2941 deinde
1680 2887 1746 2939 ad
1780 2884 2135 2939 humanitatis
2164 2898 2196 2938 a

614 2975 835 3029 Christo
858 2982 1150 3042 assumpta:
1177 2972 1465 3027 consilium
1493 2972 1850 3038 descendens,
1877 2973 1949 3025 ita
1974 2972 2194 3026 demum

614 3066 681 3119 de
696 3063 962 3119 Encazniis
977 3071 1289 3133 pertractat.
1306 3065 1383 3119 Ac
1398 3063 1466 3118 de
1481 3061 1766 3118 divinitate
1789 3063 2007 3135 quidem
2030 3062 2195 3119 verba

614 3157 825 3215 faciens
857 3157 1039 3213 lumen
1074 3157 1243 3213 Deum
1277 3158 1611 3224 nominat,et
1648 3157 1831 3213 lumen
1857 3173 2025 3212 unum
2065 3158 2195 3228 (una

615 3252 786 3317 enim,
843 3252 1095 3322 quamvis
1145 3253 1197 3307 in
1228 3252 1404 3307 tribus
1462 3252 1738 3323 personis,
1775 3261 1861 3307 est
1918 3250 2195 3323 divinitas)

619 3354 786 3416 atque
815 3345 866 3400 id
901 3345 1300 3409 inaccessibile,
1335 3345 1483 3416 quod
1509 3343 1729 3415 quidem
1759 3345 1880 3415 plus
1917 3354 2000 3401 est
2030 3360 2195 3416 quam

621 3437 1077 3507 imperceptibile.
1113 3436 1497 3492 lnaccessibile
1546 3436 1692 3489 enim
1745 3435 1848 3491 hoc
1879 3437 2102 3503 dicitur,
2131 3437 2199 3489 ad

618 3530 765 3600 quod
793 3546 862 3586 ne
884 3531 1149 3585 accedere
1168 3530 1389 3600 quidem
1440 3528 1731 3600 quisquam
1766 3537 1963 3598 potest,
1996 3529 2197 3585 nedum

619 3624 673 3678 id
714 3622 1196 3692 comprehendere.
1239 3628 1419 3692 Atque
1469 3622 1635 3676 etiam
1700 3622 2068 3679 successionis
2107 3637 2203 3677 ex-

620 3730 745 3783 pers
771 3729 894 3769 esse
922 3714 1220 3785 divinitatis
1264 3714 1448 3769 lumen
1489 3713 1722 3769 allirmat
1745 3752 1761 3777 ,
1793 3715 1858 3769 ad
1888 3716 2084 3771 solaris
2123 3716 2203 3772 lu-

624 3805 790 3859 minis
837 3803 1230 3867 dil'fereotiam.
1288 3806 1377 3860 cui
1424 3822 1533 3861 nox
1577 3808 1846 3862 succedit.
1906 3807 2050 3874 Jam,
2103 3822 2204 3862 nec

622 3895 976 3964 principium,
1007 3909 1109 3950 nec
1156 3896 1319 3951 linem
1364 3897 1587 3964 habere,
1617 3898 1711 3952 sed
1752 3899 1903 3953 omni
1948 3914 2204 3955 mensura

622 3994 678 4041 et
732 3986 1248 4057 circumscriptione
1302 3987 1593 4043 sublimius
1630 4003 1755 4044 esse
1786 3989 1967 4044 docet.
2001 3988 2204 4044 Adhaec

623 4089 885 4149 perpetuo
935 4079 1198 4149 fulgidum
1245 4089 1436 4145 vocat,
1483 4087 1543 4134 ut
1595 4081 1935 4136 successioni
1979 4082 2206 4137 minime

622 4170 915 4225 obnoxium
930 4183 1255 4240 semperque
1277 4170 1490 4237 lucens,
1509 4180 1674 4241 atque
1689 4170 2081 4243 adeo§trifulgid
2090 4188 2200 4239 um,

627 4269 815 4329 utpote
848 4260 900 4313 iu
932 4260 1107 4315 tribus
1129 4252 1386 4330 persbnis
1419 4262 1673 4318 rutilans.
1704 4262 1955 4332 Cumque
1980 4264 2209 4319 dixisset

2302 1778 2614 1833 illustravit.
2659 1778 2914 1847 Aspeclui
2965 1787 3147 1833 autem
3194 1778 3475 1848 oculisque
3526 1780 3896 1832 commissum

2301 1881 2356 1926 et
2383 1872 2644 1925 donatum
2677 1882 2783 1925 est.
2816 1868 3098 1941 Siquidem
3133 1880 3361 1939 aspectu
3394 1880 3615 1926 remoto
3645 1871 3820 1925 inane
3844 1887 3898 1923 ac

2306 1977 2775 2033 supervacaneum
2830 1962 3057 2017 luminis
3124 1962 3328 2016 donum
3372 1962 3627 2016 futurum
3680 1972 3793 2016 est.
3840 1961 3899 2014 14

2301 2055 2441 2126 quod
2476 2055 2566 2108 dat
2608 2055 2827 2119 accipit.
2859 2055 3048 2110 Oculis
3080 2055 3226 2109 enim
3258 2053 3368 2108 vim
3404 2055 3675 2108 cernendi
3729 2054 3897 2115 alii-rt,

2302 2149 2652 2217 primumque
2680 2147 2750 2201 ab
2782 2146 2958 2201 oculis
3003 2146 3344 2216 conspicitur
3378 2163 3394 2200 :
3428 2146 3899 2215 quemadmodum

2305 2240 2441 2294 Dion
2493 2238 2787 2294 Prusensis
2827 2238 3042 2293 erudite
3082 2237 3325 2308 scripsit.
3369 2236 3566 2307 Neque
3618 2242 3773 2292 enim
3823 2256 3895 2291 ιτς

2304 2331 2482 2385 oculis
2515 2332 2792 2402 subjeclas
2826 2329 3043 2384 sublato
3093 2328 3298 2383 lumine
3335 2338 3599 2398 aspectus
3642 2330 3801 2383 solus
3830 2332 3873 2381 in

2305 2434 2508 2492 tuetur,
2536 2425 2629 2481 sed
2660 2426 2843 2479 lumen
2883 2425 3070 2480 oculos
3089 2424 3521 2484 circumlustrat.
3552 2424 3892 2493 prilllumqec

2305 2530 2426 2584 quae
2456 2515 2509 2567 in
2540 2513 2738 2568 oculos
2769 2494 3028 2578 incurrit,
3063 2527 3127 2567 ac
3160 2512 3360 2566 deinde
3397 2512 3574 2581 ipsius
3609 2527 3789 2581 Opera
3828 2530 3897 2562 res

2305 2621 2521 2678 quoque
2536 2606 2655 2660 aliae
2670 2606 2724 2660 in
2742 2614 3090 2674 conspectum
3106 2604 3758 2660 cadunLCircuml'usum
3773 2604 3900 2657 enim

2306 2701 2375 2755 iis
2401 2700 2580 2763 rebus,
2601 2714 2722 2769 qute
2736 2707 2959 2767 aspectu
2977 2698 3303 2760 sentiuntur,
3325 2696 3637 2752 libertatem
3654 2698 3780 2750 illis
3797 2712 3904 2765 per-

2307 2792 2762 2860 spicuitatemque
2783 2789 2974 2854 donat,
2997 2790 3049 2842 id
3069 2799 3179 2851 est,
3214 2788 3395 2853 ellicit,
3416 2800 3472 2841 ut
3490 2799 3810 2858 appareant
3832 2798 3908 2840 at-

2306 2901 2409 2955 quc
2429 2894 2746 2940 cernantur.
2770 2883 2867 2939 Vel
2911 2884 3073 2937 etiam
3101 2882 3397 2937 libertatem
3432 2881 3615 2946 all‘ert,
3656 2895 3725 2936 ut
3752 2899 3908 2936 unus.

2305 2978 2537 3047 quisque
2567 2977 2789 3048 proprio
2842 2977 2993 3046 operi
3029 2974 3350 3044 ntunerique
3401 2973 3720 3032 incumbat.
3750 2973 3907 3028 Nocte

2302 3073 2449 3123 enim
2476 3084 2539 3123 ac
2565 3069 2802 3124 tenebris
2821 3067 3227 3123 dominantibus
3246 3080 3430 3121 omnes
3447 3066 3516 3119 ab
3532 3066 3784 3121 actione
3797 3083 3909 3120 eun-

2298 3163 2621 3233 quiescunt,
2659 3177 2755 3217 nec
2795 3160 2985 3230 pedem
3031 3159 3196 3214 domo
3230 3158 3419 3213 etl‘erre
3477 3158 3662 3211 libere
3693 3160 3906 3212 audent.

2368 3252 2488 3308 Col.
2522 3254 2628 3307 610
2681 3252 2915 3307 C.Num
2964 3268 3085 3305 cum
3126 3250 3267 3304 Deus
3311 3251 3449 3304 hunc
3492 3264 3565 3304 ex
3611 3250 3905 3304 cisibilrbu

2301 3357 2350 3401 et
2386 3346 2765 3410 invisibilibus,
2800 3353 2911 3400 etc.
2951 3331 3146 3399 Adhuc
3184 3344 3238 3397 in
3274 3357 3533 3398 sermone
3589 3343 3665 3398 de
3703 3342 3904 3398 lumine
3996 3331 3997 3393 ἶ

2301 3448 2698 3502 commoratur,
2734 3436 2922 3507 aitque
2958 3453 2973 3489 :
3007 3434 3244 3491 Mundus
3285 3434 3630 3491 intellectilis
3660 3452 3731 3491 ac
3757 3437 3905 3506 spitio

2303 3532 2466 3586 tualis
2489 3547 2518 3584 a
2549 3529 2654 3585 Deo
2679 3542 2916 3596 creatus,
2935 3528 3112 3599 ipsum
3140 3527 3330 3593 Deum,
3355 3528 3549 3585 lumen
3579 3532 3905 3602 maximum,

2304 3622 2563 3688 habebat,
2619 3635 2685 3676 ac
2730 3623 2961 3692 proinde
2990 3620 3127 3675 nihil
3154 3628 3296 3686 erat,
3328 3636 3428 3674 cur
3456 3624 3781 3678 secundum
3833 3627 3904 3677 ln-

2307 3730 2434 3769 men
2460 3714 2781 3784 requireret.
2807 3714 2888 3770 Ac
2923 3714 3092 3770 rebus
3131 3714 3508 3788 inferioribus,
3540 3726 3603 3770 et
3635 3719 3793 3772 circa
3817 3733 3899 3771 nos

2306 3807 2525 3877 positis,
2568 3813 2696 3862 ante
2734 3807 2842 3861 alia
2888 3806 3113 3862 luminis
3161 3806 3326 3876 hujus
3368 3807 3665 3863 sensibilis
3710 3812 3821 3862 vim
3864 3820 3907 3859 et

2306 3898 2621 3955 facultatem
2652 3883 3333 3968 produxit.‘Conveniebat
3369 3899 3520 3953 enim
3572 3916 3789 3970 magno
3831 3906 3903 3953 la-

2308 3991 2467 4056 mini,
2493 3991 2601 4045 hoc
2632 3999 2738 4055 est,
2775 3989 2923 4057 Deo,
2959 3989 3216 4045 inferiora
3261 3991 3364 4044 ista
3393 3988 3624 4045 efficere
3673 3993 3901 4062 paranti.

2317 4099 2426 4141 non
2468 4083 2689 4139 aliunde
2724 4083 2927 4154 opificii
2958 4084 3044 4138 sui
3080 4083 3408 4154 principium
3443 4100 3621 4153 quam
3651 4103 3681 4137 a
3710 4088 3902 4139 lumine

2313 4177 2536 4242 ducere,
2569 4191 2680 4246 quo
2711 4187 2765 4231 et
2798 4175 3054 4230 tenebras
3100 4176 3283 4241 solvit,
3336 4190 3404 4228 ac
3445 4187 3671 4231 vastam
3723 4192 3905 4246 conge-

2313 4269 2450 4323 riem
2499 4278 2553 4322 et
2598 4267 2977 4324 confusionem
3004 4309 3019 4333 ,
3063 4268 3248 4323 omnia
3313 4269 3468 4337 prius
3523 4282 3907 4338 occupantem.

626 4354 809 4407 lumen
849 4351 1013 4442 illud,
1061 4361 1471 4442 quantum‘est,
1532 4367 1563 4407 a
1605 4357 1797 4423 paucis
1848 4356 2118 4426 pervideri
2155 4368 2211 4411 et
2239 4382 2292 4442 Β
2322 4361 2467 4416 Luce
2497 4361 2699 4431 quippe
2744 4362 2987 4416 nondum
3020 4372 3225 4428 creata,
3259 4362 3609 4416 inconditum
3654 4378 3783 4417 erat
3820 4365 3906 4416 huc

625 4437 865 4506 spectari
911 4452 1091 4507 posse,
1122 4438 1411 4494 confestim
1441 4440 1545 4496 hoc
1579 4442 1785 4497 dictum
1834 4455 1895 4499 ut
1939 4461 2072 4501 vero
2107 4448 2215 4500 mi-

624 4533 771 4586 nime
798 4540 1230 4586 consentaneum
1256 4530 1508 4600 arripuit,
1539 4547 1707 4602 seque
1750 4535 2037 4607 corrigens
2079 4550 2215 4591 exa-

625 4637 714 4679 Cle
758 4630 1055 4693 aperteque
1104 4620 1264 4686 dixit,
1316 4622 1422 4675 imo
1457 4638 1521 4675 ne
1556 4624 1740 4692 paucis
1779 4627 2020 4695 quidem,
2057 4637 2220 4696 atque

629 4711 703 4765 ita
736 4710 1054 4782 bujusmodi
1098 4710 1282 4766 lumen
1329 4713 1480 4767 nullo
1528 4714 1691 4769 modo
1729 4718 1940 4786 percipi
1971 4726 2026 4772 et
2066 4733 2217 4772 com-

629 4803 892 4873 prehendi
945 4818 1110 4874 posse
1174 4804 1493 4861 declaravit.
1528 4805 1675 4862 Deus
1732 4808 1899 4879 igitur
1956 4809 2213 4880 princeps

630 4897 816 4951 lumen
845 4905 950 4963 est,
982 4896 1211 4968 fonsque
1248 4900 1542 4954 luminum.
1587 4898 1843 4954 Secunda
1892 4913 2074 4955 autem
2126 4902 2214 4955 lu-

649 4988 819 5051 mina,
873 4988 942 5042 ab
992 5004 1058 5044 eo
1088 4990 1272 5045 lumen
1325 4992 1678 5063 accipientia,
1727 4994 1933 5048 coclites
1986 4994 2216 5052 virtutes

639 5086 762 5133 sunt
812 5079 982 5135 Deum
1022 5081 1464 5149 circumstantes,
1512 5093 1570 5139 et
1619 5095 1678 5138 ut
1727 5084 1968 5140 Hebraeis
2014 5085 2217 5142 Paulus

629 5173 879 5229 scribens
908 5173 985 5229 ait
1020 5190 1034 5227 :
1079 5174 1559 5230 Administratorii
1600 5177 1849 5246 spiritus,
1884 5178 1938 5230 in
1983 5180 2218 5233 ministe-

631 5265 769 5316 rium
800 5264 970 5330 missi,
998 5274 1214 5333 propter
1238 5281 1348 5330 eos,
1384 5268 1475 5335 qui
1519 5266 1748 5320 salutem
1780 5268 2090 5322 Itwreditate
2128 5286 2217 5323 ac-

634 5356 839 5424 cepturi
876 5366 1002 5410 sunt
1031 5357 1098 5412 ".
1141 5360 1209 5413 At
1248 5370 1495 5414 nostrum
1551 5360 1655 5415 hoc
1698 5360 1904 5426 lumen,
1934 5378 2032 5417 nec
2066 5363 2212 5431 prin-

634 5448 797 5517 cipio,
846 5463 945 5503 nec
991 5450 1339 5509 successione
1388 5463 1560 5520 caret,
1591 5461 1649 5507 ut
1695 5453 1960 5519 divinum,
2022 5456 2115 5508 sed
2160 5464 2213 5508 et

704 5606 750 5639 “
787 5607 949 5665 Rom.
981 5624 1056 5676 γι,
1081 5608 1137 5664 4.
1197 5611 1266 5681 .⁸¹
1300 5609 1464 5668 Hebr.
1502 5626 1540 5679 l,
1578 5609 1666 5666 ll.

1745 5611 1790 5643 "
1833 5610 2025 5667 Grues.
2071 5627 2107 5675 ι,
2143 5611 2369 5682 9._seqq.
2446 5614 2490 5645 ⁸⁵

2320 4453 2641 4519 universum
2670 4461 2834 4522 atque
2866 4453 3262 4508 inordinatum.
3286 4451 3546 4508 Ordinem
3576 4465 3773 4510 autem
3800 4462 3909 4524 post

2331 4544 2459 4599 caeli
2515 4555 2570 4599 et
2619 4554 2778 4599 terrae
2841 4545 3170 4599 creationem
3238 4545 3420 4600 statim
3474 4546 3909 4601 animadvertam

2319 4650 2489 4704 queas
2520 4652 2535 4690 :
2571 4633 2698 4689 Fiat
2735 4635 2878 4690 enim
2904 4675 2919 4700 ,
2973 4635 3180 4706 inquit,
3230 4638 3658 4705 ﬁrmamentum.
3692 4637 3907 4693 Deinde.

2318 4726 2585 4782 Germinet
2617 4737 2781 4793 terra,
2807 4736 2863 4782 et
2897 4738 3090 4783 caetera
3144 4731 3333 4784 eodem
3367 4731 3529 4784 modo
3554 4731 3635 4783 ⁸⁸.
3664 4731 3772 4786 Ubi
3828 4750 3909 4783 au-

2322 4826 2429 4873 tem
2457 4819 2694 4889 primum
2743 4818 3006 4888 quiddam
3047 4829 3151 4885 est,
3185 4835 3252 4874 ac
3279 4818 3605 4886 secundum,
3644 4823 3779 4891 quis
3820 4821 3908 4874 illic

2323 4910 2569 4966 ordinem
2598 4925 2722 4965 esse
2770 4909 2985 4966 inﬁcias
3034 4909 3193 4966 iverit
3217 4913 3239 4965 ‘t
3269 4911 3394 4967 Haec
3422 4924 3611 4968 autem
3638 4930 3671 4967 a
3700 4914 3911 4968 Platone

2326 5011 2608 5055 mutuatus
2647 5009 2753 5066 est,
2784 5002 2944 5071 cujus
2989 5002 3104 5058 haec
3145 5004 3306 5059 verba
3342 5014 3472 5059 sunt
3509 5006 3707 5061 :Cum
3760 5009 3909 5061 Deus.

2325 5091 2589 5163 quidquid
2620 5092 2675 5146 in
2707 5093 2967 5147 cernendi
2990 5107 3211 5149 sensum
3230 5096 3470 5160 caderet,
3498 5100 3909 5167 assumpsisset.

2325 5200 2438 5240 non
2471 5185 2827 5254 tranquillum
2863 5196 2918 5240 et
2948 5188 3217 5256 quietum,
3256 5190 3349 5243 sed
3384 5190 3767 5247 immoderate
3811 5196 3912 5259 agr

2322 5284 2493 5330 latum
2519 5287 2569 5332 et
2592 5276 2952 5344 fluctuans,ex
2977 5280 3366 5355 inordinatoin
3390 5280 3648 5337 ordinem
3674 5287 3914 5341 adduxit.

2323 5364 2523 5421 Verum
2545 5366 2783 5423 fortasse
2815 5369 3085 5441 quispiam
3116 5371 3543 5438 addubitaverit,
3576 5389 3716 5429 cum
3749 5376 3917 5429 loses

2320 5454 2463 5510 dicat
2492 5473 2506 5509 :
2545 5453 2613 5509 In
2647 5459 2911 5529 principio
2933 5461 3132 5514 creavit
3157 5460 3297 5516 Deus
3325 5464 3511 5517 caelum
3544 5473 3594 5516 et
3627 5474 3840 5519 terram
3859 5464 3915 5537 ’⁴,

2552 5612 2691 5672 ibid.
2735 5614 2787 5669 1.
