4050 6198
323 251 442 321 1417

1216 241 1539 304 NlCETAS
1579 240 1657 300 IN
1698 239 1919 300 ORAT.
1961 237 2160 297 XLIII
2203 237 2264 295 S.
2303 234 2530 294 GREG.

3421 227 3556 295 i118

323 381 576 444 aepostea
612 368 925 436 subiungat:
954 363 1017 418 Et
1050 363 1186 416 dixit
1213 361 1383 415 Deus:
1409 359 1529 412 Fiat
1554 359 1647 411 lux
1673 357 1878 426 “,qnid
1913 365 1954 418 Α
1993 354 2134 408 Deus
2175 351 2492 423 organicnm
2535 364 2562 400 a
2610 347 2879 418 principio
2913 361 3259 419 nequaquam
3296 351 3556 416 ostendit,

325 481 489 521 causa:
531 464 636 528 sit,
693 477 791 516 cur
826 457 1139 526 'l‘beologus
1223 455 1390 508 Deum
1450 467 1586 520 opus
1651 466 1810 505 suum
1853 465 1881 501 a

327 559 517 613 lumine
549 554 889 622 auspicatum
923 564 1046 605 esse
1066 549 1235 602 dicat.
1273 544 1428 612 Quod
1460 545 1620 598 ctiam
1649 558 1752 596 non
1785 543 1884 594 boc

325 661 517 705 tantum
548 648 667 700 loco
701 646 854 708 dicit,
885 643 979 699 sed
1016 643 1068 696 in
1096 639 1244 712 poesi
1275 653 1493 709 quoque
1526 651 1647 700 sua,
1689 634 1742 688 in
1779 649 1883 703 qua

325 742 386 795 ita
413 740 606 794 cecinit
638 755 653 791 :

384 864 651 933 Principio
680 863 854 915 lumen
889 878 1124 933 summus
1159 861 1460 915 Moderalor
1481 860 1677 930 olympi

388 931 647 998 Fecit,'ut
677 948 890 984 accessu
922 934 1051 985 lucis
1076 931 1374 1000 jucundior
1405 947 1533 986 esset

386 1006 517 1058 Tota
549 1006 718 1071 operis
754 1004 930 1072 magni
961 1003 1122 1070 facies
1150 1017 1168 1054 :
1202 1017 1263 1053 ac
1295 1011 1476 1070 postea
1506 1001 1692 1053 rectum

382 1075 677 1135 Sidereum,
705 1071 913 1141 {acinus
945 1072 1204 1136 mirabile,
1237 1072 1388 1125 duxit
1412 1075 1466 1125 in
1497 1071 1696 1124 orbem.

327 1189 382 1239 Et
415 1202 535 1256 qua:
565 1195 890 1254 sequuntur.

390 1277 493 1330 Sed
544 1277 729 1329 multis
791 1277 967 1329 modis
1023 1276 1164 1330 banc
1217 1277 1618 1331 dubitationem
1675 1277 1891 1330 solvere

327 1371 461 1432 licet,
504 1377 667 1437 atque
706 1367 996 1421 ostendere
1027 1367 1309 1438 ,Tbeologi
1345 1368 1511 1422 verba
1559 1383 1681 1423 cum
1726 1366 1892 1422 Mosis
1925 1407 1929 1412 -

326 1460 496 1513 verbis
537 1473 879 1526 nequaquam
932 1473 1200 1526 pugnare.
1256 1459 1496 1513 Primum
1545 1460 1671 1528 quia
1715 1458 1893 1515 Moses

326 1565 532 1619 quoque
590 1550 706 1615 ipse
759 1558 881 1618 post
927 1549 1086 1618 primi
1146 1549 1270 1604 caeli
1327 1551 1654 1605 creationem
1707 1551 1890 1605 lumen

323 1640 546 1703 factum,
577 1638 773 1692 deimle
807 1639 1234 1706 ﬁrmamentum,
1272 1639 1326 1694 in
1356 1655 1466 1710 quo
1509 1649 1563 1695 et
1605 1639 1776 1694 solem
1839 1650 1895 1694 et

319 1730 490 1784 sidera
537 1729 800 1784 collocata
841 1745 962 1785 esse
1011 1731 1230 1788 asserit.
1279 1731 1481 1786 Eodem
1532 1732 1676 1786 enim
1733 1730 1897 1784 modo

321 1819 624 1888 Tbeologus
664 1835 884 1891 quoque
921 1823 1099 1877 lucem
1133 1823 1370 1894 pritnmn
1414 1821 1687 1877 conditam
1730 1822 1899 1878 fuisse

319 1910 411 1973 ait,
463 1909 662 1964 deinde
711 1913 913 1966 ctelnm
977 1911 1079 1966 hoc
1141 1913 1316 1967 stellis
1361 1913 1699 1977 distinctum,
1751 1913 1897 1981 quod

319 2002 477 2055 etiam
516 2001 923 2057 ﬁrmamentum
979 2005 1321 2058 nominatum
1362 2013 1466 2068 est,
1496 2021 1558 2059 ac
1590 2006 1765 2074 primo
1797 2005 1900 2058 hoc

322 2094 458 2148 εωιο
506 2091 736 2147 inferius
773 2103 877 2158 est,
905 2093 1049 2163 quod
1096 2094 1342 2162 profanis
1363 2109 1581 2166 quoque
1618 2096 1901 2162 scriptori-

326 2187 446 2250 bus,
476 2185 642 2240 Mosis
680 2185 985 2240 doctrinam
1019 2185 1442 2252 sufl‘urantibus,
1475 2201 1539 2239 ac
1571 2186 1676 2240 sibi
1724 2185 1900 2239 vindi-

322 2279 592 2342 cantibus,
629 2278 824 2332 coelum
865 2277 1137 2332 sideribus
1169 2293 1360 2332 carens
1399 2278 1618 2332 dicitur.
1655 2277 1902 2332 Secundo

321 2371 474 2440 juxta
509 2370 750 2440 Gregorii
791 2370 1023 2440 Nysseni
1064 2372 1389 2424 sententiam
1425 2371 1496 2425 ita
1527 2371 1672 2425 hunc
1697 2372 1898 2425 nodum

324 2464 598 2532 explicare
650 2477 946 2532 possumus
995 2479 1010 2515 :
1059 2460 1202 2516 Deus
1258 2463 1570 2516 universam
1617 2464 1901 2516 materiam

324 2553 488 2609 simul
529 2553 759 2620 creavit,
807 2567 875 2607 ex
905 2567 1014 2622 qua
1061 2553 1246 2607 omnia
1300 2556 1563 2621 producta
1608 2563 1756 2608 sunt.
1793 2551 1904 2606 Hac

322 2658 486 2713 porro
508 2653 712 2706 creata,
743 2643 913 2712 prima
959 2641 1074 2700 lux.
1099 2650 1284 2712 utpote
1323 2643 1497 2714 magis
1523 2642 1736 2705 efficax,
1779 2643 1903 2697 dis-

322 2744 472 2791 creta
524 2745 579 2791 et
629 2743 877 2804 separata
903 2743 1005 2798 est,
1030 2744 1195 2804 atque
1223 2735 1448 2789 exsiliit.
1479 2735 1608 2790 Post
1634 2736 1738 2789 alia
1790 2751 1904 2789 ma-

327 2829 465 2883 teria
502 2827 567 2881 ad
600 2826 724 2883 coeli
767 2826 1122 2889 creationem,
1173 2827 1277 2879 alia
1337 2827 1403 2880 ad
1452 2835 1611 2880 terra:
1655 2837 1901 2880 constru-

327 2923 569 2976 ctionem
613 2933 893 2990 assumpta
927 2931 1027 2984 est,
1071 2931 1236 2990 atque
1261 2921 1333 2972 ita
1373 2919 1689 2974 universum
1727 2918 1906 2989 perfe-

328 3027 479 3072 ctum
505 3023 610 3071 est.
652 3015 834 3070 Tertia
865 3014 1200 3070 difﬁcultatis
1239 3013 1438 3068 solutio
1465 3028 1640 3080 eaque
1668 3015 1905 3069 exactis-

334 3108 472 3163 sima
495 3110 608 3162 haec
636 3123 757 3163 esse
788 3110 978 3177 possit.
1024 3105 1166 3162 Inter
1207 3107 1549 3161 effectionem
1591 3115 1644 3160 et
1669 3105 1906 3161 fabrica-

333 3203 539 3256 tionem
571 3201 858 3256 discrimen
882 3201 1227 3263 constituunt,
1255 3215 1378 3254 cum
1415 3199 1508 3253 alii
1541 3201 1693 3253 multi
1712 3200 1910 3254 eruditi

332 3295 478 3358 viri,
534 3303 641 3346 tum
700 3303 922 3349 sanctus
980 3297 1034 3346 et
1110 3292 1473 3362 philosophus
1547 3300 1602 3345 et
1663 3291 1909 3361 martyrii

334 3383 497 3436 laude
556 3382 738 3436 clarus
787 3391 841 3436 et
891 3380 1121 3435 celebris
1171 3378 1446 3434 Justinus.
1505 3375 1641 3430 Nam
1697 3377 1910 3438 factor,

339 3476 488 3529 nulla
531 3475 635 3528 alia
668 3489 728 3528 re
760 3473 1045 3544 indigens,
1089 3487 1219 3528 sua.
1245 3471 1420 3538 ipsius
1450 3470 1498 3523 vi
1544 3478 1597 3523 et
1649 3477 1915 3537 potestate

339 3582 480 3635 opus
510 3565 695 3620 eﬁicit.
737 3566 807 3618 At
848 3565 1164 3628 fabricator,
1201 3563 1311 3616 vim
1361 3560 1564 3631 opificii
1602 3561 1685 3614 sui
1724 3576 1754 3614 a
1797 3575 1915 3612 ma-

343 3660 482 3713 teria
527 3659 823 3727 accipiens,
871 3673 1009 3726 opus
1064 3655 1382 3709 fabricatur.
1426 3653 1694 3718 Quoniam
1747 3651 1915 3720 igitur

342 3750 448 3804 hoc
489 3749 644 3824 prius
673 3755 1014 3817 assumptum
1047 3752 1154 3810 est,
1188 3755 1243 3799 et
1271 3762 1368 3814 [ιι-ιι
1395 3755 1545 3798 certo
1569 3758 1633 3798 ac
1658 3742 1914 3797 confesso

339 3842 593 3905 habetur,
622 3841 880 3894 nimirum
913 3838 1174 3892 factorem
1215 3853 1280 3890 ex
1335 3836 1508 3890 nihilo
1545 3835 1742 3898 facere,
1795 3834 1915 3904 Opi-

343 3935 499 3988 ficem
546 3945 724 3988 autem
756 3949 822 3987 ex
867 3932 1117 4000 subjecta
1169 3929 1422 3993 materia,
1478 3929 1771 3983 videndum
1800 3928 1913 3998 jam

342 4037 508 4098 atque
558 4025 1098 4081 animadvertendum
1162 4032 1354 4089 restat,
1396 4037 1560 4092 quam
1613 4028 1804 4075 exacte
1851 4035 1915 4075 ac

343 4135 474 4174 vere
525 4121 638 4173 haec
697 4117 1008 4186 Tlteologns
1063 4117 1286 4170 dixerit.
1356 4115 1476 4167 Non
1525 4114 1672 4167 enim
1732 4114 1912 4166 dixit:

342 4211 714 4266 Conveniebat
751 4209 860 4264 Deo
903 4209 1238 4262 creationem
1289 4222 1320 4260 a
1375 4207 1584 4260 lumine
1635 4205 1913 4272 exordiri;

343 4320 474 4359 nam
518 4303 570 4358 id
605 4320 632 4359 a
669 4305 898 4359 veritate
938 4301 1172 4355 alienum
1209 4299 1444 4367 fuisset;
1482 4299 1578 4355 sed
1610 4301 1912 4370 opificium,

342 4397 491 4470 quod
523 4399 738 4469 quidem
771 4413 962 4451 verum
1017 4405 1121 4450 est.
1167 4393 1377 4450 Caelum
1433 4393 1606 4455 enim.
1643 4403 1698 4449 et
1744 4403 1917 4458 terra,

343 4502 654 4562 caateraque
692 4491 982 4550 elementa.
1033 4503 1100 4542 ex
1148 4487 1294 4540 nulla
1336 4487 1562 4542 materia
1595 4487 1922 4558 praeiacente

347 4585 492 4638 facta
526 4592 676 4647 sunt,
707 4583 870 4651 idque
915 4581 1115 4634 creatio
1145 4579 1345 4634 dicitur
1376 4592 1392 4632 :
1420 4587 1474 4634 at
1503 4581 1835 4646 animantes,
1867 4590 1923 4636 et

349 4677 573 4745 stirpes,
621 4685 674 4731 et
727 4675 935 4730 semina
966 4689 1032 4728 ex
1068 4673 1152 4727 his
1200 4670 1341 4726 facta
1386 4681 1536 4735 sunt,
1570 4673 1674 4727 hoc
1705 4682 1810 4737 cst,
1851 4688 1916 4728 ex

347 4782 586 4839 quatuor
643 4769 950 4828 elementis,
1017 4775 1180 4828 terra,
1238 4781 1401 4836 aqua,
1463 4781 1610 4830 aere,
1667 4775 1721 4819 et
1776 4767 1922 4836 igne,

347 4871 514 4929 atque
564 4861 617 4915 id
667 4860 944 4930 opiﬁcium
996 4859 1328 4912 nominatur.
1383 4857 1568 4926 Itaque
1619 4856 1761 4913 Deus
1813 4873 1922 4912 non

346 4954 709 5017 creationem,
755 4951 848 5008 sed
893 4950 1158 5019 opiﬁcium
1199 4966 1357 5004 suum
1411 4965 1441 5003 a
1492 4949 1695 5003 lumine
1762 4965 1922 5004 orsus

347 5055 455 5099 est.
496 5045 628 5097 Nam
679 5059 804 5098 cum
853 5058 920 5097 ex
969 5041 1395 5110 elementisjam
1449 5057 1478 5095 a
1537 5057 1597 5096 se
1635 5041 1921 5111 productis

349 5137 662 5191 animantes
712 5145 767 5190 et
817 5135 1028 5204 plantas
1079 5149 1143 5188 ac
1195 5133 1404 5188 semina
1465 5132 1674 5188 efﬁcere
1723 5135 1919 5200 voluit,

350 5235 469 5279 tum
498 5225 735 5294 primum
770 5226 907 5280 dixit
940 5245 954 5280 :
997 5223 1116 5278 Fiat
1155 5227 1248 5278 tua:
1271 5226 1313 5256 ⁶¹
1359 5243 1372 5278 :
1405 5227 1618 5289 deinde,
1659 5227 1925 5284 Cerminet

354 5324 502 5368 terra
524 5316 570 5346 “
597 5332 612 5371 :
638 5315 740 5368 Et:
774 5315 1081 5369 Producant
1101 5330 1252 5384 aqua:
1277 5316 1486 5382 reptilia
1517 5325 1566 5370 et
1591 5318 1828 5372 volatilia
1856 5321 1922 5373 ⁵³.

355 5407 464 5461 Et:
501 5406 763 5460 Producat
801 5420 945 5461 terra
978 5411 1210 5461 animam
1240 5407 1517 5474 viventem,
1541 5411 1924 5478 quadrupedia,

354 5509 407 5550 et
452 5499 680 5565 reptilia,
709 5510 754 5552 et
784 5500 979 5553 bestias
1002 5499 1068 5555 ⁸⁵⁵.
1111 5502 1286 5568 Atque
1319 5499 1421 5552 bne
1451 5503 1709 5555 sensibile
1743 5503 1926 5558 lumen

435 5649 629 5706 “Gen.
670 5657 788 5720 1,5.
885 5656 924 5685 ει
957 5655 1112 5718 nam,
1142 5654 1194 5706 5.
1269 5655 1314 5688 σι
1344 5656 1475 5709 ibid.
1518 5658 1602 5710 ιι.

679 5751 949 5808 ΓΛτιιιιι..
995 5746 1111 5805 GR.
1161 5746 1256 5805 CX
1271 5749 1311 5804 Χ
1326 5747 1464 5808 VII.

1665 5657 1709 5688 ⁸³
1733 5656 1862 5711 ibid.
1893 5656 1982 5710 '20.

1990 447 2040 499 id
2077 455 2183 508 est,
2213 444 2369 513 quasi
2407 442 2460 495 in
2495 455 2703 510 organo
2748 441 2982 510 quodam
3036 450 3088 495 et
3134 455 3360 509 corpore
3392 442 3561 509 (velut

1990 539 2042 592 in
2085 536 2235 608 vase)
2263 533 2739 601 circumscriptum
2774 543 2824 586 et
2853 533 3199 595 conclusum,
3225 532 3384 602 quale
3414 548 3562 587 nunc

1989 628 2253 693 cernitur,
2288 642 2411 681 cum
2445 625 2577 680 solis
2606 623 2737 677 orbe
2773 625 3104 689 continetur,
3137 639 3324 679 verum
3377 624 3564 679 incor-

1991 735 2215 791 poreum
2244 733 2308 773 ac
2352 718 2486 773 solis
2533 731 2749 787 expers.
2788 715 2923 770 Nam
2951 731 3074 769 cum
3104 717 3348 770 nondum
3400 717 3564 771 solari

1990 816 2122 870 orbe
2144 813 2620 882 circumscriptum
2662 818 2826 873 esset,
2859 810 3238 878 incorporeum
3269 819 3427 874 erat;
3460 810 3564 864 bne

1989 909 2133 960 enim
2199 904 2474 976 signiﬁcat
2534 903 2775 974 ἀνήλιον.
2845 901 3042 956 Postea
3099 902 3277 971 ipsum
3343 903 3445 956 soli
3504 917 3569 956 ac

1991 998 2268 1053 sideribus
2295 997 2464 1062 dedit,
2502 997 2605 1052 ltoc
2643 1005 2750 1061 est,
2802 995 3188 1066 primigenium
3228 995 3407 1049 lumen
3457 995 3567 1048 illis

1997 1087 2360 1141 luminaribus
2415 1100 2666 1140 summus
2723 1085 3056 1139 architectus
3113 1085 3371 1154 imposuit
3410 1101 3424 1138 :
3458 1101 3568 1138 nou

1993 1181 2140 1251 quod
2196 1179 2420 1232 luminis
2467 1179 2695 1232 alterius
2727 1177 2910 1247 inepia
2966 1189 3324 1247 premeretur,
3359 1178 3454 1233 sed
3501 1194 3570 1232 ne

1996 1273 2177 1326 lumen
2240 1270 2370 1324 illud
2424 1271 2573 1325 iners
2621 1285 2686 1324 ac
2742 1270 3016 1339 torpidmn
3065 1281 3328 1325 maneret.
3382 1269 3571 1339 Neque

1993 1366 2137 1420 enim
2199 1364 2490 1426 luminare,
2560 1362 2744 1416 lumen
2794 1362 2972 1431 ipsum
3031 1371 3133 1430 est,
3198 1364 3290 1418 sed
3348 1363 3573 1417 luminis

1998 1455 2476 1527 conceptaculum.
2509 1454 2651 1521 Quid
2704 1461 2885 1508 autem
2928 1469 3109 1509 causae
3141 1455 3264 1519 fuit,
3289 1471 3389 1511 cur
3421 1455 3574 1524 prius

2002 1551 2213 1609 lumen.
2259 1547 2461 1604 deinde
2512 1547 2740 1603 luminis
2795 1547 3275 1618 conceptaculum,
3315 1548 3417 1601 hoc
3470 1556 3575 1612 est,

2001 1640 2236 1695 solarem
2294 1639 2481 1693 orbem
2549 1636 2800 1691 crearet?
2869 1635 3137 1690 Nimirum
3202 1645 3258 1690 ut
3321 1651 3577 1707 magnum

2002 1731 2281 1801 quoddam
2321 1737 2376 1784 et
2423 1728 2641 1798 insigne
2679 1728 3007 1781 miraculum
3038 1727 3245 1782 ederet.
3287 1727 3420 1781 Nam
3453 1743 3576 1782 cum

2003 1824 2055 1878 in
2108 1822 2335 1892 reliquis
2384 1821 2652 1875 creaturis
2707 1819 2992 1873 materiam
3041 1819 3192 1888 prius
3241 1819 3583 1874 condidisset

2003 1917 2109 1986 (est
2160 1926 2341 1970 autem
2395 1913 2626 1968 materia
2685 1912 2759 1977 id,
2820 1911 2967 1981 quod
3023 1912 3326 1981 unicuique
3383 1912 3461 1965 rei
3513 1915 3582 1966 ad

2002 2008 2297 2062 essentiam
2358 2006 2626 2074 subiacet,
2681 2003 2831 2058 velut
2891 2011 3128 2070 quatuor
3175 2001 3487 2073 elementa),
3516 2018 3582 2057 ac

2002 2098 2200 2152 deinde
2261 2095 2495 2150 formam
2551 2094 2842 2148 indidisset
2889 2110 2902 2146 :
2957 2093 3046 2146 bic
3104 2104 3283 2147 tamen
3350 2094 3582 2148 formam

2007 2191 2162 2260 prius
2204 2188 2432 2252 creavit,
2489 2189 2591 2240 hoc
2624 2197 2730 2248 est,
2786 2186 2968 2239 lumen
3021 2183 3176 2254 (solis
3221 2185 3366 2239 enim
3411 2184 3584 2239 forma

2007 2282 2189 2334 lumen
2245 2288 2362 2344 est,
2424 2279 2508 2333 sol
2563 2289 2742 2332 autem
2771 2277 2996 2331 luminis
3056 2278 3332 2346 materia),
3397 2288 3585 2348 postea

2006 2381 2186 2426 autem
2239 2370 2525 2425 materiam
2561 2369 2792 2431 efﬂuxit,
2837 2369 2941 2423 hoc
2990 2382 3095 2434 est,
3132 2371 3312 2426 solare
3361 2387 3586 2442 corpus,

2007 2479 2073 2518 ac
2103 2463 2308 2518 solem.
2330 2462 2434 2518 diei
2469 2470 2748 2533 parentem
2781 2460 3080 2518 fabricatus
3131 2474 3233 2518 est.
3271 2465 3342 2517 Ita
3378 2465 3589 2534 produ~

2007 2568 2095 2612 cto
2135 2557 2347 2612 lumine
2395 2557 2604 2624 primus
2637 2555 2778 2618 dies,
2821 2564 2877 2610 et
2924 2557 3202 2612 secundus
3249 2567 3590 2621 numeratur,

2010 2665 2077 2716 ac
2127 2651 2211 2705 sic
2259 2650 2524 2718 deinceps
2577 2663 2753 2717 usque
2800 2651 2870 2703 ad
2922 2649 3235 2718 septimum,
3297 2665 3406 2720 quo
3447 2650 3591 2706 Deus

2011 2743 2282 2814 requievit
2306 2743 2375 2797 ab
2402 2742 2658 2796 omnibus
2682 2743 2965 2812 operibus,
2997 2758 3118 2813 quae
3144 2741 3367 2810 fecerat,
3400 2759 3592 2813 quem-

2011 2837 2306 2891 admodum
2353 2845 2584 2890 testatur
2641 2833 2947 2905 Scriptura.
2991 2835 3193 2891 Diebus
3241 2836 3389 2890 enim
3433 2836 3593 2906 Opifi-

2012 2932 2159 2988 cium
2206 2928 2302 2984 Dei
2353 2929 2635 2983 dividitur.
2690 2928 2875 2982 Primo
2916 2929 3116 2983 etenim
3151 2930 3243 2982 lux
3296 2930 3438 2984 facta
3488 2941 3590 2996 est,

1934 3054 1976 3108 ρ
2012 3039 2134 3096 quae
2189 3030 2242 3078 et
2296 3020 2494 3076 diffusa
2541 3030 2594 3075 et
2652 3023 2883 3075 collecta
2946 3030 3056 3077 tres
3111 3023 3229 3078 dies
3279 3032 3402 3078 ante
3461 3024 3594 3080 solis

2016 3115 2348 3173 creationem
2382 3113 2547 3179 fecit;
2583 3112 2852 3172 secundo,
2934 3113 3333 3167 ﬁrmamentum
3361 3131 3377 3180 ;
3411 3116 3593 3178 tertio,

2016 3221 2288 3277 aquarum
2320 3205 2592 3268 collectio,
2639 3212 2905 3271 terraeque
2948 3205 3320 3273 germinatio;
3373 3216 3592 3274 Quarto,

2015 3297 2339 3361 luminaria;
2396 3295 2610 3364 quinto,
2661 3293 2919 3347 animalia
2972 3310 3038 3349 ex
3085 3296 3244 3364 aquis
3289 3299 3594 3366 producta;

2017 3400 2194 3454 sexto,
2243 3387 2502 3442 animalia
2552 3386 2860 3452 terrestria,
2911 3397 2964 3440 et
2997 3389 3182 3441 homo.
3223 3386 3376 3462 Quod
3409 3400 3592 3445 autem

2018 3483 2133 3536 haec
2163 3495 2327 3549 opera
2367 3495 2434 3533 eo
2461 3477 2658 3532 ordine
2702 3477 3002 3532 constituta
3053 3479 3182 3544 sint,
3233 3487 3294 3531 ut
3345 3481 3492 3534 aliud
3525 3482 3598 3536 sit

2018 3572 2283 3641 primum,
2310 3569 2457 3623 aliud
2485 3569 2807 3633 secundmn,
2855 3584 2919 3624 ac
2960 3570 3207 3640 deincps,
3246 3587 3356 3624 nun
3395 3581 3598 3626 temere

2028 3679 2093 3718 ac
2125 3664 2330 3718 frustra
2366 3662 2565 3717 factum
2617 3672 2722 3726 est,
2757 3663 2851 3717 sed
2898 3672 3118 3732 propter
3153 3664 3394 3720 rationes
3423 3678 3594 3734 quas-

2021 3755 2146 3810 dam
2195 3768 2426 3808 arcanas
2475 3761 2531 3806 et
2576 3752 2902 3808 ineffabiles.
2956 3752 3140 3809 Rebus
3199 3754 3344 3810 enim
3396 3757 3598 3812 creatis

2018 3847 2209 3901 ordine
2239 3861 2376 3915 opus
2409 3854 2544 3901 erat.
2574 3844 2764 3902 Ordini
2793 3859 2958 3914 porro
2988 3844 3275 3902 familiaris
3303 3857 3356 3902 et
3380 3863 3600 3903 accom-

2020 3941 2215 3994 mo.lus
2251 3947 2336 3994 est
2388 3953 2673 4002 numerus,
2725 3947 2786 3991 ut
2830 3936 2984 3990 Pbilo
3037 3937 3298 3993 llebrazus
3351 3940 3597 4009 scripsit.

2020 4030 2254 4085 Proinde
2305 4030 2446 4084 baud
2497 4030 2680 4083 subito
2719 4038 2884 4097 atque
2914 4027 3206 4082 confertim
3239 4029 3423 4097 epifcx
3468 4030 3601 4086 Ver-

2021 4122 2410 4192 bum,Deique
2461 4121 2656 4182 Filius,
2717 4120 2901 4173 omnia
2960 4120 3014 4173 in
3105 4135 3286 4174 rerum
3347 4130 3597 4177 naturam

2023 4213 2259 4278 extulit,
2308 4213 2434 4265 licet
2481 4210 2688 4280 alioqui
2743 4211 2932 4264 omnia
2989 4210 3167 4266 facere
3223 4213 3434 4282 possit,
3486 4229 3598 4268 non

2024 4307 2186 4361 modo
2213 4307 2376 4376 jussu
2409 4319 2575 4374 atque
2610 4305 2862 4373 imperio,
2896 4305 2993 4360 sed
3045 4307 3161 4362 sola
3193 4308 3357 4362 etiam
3389 4311 3599 4379 cogita-

1954 4403 1998 4460 l)
2028 4399 2202 4452 tione.
2258 4397 2380 4466 Ipse
2424 4397 2569 4452 enim
2599 4397 2760 4459 dixit,
2797 4407 2847 4450 et
2874 4397 3018 4464 facta
3058 4409 3206 4462 sunt;
3237 4400 3346 4468 ipse
3371 4401 3602 4456 manda-

2029 4490 2122 4554 vit,
2149 4496 2197 4542 et
2229 4501 2406 4543 creata
2445 4501 2567 4542 sunt
2588 4489 2733 4541 6"“.
2771 4489 2911 4554 Quid
2937 4498 3118 4545 autem
3153 4491 3278 4546 dico
3307 4508 3328 4548 :
3358 4492 3530 4560 Dixit,
3554 4503 3608 4549 et

2032 4581 2178 4648 facta
2219 4588 2363 4642 sunt,
2398 4594 2520 4633 cum
2546 4579 2810 4647 c0gitatio
2839 4581 2951 4633 sola
2987 4583 3288 4649 perfectum
3325 4599 3464 4654 opus
3496 4586 3604 4639 Deo

2033 4671 2195 4726 sistat
2255 4685 2320 4723 ac
2395 4672 2787 4739 repraesentet?
2828 4671 3030 4725 llorum
3078 4681 3258 4728 autem
3312 4677 3602 4733 verborum

2033 4762 2359 4819 sententiam
2387 4761 2696 4832 Tbeologus
2719 4779 2745 4816 ιι
2777 4765 2916 4818 libro
2949 4763 3136 4820 Judith
3169 4769 3404 4837 accepit,
3435 4769 3600 4824 Deum

2031 4855 2118 4909 bis
2162 4853 2346 4908 verbis
2399 4854 2730 4924 alloquentis
2765 4873 2778 4908 :
2817 4855 3101 4924 Cogitasti,
3145 4874 3209 4911 ac
3250 4869 3445 4927 pra'sto
3486 4860 3607 4930 fue-

2031 4955 2153 5000 runt
2182 4945 2277 4999 tibi
2319 4947 2522 5011 omnia,
2570 4962 2688 5014 qua:
2730 4947 2902 5015 fecisti
2930 4947 2996 5002 ⁸⁷.
3031 4947 3186 5014 Quod
3219 4950 3267 5005 si
3299 4961 3606 5019 postremus

2033 5041 2196 5094 homo
2241 5040 2422 5094 editus
2472 5048 2594 5104 est,
2655 5041 2818 5110 idque
2865 5057 2992 5096 cum
3051 5043 3116 5097 ad
3169 5043 3458 5113 imaginem
3510 5044 3608 5098 Dei

2029 5133 2240 5198 factus,
2294 5148 2570 5203 manuque
2617 5133 2800 5187 divina
2857 5132 3066 5188 effictus
3121 5134 3328 5198 fuerit,
3381 5137 3610 5192 minime

2026 5227 2334 5281 miramlnm
2379 5236 2484 5282 est.
2528 5225 2663 5281 Nam
2708 5242 2833 5282 eum
2876 5241 3068 5282 eorum
3119 5243 3242 5296 qum
3280 5237 3440 5285 terra
3491 5245 3611 5285 am-

2027 5321 2186 5390 plexu
2218 5321 2592 5386 continentur,
2625 5337 2854 5390 regnum
2884 5335 2948 5376 ac
2987 5320 3353 5392 principatum
3388 5323 3612 5378 habitu-

2031 5428 2124 5468 rus
2157 5421 2323 5476 esset,
2385 5413 2766 5466 adornandum
2816 5413 2973 5482 prius
3023 5423 3144 5468 erat
3203 5415 3486 5483 palatium,
3557 5425 3612 5469 et

2029 5506 2333 5558 animantia
2358 5520 2421 5559 ea
2449 5505 2652 5575 quibus
2680 5520 2920 5573 praeesse
2959 5505 3211 5574 debebat,
3244 5507 3609 5577 procreanda,

2059 5660 2102 5690 °‘
2133 5659 2263 5714 ibid.
2289 5658 2379 5714 2i.
2427 5661 2548 5696 ‘3'“
2571 5659 2716 5717 Psal.
2747 5675 2971 5730 cuvttt,
3008 5662 3061 5718 5.
3141 5663 3186 5695 "
3210 5662 3418 5717 Jnditb.
3450 5677 3525 5724 ιιι,
3559 5661 3608 5732 4,

3178 5750 3255 5810 45
