4050 6198
589 196 723 263 1419

1997 196 2372 255 ADDENDA.

3686 199 3825 263 MEO

587 311 775 378 sicque
805 306 1027 361 demum
1067 305 1204 376 ipse,
1237 306 1492 362 omnibus
1526 307 1637 377 jam
1668 307 1785 362 suis
1825 308 2155 363 satellitibus
2189 313 2230 371 Λ
2264 308 2463 362 festum
2515 318 2567 363 et
2615 310 3085 365 commemoratio.
3124 311 3301 380 Atque
3346 311 3481 367 adeo
3511 312 3688 381 prima
3736 317 3826 371 illa

586 402 844 469 stipatus,
882 397 1312 453 introducendtts
1351 407 1492 465 erat,
1540 407 1597 453 ut
1641 398 1907 454 mundum
1942 399 2148 469 ingres-

585 507 701 556 sus,
726 497 1044 561 paupertate
1066 497 1230 559 atque
1260 490 1442 559 itmpia
1471 490 1693 547 minime
1725 491 2023 557 laboraret,
2056 492 2151 546 sed

583 583 789 637 divitiis
820 581 1000 635 statim
1034 590 1089 634 et
1119 581 1290 649 copiis
1316 582 1584 637 amueret.
1822 632 1867 669 ἑ

598 724 603 731 ,
653 671 772 726 (τοι.
802 670 898 725 (ill
935 671 993 723 ῐῖ.
1042 670 1194 736 Quod
1228 673 1294 736 si,
1330 674 1469 741 quod
1512 689 1743 740 eramus,
1771 678 2152 746 permansisse-

584 779 724 826 mus,
753 770 859 816 etc.
893 761 1091 829 Homo,
1127 779 1226 817 nec
1255 775 1378 818 actu
1403 765 1674 830 mortalis,
1705 783 1803 821 nec
1830 767 2150 824 immortalis

579 864 796 911 creatus
818 866 920 921 est,
956 870 1142 909 verum
1178 856 1388 910 medius
1417 857 1559 912 inter
1586 857 1751 913 Deum
1783 868 1839 913 et
1868 861 2147 914 materiam

581 949 784 1013 factus,
840 947 892 1001 in
949 963 1011 1002 ea
1058 963 1222 1003 causa
1265 958 1407 1012 erat,
1452 959 1509 1003 ut
1556 950 1599 1005 si
1656 960 1925 1021 pra'cepto
1965 952 2147 1006 (Ιίιὶιιο

582 1039 878 1110 paruisset.
914 1037 1022 1092 Deo
1053 1039 1323 1101 uniretur,
1378 1048 1541 1107 atque
1582 1039 1637 1093 in
1680 1040 2145 1095 immortalitatem

579 1145 916 1187 assereretur
951 1147 967 1184 :
1003 1131 1049 1183 si
1111 1137 1294 1183 autem
1357 1130 1527 1199 legem
1585 1130 1930 1200 inii-egisset,
1983 1134 2148 1187 morti

579 1224 854 1278 obnoxius
887 1221 1214 1283 eliiccretur,
1258 1234 1321 1274 ac
1356 1235 1450 1286 pro
1488 1220 1807 1290 impassihili
1850 1222 2143 1290 passibilis,

579 1328 677 1383 pro
704 1311 997 1366 immortali
1034 1309 1278 1364 mortalis
1312 1309 1482 1363 ﬂeret.
1519 1309 1674 1376 Quod
1703 1314 1867 1366 etiam
1898 1315 1997 1367 hoc
2024 1314 2147 1367 loco

581 1405 890 1474 'l’ltcelogus
951 1402 1176 1465 iudicat,
1240 1416 1361 1456 cum
1410 1401 1486 1455 ait
1526 1420 1541 1452 :
1591 1402 1648 1456 Si
1709 1405 1853 1473 quod
1901 1420 2143 1468 eramus,

576 1499 1069 1564 permansissemus
1090 1532 1104 1555 ,
1134 1492 1239 1545 lioc
1274 1500 1355 1545 est
1413 1492 1554 1560 puri,
1596 1492 1889 1549 luissemus
1920 1494 1970 1548 id
2000 1496 2144 1565 quod

575 1603 684 1640 non
738 1600 980 1645 eramus,
1049 1585 1152 1637 hoc
1211 1591 1295 1637 est
1357 1583 1713 1649 immortales,
1770 1585 2028 1640 nimirum
2077 1588 2143 1642 ad

576 1677 901 1732 immortalis
949 1677 1072 1730 vita:
1110 1676 1339 1746 lignum,
1378 1676 1656 1744 praeterito
1687 1679 1930 1734 scientiae
1977 1681 2142 1750 ligno,

575 1771 923 1826 accedentes.
976 1767 1234 1834 Quaenam
1285 1770 1718 1843 autemplantaa
1753 1771 1871 1826 ista:
1918 1755 2141 1835 fuerint,

574 1863 708 1918 satis
748 1862 968 1932 cepiose
1014 1861 1066 1915 in
1109 1859 1406 1929 superioris
1434 1861 1702 1918 orationis
1746 1866 2143 1920 commentario

572 1972 603 2011 a
634 1955 789 2009 nobis
826 1954 1152 2024 explicatum
1194 1966 1298 2010 est.
1345 1951 1644 2025 Postquam
1686 1958 2055 2027 autemjnxta
2088 1959 2141 2012 id

569 2049 716 2118 quod
763 2049 815 2101 in
853 2048 994 2102 lihro
1038 2049 1332 2119 Sapientia:
1366 2050 1599 2106 habetur
1631 2068 1644 2106 :
1674 2050 1890 2106 Invidia
1935 2051 2141 2105 diaboli

570 2160 709 2197 mors
742 2145 796 2197 in
827 2144 1081 2198 mundum
1112 2145 1330 2199 intravit
1356 2147 1426 2209 ⁸⁸,
1457 2161 1523 2201 ac
1563 2160 1657 2215 per
1685 2146 1929 2201 fraudem
1963 2147 2140 2201 homi-

569 2251 689 2290 nem
746 2238 1047 2305 surripuit,
1106 2237 1311 2293 ideirco
1377 2238 1520 2293 Deus
1588 2239 1751 2294 homo
1800 2238 1895 2299 iit.
1965 2255 2140 2309 eoque

567 2329 908 2398 paupertatis
947 2330 1114 2394 venit,
1145 2339 1204 2385 ut
1238 2330 1291 2385 in
1316 2346 1536 2387 carnem
1563 2332 1945 2402 compingatur
1976 2341 2140 2402 atque

572 2430 897 2483 crassescat,
931 2430 991 2476 ut
1031 2438 1150 2485 nos,
1197 2424 1353 2491 juxta
1393 2425 1719 2494 Apostolum
1746 2427 1809 2489 θ’,
1845 2425 1965 2495 ejus
2003 2438 2138 2494 pau-

569 2521 777 2580 pertate
832 2512 1188 2568 ditescamtts.
1243 2516 1322 2568 Ac
1382 2516 1630 2583 patitur,
1693 2531 1803 2569 non
1864 2525 2139 2587 quatenus

570 2601 734 2666 Deus,
762 2602 854 2657 sed
886 2614 1071 2658 nostra
1097 2606 1388 2674 passione;
1424 2606 1475 2661 id
1506 2617 1610 2671 est,
1644 2618 1917 2677 quatenus
1945 2610 2133 2664 homo.

557 2691 823 2748 Nostrum
852 2695 997 2750 enim
1026 2705 1110 2751 est
1150 2707 1314 2768 atque
1339 2698 1641 2756 humanum
1679 2700 1760 2757 sic
1790 2703 1923 2772 pati.
1964 2700 2136 2756 Porro

564 2784 1029 2851 quemadmodum
1065 2787 1134 2841 ab
1181 2787 1561 2845 incarnatione
1598 2794 1803 2859 passio,
1845 2792 1919 2846 ita
1951 2806 1982 2845 a
2012 2806 2136 2860 pas-

566 2876 720 2929 sione
759 2891 908 2931 mors
949 2876 1106 2931 ﬂuxit
1141 2896 1154 2932 :
1192 2888 1307 2933 tum
1358 2882 1714 2943 resurrectio,
1755 2896 1785 2935 a
1832 2896 1940 2951 qua
1994 2896 2134 2935 nexa

2257 399 2539 456 Dominica
2575 404 2721 457 velut
2743 402 3164 457 interliminiutu
3194 404 3467 473 quoddam
3498 415 3585 460 est
3614 406 3829 465 funeris

2254 511 2317 550 ac
2358 498 2671 566 sepulturae,
2708 513 2830 566 quae
2882 497 2936 551 in
2985 512 3182 563 magno
3220 495 3460 553 Sabhato
3492 501 3830 569 celebratur,

2255 594 2308 639 et
2343 587 2785 650 resurrectionis,
2833 602 2954 656 qua:
2981 588 3171 641 eadem
3202 587 3318 657 ipsa
3354 589 3639 645 Dominica
3687 609 3829 648 con-

2255 678 2394 746 tigit.
2443 678 2740 747 sepulturae
2778 679 2995 748 quidem
3030 680 3215 746 linem,
3253 685 3677 740 resurrectionis
3727 703 3831 739 au-

2254 777 2360 821 tem
2389 768 2718 839 principinrn
2769 770 2996 826 habens.
3031 771 3109 825 Ac
3142 773 3394 841 proinde,
3446 784 3505 829 ut
3554 778 3607 829 in
3642 780 3835 832 medio

2251 862 2449 931 posita,
2497 861 2771 917 maestitiae
2805 877 2869 916 ac
2898 862 3189 932 voluptatis
3246 865 3501 935 utrinque
3550 871 3833 939 particeps

2254 964 2339 1009 est
2374 970 2389 1008 :
2426 968 2487 1008 ac
2525 955 2642 1008 hazc
2690 968 2829 1007 nova
2872 954 3158 1009 Dominica
3211 970 3317 1010 non
3355 958 3469 1024 jam
3519 960 3830 1016 conﬁnium

2250 1054 2353 1111 est,
2414 1053 2472 1100 ut
2523 1047 2679 1101 triste
2737 1045 2942 1114 aliquid
3002 1061 3188 1101 secum
3244 1048 3455 1115 aﬂerat,
3508 1053 3603 1106 sed
3660 1054 3832 1121 plane

2252 1138 2686 1207 regenerationis
2728 1146 2782 1191 et
2818 1139 3245 1196 resurrectionis
3296 1152 3403 1205 est.
3456 1154 3514 1198 ut
3550 1149 3834 1213 quemad-

2250 1230 2471 1284 modum
2512 1229 2688 1299 prima
2741 1230 2949 1285 creatio
3000 1246 3033 1284 a
3071 1231 3350 1288 Dominieo
3396 1234 3485 1290 die
3537 1238 3715 1306 coepit
3758 1240 3832 1297 {id
3908 1281 3913 1289 η
3992 1236 3993 1306 ᾖ

2249 1328 2434 1374 autem
2468 1334 2533 1374 ex
2570 1333 2637 1374 eo
2670 1320 3036 1389 liquidissime
3063 1331 3299 1388 constat,
3334 1326 3483 1395 quod
3524 1329 3579 1381 in
3631 1330 3839 1384 mundi

2249 1411 2524 1466 creatione
2554 1426 2585 1464 a
2622 1411 2905 1466 Dominica
2947 1413 3037 1468 die
3069 1417 3336 1484 septimus
3370 1417 3487 1472 dies
3519 1418 3834 1475 Sabbatmn

2250 1513 2592 1567 numeratur,
2619 1518 2730 1574 quo
2764 1504 2904 1560 Deus
2937 1505 3005 1558 ab
3021 1507 3277 1576 operibus
3307 1510 3425 1566 suis
3452 1514 3837 1583 conquievit},

2249 1594 2331 1649 sic
2364 1595 2526 1648 etiam
2552 1595 2792 1650 secunda
2825 1598 3029 1652 creatio
3058 1597 3126 1653 ab
3148 1601 3336 1655 eodem
3371 1602 3460 1656 die
3488 1603 3836 1672 principiqu

2245 1685 2500 1754 accipiat.
2547 1686 2725 1756 Atque
2774 1687 2905 1742 illud
2937 1690 3098 1744 etiam
3131 1690 3227 1744 tibi
3272 1692 3833 1750 animadvertendum

2245 1783 2353 1837 est.
2395 1789 2593 1830 novam
2648 1776 2790 1832 hanc
2842 1776 3206 1843 Dominicam,
3246 1789 3614 1852 praeterquam
3669 1788 3829 1854 quod

2244 1866 2465 1920 easdem
2496 1871 2890 1937 praerogativas
2926 1870 3110 1932 habet,
3144 1887 3282 1940 quas
3307 1874 3482 1941 prima
3506 1874 3833 1937 Βοιιιίιιὶω,

2244 1954 2353 2009 alia
2400 1956 2686 2027 privilegia
2733 1959 2957 2029 insuper
3002 1960 3223 2026 habere,
3257 1962 3462 2031 quibus
3505 1963 3601 2018 illa
3646 1977 3834 2020 eam.

2242 2043 2377 2099 Nam
2409 2053 2469 2101 ut
2500 2046 2588 2101 illa
2625 2048 2832 2117 prioris
2856 2050 3157 2104 creationis
3189 2052 3367 2119 prima
3414 2061 3499 2107 est
3534 2072 3547 2107 :
3584 2054 3663 2107 ita
3704 2056 3831 2110 ιιςκ

2242 2151 2460 2205 quoque
2503 2139 2777 2203 secundae,
2808 2139 2912 2192 hoc
2958 2148 3062 2201 est,
3120 2155 3291 2195 novre.
3326 2141 3408 2194 Ad
3445 2143 3561 2196 haec
3600 2158 3833 2212 quoque

2243 2228 2417 2296 prima
2453 2237 2535 2283 est
2579 2243 2793 2290 earum,
2834 2244 2955 2298 quae
2984 2242 3173 2299 postea
3221 2242 3554 2302 sequuntur.
3592 2236 3679 2287 Ad
3722 2236 3831 2289 hoc

2241 2318 2501 2372 eximium
2536 2321 2695 2377 habet
2743 2335 2881 2375 nova
2914 2321 3218 2388 Dominica,
3248 2326 3392 2393 quod
3422 2325 3590 2380 etiam
3630 2336 3827 2380 octava

2242 2410 2356 2466 dies
2399 2420 2483 2466 est
2516 2415 2583 2466 ab
2631 2412 2695 2468 iis
2753 2429 2876 2483 qua:
2905 2429 3024 2469 eam
3074 2425 3496 2485 praecesserunt.
3534 2415 3727 2483 Quare
3780 2420 3825 2472 si

2239 2506 2364 2577 quis
2396 2520 2588 2560 novatn
2623 2505 2961 2561 Dominicam
2991 2522 3114 2559 cttm
3145 2506 3585 2562 Resonet-tionis
3631 2508 3824 2563 Domi-

2240 2598 2363 2653 nica
2399 2596 2650 2652 conl'et're
2683 2596 2937 2660 virluerit,
2979 2598 3353 2652 sublimiorem
3384 2600 3521 2653 hanc
3551 2608 3605 2654 et
3644 2616 3677 2653 a
3703 2604 3828 2654 imi-

2240 2688 2548 2743 rabilioretn
2580 2703 2702 2742 esse
2733 2689 3044 2751 allirmabit.
3078 2700 3135 2743 ut
3159 2706 3282 2759 qua:
3307 2691 3606 2761 spirituaiis
3643 2705 3829 2749 mate-

2238 2779 2444 2850 riazque
2495 2779 2734 2847 expertis
2789 2780 3081 2837 Dominica
3136 2782 3298 2851 quasi
3351 2783 3682 2852 prmludium
3731 2786 3828 2849 sit,

2240 2873 2521 2940 beataeque
2553 2872 2674 2925 vita:
2711 2871 2988 2940 primitiae,
3021 2879 3123 2928 hoc
3154 2883 3258 2940 est,
3290 2874 3545 2929 secundzc
3575 2878 3832 2931 creatio-

577 2973 855 3026 creatura,
911 2964 961 3017 id
1000 2975 1105 3030 est,
1151 2975 1359 3019 naturae
1407 2975 1607 3021 nostra:
1661 2970 1929 3023 recreatio
1975 2978 2136 3039 atque
2164 2983 2210 3041 ο
2243 2962 2346 3025 "is.
2397 2978 2521 3032 (ιιιω
2565 2966 3022 3020 ι’θευιῚῈοιῖίηιθηι
3070 2979 3450 3035 εουεείιιιειυτι
3507 2966 3589 3020 νει
3654 2983 3833 3022 ηονε

562 3053 914 3114 instauratio,
949 3054 1137 3122 prima:
1171 3054 1541 3124 generationis
1577 3056 1790 3127 lapsum
1823 3074 1885 3114 ac
1915 3060 2131 3116 confra—

548 3139 804 3196 ctionem
832 3155 1035 3197 sanans
1066 3151 1118 3196 et
1145 3144 1382 3213 erigens.
1416 3144 1595 3214 Atque
1635 3147 1706 3201 ob
1734 3146 1878 3203 hanc
1911 3164 2132 3205 causam

564 3240 692 3303 post
746 3231 941 3287 iustum
991 3231 1217 3288 Pascha:
1261 3233 1462 3290 festum
1507 3235 1893 3296 Encteniorum
1943 3256 2134 3308 omnes

560 3323 900 3381 celebramus
932 3339 947 3379 :
980 3340 1045 3380 ac
1090 3341 1282 3382 rursus
1323 3342 1423 3400 ego
1446 3327 1857 3388 declamaturus
1900 3333 2129 3401 prodeo,

552 3416 943 3472 Enca'niorum
982 3419 1145 3473 modo
1174 3427 1228 3475 et
1270 3421 1498 3489 ratione,
1547 3420 1741 3478 salutts
1773 3439 1906 3480 mea
1928 3424 2129 3482 festum
2166 3498 2177 3506 ο

560 3520 745 3576 agens.

634 3597 768 3651 Ibid.
808 3596 872 3652 (ζ.
912 3597 1056 3664 Quid
1088 3598 1269 3669 igitur,
1297 3601 1494 3655 dixerit
1528 3603 1813 3673 quispiam,
1855 3613 1962 3662 etc.
1993 3608 2129 3663 Lum

560 3686 900 3742 Dominicam
955 3690 1096 3744 hanc
1135 3689 1450 3746 Enezenium
1494 3708 1759 3764 vocasset,
1809 3714 1905 3769 per
1943 3698 2134 3771 anthy-

560 3780 863 3848 pophoram
911 3782 1223 3850 quempiam
1272 3784 1482 3842 inducit
1521 3791 1893 3846 sciscitantem
1941 3791 2128 3858 :Qnid

560 3871 682 3926 ais?
715 3872 797 3926 An
832 3872 1115 3929 Dominica
1141 3877 1315 3946 prima
1348 3876 1660 3934 Eucamitttn
1703 3898 1810 3936 non
1844 3895 1982 3949 erat,
2014 3885 2125 3951 illa,

561 3964 806 4033 inquam,
870 3981 991 4035 quae
1044 3970 1221 4039 magni
1276 3968 1499 4026 Sabbati
1556 3984 1809 4039 noctem,
1870 3976 2127 4049 illamque

559 4053 827 4108 luminum
875 4058 1252 4126 gestationem,
1287 4073 1409 4127 quae
1444 4068 1555 4114 tum
1605 4060 1930 4128 celebratur,
1960 4079 2124 4119 exce-

560 4144 674 4214 pit?
714 4143 856 4211 Quid
893 4144 1059 4215 igitur
1093 4145 1182 4200 hic
1222 4148 1476 4204 secunda:
1508 4149 1808 4207 Dominicae
1848 4150 2126 4207 Encmnio-

558 4252 680 4290 rum
715 4250 911 4291 nomen
942 4237 1185 4293 tribuis?
1237 4239 1390 4296 ﬂauc
1417 4241 1780 4311 ohjectionem
1828 4245 1901 4299 ita
1940 4245 2120 4311 solvit,

2237 3056 2673 3111 conversationis
2728 3057 3068 3126 rationisque
3119 3059 3264 3120 vita',
3322 3071 3437 3126 qua:
3483 3057 3543 3109 in
3607 3067 3829 3112 octavo

2238 3143 2487 3214 nullique
2534 3147 2903 3237 successioni.
2928 3148 3171 3202 obnoxio
3218 3150 3420 3202 steculo
3468 3146 3663 3204 futura
3708 3164 3823 3205 est.

2244 3233 2363 3293 Hoc
2392 3237 2514 3293 loco
2555 3238 2802 3294 nonnulli
2829 3233 3194 3309 objectionem
3240 3249 3483 3318 moyent,
3515 3241 3775 3297 dicentes
3805 3260 3821 3295 :

2235 3326 2379 3395 Quid
2433 3328 2650 3384 tandem
2691 3327 3023 3400 Theologus,
3061 3345 3185 3385 cum
3230 3329 3684 3386 ltesurrectionis
3718 3331 3825 3385 Do-

2235 3419 2493 3475 minicam
2541 3419 2696 3475 festis
2748 3420 3003 3501 omnibus
3055 3421 3392 3491 superiorem
3429 3436 3553 3476 esse
3588 3422 3821 3487 dixerit,

2237 3525 2379 3566 nunc
2421 3526 2615 3566 rursus
2647 3511 2752 3567 diei
2785 3513 3220 3574 ltesurrectionis
3250 3511 3635 3568 Eucteuiorum
3671 3514 3815 3569 diem

2236 3605 2547 3675 anteponit,
2606 3620 2670 3661 ac
2721 3606 3127 3676 quodammodo
3186 3624 3372 3665 secum
3421 3612 3682 3680 pugnat!
3739 3612 3819 3665 Ad

2235 3697 2399 3766 hujus
2438 3696 2765 3765 objectionis
2795 3700 3123 3755 solutionem
3168 3716 3233 3757 ea
3260 3700 3456 3757 aﬂ‘erre
3488 3702 3648 3765 licet,
3694 3720 3819 3773 qua:

2234 3791 2286 3845 in
2315 3794 2416 3845 hac
2447 3789 2637 3845 eadem
2668 3791 2918 3847 oratione
2945 3794 3105 3862 paulo
3127 3793 3357 3850 inferius
3383 3795 3463 3849 ait
3489 3811 3505 3849 :
3538 3793 3661 3851 Nec
3691 3811 3821 3852 rere

2234 3883 2346 3936 haec
2375 3897 2441 3935 eo
2472 3898 2501 3935 a
2529 3897 2612 3936 me
2641 3881 2920 3950 dicuntur,
2944 3886 3089 3955 quod
3123 3897 3174 3942 te
3198 3889 3387 3942 eodem
3418 3902 3647 3959 semper
3668 3900 3815 3944 statu

2234 3989 2453 4029 manere
2493 3974 2679 4040 velim,
2731 3975 2826 4031 sed
2863 3988 2921 4030 ut
2951 3986 3212 4047 perpetuo
3255 3987 3308 4032 et
3353 3978 3619 4032 laudabili
3661 3993 3815 4035 metu

2230 4066 2477 4137 agiteris,
2525 4081 2588 4121 ac
2638 4081 2776 4121 nova
2829 4069 3054 4123 omnino
3093 4079 3340 4124 creatura
3386 4072 3486 4126 sis.
3525 4070 3816 4135 Quemad.

2230 4159 2451 4214 modum
2485 4160 2647 4230 igitur
2674 4174 2801 4214 eum
2837 4159 2933 4228 qui
2958 4159 3278 4228 innovatur,
3310 4160 3490 4229 seipse
3511 4161 3814 4218 sublimio-

2233 4264 2344 4304 retn
2381 4261 2434 4305 et
2460 4251 2788 4306 diviniorem
2824 4251 2938 4305 ﬁeri
2973 4251 3353 4320 perspicimus,
3380 4253 3611 4308 virtutis
3648 4256 3818 4310 nimi-

558 4328 704 4395 quod
744 4328 836 4385 illa
873 4329 1314 4388 Resurrectionis
1345 4333 1622 4387 Dominica
1668 4336 1950 4391 salutifera
1996 4341 2118 4392 erit.
2161 4325 2201 4379 ο
2232 4357 2349 4396 rum
2404 4342 2782 4412 progressibus
2834 4353 2887 4396 et
2944 4342 3294 4397 incrementis
3357 4341 3771 4412 lulgescentem
3797 4364 3815 4401 :

556 4418 613 4470 ln
648 4418 760 4486 ipsa
813 4419 959 4473 enim
999 4422 1230 4475 salutem
1264 4426 1561 4477 consecuti
1594 4440 1806 4489 sumus,
1862 4429 2117 4484 nimirum

551 4508 672 4575 ejus
709 4509 966 4565 beneﬂcio
1020 4526 1082 4565 ex
1127 4521 1300 4567 morte
1344 4522 1399 4568 et
1441 4517 1794 4585 corruptione
1837 4519 1903 4573 ad
1952 4523 2115 4575 vitam

548 4602 915 4656 immortalem
986 4612 1042 4657 et
1097 4604 1558 4672 incorruptionem
1605 4616 1860 4663 aeternam
1918 4613 2115 4666 immu-

2228 4435 2308 4488 sic
2334 4433 2496 4489 etiam
2531 4448 2724 4489 omnes
2752 4444 2939 4489 nostra
2973 4448 3135 4487 causa
3168 4434 3506 4504 excogitatos
3525 4440 3817 4491 solemnes

2226 4527 2342 4580 dies
2383 4526 2578 4595 seipsis
2626 4525 2974 4580 sublimiores
3008 4527 3065 4579 in
3107 4524 3269 4580 nobis
3297 4525 3412 4579 ﬁeri
3457 4526 3809 4582 credendum

2228 4626 2331 4680 est,
2369 4633 2492 4670 ctnn
2523 4617 2865 4687 mysterium,
2890 4616 3032 4685 quod
3074 4631 3168 4684 per
3198 4630 3291 4671 eos
3321 4616 3669 4687 designatur,
3694 4621 3808 4673 vim

553 4691 650 4743 ω·ιὶ
687 4708 701 4744 ε
739 4692 851 4745 Ilico
894 4700 1077 4747 autem
1108 4707 1247 4747 ιιονει
1288 4691 1594 4759 nomini“.
1629 4699 1809 4754 natale
1858 4710 1947 4754 ρει
1996 4703 2147 4762 illius
2223 4720 2459 4763 suamet
2493 4707 2802 4762 facultatem
2840 4707 3085 4761 numeris
3110 4708 3371 4763 omnibus
3400 4708 3716 4763 absolutam
3753 4712 3806 4763 in

551 4790 605 4835 et
627 4783 1100 4836 commemoratio.
1145 4781 1241 4837 illa
1275 4786 1418 4838 enim
1448 4790 1780 4843 resurrectio
1811 4803 1949 4858 erat,
2003 4793 2115 4851 lucc

555 4884 739 4927 autem
792 4871 1216 4927 resurrectionis
1265 4872 1410 4928 illius
1460 4875 1654 4929 l'estutn
1690 4888 1744 4931 et
1777 4877 2110 4937 Encaem‘mn.

558 4961 621 5015 Et
652 4961 1113 5031 quemadmodum
1149 4962 1382 5018 natalitii
1417 4964 1557 5031 dies,
1582 4981 1705 5021 cum
1746 4969 2110 5037 celebrantur,

549 5069 739 5108 eorum
787 5054 879 5123 qui
916 5052 1211 5123 gignuntur
1284 5060 1853 5116 commemorationem
1891 5063 2107 5129 habent,

546 5160 731 5198 annuo
752 5144 1005 5200 videlicet
1033 5146 1242 5201 circulo
1269 5151 1664 5216 procreationis
1698 5154 1935 5224 ipsorum
1965 5157 2108 5213 diem

546 5235 997 5293 revehentonic.
1036 5235 1204 5292 etiam
1255 5252 1393 5293 nova
1428 5239 1539 5294 hare
1581 5244 1884 5311 Dominica,
1944 5264 2104 5317 quam

543 5327 886 5391 septenarius
917 5324 1130 5380 dierum
1172 5326 1438 5385 circuitus
1475 5329 1655 5400 edicit,
1689 5334 1804 5390 sive
1850 5341 2106 5406 restituit,

541 5414 729 5481 prima:
783 5413 1075 5473 Dominlcae
1129 5421 1309 5474 natale
1351 5410 1570 5490 dicitur,
1630 5427 1775 5496 quod
1840 5429 1986 5484 illius
2038 5436 2107 5488 sit

609 5572 805 5643 “Satn.
839 5588 898 5641 lt,
929 5578 1017 5631 2i.
1097 5579 1139 5611 ⁶⁹
1165 5579 1205 5634 ll
1240 5577 1367 5637 Cor.
1401 5599 1521 5649 Vill,
1562 5584 1615 5639 9.

2231 4798 2391 4854 uoltis
2423 4799 2553 4853 edit.
2584 4797 2848 4864 Quocirca
2877 4812 2985 4853 non
3016 4800 3113 4853 abs
3142 4815 3200 4853 re
3228 4813 3425 4853 noram
3450 4798 3805 4857 Dominicam

2227 4889 2448 4943 sublimi
2479 4888 2853 4944 sublimiorem
2882 4886 3190 4960 Theologus
3218 4890 3375 4954 dixit,
3399 4890 3546 4960 quod
3580 4906 3806 4962 semper

2229 4981 2422 5039 eadem
2470 4981 2587 5037 dies
2621 4981 2904 5037 nobiscum
2941 4982 3032 5047 sit,
3074 4997 3305 5054 seseque
3335 4991 3582 5053 superet.
3616 4984 3807 5040 Prima

2222 5074 2367 5127 enim
2394 5066 2395 5069 “
2424 5072 2707 5127 Dominica
2766 5073 3025 5144 mysterio
3052 5130 3059 5137 ,
3085 5088 3189 5128 suo
3229 5070 3351 5128 ἰιυο
3403 5075 3585 5129 solum
3642 5077 3808 5131 nobis

2219 5163 2394 5227 all'ert,
2430 5173 2489 5217 ut
2525 5164 2689 5217 vitam
2719 5164 2785 5217 ab
2830 5163 2981 5218 omni
3010 5179 3196 5219 crassa
3236 5174 3293 5219 et
3316 5167 3563 5220 terrestri
3594 5168 3805 5239 imagi-

2222 5252 2440 5305 natione
2487 5262 2679 5323 purget
2713 5271 2724 5305 :
2758 5260 2813 5306 at
2857 5268 3013 5307 nova:
3047 5252 3345 5310 Dominica:
3378 5255 3651 5311 beneﬁcio
3694 5259 3809 5314 hoc

2217 5342 2623 5411 consequimur,
2678 5353 2734 5395 ut
2790 5345 2946 5405 bouis
3003 5346 3283 5409 omnibus,
3346 5360 3587 5413 quorum
3646 5347 3807 5416 prior

2221 5433 2497 5487 liotuiniea
2535 5434 2679 5487 velut
2731 5434 3001 5504 primitias
3035 5436 3300 5504 quasdam
3339 5436 3630 5503 attulerat,
3665 5452 3803 5509 per-
