4050 6198
295 284 423 354 1321

1202 277 1531 339 NICETAS
1576 276 1653 335 IN
1692 274 1912 333 ORAT.
1954 270 2153 331 XLI”
2198 271 2255 332 S.
2299 271 2529 332 GilEG.

3405 269 3540 332 1422

295 401 566 456 fruamur.
605 395 683 450 Ad
730 394 846 449 bare
876 391 1050 463 prima
1092 388 1397 453 Dominica,
1442 387 1862 443 resurrectionis
1897 392 1936 442 A
1970 386 2265 441 interdicta
2304 384 2693 455 signiﬁcatur),
2736 400 2799 441 ac
2850 395 3032 441 vetera
3079 384 3191 451 illa,
3239 401 3303 441 ex
3337 387 3540 454 quibus

297 493 472 555 illius,
521 504 627 560 qua
676 494 826 543 certo
854 483 1026 539 animi
1056 482 1340 554 proposito
1387 492 1440 536 et
1483 483 1759 534 voluntate
1800 481 1866 533 ad

301 584 555 638 virtutem
579 580 906 640 excitamur,
934 575 1162 645 ﬁguram
1191 574 1362 644 gerit;
1393 573 1641 627 secunda
1659 582 1863 633 autem,

308 669 600 725 voluntarii
632 668 854 723 habitus
887 666 954 721 ad
985 663 1339 735 perfectionis
1376 663 1659 717 scientiam
1697 663 1863 731 figura

300 773 402 818 est.
439 761 610 826 Adde,
639 760 785 830 quod
819 760 909 812 illa
943 758 1181 810 futuram
1224 756 1682 810 resurrectionem
1718 754 1867 807 desi-

298 863 472 924 gnat:
506 852 622 906 haec
667 851 843 921 ipsam
897 849 1197 904 divinitatis
1242 849 1637 917 aceeptionem.
1687 845 1871 912 Quare

301 947 512 1016 optimo
565 945 693 1014 jure
742 942 964 998 sublimi
1016 943 1191 1012 prima
1238 939 1523 994 Dominica
1577 939 1870 994 sublimior

299 1053 442 1093 nova
481 1037 627 1091 dicta
653 1046 737 1090 est
770 1052 785 1090 :
813 1034 1275 1106 quandoquidem,
1300 1042 1353 1087 et
1378 1032 1650 1086 deiﬁcatio
1688 1032 1870 1085 incor-

299 1129 581 1198 ruptione,
615 1140 668 1181 et
700 1127 969 1181 bonorum
996 1125 1276 1196 perceptio
1305 1123 1624 1179 habitudine
1650 1138 1680 1177 a
1708 1122 1868 1177 malis

299 1220 531 1274 liberata
562 1256 578 1282 ,
637 1225 692 1272 et
737 1218 979 1272 caelestis
1030 1225 1195 1287 atque
1260 1216 1628 1286 sempiternus
1697 1222 1872 1268 status

305 1310 590 1379 praesentis
637 1309 762 1363 vitae
817 1318 964 1364 statu
1010 1317 1063 1362 et
1100 1307 1415 1363 conditione
1465 1306 1754 1362 sublimior
1790 1315 1875 1360 est

299 1415 367 1456 ac
394 1402 763 1471 praestantior.
791 1399 945 1465 Quod
977 1402 1140 1454 etiam
1170 1402 1348 1471 ipsum
1382 1400 1642 1455 Salomon
1670 1400 1871 1462 innuit,

299 1507 424 1547 cum
475 1494 588 1546 ait:
624 1491 705 1544 Da
751 1502 955 1561 partem
999 1501 1219 1561 septem,
1257 1502 1414 1561 atque
1454 1492 1617 1545 etiam
1663 1498 1778 1543 octo
1800 1489 1868 1554 '°,

299 1590 507 1652 septem
561 1582 783 1652 quidem
838 1583 981 1637 hane
1034 1583 1204 1638 vitam
1266 1585 1579 1651 nominans,
1638 1592 1700 1639 ut
1751 1597 1873 1653 quae

300 1674 494 1727 eadem
524 1687 647 1727 cum
690 1672 1010 1742 septenario
1050 1688 1278 1730 numero
1325 1690 1583 1729 mensura
1616 1674 1867 1741 ﬁniatur;

1973 480 2342 548 transgressio
2375 479 2528 533 uobis
2560 488 2679 533 orta
2702 491 2807 542 est,
2834 481 3253 549 eoutrariusque
3278 494 3538 533 sensuum

1975 584 2131 631 usus,
2166 570 2219 622 in
2257 569 2360 623 hoc
2397 571 2575 623 solum
2609 568 2975 624 recordemini
3009 579 3069 623 ut
3104 584 3169 624 ea
3203 570 3445 640 fugiatis,
3472 583 3542 624 ne

1973 679 2071 731 per
2097 662 2293 717 borum
2321 662 2647 717 oblivionem
2679 663 2735 716 iu
2763 664 3010 718 eamdem
3041 678 3236 747 rulrsus
3262 662 3539 716 incidatis.

1970 754 2187 825 Alioqui
2233 754 2405 819 enim,
2464 770 2568 810 nec
2618 769 2680 809 ea
2732 755 2997 809 memoria
3050 754 3343 809 recolenda
3390 764 3541 819 sunt,

1973 847 2079 901 nisi
2129 846 2201 900 ob
2242 847 2386 900 hanc
2422 861 2584 900 unam
2634 861 2880 911 causam,
2935 857 2993 900 ut
3036 860 3099 900 ea
3141 845 3384 900 vitemus
3421 861 3546 915 qua:

1973 939 2134 992 nobis
2165 940 2677 994 condemnationem
2712 940 3041 994 attulerunt.

2046 1029 2179 1083 lbid.
2206 1029 2267 1084 B.
2311 1029 2675 1085 Pulchcrerat
2702 1030 2773 1085 ad
2800 1047 3089 1102 aspectum,
3122 1039 3228 1087 etc.
3273 1031 3373 1088 Hic
3420 1049 3548 1088 scn—

1972 1136 2068 1177 sus
2096 1124 2342 1187 instruit,
2376 1140 2406 1177 a
2448 1126 2648 1191 quibus
2688 1127 2850 1180 morti
2894 1128 3072 1182 aditus
3103 1128 3412 1196 patefactus
3440 1139 3546 1181 est.

1975 1214 2247 1284 Scriptum
2295 1216 2440 1270 enim
2493 1219 2656 1272 estin
2692 1219 2831 1273 libro
2859 1218 3084 1275 Genesis
3123 1236 3138 1273 :
3172 1217 3240 1273 Et
3268 1219 3399 1275 vidit
3430 1237 3549 1272 mu-

1974 1304 2074 1358 lier
2130 1306 2272 1375 quod
2304 1307 2501 1376 lignum
2536 1307 2728 1361 bonum
2761 1322 2875 1364 erat
2910 1310 2979 1363 ad
2997 1309 3167 1377 esum,
3195 1321 3244 1366 et
3270 1310 3547 1379 pulchrum

1974 1398 2043 1451 ad
2076 1398 2475 1466 intelligendum
2517 1399 2585 1453 ⁷⁸.
2641 1398 2910 1465 Quoniam
2972 1402 3135 1472 igitur
3197 1404 3406 1461 fruetus
3459 1402 3549 1456 ille

1972 1499 2086 1543 tum
2119 1490 2236 1544 visu
2277 1490 2703 1560 pulcherrimus,
2730 1502 2842 1546 tum
2876 1504 3130 1563 perceptu
3163 1496 3547 1558 suavissimus,

1974 1597 2076 1637 nos
2103 1597 2198 1651 per
2226 1583 2433 1654 primos
2468 1595 2721 1653 parentes
2752 1586 3016 1640 inescavit
3045 1597 3210 1656 atque
3253 1587 3551 1647 interemit.

1973 1674 2222 1727 colorum
2291 1676 2498 1730 nitores
2552 1675 2777 1745 posthac
2835 1675 3131 1745 fugiamus,
3222 1677 3398 1731 visum
3457 1682 3551 1748 qui

299 1772 427 1816 octo
451 1774 633 1817 autem
678 1762 943 1820 futuram.
991 1763 1040 1820 Is
1073 1779 1236 1835 porro
1282 1780 1438 1820 suam
1492 1767 1713 1835 utrique
1750 1765 1876 1820 vita:
1906 1786 1946 1841 Β
1978 1766 2280 1836 principem
2314 1768 2459 1821 inter
2499 1782 2699 1821 sensus
2728 1767 2906 1821 loeum
2949 1776 3117 1832 tenet,
3161 1767 3494 1839 eastigantes
3532 1789 3548 1824 :

300 1862 511 1921 partem
569 1854 703 1919 dat,
755 1856 850 1925 qui
915 1855 1005 1910 hic
1064 1856 1287 1925 quidem
1347 1857 1508 1911 bonis
1567 1857 1878 1911 aetionibus

304 1954 469 2014 atque
499 1945 760 2014 operibus
787 1946 1020 2011 studttit,
1056 1949 1108 2000 iu
1143 1948 1312 2002 altero
1352 1958 1531 2004 autem
1574 1964 1689 2003 aevo
1720 1949 1877 2003 resti-

309 2046 459 2091 tutus
487 2047 591 2101 est,
648 2037 754 2092 hoc
802 2049 906 2102 est,
944 2040 1001 2093 in
1045 2040 1349 2095 ccelestium
1386 2042 1652 2095 honorum
1686 2056 1875 2111 perce-

310 2129 493 2198 ptione
540 2130 898 2186 constitutus.
942 2132 1121 2199 Atque
1154 2132 1318 2186 etiam
1365 2131 1537 2185 David
1577 2132 1704 2187 huic
1739 2133 1877 2188 duos

306 2219 548 2287 psalmos
588 2220 843 2274 accinere
872 2220 1109 2283 videtur,
1145 2230 1363 2275 sextum
1402 2230 1459 2275 et
1502 2222 1875 2287 undecimum,

304 2310 505 2377 quibus
538 2309 755 2363 titulum
790 2310 988 2365 indidit
1021 2327 1035 2364 :
1071 2309 1142 2365 De
1171 2320 1377 2377 octava,
1413 2312 1874 2382 quemadmodum

304 2407 360 2449 et
391 2397 517 2451 huic
538 2395 921 2451 Encamiorum
946 2396 1055 2452 diei
1085 2400 1445 2453 centesimum
1471 2413 1673 2452 nouum
1708 2400 1874 2462 dicat,

304 2492 711 2550 innovationem
741 2495 939 2549 domus
967 2494 1296 2552 inscribens.
1324 2494 1437 2551 Nos
1469 2507 1650 2550 autem
1689 2496 1879 2563 hujus-

305 2587 450 2639 tnodi
502 2588 699 2642 domus
745 2602 957 2651 sumus,
1007 2590 1209 2658 quibus
1259 2588 1315 2642 in
1358 2589 1586 2644 honoris
1631 2589 1875 2645 habitum

302 2688 408 2737 est.
443 2687 502 2733 ut
546 2680 803 2749 templum
838 2679 954 2745 Dei,
993 2691 1047 2734 et
1078 2681 1277 2745 simus,
1322 2690 1376 2736 et
1406 2681 1782 2748 nominemur,
1823 2693 1877 2736 et

305 2768 605 2824 rlliciamur
628 2772 695 2826 ⁷⁸.
743 2769 887 2827 Deus
935 2771 1082 2827 enim
1142 2786 1240 2841 per
1284 2768 1581 2826 Jeremiam
1636 2775 1875 2841 quodam

303 2860 428 2914 loco
467 2862 543 2915 ita
588 2862 878 2937 loquitur:
912 2861 1236 2917 lnhabitabo
1280 2863 1336 2916 in
1383 2863 1494 2917 illis
1543 2871 1593 2916 et
1626 2864 1873 2918 inambu-

308 2951 430 3004 labo
455 2953 533 3005 ".
591 2954 794 3008 Paulus
847 2970 1066 3023 quoque
1109 2955 1175 3009 ad
1229 2954 1545 3011 Corinthios
1596 2956 1664 3011 ad
1729 2956 1875 3011 hunc

308 3045 528 3096 modum
581 3043 776 3098 scribit
805 3060 820 3097 :
851 3042 1122 3113 Templum
1154 3043 1253 3098 Dei
1292 3046 1512 3099 viventis
1555 3045 1681 3099 estis
1706 3046 1771 3100 ⁷³.
1809 3045 1875 3100 Et

1981 1873 2081 1914 nec
2114 1859 2181 1913 ad
2214 1868 2467 1922 externa,
2500 1858 2590 1913 sed
2623 1857 2691 1912 ad
2727 1874 2828 1913 nos
2856 1859 3004 1928 ipsos
3033 1860 3221 1915 oculos
3245 1861 3551 1926 ﬂectamus,

1976 1950 2132 2018 juxta
2166 1950 2296 2005 illud
2324 1950 2724 2005 Deutcrouomii
2763 1959 3093 2022 praeceptum
3135 1969 3149 2006 :
3188 1951 3413 2006 Attende
3458 1952 3554 2006 tibi

1981 2043 2081 2110 ipsi
2109 2043 2178 2107 ",
2205 2053 2371 2111 atque
2413 2041 2836 2097 Proverbiorum
2886 2052 3165 2098 auctorem
3206 2043 3554 2099 Salomonem

1980 2131 2269 2185 audiamus
2329 2131 2599 2186 dicentem
2630 2132 2675 2163 ⁸⁰
2711 2149 2725 2185 :
2759 2130 2837 2186 Ne
2876 2142 2927 2187 te
2955 2142 3173 2201 superet
3201 2133 3414 2188 eximiae
3442 2133 3557 2190 for-

1981 2237 2082 2275 tua:
2116 2222 2413 2289 cupiditas,
2447 2236 2549 2276 nec
2578 2237 2684 2275 una
2723 2235 2848 2276 cum
2884 2222 3161 2293 palpebris
3188 2222 3241 2277 in
3278 2231 3556 2279 transver-

1979 2327 2099 2366 squ
2159 2312 2471 2382 abripiaris,
2506 2327 2617 2368 non
2662 2314 2840 2369 solum
2897 2329 2965 2368 ex
3018 2329 3158 2369 vano
3221 2325 3280 2369 et
3339 2315 3560 2371 curioso

1979 2412 2228 2474 aspectu,
2255 2403 2371 2468 sed,
2404 2404 2450 2459 si
2486 2404 2599 2458 ﬁeri
2636 2413 2838 2475 potest,
2868 2420 2937 2460 ne
2975 2421 3041 2461 ex
3075 2404 3299 2461 fortuito
3337 2406 3558 2477 quidem

1978 2505 2144 2565 atque
2171 2496 2349 2550 obiter
2379 2511 2500 2551 sese
2528 2497 2845 2566 objiciente;
2878 2513 3067 2552 verum
3112 2500 3347 2568 teipsum
3381 2500 3463 2554 vel
3491 2500 3561 2554 ad

1978 2589 2149 2641 levem
2170 2601 2344 2656 usque
2364 2602 2429 2642 ac
2461 2586 2766 2656 neglectum
2786 2596 3135 2657 prospectum
3151 2592 3453 2656 communi,
3471 2599 3560 2646 at-

1977 2696 2084 2749 que
2116 2680 2306 2735 oculos
2328 2678 2650 2750 comprime.
2680 2680 2948 2734 Cancrum
2976 2690 3196 2751 prepter
3226 2684 3304 2738 rei
3326 2684 3562 2739 difﬁcul-

1979 2781 2141 2826 tatem
2168 2772 2412 2827 additum
2442 2779 2545 2825 est:
2569 2770 2624 2824 Si
2658 2771 2773 2825 fieri
2806 2771 3202 2841 potest.Videre
3218 2790 3382 2843 porro
3427 2774 3563 2831 nihil

1975 2863 2121 2918 aliud
2146 2872 2251 2929 est,
2286 2878 2453 2933 quam
2480 2862 2805 2933 simpliciter
2826 2865 3115 2934 inspicere.
3143 2865 3282 2923 Huic
3306 2871 3562 2942 utrinque

1976 2966 2331 3024 opponuntur
2390 2956 2609 3011 curiose
2667 2955 2895 3021 intueri,
2942 2966 2997 3012 et
3053 2960 3341 3030 neglectim
3398 2974 3562 3035 atque

1979 3047 2159 3101 obiter
2187 3046 2455 3116 aspicere,
2483 3045 2631 3100 velut
2662 3061 2926 3102 excessus
2959 3056 3014 3103 et
3061 3049 3327 3106 defectus.
3361 3049 3565 3108 Viden-

309 3148 504 3188 rursus
542 3152 557 3187 :
590 3136 669 3188 An
719 3136 952 3201 nescitis,
1002 3135 1142 3205 quod
1189 3136 1441 3204 templum
1484 3137 1578 3191 Dei
1628 3139 1776 3204 estis,
1828 3147 1878 3193 et
1905 3116 1950 3176 (ἶ
1982 3133 2111 3187 dum
2146 3132 2331 3201 itaque
2362 3133 2458 3187 tibi
2491 3142 2593 3197 est,
2636 3149 2705 3188 ne
2756 3149 2882 3188 eum
2929 3136 3205 3205 palpebris
3247 3140 3563 3209 abripiaris,

308 3224 547 3296 Spiritus
580 3227 677 3282 Dei
703 3227 906 3284 habitat
940 3230 995 3284 in
1039 3229 1226 3285 vobis?
1252 3227 1312 3283 Si
1338 3230 1452 3300 quis
1503 3232 1757 3300 templum
1789 3230 1884 3284 Dei

304 3316 601 3383 violaverit,
638 3318 901 3386 disperdet
925 3319 1077 3373 illum
1113 3318 1274 3373 Deus.
1312 3316 1587 3386 Templum
1615 3319 1756 3373 enim
1785 3317 1885 3372 Dei

302 3418 551 3462 sanctum
594 3417 695 3475 est,
734 3410 873 3480 quod
934 3411 1064 3464 estis
1103 3426 1192 3465 vos
1213 3410 1279 3463 ".
1321 3409 1404 3463 En
1430 3410 1709 3479 quomodo
1742 3412 1884 3480 apud

301 3498 594 3554 Jeremiam
647 3500 847 3556 domus
900 3500 1017 3566 Dei,
1064 3499 1209 3572 apud
1249 3499 1570 3570 Apostolum
1620 3500 1882 3569 templum

313 3588 409 3644 Dei
461 3591 836 3646 nominemur.
893 3591 946 3647 ls
988 3597 1153 3661 porr'o
1201 3591 1466 3660 templum
1526 3587 1620 3644 Dei
1677 3588 1886 3644 violare

304 3681 532 3749 dicitur,
583 3684 677 3753 qui
724 3685 983 3740 obscenis
1014 3698 1078 3738 ac
1131 3681 1459 3739 meretriciis
1500 3681 1886 3754 congressibus

308 3786 531 3829 carnem
579 3775 851 3845 inquinat.
890 3791 956 3831 ac
984 3790 1143 3831 coeno
1174 3775 1424 3830 involvit.

383 3868 501 3921 Col.
540 3868 648 3923 6M
695 3869 761 3922 A.
803 3866 1181 3937 Encwniornm
1231 3869 1493 3921 rationem
1536 3867 1761 3922 habetis.
1813 3867 1884 3922 At

307 3975 401 4013 vos
462 3960 820 4023 innovemini,
888 3969 995 4015 etc.
1056 3958 1443 4013 Encaeniorum
1496 3956 1766 4013 rationem
1829 3967 1886 4013 et

307 4050 732 4118 explicationem
789 4048 1084 4105 didicistis.
1129 4048 1418 4119 Reliquum
1465 4057 1570 4115 est,
1612 4057 1675 4104 ut
1724 4049 1885 4104 inno-

307 4141 541 4207 vemiui,
583 4149 770 4210 atque,
808 4150 870 4195 ut
917 4139 1214 4210 Apostolus
1260 4140 1509 4210 loquitur
1536 4140 1607 4206 ⁷⁸,
1644 4150 1883 4195 veterem

311 4232 624 4299 hominem,
655 4233 759 4287 hoc
790 4241 899 4299 est,
938 4242 1251 4302 peccatum,
1283 4231 1431 4302 quod
1480 4231 1695 4287 senium
1726 4232 1887 4288 nobis

295 4321 373 4380 et
429 4334 761 4380 vetustatem
820 4325 1159 4395 importavit,
1217 4323 1528 4394 abjiciatis;
1580 4335 1764 4394 atque,
1829 4332 1888 4378 ut

308 4418 459 4472 idem
491 4417 789 4486 Apostolus
830 4417 1180 4482 admonet",
1225 4415 1283 4470 in
1329 4416 1572 4471 novitate
1600 4415 1725 4470 vitae
1769 4429 1886 4470 am-

308 4509 537 4576 buletis,
579 4525 643 4564 ac
690 4510 1012 4576 versemini,
1065 4509 1171 4563 hoc
1202 4517 1306 4571 est,
1338 4522 1462 4562 cum
1494 4508 1716 4572 virtute,
1760 4523 1884 4578 qua:

276 4602 570 4660 .alumuos
615 4618 748 4659 suos
774 4603 1023 4667 innovat,
1068 4615 1134 4655 ac
1171 4599 1404 4671 juvenes
1450 4599 1631 4664 efﬁcit,
1661 4599 1879 4655 vivatis.

310 4692 376 4747 ια
431 4703 616 4750 autem
675 4694 1085 4765 assequemini,
1160 4693 1208 4749 si
1267 4692 1662 4748 continentiam
1731 4692 1884 4746 velut

316 4786 563 4853 frenum,
594 4788 854 4844 omnibus
895 4801 1158 4842 sensuum
1201 4784 1586 4840 instrumentis
1630 4782 1885 4852 injeceri-

316 4878 390 4933 tis
426 4879 518 4947 (ex
567 4880 771 4949 quibus
801 4878 998 4934 animae
1034 4892 1186 4933 mors
1224 4877 1425 4942 oritur,
1452 4876 1608 4946 juxta
1640 4876 1695 4929 id
1737 4874 1883 4945 quod

312 4968 395 5025 ait
432 4967 706 5028 Jeremias
738 4989 753 5027 :
785 4969 1039 5026 Ascendit
1088 4984 1229 5022 mors
1270 4983 1364 5037 per
1408 4967 1665 5036 fenestras
1684 4965 1790 5037 7");
1837 4964 1884 5019 si

316 5007 395 5025 ι...
432 5007 705 5028 una...“
739 5013 753 5027 .
785 5007 1038 5026 κηρυκι...
1088 5007 1229 5022 ...νη
1270 5007 1350 5037 νυ.
1408 5007 1664 5036 ,...--......
1733 5007 1751 5035 ,
1838 5007 1884 5019 .,.

316 5079 430 5119 non
481 5065 586 5120 hoc
643 5073 740 5120 aut
807 5065 943 5118 illud
999 5061 1347 5126 membrum,
1415 5058 1512 5113 sed
1573 5007 1885 5112 omni‘ita

313 5157 591 5224 rexeritis,
648 5168 707 5211 ut
756 5155 1190 5225 unumquodque
1246 5152 1359 5222 regi
1402 5162 1568 5221 atque
1615 5139 1886 5204 in‘oﬂicio

313 5250 587 5306 contineri
615 5250 987 5320 castigarique
1032 5256 1229 5301 natura
1265 5255 1643 5315 comparatum
1674 5252 1757 5298 est
1790 5260 1805 5311 ;
1839 5243 1886 5297 si

1983 3230 2147 3291 atque
2183 3221 2294 3277 Eva
2356 3221 2454 3276 tibi
2513 3222 2697 3276 animo
2748 3228 3123 3294 proponenda,
3175 3243 3296 3297 quas
3341 3233 3563 3298 quidem

1984 3312 2167 3367 dulcis
2194 3312 2497 3381 impostura
2525 3318 2666 3376 erat,
2702 3312 2775 3368 ob
2824 3315 3179 3383 conspicuam
3234 3318 3409 3388 ipsius
3448 3320 3565 3376 for-

1986 3419 2154 3466 mam,
2203 3412 2259 3457 et
2309 3403 2611 3458 incantatio
2649 3402 2839 3467 chara,
2889 3414 3109 3474 prepter
3156 3408 3474 3465 illicientem
3510 3423 3564 3470 et

1984 3494 2336 3548 delinientem
2364 3494 2723 3565 voluptatem.
2774 3493 3001 3549 Femina
3036 3499 3209 3562 enim,
3239 3500 3386 3556 velut
3413 3519 3564 3572 esca,

1984 3601 2190 3640 marem
2223 3585 2289 3640 ad
2319 3599 2377 3640 se
2408 3585 2595 3651 trahit,
2636 3601 2701 3641 ac
2750 3601 2963 3642 veneno
3022 3589 3215 3655 inlicit,
3276 3592 3563 3665 voluptua-

1985 3677 2193 3744 riisque
2224 3677 2490 3745 gestibus,
2543 3687 2597 3733 et
2648 3680 3017 3738 sermonibus.
3071 3698 3137 3738 ac
3192 3684 3374 3753 rebus,
3403 3688 3561 3756 quasi

1985 3766 2317 3836 quibusdam
2352 3767 2661 3839 praestigiis,
2694 3768 3033 3835 ludiﬁcatur,
3063 3772 3266 3841 quibus
3300 3774 3366 3828 ad
3407 3791 3564 3831 accr-

1986 3857 2273 3913 bissimum
2331 3859 2528 3914 anima:
2588 3861 2869 3915 interitum
2938 3871 2993 3916 et
3052 3863 3280 3918 exitium
3350 3867 3566 3924 illectus

1985 3950 2341 4020 pertrahitur.
2366 3949 2502 4005 Nam
2556 3952 2602 4005 si
2649 3953 2739 4006 illa
2769 3993 2785 4018 ,
2821 3968 2942 4022 qua:
2967 3956 3187 4024 propria
3218 3966 3355 4022 erat,
3390 3960 3571 4014 socia-

1985 4054 2093 4109 que
2120 4051 2173 4094 et
2203 4041 2520 4097 auxiliatrix
2547 4043 2671 4096 data
2706 4044 2902 4106 fuerat,
2928 4045 3107 4098 virum
3143 4047 3400 4114 perdidit,
3452 4064 3565 4118 quo

1986 4143 2145 4202 pacto
2177 4134 2436 4187 meretrix
2492 4143 2545 4185 et
2606 4133 2782 4187 aliena
2837 4134 3001 4189 saluti
3051 4135 3234 4191 futura
3260 4139 3565 4194 est?0culi

1988 4225 2156 4295 igitur
2214 4224 2295 4278 sic
2348 4230 2709 4279 coerceantur
2778 4225 2833 4279 in
2888 4227 3187 4297 palpebris,
3228 4245 3337 4285 non
3400 4247 3561 4288 secus

1988 4324 2154 4386 atque
2173 4315 2230 4369 iu
2258 4314 2488 4384 nuptiali
2519 4316 2782 4379 thalamo,
2812 4317 3057 4387 virgineo
3084 4334 3237 4375 more
3258 4333 3565 4389 versantes,

1917 4426 2092 4507 I)uec
2146 4408 2474 4480 procacibus
2539 4419 2596 4464 et
2645 4409 2938 4479 impudicis
3000 4412 3245 4467 motibus
3314 4414 3567 4469 aculeum

1988 4507 2307 4564 excitantes.
2340 4504 2516 4574 Atque
2559 4505 2723 4558 etiam
2773 4505 2996 4575 insuper
3025 4505 3358 4574 Voluptatem
3397 4522 3571 4576 usque

1990 4599 2057 4653 ad
2092 4604 2285 4668 gustus
2315 4609 2558 4657 .sensum
2622 4603 2677 4649 et
2735 4593 2921 4648 fauces
2982 4608 3257 4660 aversare,
3306 4594 3373 4648 ad
3430 4610 3572 4664 quas

1991 4689 2148 4745 cibus
2174 4686 2355 4741 omnis
2386 4685 2690 4740 devolvitur
2720 4703 2733 4738 :
2768 4694 2843 4747 et,
2889 4684 3036 4751 quod
3095 4692 3224 4738 ante
3256 4668 3572 4755 perceptio-

1990 4795 2116 4836 nem
2165 4780 2397 4835 charum
2440 4777 2767 4841 habebatur,
2800 4775 2943 4829 idem
2976 4783 3292 4845 perceptum
3330 4778 3573 4832 vanescit

1991 4881 2046 4927 et
2066 4871 2453 4927 contemnitur.
2513 4867 2657 4936 Quin
2714 4867 2845 4921 illud
2879 4868 2977 4922 tibi
3009 4882 3229 4937 quoque
3266 4869 3570 4923 cavendum

1993 4973 2101 5031 est,
2138 4978 2206 5017 ne
2266 4971 2318 5016 te
2374 4960 2612 5016 olfactus
2672 4959 2970 5014 ell‘emiuet.
3008 4955 3190 5028 Turpe
3227 4960 3371 5013 enim
3401 4968 3487 5014 est
3517 4969 3575 5014 et

1995 5056 2259 5110 muliebre
2303 5064 2466 5123 atque
2522 5069 2552 5107 a
2600 5053 2719 5107 viro
2753 5053 2992 5106 alienum
3040 5053 3331 5122 unguentis
3359 5061 3413 5106 et
3439 5052 3575 5106 odo-

1997 5163 2116 5200 rutu
2176 5146 2540 5201 suavilatibus
2595 5143 2670 5197 uti
2713 5160 2728 5197 :
2764 5143 2969 5206 alioqui
3022 5145 3184 5197 etiam
3245 5144 3574 5200 immodicus

1996 5237 2310 5308 huiusmodi
2348 5252 2529 5291 rerum
2565 5250 2697 5289 usus
2745 5233 3046 5290 salaciores
3091 5249 3273 5289 mares
3310 5244 3475 5305 atque
3503 5240 3571 5292 ad

314 5342 556 5411 denique
604 5342 860 5396 vitiosam
925 5354 1144 5394 omnem
1208 5337 1339 5406 ligni
1396 5335 1547 5391 vetiti
1594 5334 1954 5388 manducmv
1996 5345 2290 5386 venereum
2321 5344 2677 5398 congressum
2710 5328 3095 5396 propensiores
3122 5327 3320 5382 reddit.
3367 5328 3573 5384 Ferunt

316 5430 518 5486 tionem
571 5428 933 5487 exsecremini
989 5432 1111 5500 (per
1171 5426 1379 5498 lignum
1447 5426 1592 5481 enim
1640 5425 1891 5493 voluptas

387 5567 432 5598 ⁷ο
457 5566 636 5623 Eccle.
667 5569 803 5631 “,2.
881 5568 926 5599 "
951 5568 996 5622 ll
1030 5569 1237 5629 Cor.vt,
1271 5566 1357 5621 16.
1434 5566 1479 5596 ⁷⁸
1505 5565 1635 5628 lmo,
1659 5561 1832 5616 Levit.
1860 5560 2117 5624 “vni-2',
2159 5558 2178 5610 ι
2211 5559 2340 5613 Cor.
2373 5559 2540 5624 vt,l(i.

387 5644 411 5687 ὲ-
444 5638 530 5687 Π.
608 5641 653 5671 ⁷³
676 5640 888 5687 Coloss.
926 5655 1008 5687 ιιι.
1038 5640 1090 5687 9.
1167 5640 1211 5670 ⁷⁸
1237 5636 1397 5687 Bonl.
1433 5651 1506 5687 Vt.
1539 5637 1590 5687 4.
1669 5634 1710 5665 ’⁷
1734 5633 1935 5687 Jercm.
1966 5649 2037 5687 Ix.
2070 5632 2159 5684 2|.
2235 5629 2280 5661 ⁷⁸
2319 5627 2451 5683 Gen.
2484 5645 2539 5683 m

1768 5650 1935 5687 cretii.
1966 5649 2037 5698 ιχ,
2070 5649 2159 5684 ΖΙ.

322 5635 411 5703 16,
444 5638 530 5690 Π.
608 5641 653 5671 τ’
676 5640 888 5696 Coloss.
926 5655 1008 5703 ut,
1038 5640 1090 5694 9.
1167 5640 1211 5670 ⁷⁸
1236 5636 1397 5691 Rotu.
1433 5651 1506 5699 vt,
1539 5637 1590 5688 4.

320 5723 395 5777 vi,
430 5705 503 5760 25
535 5723 688 5781 seqq.

1998 5426 2142 5477 enim
2199 5421 2559 5477 Commodum
2613 5420 3035 5490 imperatorem,
3096 5435 3221 5474 cum
3287 5432 3574 5491 grassante

2653 5558 2697 5590 ⁷³
2717 5557 2759 5611 ll
2792 5556 2921 5612 Cor.
2950 5573 3024 5621 vl,
3060 5556 3145 5612 16.
3220 5555 3306 5610 "l
3341 5555 3464 5608 Cor.
3490 5571 3573 5615 ιη,

2235 5629 2280 5661 ⁷⁸
2319 5627 2451 5683 Gen.
2484 5631 2638 5697 m,6.
2733 5631 2779 5662 ⁷⁸
2813 5629 2971 5683 Deut.
3002 5644 3173 5694 xxv",
3212 5629 3264 5684 9.
3327 5628 3372 5658 ⁸⁸
3412 5627 3575 5677 [δι-ιτ.

3534 5793 3543 5798 -
3567 5784 3627 5799 ’-ς
