3996 6206
575 244 709 308 1123

1984 245 2363 306 ADDENDA.

3740 248 3886 310 liii

566 355 859 428 aliquando
895 362 1043 425 peste
1082 351 1374 421 unguentis
1411 367 1543 406 usus
1585 360 1748 416 esset,
1791 367 1852 406 ex
1882 367 1945 406 ea
1980 368 2038 407 re
2069 353 2132 406 ad
2164 360 2210 416 Α
2241 352 2347 404 cati
2377 351 2661 421 abjiciens,
2695 362 2858 424 atque
2904 353 3249 414 innovatoris
3287 357 3551 428 Spiritus
3577 376 3792 429 opera
3822 367 3888 415 ait

568 449 842 502 libidinem
877 447 1104 515 majores
1136 444 1380 498 flammas
1403 445 1736 514 concepisse.
1774 443 2009 501 Proinde
2039 460 2135 500 nec

568 556 661 606 μοι’
691 538 941 590 olfa‘ctuui
978 535 1334 599 etfemineris,
1363 550 1462 590 nec
1489 551 1586 605 per
1629 544 1832 590 tactum
1861 535 2134 590 enerveris

565 639 619 677 et
650 626 984 690 emolliaris;
1021 641 1206 679 verum
1259 626 1516 680 laivitates
1551 641 1743 681 omnes
1784 635 1840 682 et
1882 626 2134 681 mollities

565 723 710 790 fuge.
759 721 988 773 'l‘actum
1053 727 1234 772 autem
1286 718 1439 785 dicit,
1478 734 1582 772 non
1635 733 1758 774 eum
1793 727 2002 774 tantum
2037 720 2131 791 qui

565 827 726 865 manu
759 811 834 874 tit,
861 810 954 865 sed
1005 825 1129 865 cum
1182 809 1345 864 etiam
1380 810 1474 880 qui
1523 811 1577 864 in
1615 819 1727 865 toto
1753 826 1982 882 corpore
2011 827 2132 868 ser-

561 914 738 957 vatur.
790 901 881 957 Vis
931 905 1074 956 cnlm
1133 909 1187 956 et
1239 901 1470 957 facultas
1513 903 1764 974 tangendi
1807 919 1904 973 per
1963 911 2130 958 totam

559 1011 777 1050 carnem
809 1009 998 1064 sparsa
1056 1005 1111 1049 et
1165 991 1361 1048 dilinsa
1413 1005 1519 1060 est,
1551 995 1792 1065 exceptis
1823 996 1971 1065 pilis.
1995 995 2134 1050 ossi-

563 1092 684 1154 bus,
723 1087 1022 1157 unguibus,
1073 1103 1137 1141 ac
1181 1087 1386 1143 nervis.
1439 1085 1564 1141 llaec
1612 1088 1758 1142 enim
1814 1089 1927 1142 sola
1963 1104 2129 1144 sensu

559 1184 764 1231 carent.
823 1176 959 1242 Quid
1013 1176 1320 1246 pra-terea?
1380 1175 1614 1230 Auditus
1679 1185 1729 1232 te
1784 1177 1837 1231 in
1884 1178 2129 1234 fraudem

558 1269 766 1338 injecit,
804 1284 867 1321 ac
900 1269 1334 1323 circumventum
1361 1284 1598 1324 rursusa
1636 1271 1859 1325 veritate
1879 1271 2127 1337 abduxit,

555 1361 1017 1430 quemadmodum
1064 1361 1212 1414 Ὃιίιη
1269 1360 1476 1430 primos
1539 1371 1814 1429 parentes.
1871 1362 1950 1417 Ne
2011 1362 2129 1432 ipse

557 1453 778 1520 quidem
812 1453 864 1506 in
895 1462 1174 1521 posterum
1226 1453 1437 1506 solutus
1482 1453 1575 1516 sit,
1607 1453 1701 1507 sed
1737 1454 1894 1509 bonis
1921 1468 2128 1509 sermo-

557 1543 714 1598 nibus
745 1551 949 1610 pateat,
1014 1543 1081 1596 ad
1131 1542 1308 1611 turpia
1355 1551 1536 1597 autem
1569 1543 1730 1599 verba
1761 1551 1815 1598 et
1855 1546 1921 1598 ad
1979 1543 2126 1600 frau-

553 1639 672 1689 dem
725 1647 774 1691 et
837 1636 1211 1690 curiositatem
1272 1637 1568 1706 composita
1616 1636 1952 1692 obstruatur.
1981 1637 2120 1691 Audi

2238 444 2494 497 virtutem
2524 446 2766 512 migrans
2805 464 2817 498 :
2844 445 3003 518 teque
3039 450 3108 503 ita
3141 466 3426 521 compara,
3457 464 3528 508 ut
3556 456 3772 508 innov
3817 459 3890 508 [ea

2240 549 2302 589 ac
2339 535 2459 589 vitm
2493 536 2544 588 in
2579 538 2774 593 melius
2827 539 3114 595 immutata
3168 546 3304 598 ratio
3366 546 3584 601 animo:
3651 547 3888 603 festus;

2239 623 2331 678 tibi
2363 625 2450 678 sit.

2307 713 2442 770 lbid.
2506 717 2597 770 Ira
2653 719 2748 774 tibi
2794 721 3050 776 adversus
3111 735 3407 795 serpentem
3473 730 3688 783 solum
3734 732 3893 784 eni-

2237 816 2368 872 stat,
2397 817 2503 865 etc.
2536 809 2828 880 Postquam
2859 829 3058 871 sensus
3080 819 3212 872 satis
3233 833 3510 876 accurate
3547 824 3892 886 instruxit,

2233 913 2381 954 nunc
2433 901 2594 956 etiam
2658 902 2726 958 de
2778 906 2952 960 tribus
2996 908 3191 964 anima:
3238 913 3508 979 partibus
3571 929 3888 984 ωειςερς]

2233 992 2420 1048 tradit.
2461 991 2766 1052 Facultates
2801 999 2946 1052 enim
2983 1001 3179 1055 anima:
3213 1002 3265 1055 in
3313 1015 3548 1073 partem
3597 1007 3888 1060 rationa-

2233 1083 2362 1150 lem,
2398 1095 2453 1141 et
2483 1088 2710 1143 rationis
2737 1099 3010 1160 expertem
3036 1093 3374 1150 dividuntur.
3417 1097 3625 1153 Partis
3648 1099 3886 1153 deinde

2232 1189 2262 1228 a
2323 1176 2536 1232 ratione
2583 1179 2775 1235 alienat
2821 1192 3002 1252 partes
3054 1195 3185 1238 sunt
3239 1187 3382 1252 duas,
3443 1188 3669 1254 altera,
3756 1207 3886 1259 qua

2232 1269 2497 1324 rationem
2550 1274 2700 1326 nullo
2749 1275 2911 1330 modo
2955 1277 3128 1341 audit,
3189 1281 3281 1333 sed
3337 1290 3572 1337 natura
3613 1283 3884 1354 imperia-3

2229 1359 2587 1427 gubernatur,
2620 1363 2929 1431 cujusmodi
2975 1378 3060 1422 est
3101 1383 3164 1422 ea
3221 1385 3344 1440 qua:
3385 1373 3590 1426 alendi
3649 1390 3738 1428 ac
3797 1379 3884 1443 gi-

2227 1451 2424 1519 gnendi
2476 1453 2580 1506 vim
2645 1455 2830 1521 habet,
2877 1472 2941 1512 ac
2997 1458 3228 1516 facultas
3265 1476 3328 1516 ea
3379 1479 3495 1534 qua
3537 1467 3884 1535 pulsantur

2227 1543 2460 1596 arteriae.
2485 1545 2694 1612 Altera,
2717 1562 2840 1616 qua:
2861 1550 3058 1604 rationi
3087 1552 3466 1622 obtemperat,
3495 1571 3640 1626 qua:
3671 1560 3878 1612 etiam

2230 1633 2285 1686 in
2335 1633 2470 1688 iram
2523 1645 2577 1690 et
2627 1637 2980 1706 cupiditatem
3030 1641 3314 1698 dividitur.
3353 1646 3453 1700 Est
3486 1659 3700 1703 autem
3751 1653 3878 1713 ira,

557 1725 902 1781 Salomonem
941 1726 1010 1791 ⁸⁸,
1051 1735 1214 1796 atque
1262 1741 1325 1783 os
1383 1738 1532 1782 tuum
1597 1727 1746 1798 aperi
1801 1729 1967 1783 verbo
2008 1728 2124 1795 Dei,
2161 1722 2200 1776 Β
2228 1721 2386 1791 quasi
2436 1721 2592 1778 miles
2627 1726 2876 1794 quidam,
2919 1728 3150 1786 rationis
3207 1734 3457 1800 satelles,
3494 1740 3872 1808 cupiditatis

554 1819 655 1872 hoc
703 1827 805 1883 est,
849 1833 972 1872 cum
1022 1819 1206 1872 utilem
1244 1819 1532 1887 quemdam
1563 1829 1616 1874 et
1646 1818 1968 1890 frugiferum
2007 1836 2123 1876 ser-

553 1924 769 1962 monem
821 1908 1113 1964 habiturus
1147 1926 1228 1974 es,
1264 1920 1377 1966 tum
1416 1911 1633 1966 demum
1667 1927 1727 1966 os
1764 1923 1912 1966 tuum
1950 1913 2121 1982 aperi,

551 2010 610 2053 ut
643 2016 766 2054 cum
791 2000 990 2055 Davide
1012 2000 1128 2069 ipse
1156 2017 1374 2071 quoque
1401 2003 1583 2058 dicas:
1610 2004 1681 2057 Os
1715 2021 1884 2057 meum
1918 2007 2120 2074 aperui,

550 2100 598 2142 et
633 2091 836 2144 attraxi
867 2091 1111 2159 spiritum
1142 2088 1209 2143 ".
1266 2091 1420 2156 Quod
1479 2093 1524 2145 si
1578 2096 1644 2146 ad
1695 2093 1912 2147 sordida
1945 2103 1999 2148 et
2027 2093 2125 2146 ob-

549 2195 708 2234 scena
761 2182 921 2236 verba
976 2182 1300 2251 proferenda
1348 2198 1412 2238 os
1459 2194 1610 2237 tuum
1658 2185 1960 2252 aperueris,
2006 2194 2120 2238 tum

558 2273 808 2340 spiritum
833 2273 1058 2327 minime
1080 2273 1340 2340 attnhes,
1379 2275 1474 2328 sed
1503 2286 1729 2330 mortem
1761 2278 1962 2345 potius.
1987 2275 2118 2329 Nam

552 2381 613 2419 os
665 2373 911 2419 nostrum
970 2380 1074 2418 una
1121 2380 1181 2419 ex
1245 2365 1499 2420 fenestris
1552 2367 1658 2421 illis
1701 2377 1804 2430 cst,
1847 2382 1939 2436 per
1962 2383 2121 2438 quas,

549 2471 670 2510 cum
708 2471 1054 2525 nequaquam
1113 2465 1254 2512 tecte
1297 2460 1638 2526 aperiuntur,
1677 2471 1901 2514 mortem
1931 2477 2121 2516 ascen-

546 2551 677 2604 dere
716 2546 982 2603 Jeremias
1020 2557 1250 2603 testatur
1281 2549 1350 2604 ⁸³.

622 2642 754 2698 Ibid.
808 2643 870 2696 C.
928 2641 1060 2698 Cum
1117 2643 1389 2712 quidpiam
1429 2659 1628 2708 eorum,
1684 2660 1800 2714 qnw
1845 2646 2120 2698 interdicta

546 2744 687 2800 sunt,
749 2744 855 2789 etc.
925 2734 1117 2790 Docuit
1185 2732 1498 2807 Tlieologus
1555 2738 1827 2805 quomodo
1882 2738 2122 2807 quinque

547 2827 795 2880 sensibus
829 2827 906 2880 uti
935 2827 1232 2881 debeamus
1263 2846 1275 2882 :
1311 2843 1376 2882 ex
1421 2828 1622 2898 quibus
1652 2830 1801 2884 visus
1843 2833 1907 2883 a.l
1944 2841 2120 2884 rectas

551 2917 720 2969 lineas
755 2917 950 2980 cernit,
998 2917 1233 2971 olfactus
1264 2929 1445 2972 autem
1477 2929 1532 2972 et
1565 2921 1783 2974 auditus
1811 2935 1913 2974 non
1940 2921 2117 2976 solum

537 3009 612 3062 ad
668 3016 874 3061 rectam
931 3006 1150 3073 lineam,
1183 3008 1277 3061 sed
1343 3009 1706 3079 undecunque
1747 3012 1962 3079 prepria
2015 3012 2116 3066 sibi

547 3099 768 3154 sensilia
796 3085 1088 3168 arripiunt,
1123 3098 1380 3152 nimirum
1430 3099 1518 3153 ille
1558 3099 1775 3164 odores,
1815 3100 1902 3154 hic
1935 3117 2112 3156 voces.

550 3191 718 3244 Porro
744 3200 939 3253 tactus,
978 3191 1068 3260 qui
1097 3192 1341 3244 omnium
1400 3191 1758 3245 animantium
1811 3193 2116 3248 communis

529 3291 646 3346 .est,
681 3292 733 3335 et
756 3293 968 3351 gustus,
1004 3296 1101 3336 nec
1150 3283 1449 3336 secundum
1505 3291 1706 3336 rectam
1760 3283 1982 3345 lineam,
2018 3299 2116 3337 nec

546 3373 912 3442 undecunque
965 3373 1211 3442 subjecta
1285 3373 1389 3427 sibi
1457 3373 1681 3427 sensilia
1738 3381 2111 3441 cognoscunt:

546 3480 734 3520 verum
785 3476 897 3518 tum
953 3467 1154 3530 solum,
1190 3482 1313 3520 eum
1352 3465 1654 3536 propinqua
1707 3467 1842 3535 ipsis
1890 3466 2114 3520 fuerint.

543 3555 840 3626 Postquam
879 3556 1043 3626 igitur
1080 3559 1146 3612 de
1195 3558 1281 3613 liis
1313 3542 1684 3626 pertractavit,
1729 3573 1876 3611 nunc
1903 3558 1968 3610 de
2001 3575 2115 3612 mc-

546 3651 796 3707 morandi
842 3664 1059 3720 quoque
1105 3649 1359 3706 facultate
1409 3651 1648 3714 disserit,
1685 3665 1806 3719 quae
1836 3652 2114 3704 memoria:

546 3753 601 3797 et
637 3741 1058 3795 reminisceutiae
1091 3755 1252 3794 causa
1308 3752 1360 3795 et
1403 3741 1840 3812 promptuarium
1871 3751 1971 3797 est.
2014 3740 2114 3797 Or-

545 3845 748 3902 ganum
794 3838 974 3884 autem
1015 3845 1079 3884 ae
1129 3831 1287 3886 sedes
1325 3831 1471 3886 illius
1518 3840 1600 3887 est
1633 3833 1902 3899 posterior
1935 3834 2112 3887 tunica

544 3921 778 3980 cerebri.
807 3919 1116 3976 Meminisse
1152 3930 1330 3974 autem
1376 3921 1557 3976 anima
1594 3922 1814 3984 dicitur,
1848 3937 1970 3976 cum
2003 3921 2114 3976 for-

550 4032 667 4071 mas
697 4025 861 4086 atque
901 4013 1286 4084 impressiones
1325 4029 1511 4068 earum
1567 4028 1772 4076 rerum,
1817 4029 1954 4084 quas
1990 4015 2110 4084 opi-

545 4111 709 4164 nioue
745 4106 1018 4176 concepit,
1071 4105 1284 4160 retinet.
1321 4104 1486 4176 Igitur
1525 4106 1592 4161 de
1617 4105 1668 4160 vi
1710 4108 2107 4174 memoratrice,

542 4201 772 4270 ejusque
792 4210 913 4253 actu
948 4207 1204 4263 tractans,
1235 4198 1310 4252 ait
1343 4215 1356 4252 :
1390 4198 1447 4252 Si
1476 4197 1605 4270 quid
1630 4213 1816 4255 eorum
1860 4215 1981 4270 qua:
2004 4215 2109 4254 non

541 4307 821 4355 concessa,
845 4291 937 4346 sed
975 4290 1258 4344 interdicta
1303 4289 1542 4356 fuerunt,
1595 4291 1843 4348 illecebra
1873 4292 2108 4364 quadam

2227 1811 2446 1867 vindex.
2489 1813 2625 1868 Nam
2656 1831 2782 1871 cum
2822 1819 3058 1890 alicujus
3111 1824 3186 1878 rei
3239 1826 3557 1895 cupiditate
3590 1835 3866 1902 corripi-

2227 1920 2374 1972 mur,
2411 1913 2576 1977 atque
2607 1924 2637 1962 a
2674 1912 2931 1980 quopiam
2977 1914 3133 1970 nobis
3167 1916 3642 1987 impedimentum
3673 1926 3868 1982 aﬂa-

2228 2007 2336 2062 tur;
2379 2000 2457 2052 ira
2515 2002 2783 2057 adversus
2829 2018 2953 2058 cum
3018 2007 3386 2075 incendimur,
3424 2015 3585 2067 velut
3628 2017 3855 2085 injuria

2228 2091 2427 2158 affecti,
2467 2093 2726 2147 nimirum
2785 2097 2996 2152 ratione
3039 2115 3156 2152 eam
3198 2117 3312 2156 rem
3350 2104 3435 2158 ira
3470 2115 3528 2159 et
3573 2109 3857 2178 indigna-

2227 2183 2371 2236 tione
2397 2182 2615 2252 dignam
2638 2185 2942 2254 judicante.
2974 2187 3427 2263 Quandoquidem
3460 2198 3642 2265 igitur
3678 2204 3848 2256 nulla

2227 2275 2383 2329 nobis
2415 2275 2618 2346 injuria
2671 2287 2820 2334 tanta
2864 2296 2896 2336 a
2922 2285 3179 2355 qu0piam
3219 2286 3370 2342 illata
3408 2300 3521 2356 est,
3549 2307 3781 2362 quam:
3810 2312 3844 2348 a

2223 2376 2494 2435 serpente,
2527 2379 2581 2425 et
2610 2385 2677 2425 eo
2714 2371 2806 2442 qui
2839 2388 2936 2442 per
2969 2375 3147 2443 ipsum
3187 2387 3244 2432 et
3277 2377 3332 2432 in
3381 2381 3507 2450 ipso
3553 2384 3844 2454 loqueba-

2225 2469 2334 2522 tur,
2371 2459 2591 2516 diabolo
2618 2463 2827 2532 (ipsius
2880 2467 3028 2521 enim
3090 2465 3282 2524 fraude
3331 2480 3388 2525 et
3433 2474 3840 2540 seelere,tusn

2220 2554 2498 2622 paradiso,
2557 2566 2669 2609 tum
2713 2556 3117 2615 immortalitate
3167 2563 3538 2637 excidimus),
3609 2569 3840 2626 idcirco

2220 2645 2356 2699 dicit
2385 2646 2699 2717 'l‘lieologus
2731 2667 2743 2703 :
2787 2647 2863 2705 lta
2901 2648 3005 2706 tibi'
3029 2653 3198 2722 juste,
3231 2663 3288 2710 et
3307 2661 3618 2715 secundum
3654 2675 3841 2718 natu-

2223 2753 2362 2803 ram,
2393 2739 2656 2795 adversus
2717 2754 3023 2811 serpentem
3058 2745 3352 2814 excitetur,
3379 2765 3408 2804 a
3440 2766 3555 2820 quo
3599 2761 3842 2823 gravis-

2221 2828 2358 2882 sime
2389 2828 2552 2883 l'esus
2586 2845 2667 2895 es,
2714 2845 2836 2886 cum
2875 2848 2984 2902 quo
3016 2835 3179 2888 etiam
3232 2835 3552 2895 inimicitias
3616 2857 3840 2912 gerere

2223 2917 2317 2969 tibi
2346 2918 2665 2988 imperatum
2692 2933 2799 2977 est.
2832 2923 3150 2980 Inimicitias
3179 2928 3344 2995 enim,
3384 2927 3574 2999 inquit,
3600 2950 3841 2999 pona-

2222 3010 2357 3062 inter
2385 3019 2433 3064 te
2460 3021 2509 3064 et
2544 3013 2682 3066 inter
2710 3028 2997 3084 serpentem
3027 3018 3094 3074 ⁸⁸.
3128 3019 3567 3090 Concupiscentia
3600 3035 3836 3080 autem

2219 3102 2286 3154 ad
2318 3102 2520 3157 nullam
2551 3121 2661 3160 rem
2691 3109 2906 3162 noxiam
2938 3119 2990 3163 et
3019 3112 3502 3182 periculosam,sed
3522 3115 3599 3170 ad
3628 3115 3827 3172 Deum

2219 3196 2402 3250 omnis
2443 3197 2780 3265 intendatur,
2841 3217 3001 3271 quem
3051 3215 3110 3258 ut
3161 3219 3230 3259 ex
3285 3213 3396 3259 toto
3429 3209 3601 3262 corde
3656 3224 3824 3265 ames

2219 3287 2314 3342 tibi
2343 3288 2423 3342 lex
2463 3289 2578 3360 lege
2604 3293 2954 3363 pra-scripsit,
2990 3305 3047 3348 ut
3077 3310 3199 3351 cum
3234 3296 3434 3352 Davide
3461 3314 3596 3354 vere
3622 3301 3824 3356 dicere

2218 3380 2399 3448 possis
2433 3396 2446 3434 :
2484 3380 2725 3448 Domine,
2760 3394 2882 3438 ante
2909 3396 2958 3441 te
2984 3402 3135 3442 omne
3163 3387 3488 3444 desiderium
3522 3409 3707 3446 meum
3738 3394 3814 3448 ".

2219 3470 2379 3526 Ratio
2438 3478 2893 3542 praestantissima
2969 3495 3102 3549 pars
3155 3482 3389 3546 animm,
3447 3486 3814 3555 maximeque

2217 3561 2420 3628 divina,
2454 3565 2600 3619 velut
2642 3568 2833 3638 auriga
2861 3569 3104 3637 quidam,
3134 3571 3395 3627 omnibus
3442 3575 3670 3642 prmsit,
3704 3577 3807 3630 bne

2215 3665 2321 3718 est,
2380 3665 2433 3710 et
2489 3657 2582 3712 ira:
2635 3666 2688 3713 et
2749 3659 3034 3728 cupiditati
3079 3672 3131 3717 et
3175 3664 3453 3728 sensibus,
3513 3681 3618 3720 nec
3658 3669 3805 3736 quod

2215 3746 2568 3814 praestantius
2589 3757 2693 3811 est,
2719 3747 2768 3802 id
2788 3762 2890 3818 est,
2907 3766 3058 3807 mens
3079 3754 3148 3808 ab
3164 3753 3411 3809 inferiori
3433 3756 3806 3826 deprimatur,

2217 3836 2320 3890 hoc
2346 3847 2450 3903 est,
2481 3839 2549 3894 ab
2579 3855 2641 3895 ea
2681 3851 2853 3910 parte,
2887 3858 3006 3914 quae
3032 3844 3315 3900 all'ectibus
3354 3847 3602 3917 agitatur
3641 3860 3804 3920 atque

2214 3941 2244 3980 a
2274 3928 2486 3984 ratione
2515 3945 2705 3987 aversa
2737 3942 2839 3990 est.
2880 3935 3015 3990 illud
3050 3937 3215 3992 etiam
3241 3941 3579 4007 cavendum,
3604 3959 3678 3999 ne
3707 3959 3802 4013 pro

2213 4030 2466 4087 serpente
2521 4021 2745 4079 fratrem
2823 4026 2949 4082 odio
2999 4027 3309 4096 insecteris,
3351 4031 3519 4099 idque
3570 4033 3796 4089 frustra.

2213 4109 2412 4177 Quidni
2439 4114 2584 4168 enim
2617 4115 2845 4181 frustra,
2882 4133 3006 4174 cum
3043 4121 3150 4176 alio
3173 4132 3364 4191 agente
3403 4133 3459 4176 et
3483 4124 3798 4194 impelle

2213 4205 2302 4257 alii
2328 4205 2442 4275 ipse
2472 4223 2820 4276 succenseas,
2842 4211 3198 4282 idemquetibi
3228 4215 3439 4270 accidat
3462 4217 3616 4286 quod
3645 4221 3799 4273 cani-

2214 4301 2336 4364 bus,
2371 4302 2462 4371 qni
2493 4302 2704 4374 lapides
2735 4304 3006 4370 mordent,
3043 4319 3142 4362 eos
3173 4307 3268 4377 qui
3297 4308 3652 4377 proiecerunt
3689 4327 3794 4364 non

543 4385 781 4437 animum
810 4393 960 4440 tuum
995 4390 1184 4445 tentet,
1214 4397 1279 4437 ac
1327 4381 1439 4451 iam
1493 4383 1722 4455 jamque
1772 4385 1823 4438 in
1862 4385 2103 4440 fraudem
2139 4407 2181 4461 υ
2211 4393 2526 4460 attingunt?
2581 4395 2666 4449 Ad
2709 4395 3038 4450 homicidam
3086 4399 3234 4454 illum
3266 4400 3662 4470 indignationis
3691 4415 3795 4458 tua

543 4473 906 4543 impulsurum
949 4472 1040 4536 sit,
1080 4471 1132 4524 in
1165 4470 1430 4524 memoria
1462 4471 1600 4526 habe
1631 4473 1883 4542 quisnam
1939 4474 2107 4530 lueris

440 4572 446 4578 '
533 4575 667 4621 ante
729 4567 988 4620 violatum
1057 4563 1150 4618 Dei
1204 4572 1555 4633 praeceptum,
1622 4581 1814 4634 nempe
1866 4567 2102 4637 paradisi

538 4657 696 4720 civis,
721 4665 772 4710 et
820 4671 910 4710 rex
954 4670 1138 4710 eorum
1169 4669 1291 4724 quae
1318 4664 1474 4710 terra:
1509 4658 1796 4726 complexu
1829 4668 2101 4724 tenentur,

541 4761 704 4813 θυμω
768 4745 822 4798 in
882 4745 1052 4799 beatae
1084 4745 1206 4799 vitae
1260 4744 1469 4800 ratione
1506 4748 1739 4816 positus,
1775 4763 1803 4800 a
1836 4764 1941 4818 qua
1983 4763 2111 4818 pro-

541 4841 725 4908 lapsus
756 4836 986 4906 periisti.
1018 4835 1070 4888 Si
1106 4836 1325 4905 paulum
1359 4851 1388 4890 a
1414 4852 1538 4891 vera
1575 4846 1632 4892 et
1674 4847 1821 4892 recta
1852 4837 2102 4895 doctrina

541 4928 897 4992 abcrravcris,
950 4936 1156 4981 rectum
1208 4928 1309 4982 iter
1367 4943 1560 4985 rursus
1595 4930 1795 4999 arripe,
1834 4921 1997 5000 atque
2035 4931 2104 4986 ab

539 5036 726 5076 errore
769 5032 822 5075 et
867 5021 1206 5090 digressione
1242 5023 1306 5076 ad
1353 5022 1584 5092 teipsnm
1635 5024 2106 5092 redi,priusquam

537 5112 764 5165 omnino
810 5127 838 5165 a
881 5113 1090 5165 ratione
1118 5112 1356 5176 excidas,
1391 5123 1553 5184 atque
1595 5115 1645 5167 in
1692 5114 1971 5169 brutorum
2016 5130 2110 5169 na-

539 5216 715 5258 turam
743 5204 1058 5274 degeneres,
1092 5220 1438 5274 prmccpsque
1498 5210 1563 5260 ad
1613 5209 1838 5261 exitium
1881 5208 2107 5262 animie-

538 5312 643 5364 quc
675 5296 950 5350 interitum
978 5312 1123 5350 ruas.
1158 5297 1333 5366 Atque
1361 5315 1423 5352 ex
1459 5300 1625 5354 veteri
1675 5315 1849 5357 novus
1871 5301 2108 5369 efficere,

539 5385 587 5436 id
627 5393 728 5446 est,
759 5385 936 5438 bonus
997 5401 1061 5439 ex
1119 5388 1385 5454 improbo,
1442 5390 1632 5444 sordes
1685 5391 1937 5445 videlicet
1979 5408 2108 5461 pce-

1236 5562 1285 5594 "
1326 5565 1468 5620 Psal.
1511 5582 1698 5627 cxvttt,
1734 5567 1855 5620 151.

1126 5632 1168 5663 ⁸⁷
1212 5633 1367 5686 llam.
1400 5651 1516 5698 vui,
1547 5635 1638 5689 ‘29.

603 5564 646 5592 ’“
689 5560 850 5614 Prov.
893 5577 1040 5623 xvst,
1072 5562 1125 5616 8.

532 5636 579 5665 “
615 5631 770 5685 Ιὶιιιιι.
807 5646 917 5694 xtv,
961 5633 1048 5686 l5.

1969 5567 2014 5599 ⁸³
2052 5567 2250 5621 Jerem.
2289 5587 2363 5632 tv,
2394 5572 2481 5626 2|.

1714 5636 1760 5667 ⁸³
1778 5637 2038 5702 l’sitl.xvt,
2073 5639 2161 5691 '25.

2208 4482 2478 4539 flammam
2508 4495 2789 4553 converte,
2823 4488 2888 4541 ad
2923 4487 3074 4542 illum
3115 4491 3325 4558 peccati
3353 4495 3717 4548 architectum
3740 4505 3796 4549 et
3877 4509 3894 4525 °

2208 4567 2457 4639 opificem
2502 4590 2516 4626 :
2553 4573 2773 4629 fratrem
2813 4583 3018 4644 autem,
3053 4577 3147 4646 qui
3200 4578 3347 4634 illius
3396 4581 3623 4650 impulsu
3651 4597 3788 4648 pec-

2208 4670 2318 4727 cat,
2347 4662 2630 4729 miserare,
2651 4679 2750 4733 pro
2780 4681 2910 4736 quo,
2935 4667 3081 4722 sicut
3102 4669 3396 4740 Apostolus
3421 4675 3487 4726 aJ
3508 4671 3786 4725 Romanos

2209 4751 2398 4806 scribit
2429 4752 2493 4817 °°,
2525 4747 2775 4811 Christus
2820 4767 3068 4814 mortuus
3113 4769 3216 4824 est,
3261 4771 3316 4816 et
3359 4777 3486 4817 cum
3534 4762 3674 4817 Deus
3719 4778 3785 4816 ac

2217 4844 2476 4899 UOtlllIIUS
2510 4857 2673 4907 CSSCI,
2705 4848 2872 4903 frater
2912 4860 3039 4905 tuus
3078 4851 3302 4908 allectus
3330 4863 3435 4908 εει.
3617 4855 3780 4918 enim,

2213 4946 2272 4990 ut
2302 4935 2506 4993 Paulus
2559 4949 2787 4995 testatur
2820 4940 2888 5006 ",
2921 4952 3004 4997 est
3036 4945 3428 5014 primogenitns
3490 4947 3541 4998 in
3599 4947 3782 5000 multis

2211 5031 2497 5096 frmibus.
2531 5033 2708 5104 Atque
2735 5035 2870 5090 adeo
2893 5035 3006 5106 ipse
3025 5038 3167 5107 apud
3195 5038 3442 5093 Davidem
3469 5041 3536 5092 al
3563 5037 3777 5094 Patrem

2211 5128 2283 5179 ita
2309 5126 2547 5195 loquitur
2573 5144 2586 5180 :
2616 5115 2870 5182 Narrabo.
2893 5145 3075 5183 nomen
3111 5139 3256 5189 tuum
3281 5131 3539 5199 fratribus
3567 5133 3696 5184 nteit
3712 5131 3776 5187 ".

2209 5215 2286 5268 Ae
2347 5223 2605 5283 praiterea
2675 5215 2903 5284 ipsemet
2966 5218 3018 5271 in
3072 5216 3362 5288 Evangelia
3402 5219 3467 5272 ad
3523 5220 3778 5273 mulieres

2211 5305 2466 5359 dicebat:
2509 5304 2612 5371 Ite,
2654 5309 2968 5362 annnntiate
3006 5309 3263 5377 fratribus
3311 5311 3436 5364 uteie
3461 5310 3529 5364 π’.
3559 5308 3644 5375 Ei,
3688 5310 3776 5380 qui

2211 5396 2470 5450 virtutum
2528 5397 2814 5468 splendore
2859 5409 2915 5454 et
2971 5401 3141 5469 gloria
3175 5401 3351 5465 floret,
3395 5418 3462 5456 ne
3512 5402 3773 5467 invideas,

2587 5573 2632 5606 ⁸⁸
2656 5573 2791 5629 Ceu.
2825 5591 2903 5640 nt,
2942 5577 3028 5632 15.

2239 5642 2284 5672 δν
2317 5643 2504 5696 Matth.
2542 5659 2728 5710 xxvttt,
2769 5646 2856 5699 10.

3144 5579 3189 5611 ⁸⁵
3229 5578 3373 5634 Psal.
3414 5594 3621 5645 xxxvii,
3684 5580 3764 5634 10.
