3996 6206
220 335 378 400 ωδ

1119 340 1441 401 NICETAS
1483 340 1564 401 1N
1604 320 1831 401 eam.
1870 340 2069 401 XLIII
2112 341 2175 403 s.
2212 342 2440 404 anno.
2514 294 2519 303 ’

3343 343 3478 407 1426

215 447 364 504 illud
403 458 674 519 cngttans,
701 452 846 521 quod
905 460 961 507 tu
1017 468 1239 522 quoque
1291 453 1554 508 invidiam
1604 454 1805 509 diaboli
1838 462 1880 517 Α
1911 465 1961 507 et
1988 456 2295 512 institutum
2326 458 2619 528 delegeris,
2648 460 2717 515 da
2757 475 2976 524 operam
3030 468 3087 513 ut
3123 460 3174 513 in
3216 476 3280 515 eo
3308 476 3478 521 novos
3550 453 3558 460 ”

220 539 480 604 sensisti,
510 540 580 595 ab
626 555 803 611 eoque
856 543 933 597 ita
977 541 1211 598 inﬂexus
1248 559 1329 609 es,
1369 559 1428 601 ut
1465 544 1655 610 Deum,
1682 560 1806 600 cum

217 628 561 696 cognitionis
589 628 736 700 ligno
758 632 1149 699 interdixisset,
1186 634 1280 690 tibi
1314 636 1552 690 invidere
1580 651 1807 705 persua-

218 717 388 773 deres
414 734 429 773 :
457 733 580 789 qua:
613 722 713 776 tibi
742 723 1105 794 prolapsionis
1124 742 1290 782 causa
1327 726 1447 781 fuit.
1486 727 1807 798 Lacrymam

220 811 469 867 hominis
500 813 553 868 in
588 823 639 869 te
678 815 945 872 intuentis
971 829 1023 873 et
1053 819 1405 890 plorantis,ac
1433 822 1809 877 misericordia

219 903 549 973 indigentis,
582 921 652 961 ne
680 909 974 964 crudeliter
999 921 1342 979 contemnas,
1373 915 1504 970 illud
1528 924 1807 983 reputans,

218 1004 281 1048 te
311 997 502 1051 multis
533 1012 753 1068 quoque
798 1002 1056 1072 laerymis
1098 1003 1260 1074 digna
1295 1020 1517 1074 passum
1548 1020 1691 1071 esse,
1722 1007 1809 1060 ni-

220 1085 429 1140 mirum
459 1090 717 1156 paradiso
742 1093 1116 1159 exturbatum,
1153 1096 1317 1151 morti
1364 1103 1422 1152 et
1465 1097 1808 1168 corruptioni

221 1176 529 1243 addictum,
546 1184 817 1238 sexcentis
833 1194 1179 1254 peccatorum
1197 1188 1488 1258 generibus
1505 1189 1809 1244 involutum

222 1276 399 1339 atque
424 1284 877 1342 eonspurcatmn.
908 1277 972 1331 Et
1007 1287 1186 1334 tamen
1218 1280 1652 1337 misericordiam
1679 1295 1812 1337 con-

222 1365 458 1414 secutus
482 1374 563 1427 es,
600 1365 934 1433 paradisum,
977 1383 1140 1437 quem
1189 1371 1394 1426 veteris
1419 1371 1610 1425 Adami
1649 1371 1808 1441 culpa

227 1449 576 1520 perdideras,
602 1456 727 1510 novi
756 1456 948 1512 Adami
988 1459 1252 1515 beneflcio
1281 1475 1473 1516 rursus
1498 1470 1808 1520 assecutus.

222 1539 532 1613 Pauperem
565 1562 796 1603 vacuum
828 1566 895 1603 ne
924 1566 959 1605 a
1002 1560 1053 1606 te
1087 1553 1241 1609 abire
1280 1554 1474 1621 iubeas
1504 1572 1519 1608 :
1548 1554 1808 1625 quoniam

223 1647 359 1689 cum
389 1643 448 1690 tu
479 1654 701 1708 quoque
723 1652 965 1698 extrema
994 1646 1237 1700 omnium
1268 1646 1538 1702 bonorum
1573 1655 1813 1717 egestate

226 1727 583 1791 premereris,
620 1743 689 1785 eo
717 1730 1031 1788 divitiarum
1060 1750 1156 1805 per
1197 1718 1531 1808 baptismum
1559 1738 1807 1804 evasisti,

1909 550 2153 618 quotidie
2185 566 2509 620 progressus
2541 552 2730 608 facias.

1977 642 2097 696 Col.
2140 644 2244 698 6l5
2276 643 2336 699 Β.
2380 644 2512 710 Qua:
2540 647 2633 698 sub
2654 646 2786 715 jugo
2815 648 2961 710 estis,
2991 646 3093 701 Deo
3126 665 3324 718 quoque
3351 666 3483 704 nou-

1911 732 2044 787 ni/til
2111 734 2235 788 date
2282 752 2296 789 :
2349 746 2758 805 praeoccupans,
2819 746 2925 793 etc.
2984 737 3155 809 Leges
3193 742 3476 796 constituit

1911 822 2216 894 'l‘heologus
2247 832 2356 879 tam
2389 826 2696 895 conjugatis
2730 826 3073 891 mulieribus,
3105 842 3268 896 quam
3301 844 3330 883 a
3369 844 3484 883 ma-

1911 914 2154 970 trimonii
2202 915 2337 986 jugo
2408 917 2633 979 liberis,
2697 918 3040 974 occasionem
3102 920 3170 974 ab
3222 919 3483 989 Apostolo

1913 1016 2127 1069 nactus,
2161 1007 2253 1077 qui
2299 1007 2366 1062 ad
2402 1007 2718 1065 Corinthios
2746 1009 2995 1065 scribens
3044 1011 3263 1080 nuptias
3295 1011 3485 1064 vincu—

1910 1097 2022 1152 lum
2072 1097 2342 1161 nominat,
2388 1099 2753 1169 virginitatem
2807 1109 2987 1156 autem
3045 1101 3375 1156 solutionem
3430 1111 3487 1157 et

1910 1192 2241 1247 libertatem.
2266 1191 2358 1246 Ait.
2380 1190 2524 1245 enim
2560 1208 2574 1244 :
2608 1191 2876 1260 Alligatus
2904 1210 2957 1248 es
2987 1195 3179 1249 uxori?
3203 1193 3313 1248 noli
3342 1211 3488 1265 qutu-

1911 1299 2026 1337 rere
2045 1281 2381 1337 solutionem.
2408 1281 2631 1338 Solutus
2660 1300 2716 1339 es
2757 1282 2823 1338 ab
2864 1300 3027 1340 uxore
3046 1286 3072 1340 .’
3119 1287 3230 1340 noli
3256 1302 3487 1357 querere

1912 1390 2130 1429 uxorem
2159 1376 2229 1430 ⁹¹.
2270 1374 2333 1429 Et
2359 1389 2555 1432 rursus
2588 1394 2601 1429 :
2637 1376 2769 1441 Qute
2817 1393 2918 1431 non
2966 1379 3162 1446 nupsit,
3189 1389 3340 1432 curat
3370 1395 3488 1448 qua:

1911 1478 2031 1523 sunt
2063 1468 2298 1532 Domini,
2328 1478 2384 1523 ut
2403 1469 2471 1523 sit
2495 1478 2680 1523 sancta
2712 1485 2929 1539 carpare
2961 1479 3012 1523 et
3041 1473 3251 1539 spiritu.
3275 1472 3405 1537 Qua:
3431 1474 3488 1525 in

1914 1561 2255 1616 matrimonio
2301 1571 2400 1626 est,
2425 1571 2577 1616 curat
2625 1578 2742 1631 quae
2788 1562 3115 1617 matrimonii
3169 1575 3313 1625 sunt,
3357 1580 3489 1632 quo-

1913 1651 2067 1704 modo
2103 1652 2370 1719 placitura
2414 1654 2478 1707 sit
2517 1656 2630 1707 viro
2658 1654 2728 1709 ”.
2786 1652 3082 1709 Videamus
3125 1654 3292 1726 igitur
3321 1670 3484 1725 quam

1915 1742 2139 1811 pulchre
2168 1743 2431 1814 Theologi
2460 1745 2751 1799 consilium
2795 1761 2920 1800 cum
2955 1747 3269 1815 apostolicis
3303 1746 3486 1801 verbis

227 1824 294 1870 ut
324 1816 464 1874 deus
495 1819 721 1877 electus
755 1824 849 1880 sis.
887 1825 1116 1889 Divinas
1156 1829 1303 1884 enim
1330 1830 1637 1900 baptismus
1666 1830 1809 1886 divi-
1836 1841 1883 1900 Β
1913 1842 2196 1889 consonet.
2251 1833 2405 1902 Qum,
2440 1837 2638 1904 inquit,
2676 1836 2779 1891 sub
2805 1836 2939 1905 jugo
2965 1837 3119 1900 estis,
3152 1838 3487 1891 matrimonii

228 1910 424 1967 nitatis
449 1922 532 1970 est
561 1916 816 1973 arrhabo.
853 1918 1010 1987 Quod
1055 1923 1099 1976 si
1123 1924 1381 1993 pauperis
1411 1924 1649 1995 inepiam
1683 1925 1815 1981 libe-
1912 1925 2045 1994 jngo
2076 1924 2385 1995 copulatae:
2420 1926 2864 1997 quandoquidem
2897 1935 3289 1997 prmneeupatze
3332 1929 3487 1992 estis,

232 2000 451 2057 ralitate
476 2010 571 2059 tua
598 2006 888 2064 sublevare
923 2024 1031 2064 non
1075 2011 1177 2075 vis,
1216 2022 1272 2068 at
1304 2013 1438 2068 illud
1471 2015 1664 2069 saltem
1697 2030 1727 2070 a
1761 2023 1815 2072 te
1917 2016 2019 2071 hoc
2063 2025 2169 2082 est,
2210 2027 2495 2088 praecepta:
2561 2028 2727 2089 atque
2779 2019 3099 2088 praestricta:
3156 2019 3486 2072 matrimonii

227 2093 575 2164 impetretur,
594 2114 662 2153 ne
684 2100 750 2154 ad
779 2103 1034 2172 pauperis
1057 2109 1468 2175 oppressionem
1493 2109 1810 2164 divitiarum

229 2185 440 2242 auxilio
470 2189 738 2246 abutaris.
771 2190 906 2246 Nam
941 2193 991 2246 id
1016 2209 1233 2266 quoque
1253 2212 1362 2253 non
1386 2201 1539 2269 parvi
1564 2199 1812 2255 benetleii

229 2277 355 2332 loco
408 2277 723 2336 ducendum
774 2293 880 2349 est,
937 2300 1062 2341 cum
1120 2288 1272 2343 avari
1330 2291 1399 2345 ab
1454 2291 1653 2360 injuria
1708 2292 1812 2348 sibi

229 2377 557 2439 temperant.
588 2370 944 2444 Peregrinum
991 2393 1062 2434 ne
1114 2389 1456 2450 contemnas,
1496 2399 1566 2439 ne
1617 2399 1814 2441 rursus

228 2460 488 2530 paradiso
510 2464 765 2519 exsulare
790 2468 1003 2537 cogaris
1032 2487 1048 2536 ;
1081 2485 1275 2526 verum
1331 2472 1513 2542 ipsum
1571 2475 1808 2546 suscipe,

228 2552 490 2620 quoniam
531 2554 649 2623 ipse
690 2558 855 2611 etiam
884 2557 1140 2618 Christus
1170 2573 1395 2634 propter
1431 2579 1556 2620 eum
1586 2581 1813 2637 peregre

228 2644 374 2714 apud
423 2662 525 2704 nos
571 2659 822 2707 versatus
870 2663 974 2710 est.
1018 2653 1231 2711 Etenim
1284 2656 1444 2728 quasi
1496 2658 1710 2715 alienus
1742 2660 1810 2717 ad

228 2737 448 2807 propria
481 2739 649 2805 venit,
678 2750 739 2796 ut
788 2746 1137 2815 peregrinum
1186 2756 1411 2803 ornaret
1464 2758 1632 2819 atque
1687 2749 1813 2805 illu-

229 2836 453 2887 straret.
504 2830 676 2901 Cujus
734 2836 953 2906 quidem
1012 2837 1219 2895 Christi
1265 2855 1460 2897 omnes
1508 2842 1731 2897 advenae
1757 2851 1814 2898 et

229 2921 476 2993 hospites
507 2941 719 2993 sumus,
792 2940 903 2982 tum
964 2930 1092 3000 quia
1139 2932 1274 2986 nihil
1325 2935 1608 3002 proprium
1642 2934 1810 2989 habe-

231 3026 387 3069 mus:
425 3016 596 3085 ipsius
622 3018 763 3073 enim
791 3032 919 3076 sunt
944 3023 1152 3086 omnia,
1175 3023 1333 3093 juxta
1365 3024 1496 3078 illud
1541 3024 1758 3082 Davidis
1789 3041 1806 3081 :

230 3104 442 3161 Domini
471 3120 550 3163 est
577 3119 719 3165 terra
749 3122 796 3166 et
831 3113 1103 3182 plenitudo
1131 3116 1247 3181 eius
1284 3118 1370 3183 ὀς
1405 3124 1521 3172 tum
1556 3119 1685 3188 quia
1722 3120 1809 3173 hic

1916 2109 2167 2169 vinculis,
2200 2108 2364 2164 facile
2398 2119 2454 2163 ut
2493 2107 2811 2164 nonnullam
2838 2124 3055 2180 quoque
3083 2109 3246 2164 vestri
3278 2117 3486 2179 partem

1918 2202 2026 2259 Deo
2067 2201 2229 2265 detis,
2280 2218 2380 2257 nec
2418 2203 2624 2258 mundo
2661 2217 2891 2272 prorsus
2934 2203 3338 2273 astringamini.
3377 2202 3486 2259 Vos

1914 2302 2092 2350 autem
2127 2296 2386 2368 virgines,
2411 2312 2533 2367 qua:
2562 2297 2728 2354 nullis
2749 2298 2982 2353 vinculis
3013 2299 3217 2353 mundo
3250 2299 3488 2354 astricta:

1915 2386 2066 2452 estis,
2100 2387 2195 2443 sed
2227 2401 2291 2442 ea
2328 2397 2562 2454 tantum,
2594 2403 2715 2459 qua:
2744 2389 2835 2443 Dei
2865 2398 3017 2453 sunt,
3041 2388 3265 2455 curatis,
3300 2390 3484 2443 omnia

1914 2480 1969 2534 in
1993 2480 2311 2535 universum
2342 2481 2490 2536 date.
2531 2479 2718 2552 Neque
2754 2483 2898 2535 enim
2947 2480 3050 2536 sub
3078 2480 3205 2558 inge
3240 2481 3394 2550 estis.
3429 2489 3489 2535 ut

1914 2589 2042 2644 pars
2074 2574 2248 2631 solum
2297 2575 2477 2646 aliqua
2521 2590 2550 2629 a
2598 2575 2755 2630 vobis
2785 2579 3109 2652 postulanda
3142 2582 3211 2635 sit
3249 2596 3263 2632 :
3298 2594 3484 2635 verum

1915 2665 2128 2730 solutae,
2160 2675 2324 2738 atque
2367 2683 2396 2721 a
2458 2665 2647 2721 mundi
2700 2673 2849 2727 euris
2890 2672 3092 2725 liberte.
3143 2671 3218 2723 Ac
3261 2668 3488 2737 proinde

1913 2757 2058 2829 quod
2094 2773 2220 2828 pars
2249 2758 2579 2830 coniugatis,
2629 2763 2731 2819 hoc
2777 2763 2931 2817 vobis
2964 2761 3268 2833 virginibus
3317 2767 3486 2814 totum

1911 2862 2017 2907 est.
2066 2852 2202 2908 Illud
2251 2862 2435 2910 autem
2483 2856 2590 2922 his,
2628 2870 2751 2926 quae
2795 2854 2936 2909 dicta
2994 2862 3145 2919 sunt,
3175 2852 3489 2907 necessario

1912 2946 2313 3015 adjungendum
2356 2958 2463 3014 est,
2498 2949 2643 3018 quod
2694 2948 2908 3003 etiamsi
2947 2945 3073 3016 quis
3120 2952 3382 3015 quantum
3422 2943 3487 2997 ad

1913 3051 2110 3107 corpus
2158 3038 2526 3107 virginitatem
2576 3039 2755 3095 colere
2801 3039 3068 3106 videatur,
3118 3038 3166 3095 si
3214 3044 3397 3091 tamen
3434 3036 3488 3089 iu

1912 3130 2095 3183 anima
2137 3144 2361 3199 parvam
2392 3130 2684 3200 quamdam
2731 3131 3194 3201 concupiscentiae
3249 3129 3486 3183 radicem

229 3198 440 3254 ﬁrmam
472 3215 537 3256 ³ο
569 3203 818 3257 ﬂabilem
852 3206 1033 3259 8⁸⁸16⁸11
1070 3222 1180 3261 non
1213 3209 1498 3273 habemus.
1533 3225 1717 3265 verum
1741 3211 1806 3266 ad
1836 3192 1879 3250 θ
1911 3221 2167 3290 excipiat,
2206 3222 2251 3275 is
2293 3222 2404 3290 jam
2457 3235 2557 3275 nec
2599 3221 2902 3275 libertatem
2970 3234 3071 3274 nec
3123 3219 3487 3288 virginitatem

227 3302 256 3345 ι
278 3305 521 3360 :pernam
552 3294 781 3362 patriam
816 3308 1199 3363 properamus.
1241 3296 1297 3351 ω
1331 3300 1474 3367 quod
1509 3315 1608 3356 nec
1649 3300 1812 3355 Davi-

228 3383 349 3435 dem
382 3381 538 3453 fugit,
587 3398 652 3437 ac
698 3384 922 3453 proinde
968 3385 1035 3439 ad
1087 3385 1254 3441 Deum
1305 3387 1522 3443 diccbat
1552 3408 1565 3443 :
1594 3390 1810 3445 Advena

224 3487 319 3543 ego
354 3490 470 3528 sum
510 3476 653 3543 apud
695 3486 742 3529 te
785 3486 835 3529 et
868 3480 1200 3547 peregrinus,
1236 3480 1373 3533 sicut
1412 3498 1589 3537 omnes
1629 3493 1808 3552 patres

230 3562 332 3615 mei
356 3563 425 3620 ".
470 3561 658 3633 Egeuti
700 3575 929 3631 tectum,
986 3578 1213 3631 vestem,
1261 3572 1444 3624 cibum
1498 3573 1808 3641 suppedita,

230 3650 332 3708 hoc
365 3661 468 3720 est,
515 3669 742 3724 parvum
795 3655 1178 3723 diversorium,
1212 3668 1267 3714 et
1314 3661 1725 3730 indumentum,
1755 3676 1812 3721 et

229 3759 446 3812 panem,
476 3754 531 3799 et
568 3760 654 3801 res
682 3748 1045 3812 necessarias,
1078 3751 1279 3819 quibus
1311 3752 1446 3822 ipse,
1481 3755 1619 3808 ultra
1641 3769 1806 3825 quam

229 3852 363 3890 usus
396 3838 655 3907 postulet,
686 3839 943 3894 deliciose
970 3840 1172 3896 adluis.
1196 3840 1382 3913 Neque
1407 3847 1552 3900 enim
1582 3847 1805 3903 domum

227 3930 546 3998 sittipliciter
575 3931 763 3996 habes,
798 3932 891 3986 sed
922 3933 1158 4002 amplam
1182 3945 1236 3990 et
1276 3939 1621 4006 magnitlcam
1656 3955 1670 4005 ;
1702 3955 1806 3997 nec

228 4022 602 4076 indumentum
643 4038 831 4087 unum,
865 4024 959 4079 sed
991 4026 1161 4079 multa
1204 4037 1257 4082 et
1294 4029 1446 4083 vario
1479 4044 1642 4100 opere
1668 4044 1805 4087 can-

227 4113 364 4168 lecta
396 4132 412 4181 ;
452 4130 553 4169 nec
575 4130 769 4183 panem
795 4115 862 4169 ad
886 4117 1134 4185 corporis
1166 4120 1551 4175 necessitatem
1583 4121 1807 4177 demcno

227 4221 368 4271 sum,
402 4206 496 4261 sed
538 4205 739 4260 horrea
796 4207 946 4261 omni
996 4207 1275 4265 fructuum
1331 4226 1532 4281 genere
1578 4211 1804 4271 referta.

232 4295 455 4351 Divitias
488 4311 554 4350 ne
583 4304 829 4366 expetas,
870 4297 971 4351 nisi
1008 4300 1302 4370 indigentis
1327 4302 1523 4373 inepize
1547 4303 1804 4359 solatium

229 4388 495 4443 allaturus
526 4388 621 4443 sis.
670 4387 905 4442 Remitte
936 4390 1178 4458 debenti,
1215 4393 1261 4449 si
1298 4393 1429 4464 quid
1470 4394 1652 4462 debet,
1689 4396 1806 4453 sive

1911 3312 2104 3366 retinet
2136 3328 2151 3365 :
2184 3312 2281 3367 sed
2324 3328 2388 3366 ex
2416 3312 2558 3381 turpi
2590 3327 2653 3365 ac
2682 3311 2823 3365 [teda
2864 3311 3135 3380 voluptate
3164 3326 3325 3381 quam
3361 3327 3483 3364 sur-

1912 3404 2103 3474 ripuit,
2135 3404 2186 3458 in
2222 3404 2542 3460 servitutem
2577 3404 2789 3466 incidit,
2823 3404 3151 3473 virginitatis
3181 3403 3483 3458 libertatem

1911 3497 2034 3567 luga
2066 3495 2351 3551 deserens.
2392 3495 2546 3562 Quod
2583 3509 2712 3550 cum
2766 3494 3107 3565 exploratum
3154 3495 3421 3559 habeatis,
3453 3510 3487 3547 o

1910 3588 2168 3659 virgines,
2209 3603 2278 3643 eo
2301 3587 2601 3643 studiosius
2633 3586 2789 3643 vobis
2823 3584 3259 3656 prospiciendum
3289 3595 3392 3651 est,
3421 3600 3488 3639 ne

1911 3679 2143 3749 turpiter
2165 3689 2221 3734 et
2251 3679 2469 3734 sordide
2503 3693 2567 3733 ac
2592 3677 2781 3733 furtim
2814 3679 3083 3747 impuram
3110 3686 3162 3733 et
3182 3676 3481 3731 adulteram

1909 3771 2238 3842 voluptatem
2275 3772 2523 3842 rapiatis,
2566 3786 2667 3826 nec
2702 3770 3001 3839 virgineam
3053 3769 3353 3823 libertatem
3399 3768 3479 3821 lu-

1908 3862 2090 3933 giatis,
2136 3865 2395 3919 nimirum
2433 3879 2557 3919 cum
2590 3864 2658 3918 iis
2685 3862 3013 3924 habitantes,
3047 3876 3186 3931 quos
3233 3862 3483 3914 συνεισάο

1907 3973 2092 4021 κτους,
2128 3955 2232 4013 hoc
2260 3967 2363 4020 est,
2406 3955 2803 4010 iutroductitios
2860 3955 3085 4019 dicunt;
3134 3954 3227 4023 qui
3266 3954 3482 4022 quidem

1911 4048 2015 4103 etsi
2051 4049 2384 4103 matrimonii
2410 4048 2526 4119 lege
2574 4063 2921 4118 nequaquam
2977 4046 3076 4101 viri
3129 4046 3289 4101 vestri
3339 4054 3483 4105 sunt,

1909 4152 2106 4194 natura
2166 4148 2347 4194 tamen
2415 4139 2517 4193 viri
2586 4147 2735 4194 sunt.
2794 4139 2966 4193 Porro
3018 4137 3478 4209 quemadmodum

1909 4229 2248 4300 periculosus
2274 4239 2363 4285 est
2390 4229 2531 4300 ignis
2560 4228 2774 4299 stipula:
2797 4229 3074 4291 admotus,
3097 4227 3284 4282 eodem
3321 4228 3480 4279 modo

1907 4332 2099 4388 parum
2129 4326 2307 4373 tntum
2338 4326 2423 4374 est
2468 4317 2773 4390 virginibus
2803 4334 2949 4373 cura:
2984 4324 3147 4387 atque
3178 4316 3334 4372 o'lieii
3373 4315 3470 4369 fra-

1910 4406 2049 4460 terni
2101 4414 2360 4475 praetextu
2411 4405 2814 4460 introductitios
2862 4406 3009 4459 viros
3044 4405 3244 4459 habere
3289 4411 3477 4458 contu-

230 4480 507 4552 pecuuias,
558 4481 674 4536 sive
716 4481 996 4551 injuriam,
1045 4482 1161 4538 sive
1208 4485 1446 4555 denique
1497 4488 1802 4558 simplicem
1840 4530 1880 4583 υ
1911 4493 2181 4549 bernales.
2233 4491 2367 4547 Nam
2416 4494 2630 4549 etiamsi
2671 4492 2907 4548 lortasse
2953 4493 3229 4562 pudicitiae
3266 4491 3477 4547 laudem

230 4575 522 4645 quamdam
576 4572 1071 4643 exposwlationem
1133 4590 1149 4628 :
1216 4575 1655 4646 quandoquidem
1707 4580 1803 4634 tibi

228 4682 441 4737 quoque
466 4664 721 4720 Christus
754 4674 974 4733 peccata
1006 4665 1273 4719 adversus
1301 4664 1475 4735 ipsum
1510 4670 1803 4725 commiSsa

230 4763 574 4818 condonavit.
625 4761 885 4819 Miserare
939 4761 1316 4817 misericordia
1358 4763 1581 4832 dignum
1618 4780 1632 4818 :
1665 4778 1802 4834 quo-

232 4854 372 4912 niam
405 4857 500 4911 tibi
524 4873 748 4928 quoquo
779 4856 1211 4915 misericordiam
1240 4854 1505 4926 impertiit
1526 4854 1800 4911 Christus.

233 4946 581 5003 llumauitate
628 4964 754 5021 erga
801 4948 1111 5020 indigentes
1156 4948 1250 5003 Dei
1279 4946 1667 5019 benignitatem
1699 4947 1803 5002 hu-

135 5045 154 5070 ‘
234 5042 657 5111 manitatemque
691 5043 784 5097 tibi
830 5042 1060 5098 concilia
1094 5042 1309 5113 (justus
1335 5045 1479 5095 enim
1513 5041 1601 5095 ille
1633 5041 1797 5112 judex

235 5132 660 5191 misericordiam
690 5147 848 5189 suam
880 5142 1065 5189 nostra
1095 5132 1470 5189 misericordia
1500 5133 1797 5203 expendit)

231 5228 467 5298 quandiu
517 5228 641 5282 vita:
699 5235 912 5299 tempus
976 5227 1238 5298 suppetit.
1313 5227 1418 5281 Per
1468 5226 1797 5281 laudabilem

234 5319 653 5390 praeclaramque
700 5316 1137 5373 immutationem
1206 5323 1363 5379 tuam
1417 5315 1583 5369 vitam
1642 5315 1797 5369 vitm-

236 5426 336 5482 que
387 5411 650 5466 rationem
711 5411 931 5475 innova,
989 5410 1092 5465 hoc
1152 5417 1257 5470 est,
1290 5407 1405 5462 sive
1462 5407 1796 5472 caelibatum,

236 5504 346 5558 tivc
378 5502 809 5565 matrimonium,
844 5502 959 5557 sive
988 5500 1136 5555 aliud
1164 5499 1433 5570 quoddam
1469 5498 1592 5554 vitae
1624 5510 1798 5567 genus

1913 4580 2165 4645 habeant,
2223 4581 2338 4634 tieri
2396 4589 2574 4634 tamen
2635 4593 2744 4633 non
2792 4586 2968 4645 potest
3002 4579 3157 4648 quin,
3210 4593 3333 4632 cum
3385 4594 3482 4634 eos

1909 4674 2210 4737 intuentur,
2250 4671 2542 4741 voluptatis
2565 4671 2893 4741 cogitatione
2920 4679 3229 4738 tangantur,
3261 4683 3324 4723 ac
3356 4684 3477 4739 pcr-

1909 4764 2085 4833 petuis
2126 4763 2329 4817 amoris
2371 4761 2739 4816 incitamentis
2787 4759 3115 4820 crucientur,
3146 4758 3483 4825 ﬂammaeque

1908 4855 2303 4911 suscitabulum
2351 4861 2516 4925 atque
2568 4851 2860 4922 igniculum
2914 4851 3166 4905 habeant.
3210 4849 3319 4919 Ego
3351 4863 3479 4902 vero

1914 4957 2019 4997 non
2048 4942 2362 5011 bujusmodi
2399 4949 2610 4995 tantum
2642 4937 2985 4994 contubernii
3017 4934 3476 4991 necessitudinem

1908 5035 2249 5091 interdictam
2279 5034 2423 5097 volo,
2452 5033 2545 5088 sed
2567 5047 2689 5086 eam
2721 5044 2937 5100 quoque
2964 5043 3222 5084 exsecror
3249 5040 3476 5081 consue-

1906 5127 2171 5191 tudinem,
2203 5139 2324 5194 qua:
2358 5122 2753 5193 prospiciendis
2783 5130 2932 5175 trans
2978 5119 3250 5173 fenestras
3283 5125 3477 5186 priete-

1906 5218 2188 5273 reuntibus
2233 5231 2331 5286 per
2380 5214 2615 5269 medium
2655 5227 2835 5268 aerem
2891 5209 3259 5265 contrahitur.
3319 5208 3475 5277 Saepe

1902 5308 2045 5364 enim
2095 5308 2313 5372 accidit,
2348 5315 2409 5361 ut
2441 5321 2537 5377 per
2565 5304 2935 5374 importunum
2972 5310 3249 5371 aspectum
3296 5299 3477 5354 aculei

1904 5399 2097 5455 mortis
2130 5399 2184 5453 in
2216 5406 2407 5467 pectus
2436 5395 2697 5464 irrepant.
2721 5392 2979 5453 Nonnulli
3002 5399 3185 5447 autem
3217 5391 3477 5461 ignoran-

1902 5502 2004 5558 tes,
2020 5505 2077 5546 ut.
2099 5491 2332 5557 videtur,
2350 5489 2572 5560 quinam
2595 5488 2701 5543 sint
2727 5486 2884 5557 ii,qui
2909 5484 3264 5542 introductitii
3289 5483 3482 5539 dicun-

300 5734 346 5769 ’⁸
375 5733 521 5790 Psal.
555 5747 707 5801 xxut,
738 5735 786 5788 ί.
862 5732 905 5765 ’⁸
944 5731 1089 5788 Psal.
1119 5745 1350 5799 xxxvm,
1387 5730 1472 5784 l5.
1511 5731 1558 5763 ”
1584 5729 1602 5785 Ι
1630 5727 1738 5785 Cor
1790 5739 1885 5792 vu,
1916 5722 2008 5779 27.
2084 5725 2131 5758 ’³
2162 5723 2296 5779 ibid.
2322 5722 2410 5779 24.
