4050 6198
645 301 780 366 1427
831 302 843 310 ’

2050 299 2431 358 ADDENDL

3668 293 3758 358 “‘28

645 428 755 481 tur,
778 426 1050 485 eos,quns
1073 416 1161 469 bi‘e
1184 429 1290 468 non
1315 414 1458 468 viros
1476 414 1715 483 quidem.
1744 413 1834 467 sed
1866 413 2009 468 viros
2031 422 2210 466 tamen
2243 430 2286 480 Α
2320 417 2501 468 «inunia
2553 415 2819 483 experiris
2843 454 2859 477 ,
2890 429 2952 466 ae
3006 417 3275 480 propterea
3312 408 3475 462 animo
3502 423 3552 463 cs
3577 408 3698 462 hilari
3725 422 3760 465 et

646 509 881 578 appellat
923 507 1257 578 Gregorius,
1297 508 1584 562 eunuchos
1630 522 1750 561 esse
1792 505 2215 574 haudquaquam

647 613 795 655 recte
825 600 1275 668 interpretantur,
1306 599 1570 667 aiuntque
1609 597 1810 652 multas
1851 596 2130 658 mulieres.
2162 605 2221 648 ut

651 690 978 761 virginitatis
1010 690 1320 760 opinionem
1353 690 1495 760 apud
1519 689 1713 759 vulgus
1740 688 2018 757 colligant,
2046 701 2221 741 eunu-

650 784 769 838 chis
799 799 1000 852 corpus
1032 798 1194 839 suum
1226 783 1576 839 substernere
1607 782 1806 845 solere,
1835 781 1991 850 quod.
2014 780 2222 835 semine

648 885 915 928 careant:
945 874 1038 941 qui
1078 874 1296 944 quidem
1333 888 1434 928 nec
1470 872 1571 926 viri
1611 871 1827 926 dicendi
1869 871 2002 934 sint,
2036 877 2222 938 utpote

653 966 1008 1036 progignendi
1040 966 1145 1019 vim
1176 980 1285 1020 non
1315 966 1611 1029 habentes,
1637 972 1692 1016 et
1724 972 1903 1016 tamen
1935 962 2034 1014 viri
2071 959 2182 1014 sint
2205 999 2220 1021 ,

650 1057 909 1126 quoniam
944 1072 1067 1111 cum
1102 1056 1424 1111 mulieribus
1452 1054 1629 1123 stupri
1655 1052 2050 1109 commercium
2085 1050 2224 1104 inire

652 1159 897 1217 possunt.

722 1240 841 1296 Col.
865 1242 970 1297 615
986 1241 1046 1299 Β.
1073 1241 1342 1307 Proceres,
1357 1226 1700 1311 potentiorem
1721 1241 1923 1308 timete,
1941 1247 2046 1295 etc.
2065 1237 2225 1293 Prin-

654 1333 806 1403 cipes
836 1348 900 1387 ac
949 1333 1232 1402 praefectos
1266 1333 1527 1403 congruis
1576 1330 1911 1400 utilibusque
1944 1328 2227 1400 praeceptis

656 1423 876 1479 instruit
922 1423 1252 1496 Theologus.
1286 1423 1568 1493 Principes
1591 1464 1607 1488 ,
1642 1423 1852 1493 inquit,
1897 1421 2066 1477 Deum
2087 1461 2103 1484 ,
2135 1421 2227 1490 qui

656 1529 756 1569 Vos
778 1516 1017 1584 potentia
1053 1525 1318 1585 superat,
1362 1515 1567 1577 timete,
1600 1529 1700 1569 nec
1749 1521 2018 1583 potestate
2049 1520 2228 1567 vestra

659 1605 729 1659 ad
755 1606 1035 1660 avaritiam
1060 1606 1367 1662 abutimini.
1394 1605 1460 1660 Et.
1477 1609 1570 1676 qul
1596 1606 1650 1660 in
1673 1605 2000 1660 sublimibus
2020 1603 2231 1658 thronis

661 1696 816 1751 vobis
848 1697 1092 1767 placetis,
1127 1708 1178 1753 et
1209 1697 1559 1768 supercilium
1594 1697 1861 1759 attollitis,
1883 1695 2227 1750 Altissimum

660 1788 1020 1854 extimescite,
1056 1803 1156 1843 nec
1192 1788 1455 1844 adversus
1488 1787 1776 1843 inferiores
1803 1786 2037 1855 superbe
2066 1794 2231 1855 atque
2266 1763 2302 1818 ³

664 1888 984 1949 arroganter
1008 1878 1343 1949 efferamini,
1372 1895 1472 1935 nec
1502 1879 1707 1950 iniquis
1732 1877 1960 1949 judiciis
1983 1877 2232 1933 subditos

665 1980 876 2026 vestros
906 1972 1249 2040 opprimatis.

738 2061 821 2117 Ne
849 2065 976 2134 quid
1015 2065 1293 2120 admireris
1317 2107 1333 2131 ,
1372 2074 1475 2120 etc.
1510 2064 1801 2135 Postquam
1831 2065 2147 2135 separatim,
2180 2071 2235 2118 et

665 2155 1019 2224 conjugatis,
1074 2165 1129 2210 et
1180 2156 1505 2226 virginitatis
1537 2157 1878 2223 cultoribus,
1937 2168 1993 2212 et
2045 2170 2235 2211 rursus

666 2246 1006 2315 principibus
1036 2262 1100 2302 ac
1131 2247 1398 2316 praefectis
1430 2257 1696 2319 praecepta
1731 2249 1910 2315 dedit,
1942 2257 2237 2318 aptumque

667 2335 866 2405 cuique
889 2335 1067 2391 ordini
1098 2339 1387 2392 consilium
1412 2339 1673 2409 porrexit,
1697 2354 1845 2393 nunc
1874 2338 2238 2394 communiter

671 2426 985 2483 universum
1019 2428 1234 2497 piorum
1268 2439 1468 2486 emtum
1502 2431 1820 2501 alloquitur,
1855 2431 1940 2487 his
1965 2431 2145 2487 verbis
2170 2430 2239 2485 ad

673 2534 1113 2590 unumquemque
1146 2520 1440 2577 utenszNe
1497 2522 1806 2588 admireris,
1839 2537 1872 2576 o
1905 2524 2088 2589 homo,
2119 2538 2240 2593 qua:

670 2609 1088 2664 admirationem
1118 2611 1201 2665 sui
1233 2611 1472 2667 excitare
1501 2626 1610 2666 non
1646 2612 1864 2677 debent,
1887 2613 2069 2683 qualia
2092 2622 2240 2678 sunt,

672 2713 794 2767 qua:
820 2715 926 2754 non
960 2710 1275 2757 constanter
1301 2710 1543 2769 manent,
1571 2703 1663 2772 sed
1693 2719 1793 2759 nos
1821 2705 2114 2773 deserunt;
2143 2719 2242 2760 nec

675 2805 895 2843 rursum
932 2793 1291 2848 admiratione
1315 2795 1478 2863 digna
1503 2795 1853 2864 contemptim
1882 2798 2241 2860 transmittas,

675 2881 983 2945 cujusmodi
1008 2895 1134 2938 sunt
1161 2900 1249 2939 res
1271 2893 1431 2940 certae
1455 2894 1509 2940 et
1534 2887 1797 2941 stabiles:
1823 2903 1996 2956 neque
2021 2902 2085 2942 ea
2123 2904 2245 2956 qua:

678 2986 803 3024 cum
860 2981 1151 3038 tenentur,
1186 2974 1459 3041 perfluunt
1485 3015 1501 3042 ,
1541 2977 1925 3046 constringas,
1978 2979 2134 3047 quasi
2180 2993 2243 3034 ea

680 3072 1013 3122 retenturus.
1048 3066 1509 3133 Quemadmodum
1557 3070 1700 3125 enim
1742 3071 1857 3126 fieri
1890 3087 1998 3128 non
2046 3082 2242 3142 potest,

676 3162 739 3206 ut
788 3155 883 3222 qui
931 3168 1129 3224 aquam
1167 3172 1332 3211 manu
1379 3159 1622 3228 ceperit,
1667 3175 1786 3214 eam
1822 3163 2246 3231 constringendo

681 3247 911 3301 retineat
933 3249 1050 3319 (per
1079 3249 1289 3304 medios
1317 3250 1463 3304 enim
1494 3251 1694 3322 digitos
1722 3254 2015 3322 elabetur),
2054 3255 2244 3309 eodem

682 3336 844 3389 modo
880 3336 1032 3391 fluxa:
1064 3340 1283 3407 divitiae,
1321 3341 1368 3395 si
1399 3343 1620 3396 retineri
1654 3350 1827 3399 tentes
1849 3384 1865 3406 ,
1895 3344 2134 3399 effluent.
2170 3345 2249 3400 Ac

684 3439 968 3498 propterea
1007 3428 1170 3483 David
1205 3432 1420 3486 dicebat
1453 3449 1469 3485 :
1506 3433 1716 3489 Diritiw
1759 3436 1806 3488 si
1833 3435 2041 3504 ﬂuant,
2085 3436 2247 3488 nolite

681 3537 772 3575 cor
822 3538 1082 3590 apponere
1104 3524 1171 3576 9‘.
1224 3524 1450 3579 Ardenti
1509 3526 1689 3580 studio
1741 3543 1803 3581 ea
1861 3544 1981 3596 qua:
2032 3526 2251 3581 invidie

684 3613 917 3665 obnoxia
967 3623 1127 3675 sunt,
1162 3614 1211 3666 id
1262 3626 1366 3676 est,
1401 3617 1658 3683 praeclara
1702 3626 1755 3670 et
1785 3617 2077 3671 laudabilia
2122 3632 2253 3672 eon—

685 3712 912 3757 sectare.
962 3704 1092 3769 Quae
1120 3716 1298 3759 autem
1345 3722 1450 3761 non
1482 3708 1776 3762 invidiosos
1797 3749 1811 3774 ,
1844 3710 1936 3763 sed
1970 3710 2171 3765 invisos
2199 3719 2251 3765 et

685 3808 883 3848 exesos
912 3795 1159 3848 homines
1194 3796 1464 3859 reddunt,
1497 3798 1603 3852 hoc
1642 3808 1746 3862 est,
1785 3800 1934 3867 vitia,
1962 3814 2029 3853 ne
2058 3800 2253 3869 cupide

684 3896 931 3955 expetas.
958 3884 1038 3942 Ne
1064 3888 1228 3944 altius
1256 3889 1548 3956 attollaris,
1568 3906 1636 3946 ne
1656 3891 1976 3961 profundius
2001 3906 2251 3948 corruas.

688 3976 758 4033 Ut
784 3980 952 4044 enim,
994 3981 1149 4049 juxta
1179 3995 1400 4035 sensum
1427 3991 1480 4036 et
1512 3993 1813 4058 aspectum,
1843 3983 1934 4053 qui
1976 3986 2193 4054 paulum
2223 4000 2253 4038 a

687 4081 827 4125 terra
853 4072 1038 4140 distat,
1067 4088 1135 4128 ne
1166 4074 1208 4128 si
1239 4075 1437 4143 saepius
1461 4076 1681 4146 quidem
1714 4076 1987 4144 ceciderit,
2019 4077 2259 4131 disrum-

684 4166 856 4235 pitur,
908 4168 1002 4237 qui
1042 4177 1225 4222 autem
1260 4183 1584 4239 magnOpere
1614 4169 1790 4225 elatus
1840 4178 1960 4236 est,
1996 4180 2160 4240 atque
2199 4170 2252 4224 in

687 4272 958 4312 summam
991 4258 1328 4314 altitudinem
1360 4260 1652 4315 subvectus
1673 4302 1688 4327 ,
1721 4261 1768 4316 si
1810 4261 1933 4315 inde
1969 4261 2256 4332 prolapsus

691 4346 892 4412 fuerit,
944 4347 1088 4403 baud
1133 4349 1296 4404 dubie
1324 4351 1701 4420 opprimetur:
1751 4352 1831 4406 sic
1861 4353 2062 4417 etiam,
2101 4352 2254 4422 juxta

2320 506 2654 575 tranquillo?
2696 504 3005 559 Maestitiam
3035 503 3196 557 etiam
3229 509 3477 569 exspecta,
3500 515 3555 553 ex
3589 501 3763 556 adversi-

2323 607 2433 651 tate
2473 607 2805 652 nascentem.
2841 595 3085 660 Quatuor
3129 603 3251 648 sunt
3277 593 3392 646 anni
3431 602 3762 659 tempora,ver.

2322 698 2502 752 aestas,
2546 698 2862 750 autumnus,
2894 686 3066 740 hiems
3097 704 3111 739 :
3148 700 3253 738 ttno
3283 693 3448 738 autem
3475 685 3688 751 temporis
3708 700 3768 736 ai-

2324 777 2512 842 ticulo,
2565 776 2749 831 multae
2800 791 2980 830 rerum
3032 773 3348 828 mutationes
3374 775 3610 825 oriuntur.
3647 772 3768 839 Atque

2327 871 2428 925 huc
2462 873 2586 924 loco
2609 868 2738 924 illud
2764 866 3144 921 Demosthenis
3166 881 3259 936 per
3280 864 3595 934 paraphrasin
3616 880 3770 933 expres-

2324 962 2395 1014 sit
2430 978 2445 1014 :
2496 960 2758 1015 Futurum
2788 958 3044 1014 omnibus
3091 954 3396 1010 mortalibus
3434 954 3679 1007 obscurum
3700 962 3771 1014 est,

2325 1069 2389 1109 ac
2419 1068 2580 1123 parva
2627 1064 2868 1122 tempora
2921 1064 3238 1120 magnarum
3292 1062 3458 1100 rerum
3487 1060 3638 1100 causa:
3673 1055 3772 1098 sum.

2326 1146 2590 1213 Quocirca
2621 1145 2674 1198 in
2707 1143 2984 1214 prosperis
3022 1141 3183 1195 rebus
3225 1139 3489 1193 moderato
3523 1136 3671 1189 animo
3696 1149 3774 1189 esst

2327 1241 2608 1304 debemus,
2656 1252 2721 1293 ac
2773 1236 2955 1291 futura
2994 1231 3320 1303 prospicere.
3367 1227 3589 1298 Ejusdem
3627 1226 3778 1295 generis

2327 1342 2412 1387 est
2440 1330 2571 1385 illud
2607 1328 2794 1385 Siracb
2848 1325 3082 1382 dicentis
3115 1342 3129 1378 :
3164 1326 3207 1378 Α
3238 1336 3382 1376 mane
3416 1334 3559 1389 usque
3582 1317 3638 1372 ad
3662 1332 3778 1384 mpr-

2329 1439 2447 1478 ram
2485 1428 2843 1476 commutatur
2899 1416 3195 1487 tempus".
3245 1414 3369 1480 Quae
3427 1426 3536 1466 cum
3580 1408 3780 1478 explorata

2333 1518 2555 1580 habeas,
2592 1514 2642 1568 id
2672 1513 2768 1568 tibi
2795 1510 2985 1567 sedulo
3008 1507 3309 1563 curandum
3337 1513 3430 1567 est.
3456 1512 3508 1558 ut
3529 1502 3565 1555 si
3586 1500 3780 1568 voluptate

2331 1608 2607 1675 animique
2639 1603 2922 1657 alacritate
2952 1610 3008 1656 et
3042 1598 3225 1654 laetitia
3259 1595 3471 1656 frueris.
3496 1607 3598 1648 eam
3624 1604 3722 1645 cura
3746 1597 3781 1642 et

2331 1694 2663 1767 cogitatione
2694 1691 2931 1745 sinistra:
2956 1686 3271 1744 mutationis
3302 1695 3600 1750 compescas.
3627 1677 3779 1731 Sintu-

2333 1797 2439 1843 tem
2478 1799 2679 1854 angore
2711 1793 2766 1837 et
2798 1780 3048 1835 molestia
3095 1776 3326 1833 afficeris
3348 1815 3363 1840 ,
3394 1787 3499 1829 eam
3540 1784 3688 1825 rursus
3717 1780 3780 1835 spe

2334 1877 2545 1934 meliori
2589 1874 2963 1945 comprimas,
3019 1869 3152 1925 illud
3202 1876 3375 1923 tecum
3429 1871 3675 1933 reputans,
3711 1874 3779 1911 non

2332 1971 2525 2027 eodem
2570 1983 2785 2037 semper
2836 1973 2978 2020 statu
3029 1979 3121 2018 res
3155 1972 3275 2018 tuas
3317 1959 3456 2023 fore,
3485 1954 3566 2010 sed
3603 1952 3782 2023 gaudium

2336 2063 2558 2120 mterori
2604 2072 3014 2116 successurum.
3054 2054 3167 2110 liae
3218 2052 3415 2107 ratione
3442 2047 3583 2101 homo
3610 2038 3780 2096 innovari

2336 2166 2534 2228 potest.
2585 2155 2684 2209 Hic
2713 2149 3098 2206 Encaaniorum
3132 2161 3292 2201 verus
3323 2151 3400 2197 est
3438 2141 3602 2201 honor,
3625 2133 3693 2203 qui
3713 2144 3781 2230 non

2340 2251 2393 2303 in
2424 2246 2802 2317 corporalibus
2830 2238 3161 2298 deliciis.sed
3197 2238 3251 2290 in
3281 2230 3634 2304 spiritualibus,
3656 2236 3783 2277 nonin

2339 2339 2687 2398 sensibilibus
2711 2337 2870 2394 cibis.
2900 2333 2995 2389 sed
3020 2332 3077 2387 in
3106 2326 3492 2385 intellectilibus
3519 2317 3741 2391 peragitur.

2409 2432 2547 2489 Ibid.
2579 2430 2643 2485 C.
2678 2428 2800 2484 Non
2831 2425 3110 2496 apparebis
3136 2463 3153 2488 ,
3188 2430 3291 2476 etc.
3335 2418 3391 2473 In
3416 2412 3575 2469 Exodo
3594 2419 3637 2464 et

2344 2525 2593 2582 ronomio
2637 2539 2731 2593 per
2784 2521 2984 2575 Mosem
3036 2495 3120 2570 ait
3168 2514 3345 2568 Deus:
3374 2507 3485 2563 Non
3520 2495 3784 2593 apparebisiu

2344 2591 2784 2684 conspectuﬁmeo
2816 2625 3011 2665 vacuus
3028 2609 3125 2673 ⁸⁵⁸,
3162 2608 3218 2661 in
3270 2603 3407 2658 nulla
3435 2597 3643 2655 videlicet
3664 2591 3785 2684 trium

2343 2680 2605 2764 festorum
2652 2701 2989 2767 celebritate,
3026 2699 3136 2754 hoc
3186 2704 3302 2761 est,
3330 2694 3630 2763 Azymorum,
3664 2680 3784 2734 Pente-

2344 2809 2546 2863 costes,
2569 2806 2623 2851 et
2646 2792 3032 2864 ScenOpegim;
3065 2805 3255 2845 verum
3282 2777 3665 2856 praestantissima
3690 2782 3785 2837 qu:-

2345 2906 2453 2960 que
2481 2902 2658 2945 tecum
2687 2886 2903 2942 afferes.
2934 2884 3013 2938 Ac
3047 2898 3200 2939 nunc
3246 2892 3411 2934 novus
3436 2882 3613 2943 appare,
3636 2878 3715 2918 nou
3735 2871 3789 2957 se:

2346 2985 2581 3040 cundum
2627 2982 2766 3036 banc
2799 2979 3134 3047 scripturam
3164 2973 3260 3027 τοῦ
3295 2968 3461 3033 κενοῦ,
3486 2964 3527 3018 id
3565 2963 3791 3047 esum”

2273 3110 2315 3167 ο
2348 3093 2412 3132 ac
2440 3074 2575 3130 nihil
2604 3071 2878 3133 habentis;
2905 3069 3000 3125 sed
3027 3067 3190 3136 juxta
3214 3065 3430 3120 alteram
3454 3046 3789 3167 signiﬁcations:

2348 3168 2443 3220 τοῦ
2467 3164 2684 3229 καινοῦ,
2714 3163 2766 3217 id
2795 3169 2900 3226 est,
2931 3158 3084 3225 novi,
3114 3172 3178 3212 ac
3202 3171 3298 3227 per
3330 3147 3521 3206 virtutis
3538 3143 3789 3234 progressus:

2347 3269 2403 3313 et
2432 3257 2832 3312 incrementum
2869 3249 3117 3306 innovati
3147 3246 3457 3318 penitusque
3489 3224 3717 3318 immutati.
3740 3215 3788 3317 γει

2350 3364 2381 3401 a
2414 3347 2547 3401 vitio
2582 3346 2649 3399 ad
2678 3344 2954 3405 virtutem,
3004 3338 3095 3391 vel
3135 3317 3167 3391 a
3199 3332 3387 3390 minori
3420 3329 3586 3382 virtute
3611 3317 3661 3370 ad
3679 3320 3788 3408 ωειιξ·

2352 3454 2487 3493 rem.
2559 3436 2746 3490 Vetera
2781 3432 3131 3494 transierunt,
3161 3428 3236 3483 ait
3263 3419 3549 3497 Apostolus,
3574 3423 3662 3465 ecce
3679 3410 3789 3456 omni“

2353 3548 2483 3585 nova
2514 3530 2660 3599 facta
2686 3526 2890 3580 sunt".
2921 3521 3117 3576 Vetera
3173 3526 3351 3574 autem
3386 3504 3701 3602 intelligimus,
3724 3500 3788 3602 αἶα

2353 3595 2529 3679 solum
2578 3618 2772 3688 legalia
2818 3624 2872 3670 et
2918 3613 3244 3668 adumbrata
3267 3648 3283 3673 ,
3312 3619 3426 3676 qua:
3454 3600 3512 3655 ad
3544 3595 3789 3688 veritatts'tlzl'.

2353 3726 2599 3785 gressum
2633 3707 3031 3779 praeterierunt,
3063 3703 3163 3758 sed
3197 3715 3260 3755 ea
3282 3698 3455 3757 etiam.
3479 3700 3583 3785 ll“?
3605 3693 3695 3785 cf"?

2353 3770 2484 3859 sunt
2515 3770 2828 3872 conj-uncta.
2862 3796 2996 3852 Nam
3030 3810 3161 3850 cum
3195 3786 3481 3861 spiritualis
3507 3781 3599 3833 vita
3622 3770 3791 3872 tulsofff

2354 3912 2512 3954 suum
2539 3862 2765 3949 exerere
2791 3888 3035 3957 coeperit,
3065 3885 3274 3941 carnali
3298 3882 3401 3952 jam
3428 3876 3536 3930 vita:
3562 3864 3674 3922 nulla

2355 3943 2534 4041 datur.
2573 3982 2688 4037 Hoc
2717 3943 2895 4051 igitur.
2915 3990 2969 4032 tu
3012 3992 3231 4047 quoque
3259 3973 3402 4027 velut
3432 3959 3683 4051 domnan
3882 4004 3883 4051 ἢ

2359 4079 2556 4132 tionem
2592 4043 2968 4128 Encaavniorum
2999 4043 3319 4128 festo-adcr,
3357 4070 3414 4115 ut
3452 4043 3792 4142 laudabiliterlll:

2356 4169 2606 4225 muteris.
2651 4167 2730 4220 Ac
2775 4165 2821 4220 si
2870 4160 2925 4217 id
2984 4169 3273 4215 assecutus
3308 4152 3504 4212 fueris.
3532 4156 3617 4198 nec
3641 4135 3792 4239 3'.“me

2360 4265 2597 4327 attollas,
2625 4274 2815 4315 verum
2843 4257 2931 4311 die
2956 4270 3080 4309 cum
3114 4252 3314 4307 Davide
3340 4266 3353 4302 :
3382 4243 3500 4299 Haec
3528 4227 3794 4327 mutatio,

2359 4372 2456 4427 ego
2489 4317 2809 4409 immutatus
2837 4362 2982 4410 sum,
3005 4345 3239 4398 dextera:
3263 4336 3466 4394 Excelsi
3484 4331 3666 4427 "ulmi

689 4405 1024 4508 spiritualem
1054 4455 1298 4507 sensum,
1325 4405 1434 4512 qh?)
1458 4441 1581 4512 quis
1604 4405 1767 4497 altius
1790 4405 2028 4513 seipsum
2049 4405 2148 4514 per
2169 4405 2256 4498 ar.
2290 4453 2331 4506 ο
2362 4405 2819 4501 gemui-ndustria
2849 4437 2934 4491 vel
2966 4405 3266 4506 potentiae.
3315 4428 3442 4483 Nam
3486 4416 3609 4514 qu?“
3647 4405 3797 4514 “ait?

689 4532 995 4601 rogantiam
1035 4535 1308 4600 extulerit,
1344 4550 1410 4589 eo
1449 4535 1619 4605 magis
1643 4535 1965 4605 deprimitur
1988 4545 2042 4591 et
2067 4536 2252 4590 cadit:

688 4640 754 4679 ac
800 4626 1074 4696 prolapsio
1124 4627 1212 4680 illa
1261 4626 1533 4680 altitudini
1586 4627 1852 4695 superbia:
1904 4627 2256 4698 proportione

691 4717 1001 4785 respondet.
1054 4716 1131 4772 Ne
1183 4718 1330 4771 inani
1374 4719 1546 4789 gloria
1580 4717 1854 4781 aflieiaris,
1885 4731 1951 4771 ac
1997 4731 2253 4786 magnum

692 4806 953 4876 quiddam
993 4817 1044 4862 te
1073 4807 1333 4877 consequi
1379 4808 1679 4873 existimes,
1706 4807 1754 4862 si
1786 4806 1959 4861 malos
1984 4821 2208 4874 superes
2238 4823 2253 4859 :

691 4915 883 4954 verum
929 4914 1113 4954 animo
1162 4899 1498 4956 discrueiare
1522 4942 1536 4966 ,
1570 4898 1714 4967 quod
1754 4914 1782 4951 a
1816 4898 1974 4953 bonis
2003 4897 2259 4952 vinceris.

696 4991 908 5061 Lapsus
926 5001 1010 5047 est
1034 5007 1098 5046 ac
1123 4992 1366 5060 peccavit
1392 4992 1573 5055 frater,
1601 5006 1669 5046 ne
1692 4991 1768 5045 illi
1792 4989 2038 5050 insultes,
2070 5002 2258 5041 verum

696 5083 923 5152 provide
962 5099 1030 5138 ne
1074 5083 1187 5152 ipse
1229 5098 1449 5153 quoque
1497 5083 1709 5138 cadas:
1743 5091 1904 5151 atque
1951 5079 2051 5148 ipsi
2095 5080 2259 5133 etiam

696 5174 897 5240 iacenti
936 5175 1195 5228 auxilium
1226 5174 1380 5237 affer,
1437 5183 1497 5228 ut
1546 5188 1613 5227 ex
1669 5172 1764 5227 illo
1819 5187 1945 5227 casu
1990 5177 2259 5237 resurgat.

697 5264 890 5319 Gravis
911 5266 1130 5334 quidam
1155 5266 1321 5320 animi
1349 5279 1552 5320 mceror
1576 5263 1645 5318 ob
1666 5262 1933 5318 infelicem
1957 5260 2263 5331 cujuspiam

699 5354 778 5407 rei
812 5369 1131 5410 successum
1174 5358 1420 5411 animum
1462 5365 1614 5410 tuum
1647 5353 1895 5411 obsedit?
1945 5352 2023 5407 Ne
2068 5368 2266 5407 secun-

697 5445 868 5502 dioris
887 5446 1119 5502 fortunae
1138 5463 1286 5518 spem
1301 5459 1356 5504 et
1372 5449 1723 5520 cupiditatem
1746 5446 1994 5517 abjicias.
2014 5443 2263 5500 Secunda

769 5626 817 5657 ”
852 5624 990 5681 Psal.
1034 5645 1143 5684 ικι.
1200 5625 1251 5678 4.
1331 5629 1375 5660 θ’
1407 5625 1571 5680 Eccli.
1605 5640 1760 5692 XVIII,
1792 5626 1881 5679 αλδ.
1955 5626 2023 5656 ’δ’
2050 5621 2218 5677 Exod.

2355 5635 2406 5685 ll,
2456 5619 2552 5683 l5;
2592 5616 2745 5672 Deut.
2784 5612 2997 5677 xvr,l6.

702 5712 880 5762 vavn,
918 5698 1003 5749 11.
1080 5700 1124 5731 ³⁷
1164 5697 1310 5751 lian.
1346 5713 1436 5759 xv,
1485 5698 1537 5751 5.
2104 5722 2106 5724 τ

2365 4533 2707 4591 referendum
2732 4530 2822 4593 sit,
2850 4490 3114 4597 quidqttid
3149 4522 3395 4578 homines
3427 4509 3655 4597 praeclare
3667 4490 3797 4597 geruli?

2367 4575 2707 4591 ..,...............
2732 4575 2822 4593 νη,
2852 4575 3114 4597 ..τ-τη-
3429 4575 3443 4584 .
3775 4575 3786 4599 τ

2365 4627 2481 4697 ipse
2499 4623 2848 4695 pronuntiat:
2872 4618 3013 4685 Quia
3032 4618 3144 4671 sine
3167 4630 3246 4670 me
3280 4608 3410 4666 nihil
3426 4599 3616 4697 potest“

2366 4676 2653 4772 Eininivero
2701 4728 2825 4768 cum
2856 4709 3046 4765 audis:
3082 4705 3268 4761 Novus
3300 4700 3505 4757 efficere
3528 4734 3542 4756 ,
3567 4689 3650 4742 hoc
3670 4676 3799 4772 tibi

2365 4804 2735 4877 telligendum‘
2754 4812 2838 4856 est
2860 4838 2876 4863 ,
2909 4797 2994 4853 his
3025 4795 3208 4849 verbis
3235 4791 3331 4846 abs
3358 4796 3406 4841 te

2366 4853 2558 4956 eodem
2588 4869 2765 4951 rerum
2808 4899 2951 4947 statu
2992 4897 3306 4958 perseveres
3324 4920 3340 4944 .
3369 4875 3458 4932 sed
3486 4853 3803 4981 laudabibiﬁ:

2371 5005 2584 5060 semper
2610 4985 2854 5057 agiteris,
2873 4991 3036 5050 atque
3063 4991 3259 5032 novam
3300 4966 3513 5025 omnino
3531 4970 3577 5013 te
3598 4949 3804 5073 argutari:

2370 5045 2593 5154 praestes
2614 5045 3039 5146 {apostolicum
3073 5071 3215 5124 enim
3265 5045 3748 5158 praeceptutnhlwfd:

2370 5149 2625 5243 postulat,
2661 5179 2721 5223 ut
2752 5167 2795 5221 si
2816 5164 3032 5236 quidem
3065 5175 3279 5233 pecces,
3314 5156 3366 5208 in
3400 5149 3518 5202 vitio
3545 5149 3806 5252 ueniit:

2368 5224 2463 5319 sed
2489 5262 2555 5316 ad
2590 5224 2848 5314 virtutem
2878 5224 3094 5309 resilias
3123 5266 3137 5302 :
3167 5249 3250 5306 sin
3282 5252 3454 5299 autem
3484 5238 3608 5289 recte
3633 5224 3749 5319 altilis

2368 5353 2544 5408 cilicio
2575 5352 2723 5405 vivas
2746 5388 2762 5412 ,
2790 5347 3045 5402 virtutem
3078 5342 3322 5411 ignavam
3350 5345 3452 5387 non
3482 5322 3627 5376 habes

2368 5457 2475 5512 que
2519 5436 2869 5493 incrementis
2913 5442 3075 5502 atque
3110 5417 3507 5483 accessionibus
3548 5416 3633 5460 auc

3090 5609 3133 5641 "
3160 5607 3200 5660 ll
3228 5603 3351 5658 Cor.
3388 5614 3437 5663 νε
3468 5591 3539 5647 ‘7-

3576 5152 3634 5192 on
3659 5125 3806 5183 hara"
3882 5142 3883 5147 ‘

3632 5327 3669 5372 ε,
3690 5292 3807 5357 nullis
3882 5300 3883 5339 i

3635 5406 3735 5451 tam.
3756 5372 3808 5436 εδδ
3882 5402 3883 5419 ξ

3632 5575 3686 5611 96'
3721 5552 3807 5618 Γειιι
3882 5584 3883 5621 j
