4050 6198
294 324 436 382 1429

1171 324 1494 387 NICETAS
1532 328 1617 389 IN
1659 327 1887 389 ORAT.
1929 327 2133 388 XLIII
2174 329 2235 390 S.
2276 330 2508 392 GREG.

3393 318 3531 404 ttae

293 444 514 487 cursum
545 433 831 498 aceeleres,
866 439 1031 502 atque
1059 435 1125 489 ad
1155 451 1239 502 ea,
1276 453 1398 507 qua:
1428 454 1456 493 a
1487 438 1669 495 fronte
1703 447 1851 504 sunt,
1885 442 1927 498 Α
1959 441 2075 495 cole
2102 482 2115 505 ,
2151 451 2203 496 et
2234 442 2371 497 alios
2422 454 2788 514 temperantes
2844 448 3028 502 redde.
3081 449 3194 504 Hoc
3251 452 3395 505 enim
3432 455 3527 507 τοῦ

290 522 623 577 extendat-is.

357 615 473 670 Col.
522 614 627 669 618
677 614 740 668 Α.
790 613 922 670 ﬂeri
966 617 1036 669 ad
1082 621 1333 689 temporis
1386 618 1706 686 arbitrium,
1750 633 1853 678 etc.

292 706 553 772 Quoniam
584 706 837 761 dixerat:
868 705 924 761 Si
954 718 1098 764 recte
1119 710 1277 777 vivis,
1310 726 1533 766 cursum
1564 714 1852 789 contende;

291 801 332 853 si
356 808 534 852 autem
563 813 775 868 peccas,
808 799 1068 869 resipisce
1099 816 1114 854 :
1144 801 1301 856 docet
1324 818 1492 867 nunc,
1515 819 1619 871 qua
1643 807 1853 857 ratione

290 890 526 943 converti
569 889 694 958 quis
718 890 911 957 possit,
951 891 1139 960 aitque
1182 909 1197 947 :
1232 894 1359 948 Heri
1421 909 1519 963 pro
1550 905 1852 964 temporum

180 1050 203 1067 .
287 989 427 1033 statu
458 979 606 1032 varie
646 979 875 1048 teipsum
926 980 1221 1053 efﬁngebas
1246 1025 1261 1049 ,
1292 1000 1355 1038 ac
1388 985 1544 1039 fidem
1597 994 1743 1041 tuam
1778 986 1853 1049 ad

289 1083 530 1140 tempus,
550 1085 662 1140 quo
680 1071 915 1126 horretici
945 1088 1124 1127 rerum
1160 1075 1521 1143 potiebantur.
1548 1090 1856 1132 accommo-

287 1164 491 1223 dabas;
527 1162 690 1216 hodie
731 1162 821 1216 Dei
857 1164 1010 1217 fidem
1043 1165 1283 1223 addisce.
1320 1168 1601 1238 Quousque
1640 1177 1859 1237 utroque

288 1254 481 1323 poplite
512 1253 839 1307 claudicabis
863 1257 911 1287 “
937 1255 961 1309 ?
994 1257 1048 1310 id
1076 1266 1180 1321 est,
1219 1259 1271 1312 in
1314 1270 1601 1329 utramque
1624 1269 1855 1329 partem,

292 1349 345 1399 in
362 1353 551 1400 neutra
570 1346 670 1401 fide
687 1349 983 1416 rectopede
999 1350 1378 1415 incedens,sed
1391 1360 1443 1406 et
1456 1349 1855 1407 secundumDei

289 1436 613 1500 doctrinam,
640 1444 694 1489 et
722 1437 1020 1491 secundum
1047 1447 1351 1509 temporum
1381 1443 1541 1495 iidem
1566 1452 1854 1512 aegrotans.

291 1525 422 1582 Nam
459 1528 563 1581 nisi
596 1538 923 1597 mgrotares,
962 1530 1382 1603 haudquaquam
1414 1544 1523 1589 tam
1558 1535 1716 1591 facile
1752 1536 1858 1590 im-

292 1618 599 1672 mutareris.
626 1618 751 1673 Elite
779 1634 941 1689 porro
959 1621 1072 1676 haec
1099 1622 1259 1676 verba
1289 1633 1436 1689 sunt,
1470 1625 1534 1679 ad
1565 1626 1858 1694 prophetas

289 1708 684 1775 ignominiosos
718 1710 790 1764 ita
830 1711 1101 1781 loquentis
1132 1714 1465 1785 :Quousque
1506 1726 1726 1786 utroque
1759 1731 1857 1785 po—

287 1799 414 1866 plite
447 1801 823 1857 darsdicabitis
846 1842 861 1866 ,
890 1777 1035 1858 nunc
1066 1777 1218 1868 Baal',
1255 1777 1400 1861 nunc
1435 1808 1544 1862 Deo
1573 1777 1857 1863 adhaeren-
1887 1777 1935 1836 Β

289 1904 370 1947 tes
391 1893 415 1946 ?
436 1890 568 1947 Nam
603 1893 878 1958 Israclitae,
912 1898 1002 1966 qui
1037 1899 1266 1968 imperio
1301 1900 1487 1954 Achab
1518 1902 1857 1966 tenebantur,

291 1985 451 2039 simul
488 1994 541 2039 et
596 1987 861 2041 idolorum
915 1990 1080 2043 cultui
1136 1990 1333 2045 addicti
1368 1999 1559 2054 erant,
1608 2001 1661 2045 et
1693 1993 1859 2047 Deum

293 2077 610 2134 adorabunt.
648 2078 805 2134 Unde
848 2081 1151 2151 subiunxit.
1212 2083 1274 2138 Si
1308 2084 1441 2138 Deus
1472 2096 1549 2140 est
1582 2087 1859 2149 Dominus,

295 2172 569 2240 sequimini
587 2188 735 2239 eum;
770 2175 816 2228 si
835 2184 1008 2228 autem
1024 2174 1165 2229 Beat
1182 2188 1276 2239 est,
1307 2180 1591 2247 sequimini
1620 2198 1738 2234 eum
1768 2184 1856 2236 "'.

295 2262 427 2317 Nam
459 2280 557 2320 nec
598 2265 761 2331 Deus,
795 2267 1011 2335 inquit,
1044 2271 1433 2325 commentitiis
1464 2272 1569 2328 diis
1602 2273 1860 2330 honorem

296 2352 482 2410 haberi
515 2356 627 2411 vult
652 2396 665 2420 ,
717 2372 817 2412 nec
857 2358 909 2410 hi
962 2373 1154 2414 verum
1188 2360 1355 2416 Deum
1407 2363 1621 2417 adorari
1654 2366 1862 2420 volunt.

295 2446 405 2502 Vos
449 2456 626 2502 autem
656 2487 672 2513 ,
710 2461 823 2504 tum
858 2450 1008 2515 inec,
1040 2460 1155 2505 tum
1208 2452 1297 2507 illa
1350 2452 1612 2510 facientes
1636 2495 1651 2518 ,
1688 2456 1881 2510 neutri

294 2537 723 2594 benevolentiam
746 2548 952 2594 certam
978 2551 1030 2595 et
1055 2551 1394 2598 constantem
1424 2546 1677 2601 servatis.
1703 2545 1870 2602 Clau-

294 2628 441 2683 dicat
468 2638 650 2685 autem
692 2631 957 2687 ambobus
993 2632 1307 2703 poplitibus,
1337 2637 1432 2703 qui
1464 2646 1699 2707 utroque
1733 2639 1870 2708 pede

293 2722 521 2777 claudus
551 2731 655 2777 est.
698 2723 901 2792 Ἶγνύαι
928 2724 1073 2779 enim
1106 2726 1366 2781 dicuntur
1409 2730 1743 2797 posteriores
1778 2745 1869 2801 ge-

294 2827 465 2866 nuum
503 2821 705 2882 partes,
725 2830 754 2868 a
789 2815 954 2869 verbo
985 2814 1283 2884 ἆγνυσθαι,
1305 2820 1449 2888 quod
1485 2819 1758 2890 significat
1784 2822 1869 2876 in-

296 2903 461 2973 fringi
498 2913 660 2973 atque
706 2906 928 2975 inﬂecti.
963 2905 1040 2962 Ne
1077 2922 1313 2977 semper,
1365 2910 1597 2968 consilio
1629 2912 1867 2982 quodam

297 2994 524 3062 scilicet,
560 3006 616 3051 at
645 3012 752 3053 non
782 3012 847 3052 ex
876 2999 1080 3064 animo,
1108 3014 1172 3054 ea
1203 3000 1353 3057 dicas
1385 3010 1478 3058 aut
1512 3003 1678 3059 facias
1703 3043 1717 3068 ,
1749 2992 1871 3074 quae

298 3101 406 3140 non
439 3090 805 3144 conveniunt:
830 3091 963 3161 quin
994 3092 1207 3161 patius,
1238 3095 1499 3162 quoniam
1548 3093 1859 3165 hujusmodi
1888 3113 1930 3172 ε

298 3179 633 3247 dispensatio
657 3182 722 3235 ad
753 3181 1044 3251 perniciem
1069 3192 1122 3237 et
1143 3184 1482 3239 eversionem
1509 3186 1607 3241 abs
1630 3195 1680 3241 te
1704 3201 1869 3242 exco-

297 3271 466 3341 gitata
490 3278 592 3336 est,
626 3272 737 3327 haec
769 3273 932 3329 missa
961 3274 1063 3336 fac,
1116 3284 1279 3344 atque
1307 3275 1601 3344 aliquando
1628 3278 1867 3344 tandem,

300 3360 384 3415 vel
431 3369 537 3415 tua:
570 3363 765 3432 ipsius,
813 3364 904 3433 qui
959 3362 1218 3434 pestifera
1249 3364 1499 3421 doctrina
1548 3366 1786 3423 infectus
1816 3377 1871 3423 et

300 3462 593 3523 corruptus
622 3468 682 3508 es
709 3494 724 3519 ,
755 3456 837 3509 vel
870 3456 1143 3518 aliorum,
1177 3456 1377 3526 quibus
1426 3456 1742 3525 huiusmodi
1778 3470 1870 3513 tua

297 3546 633 3616 dispensatio
684 3548 827 3617 parit
879 3547 1267 3603 oﬂ‘endiculum
1297 3587 1313 3613 ,
1383 3549 1548 3612 saluti
1622 3552 1868 3606 consule.

302 3634 424 3691 ﬂeri
470 3637 832 3692 honoriﬁcum
860 3638 1251 3702 existimabas,
1293 3639 1363 3706 si,
1393 3640 1477 3693 vel
1500 3641 1736 3709 sapiens,
1790 3643 1872 3697 vel

295 3727 502 3793 justus,
548 3726 636 3782 vel
685 3729 807 3798 pius
848 3729 1144 3795 videreris,
1173 3738 1294 3784 eum
1322 3731 1391 3786 ab
1438 3731 1522 3786 his
1577 3732 1872 3787 virtutibus

302 3818 515 3873 aiienus
575 3833 751 3881 esses,
808 3834 871 3874 ac
933 3818 1134 3874 frustra
1175 3830 1230 3874 et
1287 3821 1588 3876 insolenter
1644 3837 1737 3876 eas
1772 3821 1870 3876 tibi

303 3925 586 3981 arrogares
617 3929 631 3965 :
668 3910 830 3965 hodie
854 3951 869 3977 ,
904 3912 1004 3965 hac
1048 3911 1453 3967 existimatione
1503 3914 1688 3968 relicta
1712 3953 1728 3977 ,
1762 3927 1871 3967 non

302 4003 475 4058 videri
500 4042 516 4069 ,
543 4003 640 4059 sed
671 4016 793 4056 esse
823 4002 1064 4070 optimus
1094 4002 1271 4057 stude.
1302 4001 1498 4071 Opinio
1531 4004 1673 4058 enim
1706 4001 1869 4057 fallax

298 4104 388 4150 est
415 4094 769 4149 insomnium.
798 4092 1055 4148 Videntur
1077 4094 1220 4147 enim
1244 4092 1402 4147 nobis
1430 4093 1570 4147 inter
1591 4094 1873 4146 somnian-

298 4190 437 4245 dum
478 4205 541 4245 ac
584 4189 966 4245 dormiendum
1025 4187 1233 4259 aliquid
1288 4188 1509 4253 habere,
1564 4205 1663 4244 nec
1694 4200 1874 4245 tamen

302 4281 595 4337 habemus.
624 4283 692 4334 At
744 4281 920 4351 ipsum
954 4294 1078 4334 esse
1101 4320 1115 4343 ,
1151 4295 1334 4334 rerum
1366 4279 1647 4351 veritatem
1691 4281 1874 4337 habet.

299 4372 478 4427 Porro
501 4372 723 4437 divitiae,
751 4387 873 4442 quae
897 4371 1149 4425 manibus
1172 4379 1448 4433 tenentur,
1472 4373 1877 4439 praestantiores

1961 532 2330 602 σωφρονιστώ
2354 536 2630 606 proprium
2657 547 2760 593 est.
2794 537 2963 595 Hodie
2992 558 3142 597 mero
3167 545 3531 617 lngurgitatus

1959 640 2017 678 es
2048 642 2062 678 :
2093 639 2214 680 cras
2254 641 2410 695 aqum
2439 627 2662 696 potione
2691 631 2836 685 sitim
2871 633 3023 690 seda.
3058 634 3230 690 llodie
3266 639 3331 691 ab
3364 639 3531 694 Amos

1961 716 2218 785 propheta
2258 718 2477 771 miseris
2517 721 2690 775 modis
2738 723 3031 792 exagitaris
3061 767 3075 790 ,
3150 737 3215 780 ut
3290 728 3342 782 in
3376 729 3530 784 lectis

1962 804 2215 862 eburneis
2240 807 2437 863 lascive
2469 810 2830 878 tlecumbeus,
2857 828 2919 866 ac
2953 815 3230 883 primariis
3255 827 3308 874 et
3339 823 3535 887 exqui-

1962 896 2053 950 siti
2092 900 2251 967 prctii
2300 902 2593 970 unguentis
2623 904 2897 960 delibutus
2921 908 3015 961 ”’:
3055 904 3139 962 fac
3174 910 3417 964 crastino
3448 911 3544 966 die

1962 990 2152 1045 beatus
2190 993 2502 1060 praadiceris
2531 1036 2546 1058 ,
2591 997 2849 1053 nimirum
2891 1000 3079 1053 humili
3112 1010 3285 1055 strato
3316 1018 3379 1056 ac
3412 1019 3534 1072 per-

1959 1081 2147 1152 vigilio
2184 1084 2491 1141 hesternam
2525 1089 2808 1145 mollitiem
2845 1108 3068 1147 etirans.
3097 1094 3297 1163 Atque,
3331 1106 3389 1149 ut
3422 1110 3532 1149 rem

1962 1187 2070 1227 uno
2093 1173 2264 1230 verbo
2295 1176 2593 1245 absolvam,
2628 1180 2997 1249 pulcherrima
3027 1177 3256 1254 quaeque
3288 1200 3383 1254 pro
3416 1195 3535 1237 tur-

1962 1264 2207 1333 pissimis
2242 1265 2557 1338 quibusque
2586 1271 2893 1339 substitue,
2947 1286 3046 1344 pro
3071 1275 3186 1329 risu
3214 1278 3532 1345 gravitatem

1961 1363 2015 1411 et
2040 1357 2361 1422 tristitiam,
2393 1372 2493 1428 pro
2524 1360 2813 1417 ambitioso
2859 1363 3005 1418 circa
3051 1365 3305 1420 vestitum
3356 1368 3537 1422 studio

1962 1446 2165 1501 cultum
2196 1448 2498 1519 simplicem
2529 1449 2866 1523 minimeque
2909 1463 3231 1511 accuratum
3255 1499 3269 1520 ,
3302 1472 3402 1526 pro
3444 1473 3536 1512 su-

1965 1540 2149 1608 perbia
2180 1547 2237 1595 et
2267 1541 2435 1595 animi
2466 1551 2679 1599 tumore
2709 1545 2973 1601 vilitatem
3014 1549 3067 1602 in
3098 1551 3341 1605 externis
3375 1552 3536 1605 rebus

1960 1643 2014 1686 et
2051 1633 2101 1684 in
2126 1643 2405 1703 aspectum
2442 1635 2793 1702 cadentibus,
2829 1653 2928 1708 pro
2967 1641 3271 1710 magnificis
3304 1643 3537 1705 aedibus.

1961 1737 2025 1778 ac
2045 1724 2392 1794 laquearibus
2409 1726 2591 1782 aureis
2608 1724 2963 1797 fulgentibus,
2981 1744 3122 1800 angu
3132 1744 3271 1786 stam
3289 1732 3535 1795 domum,

1964 1826 2060 1880 pro
2082 1812 2300 1868 sublimi
2333 1813 2482 1867 vultu
2515 1822 2567 1868 et
2597 1819 2759 1868 'recta
2792 1815 2845 1869 in
2886 1815 3053 1871 altum
3095 1821 3306 1873 cervice
3332 1821 3538 1875 domis.

1962 1916 2083 1958 sum
2121 1902 2328 1956 vultum
2370 1910 2423 1956 et
2456 1903 2751 1972 abjectum.
2789 1906 2905 1960 Hoc
2939 1907 2984 1961 si
3015 1907 3208 1962 feceris
3233 1946 3249 1968 ,
3283 1910 3386 1963 erit
3417 1911 3536 1975 tibi,

1962 2000 2023 2047 ut
2046 1993 2329 2049 cum'lsaia
2354 1994 2544 2064 loquar
2562 1996 2654 2061 ”',
2686 1996 2882 2051 coelum
2911 2013 3110 2053 novum
3135 2010 3349 2057 etterra
3376 2017 3535 2056 nova.

1963 2085 2097 2141 Nam
2138 2100 2262 2142 cum
2317 2086 2429 2143 haec
2469 2094 2593 2144 ante
2622 2088 2923 2145 Salvatoris
2966 2091 3401 2149 incarnationem
3432 2095 3535 2148 alia

1963 2177 2299 2242 viderentur,
2322 2178 2425 2233 alia
2452 2189 2634 2248 postea
2666 2179 2883 2250 cognita
2913 2189 3059 2236 sunt.
3086 2180 3240 2236 Prius
3268 2182 3536 2249 siquidem

1964 2270 2038 2325 dii
2073 2260 2432 2335 habebantur,
2459 2275 2645 2341 postea
2676 2282 2857 2327 autem
2881 2283 3165 2329 creaturae.
3200 2272 3323 2329 Tibi
3353 2284 3536 2329 autem

1966 2359 2074 2414 alio
2119 2359 2280 2414 modo
2325 2359 2439 2415 haec
2480 2376 2618 2415 nova
2653 2371 2853 2425 erunt,
2894 2377 3019 2417 cum
3059 2362 3165 2417 alia
3215 2363 3538 2432 percipienti

1967 2458 2129 2518 atque
2178 2449 2496 2518 intelligenti
2518 2491 2534 2516 ,
2574 2450 2737 2506 veluti
2774 2452 2940 2506 situm
2968 2491 2982 2516 ,
3019 2451 3248 2521 figuram
3271 2493 3284 2515 ,
3318 2452 3538 2521 elegan-

1969 2537 2124 2602 tiam,
2146 2538 2594 2609 magnitudinem,
2613 2539 2927 2607 utilitatem,
2943 2551 3055 2593 tum
3076 2539 3301 2608 insuper
3315 2552 3543 2594 causam

1968 2636 2023 2683 et
2059 2630 2352 2695 rationem,
2389 2637 2611 2701 propter
2631 2645 2794 2700 quam
2821 2632 2887 2685 ad
2923 2632 3067 2685 hunc
3094 2632 3314 2684 modum
3343 2631 3540 2685 horum

1971 2722 2398 2791 unumquodque
2428 2720 2630 2777 factum
2663 2730 2763 2776 est.
2786 2721 2880 2776 Sic
2909 2721 3076 2786 enim,
3105 2732 3161 2775 ut
3191 2721 3396 2776 dictum
3432 2729 3541 2783 est,

1969 2809 2252 2878 cogitanti,
2284 2810 2524 2880 cegnitio
2553 2824 2769 2879 quoque
2800 2809 2916 2875 ipsa
2947 2811 3002 2863 in
3036 2808 3231 2865 melius
3276 2809 3539 2862 immuta-

1971 2901 2136 2956 bitur.
2157 2900 2456 2957 Possumus
2472 2901 2634 2957 etiam
2666 2902 2774 2957 alio
2798 2902 2961 2957 modo
2991 2902 3136 2955 hunc
3171 2902 3347 2955 locum
3374 2902 3544 2967 expti-

1970 3008 2126 3059 care,
2161 3001 2221 3047 ut
2249 3008 2373 3047 cum
2391 2992 2653 3062 Gregorio
2681 2991 2929 3063 Nysseno
2951 3008 3047 3063 per
3082 2992 3282 3048 coelum
3314 3008 3541 3056 novum,

1970 3084 2372 3140 firmamentum
2417 3085 2540 3140 fidei
2584 3085 2638 3138 in
2680 3083 2955 3145 Christum
3002 3084 3407 3153 intelligamus;
3449 3100 3545 3153 per

1972 3182 2170 3227 terram
2217 3182 2399 3227 autem
2434 3187 2628 3226 novam
2660 3187 2757 3226 cor
2787 3188 2982 3242 purum
3014 3182 3066 3228 et
3094 3173 3390 3244 integrum,
3419 3175 3543 3229 illa-

1971 3262 2191 3317 bentem
2226 3263 2278 3315 in
2313 3277 2372 3316 se
2408 3262 2644 3331 pluviam
2678 3261 2892 3315 bibens.

2043 3364 2175 3419 Ibid.
2206 3364 2267 3420 C.
2303 3363 2405 3420 Sed
2426 3367 2544 3434 jam
2574 3363 2643 3419 ad
2675 3365 2925 3434 temporis
2954 3380 3154 3433 quoque
3187 3366 3402 3433 festum,
3435 3376 3542 3421 etc.

1972 3456 2277 3523 Quoniam,
2338 3456 2553 3525 inquit,
2625 3471 2819 3511 novam
2879 3456 3213 3511 Dominicam
3290 3457 3541 3513 laudibus

1973 3546 2248 3618 prosecuti
2262 3561 2477 3609 sumus,
2494 3547 2754 3602 abeamus
2769 3547 2905 3617 jam,
2929 3555 3060 3602 utet
3080 3563 3305 3602 vernum
3326 3556 3542 3614 tempus

1974 3654 2215 3711 congrua
2279 3638 2571 3694 festivitate
2621 3638 2981 3694 celebremus.
3039 3638 3331 3694 Concurrit
3397 3639 3542 3693 enim

1976 3733 2079 3787 hoc
2100 3742 2313 3798 tempus
2330 3746 2454 3786 cum
2481 3730 2859 3786 Encazniorum
2884 3730 3044 3798 festo,
3063 3747 3125 3785 ac
3148 3732 3402 3786 videntur
3425 3747 3544 3787 om-

1975 3825 2065 3879 nia
2086 3824 2290 3881 Christi
2313 3823 2700 3880 resurrectioni
2729 3824 3012 3894 gratulari.
3035 3824 3210 3894 Atque
3244 3833 3299 3878 ut
3318 3822 3548 3892 jucundi

1978 3916 2237 3985 temporis
2280 3916 2739 3988 iucundissimam
2775 3916 3195 3985 descriptionem
3230 3914 3545 3977 afferamus,

1974 4008 2253 4078 pictricem
2285 4008 2611 4071 orationem,
2642 4007 2800 4077 quasi
2831 4015 3188 4075 spectatores,
3230 4021 3549 4074 sequamur,

1977 4116 2042 4155 ac
2072 4100 2375 4163 videamus,
2407 4114 2655 4168 quaenam
2690 4099 2986 4155 describat.
3010 4105 3061 4151 et
3086 4098 3232 4151 velut
3254 4098 3325 4150 ob
3359 4097 3547 4152 oculos

1978 4200 2162 4262 ponat.
2202 4190 2345 4245 Inter
2377 4190 2504 4244 anni
2540 4198 2784 4259 tempora
2837 4189 3200 4258 principatum
3252 4202 3343 4242 ver
3378 4195 3548 4252 tenet,

1980 4292 2206 4353 pr0pter
2235 4296 2328 4335 eas
2359 4280 2771 4345 oblectationes,
2802 4295 2941 4350 quas
2969 4278 3148 4335 aﬂ‘ert.
3179 4280 3549 4350 Principatum

1980 4372 2165 4427 itidem
2185 4380 2333 4426 tenet
2355 4372 2496 4426 inter
2517 4372 2630 4427 dies
2653 4371 2932 4427 Dominica
2956 4371 3067 4433 illa,
3094 4372 3146 4424 in
3171 4388 3277 4440 qua
3295 4371 3552 4428 Christus

299 4472 436 4520 sunt
486 4465 595 4521 illis
644 4480 765 4536 quae
800 4481 899 4537 per
947 4464 1226 4520 somnium
1282 4465 1581 4533 tinguntur.
1639 4463 1874 4521 Proinde
1908 4444 1951 4499 θ
1983 4465 2300 4521 resurrexit.
2351 4464 2537 4533 Itaque
2570 4478 2663 4517 rex
2708 4472 3051 4531 temporum,
3083 4463 3185 4515 hoc
3233 4470 3337 4525 est,
3389 4479 3553 4517 verna

298 4564 470 4611 certze
504 4572 567 4613 ac
594 4556 944 4613 subsistentis
974 4555 1246 4619 veritatis,
1279 4568 1443 4623 quam
1478 4569 1628 4607 vana:
1663 4556 1876 4624 opinio-

299 4645 429 4713 nis,
462 4646 743 4716 antiquius
773 4646 868 4701 tibi
904 4645 974 4701 sit
1023 4644 1291 4699 studium.
1329 4641 1452 4697 Heri
1486 4644 1639 4697 vanis
1666 4654 1883 4712 specta-

298 4736 447 4793 culis
494 4737 736 4791 animnm
781 4736 1113 4805 adjiciebas,
1167 4749 1230 4789 ac
1282 4735 1503 4800 visum,
1538 4734 1885 4804 reliquosque

308 4830 1106 4901 omneslsensusmbscenaruin
1140 4843 1321 4883 rerum
1353 4835 1574 4898 aspectu
1598 4825 1841 4881 fmdabas
1866 4844 1880 4879 :

316 4921 482 4977 hodie
510 4937 538 4975 a
570 4923 734 4977 rebus
777 4936 999 4976 sensum
1050 4920 1394 4974 moventibus
1419 4918 1649 4974 abducta
1680 4926 1883 4986 mente,

314 5012 759 5069 intellectualitcr
797 5028 1045 5083 operare,
1085 5013 1136 5066 in
1184 5014 1636 5082 sempiternorum
1700 5026 1881 5067 rerum

310 5104 689 5173 speculatione
757 5104 1001 5160 studium
1054 5113 1107 5158 et
1165 5117 1385 5171 Operam
1458 5117 1688 5173 ponens.
1754 5101 1881 5157 Heri

311 5197 653 5253 conviciator
679 5211 801 5252 eras
859 5205 912 5251 et
967 5195 1257 5265 petulans,
1315 5194 1367 5248 id
1401 5204 1504 5261 cst,
1566 5194 1801 5250 crudelis
1830 5201 1886 5249 ct

308 5289 605 5359 impudens
665 5307 679 5344 :
737 5289 896 5343 hodie
960 5287 1156 5343 faustis
1206 5286 1388 5341 verbis
1442 5300 1889 5357 unumquemque

310 5392 666 5449 prosequere,
703 5387 866 5450 atque
896 5394 960 5433 ex
1000 5378 1215 5433 feritate
1242 5385 1296 5431 et
1328 5377 1651 5431 truculentia
1685 5375 1752 5430 ad
1789 5377 1889 5430 hu-

316 5470 631 5525 manitatem
665 5470 856 5539 migra.
890 5468 1016 5525 Heri
1045 5468 1537 5525 comessationibus
1569 5475 1623 5521 et
1653 5469 1889 5536 crapulae

317 5558 540 5616 deditus
592 5575 719 5617 eras
756 5579 770 5617 :
807 5561 970 5616 hodie
1002 5560 1323 5632 gravitatem
1366 5573 1429 5615 ac
1470 5558 1885 5627 temperantiam

1979 4556 2294 4613 constitutio
2320 4595 2335 4619 ,
2372 4556 2500 4609 huic
2533 4556 2747 4609 dierum
2781 4554 3000 4624 reginae,
3027 4553 3079 4607 id
3119 4561 3222 4619 est,
3256 4553 3552 4609 Dominica:

1982 4663 2236 4719 pompam
2268 4646 2444 4701 laetam
2479 4647 2725 4715 peragit,
2761 4645 2813 4698 id
2844 4653 2945 4710 est,
2983 4644 3345 4699 ministerium
3380 4646 3555 4714 quod-

1985 4745 2107 4794 dam
2145 4740 2245 4809 ipsi
2292 4739 2411 4794 obit
2441 4757 2454 4791 :
2489 4750 2543 4793 et
2576 4753 2702 4808 pars
2739 4737 2890 4804 anni,
2922 4735 3211 4805 imperium
3244 4734 3351 4789 diei
3393 4735 3556 4805 hujus

1990 4844 2315 4898 agnoscens,
2357 4830 2512 4898 quasi
2567 4826 2772 4880 famula
2823 4826 3079 4890 dominae,
3126 4824 3393 4894 quidquid
3431 4826 3557 4893 pul-

1989 4922 2317 4976 cherrimum
2349 4936 2411 4975 ac
2461 4919 2710 4973 St‘l'lsibllS
2748 4917 3116 4987 gratissimum
3148 4918 3330 4983 habet,
3379 4915 3556 4971 offert.

1995 5014 2092 5078 Ac,
2129 5014 2175 5067 si
2206 5012 2371 5076 libet,
2409 5010 2560 5065 verni
2604 5011 2864 5076 temporis
2893 5009 3241 5063 amoenitates
3271 5021 3558 5062 recensea-

1991 5121 2131 5160 mus.
2156 5103 2312 5159 Nunc
2331 5104 2528 5158 coelum
2543 5101 2899 5171 splendidius,
2921 5100 3178 5154 nimirum
3201 5098 3561 5153 tenebricosis

1991 5206 2044 5251 et
2081 5195 2395 5266 caliginosis
2432 5194 2671 5249 nubibus
2701 5233 2716 5257 ,
2745 5193 2900 5262 quasi
2930 5199 3083 5247 veste
3129 5190 3361 5260 quadam
3416 5198 3558 5254 atra,

1990 5297 2237 5344 exutum.
2287 5285 2444 5342 Nunc
2475 5287 2554 5341 sol
2588 5284 2912 5350 sublimior;
2953 5283 3060 5351 iam
3090 5282 3235 5337 enim
3276 5281 3343 5335 ab
3377 5279 3561 5334 humi-

1988 5377 2216 5432 lioribus
2249 5386 2303 5432 et
2344 5377 2674 5431 australibus
2708 5374 2955 5445 partibus
2981 5373 3049 5428 ad
3083 5372 3357 5435 Boreales,
3393 5379 3467 5434 et,
3504 5378 3571 5423 ut

1987 5467 2093 5523 dici
2147 5468 2456 5533 consuevit,
2515 5481 2735 5522 currum
2793 5466 3072 5521 Arcticum
3169 5463 3561 5535 progreditur,

1990 5556 2208 5612 tametsi
2244 5557 2461 5612 interim
2497 5557 2563 5613 ab
2595 5555 2991 5629 IEquinoctiali
3043 5573 3150 5612 non
3207 5555 3366 5624 longe
3395 5552 3579 5609 absit..

388 5722 431 5753 ’⁸
471 5716 540 5771 lll
590 5716 721 5788 ιιι-ς.
752 5731 905 5784 xvnt,
938 5716 1030 5772 2|.
1106 5716 1170 5750 θ’·
1206 5715 1337 5770 ibid.
1434 5714 1477 5747 ⁵³
1510 5715 1672 5770 Amos
1706 5730 1776 5782 γι,
1808 5713 1858 5769 ιί.

1972 5717 2003 5747 ’⁸
2035 5714 2134 5771 lsa.
2178 5728 2300 5782 va,
2340 5714 2424 5770 l7.
