3996 6206
525 325 653 380 1431

526 429 676 484 Nune
701 431 839 484 lunae
863 432 1011 486 ortis
1036 431 1298 485 illustrior
1331 450 1345 484 :
1381 433 1556 488 hieme
1579 433 1723 488 enim
1752 434 1954 490 tristior
1979 443 2098 491 erat
2125 438 2167 493 Α

527 529 578 573 et
609 522 916 584 obscurior,
971 534 1192 591 propter
1221 523 1364 579 aeris
1398 524 1726 580 erassitiem.
1762 525 1828 579 Et
1855 527 2096 582 siderum

526 613 728 666 chorus
778 613 965 676 purior
1006 614 1148 669 veris
1190 624 1434 686 tempore
1467 634 1481 670 :
1514 618 1775 686 quoniam
1827 633 1936 671 non
1987 619 2098 687 jam

527 714 746 774 propter
801 705 1150 760 immodicam
1206 707 1583 763 humiditatem
1640 724 1876 778 vapores
1927 708 2102 766 crassi

526 795 854 850 excitantur.
892 796 1050 853 Nunc
1096 797 1318 864 ﬂuctus,
1378 800 1568 864 nubes,
1608 801 1795 865 venti,
1829 811 1999 866 terra,
2049 810 2103 858 et

526 888 723 956 planta:
752 899 956 958 pacatae
1006 898 1138 944 sunt
1165 900 1218 944 et
1249 891 1578 960 tranquillae,
1611 893 1826 947 etiamsi
1862 909 1958 963 per
1988 894 2104 948 hie-

526 993 668 1033 mem
700 981 1044 1050 gravissimis
1075 981 1316 1036 dissidiis
1345 992 1400 1036 et
1427 981 1584 1037 hellis
1613 985 1754 1037 inter
1785 999 1844 1037 se
1873 982 2099 1037 conﬂic-

527 1081 790 1126 tarentur.
847 1071 1170 1141 Priusquam
1206 1075 1350 1127 enim
1397 1074 1704 1142 jucundum
1756 1085 1811 1130 et
1843 1076 2097 1130 blandum

525 1179 621 1219 ver
642 1165 798 1219 nobis
825 1165 1114 1228 illuxisset,
1138 1165 1334 1220 uinctus
1363 1167 1564 1235 impetu
1589 1168 1892 1224 vehementi
1921 1169 2102 1225 littora

525 1256 919 1323 verberabant,
955 1268 1009 1311 et
1053 1261 1228 1312 nubes
1269 1259 1436 1313 solem
1467 1259 1841 1324 obtlucebant,
1871 1271 1924 1316 et
1953 1262 2100 1316 venti

525 1364 704 1405 aerem
758 1351 1201 1406 commovebant.
1255 1349 1423 1405 Terra
1458 1351 1680 1420 insuper
1717 1351 1931 1418 plantas
1964 1368 2099 1407 con-

526 1451 681 1494 sueto
717 1441 976 1494 alimento
1023 1441 1325 1510 privabat:
1379 1442 1480 1496 illa:
1530 1442 1715 1496 itidem
1766 1443 2095 1512 voluptatem

526 1533 701 1586 oculis
735 1534 1094 1602 denegabant.
1124 1534 1193 1587 At
1213 1549 1378 1598 nunc,
1426 1543 1714 1603 postquam
1745 1536 2104 1605 verisladven-

529 1635 618 1679 tus
655 1627 770 1680 hare
797 1627 1023 1679 dissidia
1049 1628 1392 1694 compressit,
1424 1625 1622 1680 ﬂuctus
1649 1626 1762 1695 jam
1795 1625 2104 1695 tranquilli-

530 1726 642 1772 tate
663 1717 934 1784 fruentur,
959 1718 1143 1772 littora
1177 1715 1496 1783 salutantes,
1521 1732 1583 1772 ac
1611 1717 1802 1771 leniter
1827 1717 2102 1786 complec-

530 1820 748 1864 tentes:
787 1810 956 1864 nubes
1008 1810 1140 1864 solis
1188 1809 1483 1864 luminibus
1536 1810 1790 1864 crassitie
1836 1824 1935 1864 sua
1985 1825 2094 1863 non
2132 1787 2172 1840 Β

529 1901 618 1955 offi
657 1902 802 1965 ient,
867 1917 961 1954 aer
997 1902 1178 1969 quiete
1219 1901 1550 1970 perfruetur,
1593 1905 1792 1970 stirpes
1825 1902 2100 1968 germina-

530 1992 668 2045 bunt
691 2032 705 2056 ,
740 2000 883 2045 terra
946 1993 1094 2060 ipsas
1127 1992 1368 2060 parentis
1402 1993 1575 2046 instar
1612 1993 1902 2057 nutriente,
1938 2003 2099 2062 atque

533 2084 600 2138 ad
654 2084 1124 2154 producendorum
1165 2082 1443 2138 fructuum
1492 2083 1758 2152 principia
1789 2098 1881 2136 eas
1912 2084 2102 2150 impel-

527 2177 673 2231 lente
699 2195 711 2230 :
741 2191 804 2230 ac
834 2175 1090 2244 deinceps
1123 2174 1315 2229 harum
1349 2189 1528 2229 rerum
1561 2174 1922 2230 oblectatione
1954 2174 2097 2228 oculi

528 2270 700 2324 nostri
731 2269 1197 2326 exbilarahuntur.
1229 2268 1386 2324 Nunc
1427 2267 1606 2324 fontes
1642 2283 1858 2339 quoque
1916 2267 2100 2336 limpi-

526 2363 652 2418 dius
679 2364 1010 2426 scaturiunt,
1031 2372 1090 2418 ut
1115 2363 1206 2432 qui
1239 2378 1344 2416 non
1377 2363 1612 2432 amplius
1639 2361 2100 2417 avehementibus

528 2455 794 2510 imbribus
846 2457 1169 2516 turbentur,
1214 2455 1308 2508 sed
1366 2469 1531 2523 puros
1586 2453 1772 2509 latices
1827 2453 2096 2507 emittant.

527 2546 681 2600 Nunc
699 2560 888 2600 amnes
913 2545 1193 2600 uberiores
1219 2544 1410 2609 fluunt,
1437 2544 1811 2614 eolliquefacta
1841 2544 2097 2598 nimirum

528 2638 694 2703 nive,
734 2637 1014 2707 glacieque
1067 2637 1306 2692 resoluta
1357 2656 1371 2692 :
1427 2637 1627 2706 quibus
1685 2637 1847 2691 rebus
1907 2633 2100 2689 hiemis

527 2737 773 2796 tempore
827 2726 1162 2796 proﬂuvium
1229 2743 1422 2782 eorum
1479 2726 1881 2796 impediebatur
1936 2734 2100 2795 atque

527 2819 893 2875 inhibebatur.
929 2821 1068 2887 Quin
1101 2823 1263 2875 etiam
1305 2832 1457 2890 prata
1487 2831 1540 2876 et
1569 2821 1711 2875 horti
1741 2834 1936 2875 suaves
1963 2819 2099 2873 odo-

527 2925 617 2966 res
676 2910 866 2973 edunt,
908 2927 973 2965 ac
1012 2913 1207 2980 plautze
1240 2913 1556 2973 virescunt,
1614 2921 1778 2980 atque
1810 2924 2101 2964 ornamen-

527 3013 641 3056 tum
673 3017 831 3057 suum
874 3000 1197 3070 proferunt;
1229 3011 1282 3054 et
1312 3015 1505 3056 recens
1541 3011 1728 3054 exorta
1779 3000 1944 3054 herba
1977 3009 2100 3054 ton-

525 3096 719 3160 detur,
748 3094 984 3164 agnique
1030 3092 1233 3148 teneris
1264 3092 1492 3161 pedibus
1523 3092 1577 3145 in
1617 3091 1918 3146 virentibus
1949 3091 2097 3145 arvis
2125 3129 2171 3189 ο

526 3187 728 3242 lascive
754 3186 1020 3241 saltitant.

593 3275 712 3330 Col.
759 3275 862 3330 6l8
899 3275 958 3328 D.
1036 3273 1193 3329 Nunc
1235 3276 1382 3328 navis
1418 3290 1538 3327 cum
1580 3273 1936 3336 celeusmatis,
1990 3283 2096 3328 etc.

525 3364 629 3432 Qui
661 3366 727 3418 de
758 3365 923 3419 rebus
952 3365 1294 3419 naturalibus
1322 3372 1647 3427 tractarunt,
1691 3379 1816 3418 cum
1849 3363 1954 3416 alia
1985 3364 2102 3418 ele-

527 3465 742 3516 menta.
791 3466 904 3510 tum
955 3471 1179 3526 aquam,
1210 3455 1530 3524 sphaericam
1600 3455 1804 3510 habere
1869 3455 2098 3525 ﬁguram

527 3546 821 3602 afﬁrmant.
885 3547 1127 3611 Idcirco,
1173 3563 1296 3602 cum
1353 3547 1505 3603 navis
1539 3562 1571 3602 e
1605 3557 1762 3615 portu
1820 3546 1876 3601 in
1931 3546 2100 3600 altum

526 3635 720 3699 fertur,
747 3636 1048 3703 ἀνάγεσθαι
1085 3636 1308 3702 dicitur,
1343 3637 1492 3691 velut
1540 3637 1609 3690 ab
1673 3636 1951 3690 humiliori
1979 3637 2100 3691 loco

529 3727 598 3780 ab
629 3726 1006 3780 sublimiorem
1052 3727 1354 3787 ascendens
1385 3743 1546 3782 :cum
1587 3739 1768 3783 autem
1806 3743 1836 3781 a
1871 3729 2008 3781 mari
2045 3729 2099 3782 in

531 3824 749 3886 portum
783 3816 1022 3886 appellit,
1059 3825 1192 3870 tunc
1221 3817 1548 3884 κατάγεται,
1580 3819 1635 3873 id
1673 3828 1777 3884 est,
1809 3819 2097 3884 descendit,

531 3907 789 3960 nimirum
846 3908 915 3961 ab
952 3907 1060 3961 alta
1090 3915 1144 3960 et
1169 3921 1408 3962 convexa
1453 3918 1607 3978 parte
1646 3909 1700 3962 in
1732 3909 2097 3964 humiliorem.

529 3998 682 4066 Quod
706 4007 1048 4068 perspectum
1071 3999 1274 4054 habens
1290 3998 1620 4071 Theologus;
1646 4000 1753 4054 ait:
1773 3999 1928 4055 Nunc
1947 4000 2100 4055 navis

528 4107 653 4146 eum
710 4091 1062 4146 eeleusmatis
1089 4107 1119 4144 e
1157 4100 1314 4160 portu
1338 4091 1519 4147 solvit.
1550 4091 1892 4148 Celeusmata
1920 4103 2098 4146 autem

527 4181 811 4240 cautiones
839 4182 946 4235 illae
978 4190 1129 4248 sunt,
1163 4198 1300 4252 quas
1331 4193 1530 4248 nautae,
1560 4200 1683 4239 eotn
1706 4185 1826 4239 vela
1879 4199 2096 4239 sursum

528 4273 779 4336 tendunt,
805 4273 1070 4327 modulari
1101 4273 1298 4330 solent.
1335 4265 1442 4329 Deo
1464 4291 1629 4344 porro
1652 4285 1802 4345 grata
1830 4291 1892 4330 ea
1919 4283 2096 4340 vocat,

530 4373 588 4418 ut
607 4364 706 4417 Dei
735 4367 1053 4417 memoriam
1090 4366 1528 4433 complectentia,
1552 4376 1716 4435 atque
1747 4368 1919 4436 ipsius
1942 4369 2101 4422 auxi-

1930 319 2307 380 ADDENDA.

3665 307 3822 372 H32

2200 450 2264 489 ac
2297 449 2516 489 sursum
2566 432 2756 487 oculos
2809 431 2875 485 ad
2929 428 3097 484 Deum
3132 428 3325 490 tendit,
3357 426 3720 495 ipsumque,
3758 436 3824 475 ut

2203 527 2478 581 fructuntn
2539 534 2814 579 auctorem
2868 532 2924 576 et
2979 530 3382 591 porrectorem,
3424 519 3711 578 invocat,
3759 530 3828 568 ac

2202 617 2412 672 sulcum
2432 614 2788 684 proscindens
2812 611 3052 666 laborem
3077 617 3398 679 praesentem
3419 617 3828 672 nequaquam

2202 720 2479 782 supputat,
2504 709 2596 764 sed
2655 723 2751 778 spe
2806 705 3006 760 futura:
3040 703 3233 758 messis
3271 711 3566 756 recreatur
3637 707 3828 764 atque

2202 804 2526 858 oblectatur.

2271 895 2390 950 Col.
2433 895 2535 950 619
2589 893 2656 948 Α.
2719 890 2878 944 hunc
2919 897 3103 959 pastor
3139 896 3188 939 et
3257 881 3524 936 bubulcus
3575 879 3825 946 ﬁstula

2202 997 2409 1058 aptant,
2451 995 2557 1041 etc.
2598 985 2754 1040 Nunc
2813 990 2867 1036 et
2902 990 3104 1050 pastor,
3157 987 3211 1030 et
3240 974 3557 1033 bubulcus,
3595 970 3828 1022 incisis

2201 1057 2426 1137 calamis
2445 1078 2741 1149 pastorales
2769 1075 2981 1131 ﬁstulas
3003 1069 3297 1127 conﬁciunt
3322 1082 3390 1120 ac
3409 1069 3824 1131 componunt.

2202 1175 2256 1229 in
2285 1187 2487 1242 easque
2515 1169 2846 1239 inspirantes
2871 1173 2924 1219 et
2951 1160 3292 1218 insufﬁantes
3324 1154 3634 1226 pastorale
3679 1166 3820 1204 car-

2203 1281 2330 1320 men
2365 1261 2733 1323 modulantur,
2770 1257 3026 1325 verisque
3069 1252 3344 1319 voluptate
3387 1244 3825 1316 perfruuntur,

2203 1358 2256 1412 in
2302 1355 2469 1425 petris
2529 1353 2611 1407 vel
2642 1348 2916 1407 umbrosis
2963 1343 3276 1404 arboribus,
3305 1346 3542 1408 propter
3598 1349 3826 1387 auram

2201 1458 2254 1502 et
2303 1446 2642 1502 moderatum
2694 1442 2828 1497 solis
2878 1439 3117 1494 calorem
3176 1432 3450 1490 sedentes.
3513 1427 3700 1480 Nunc
3769 1434 3830 1477 et

2204 1542 2507 1610 plantarum
2537 1537 2714 1590 cultor
2739 1533 2952 1602 plautas
2972 1526 3340 1588 circumfodit,
3371 1531 3429 1576 et
3458 1525 3827 1590 perpurgat,

2201 1643 2364 1700 atque
2397 1628 2544 1682 omni
2577 1627 2789 1681 ratione
2821 1623 2954 1678 colit
2988 1633 3081 1676 :et
3111 1631 3309 1686 auceps
3337 1615 3604 1669 calamos
3631 1625 3824 1700 quos-

2203 1699 2325 1776 dam
2367 1717 2640 1786 accipiens
2681 1731 2744 1767 ex
2807 1713 2874 1766 iis
2926 1710 3153 1765 aviculis
3183 1719 3379 1762 caveas
3427 1699 3722 1758 exstruit,
3750 1712 3824 1751 ac

2200 1812 2444 1868 viseosos
2471 1822 2653 1863 ramos
2679 1807 2950 1875 inspectat
2969 1843 2985 1865 ,
3009 1815 3138 1854 num
3171 1807 3313 1851 recte
3335 1808 3396 1848 se
3429 1793 3730 1850 habeant,
3751 1803 3821 1840 ac

2198 1917 2403 1974 pennas
2427 1914 2483 1956 et
2511 1900 2745 1954 volatum
2774 1896 2954 1950 avium
2985 1891 3197 1946 curiose
3219 1887 3472 1955 explorat
3497 1923 3517 1947 ,
3546 1883 3666 1974 hoc
3697 1894 3814 1944 csa,

2202 1971 2384 2049 utrum
2419 1992 2484 2044 ad
2514 2003 2697 2042 ramos
2718 1986 2862 2040 visco
2885 1983 3084 2037 oblitos
3114 1979 3408 2050 volent,~an
3444 1974 3566 2027 alio
3599 1971 3810 2024 feran-

2201 2097 2309 2140 tur.
2341 2088 2517 2153 Atque
2537 2083 2699 2136 etiam
2731 2080 2972 2148 piscator
3005 2075 3058 2128 in
3093 2071 3430 2142 profundum
3465 2065 3716 2135 aspicit,
3752 2072 3813 2117 et

2201 2191 2315 2237 rete
2366 2193 2525 2234 suum
2583 2183 2830 2245 apparat,
2877 2180 2934 2226 et
2980 2169 3034 2224 in
3086 2162 3309 2222 sublimi
3345 2160 3598 2231 quadam
3641 2165 3808 2228 petra

2201 2272 2398 2328 sedens
2438 2271 2711 2337 piscator.

2271 2362 2406 2417 Ibid.
2438 2359 2488 2413 Ν
2494 2375 2596 2413 unc
2633 2355 2834 2412 sedula
2855 2368 2976 2422 aper
2995 2391 3009 2418 ,
3041 2348 3227 2404 solutis
3256 2345 3470 2416 pennis,
3492 2351 3609 2399 etc.
3637 2339 3806 2393 νει-ξε

2201 2456 2364 2511 etiam
2421 2462 2667 2519 tempore
2725 2447 2946 2516 sapiens
2995 2451 3050 2497 et
3103 2437 3374 2494 industria
3424 2435 3573 2504 apis,
3607 2443 3672 2487 ut
3712 2442 3803 2486 est

2200 2544 2341 2615 apud
2377 2541 2747 2602 Salomonem,
2781 2549 3014 2605 pennam
3045 2545 3200 2585 suam
3222 2567 3239 2591 ,
3290 2527 3360 2581 ab
3409 2526 3658 2578 hiberno
3685 2521 3800 2615 fri-

2201 2614 2351 2708 gore,
2379 2634 2534 2704 quasi
2564 2646 2596 2686 a
2623 2629 2843 2685 vinculo
2873 2625 3110 2696 quodam
3140 2628 3569 2690 torpescentem.
3609 2614 3801 2708 velut:

2201 2706 2308 2800 que
2355 2717 2746 2788 constrictam,
2777 2719 2964 2784 solvit,
3015 2724 3178 2786 atque
3234 2714 3304 2767 ab
3353 2709 3704 2769 alvearibus,
3737 2706 3795 2758 in

2202 2821 2401 2892 quibus
2444 2817 2673 2879 habitat,
2705 2829 2769 2869 ac
2797 2813 2903 2866 mel
2937 2819 3199 2878 tanquam
3236 2806 3293 2859 in
3327 2803 3545 2858 horreis
3586 2814 3797 2853 recon—

2203 2913 2304 2984 dit,
2339 2907 2649 2979 egreditur,
2701 2913 2755 2959 et
2806 2903 2862 2957 in
2917 2901 3130 2963 hortos,
3179 2905 3232 2952 et
3277 2895 3498 2948 ﬁoribus
3550 2902 3792 2942 alumna

2204 2981 2320 3054 loca
2353 2996 2629 3058 convolat,
2653 3009 2718 3048 ac
2747 3007 2932 3048 ceram
2978 2987 3199 3060 quidem
3228 3001 3294 3040 ex
3321 2981 3537 3037 ﬂoribus
3576 2988 3790 3045 aperte

2203 3087 2430 3158 colligit,
2459 3085 2566 3141 mel
2621 3093 2827 3146 autem,
2877 3081 2982 3135 hoc
3023 3085 3128 3142 est,
3178 3075 3476 3143 inspersum
3528 3064 3791 3120 fioribus

2204 3182 2506 3240 humorem,
2551 3191 2647 3231 ore
2676 3180 2991 3236 attractum,
3026 3167 3275 3223 favorum
3306 3160 3640 3218 caritatibus
3675 3158 3787 3212 im-

2202 3273 2386 3330 mittit.
2420 3272 2550 3337 Qua:
2601 3271 2766 3325 etiam
2824 3279 2990 3322 causa
3043 3273 3145 3326 est,
3177 3276 3275 3316 cur
3323 3258 3480 3312 initio
3512 3256 3780 3310 acerbum

2202 3377 2364 3434 atque
2421 3377 2667 3417 amarum
2727 3360 2820 3423 sit,
2853 3365 3112 3412 caeterum
3166 3351 3429 3420 temporis
3479 3358 3781 3416 progressu

2202 3465 2523 3513 concoctum
2555 3454 2621 3509 ad
2651 3452 2922 3524 propriam
2954 3445 3401 3503 constitutionem
3421 3439 3779 3496 suavitatem-

2202 3565 2311 3620 que
2367 3547 2526 3602 redit.
2573 3545 2843 3616 Σύριγγες
2896 3554 3061 3610 porro
3112 3536 3369 3592 dicuntur
3418 3548 3556 3588 cava
3600 3531 3693 3584 illa
3723 3538 3776 3582 et

2201 3642 2433 3712 oblonga
2492 3641 2599 3694 duo
2660 3635 2835 3691 mellis
2891 3630 3282 3704 promptuaria.
3322 3627 3550 3681 Diverso
3594 3637 3772 3678 autem

2201 3743 2366 3803 atque
2381 3729 2635 3800 opposito
2667 3727 2829 3783 modo
2851 3725 2955 3782 sibi
2984 3725 3215 3779 invicem
3249 3721 3609 3790 respondent,
3640 3733 3773 3787 quo-

2202 3825 2347 3878 niam
2380 3821 2484 3876 alia
2511 3820 2577 3874 ad
2603 3829 2806 3875 rectam
2848 3817 3047 3871 lineam
3076 3813 3254 3884 posita
3277 3821 3436 3876 sunt,
3466 3811 3577 3865 alia
3615 3823 3771 3878 supe-

2203 3916 2442 3970 rioribus
2496 3912 2838 3967 fundamenti
2869 3910 2989 3966 loco
3025 3918 3176 3972 sunt,
3208 3905 3498 3974 mellisque
3543 3902 3772 3956 admini-

2201 4008 2321 4064 cnla
2346 4047 2360 4070 ,
2417 4022 2523 4060 non
2584 4004 2767 4058 minus
2801 4003 2868 4057 ad
2902 4001 3082 4071 Operis
3117 3997 3468 4068 elegantiam,
3499 4009 3668 4064 quam
3708 3992 3766 4047 ad

2202 4099 2572 4156 securitatem.
2623 4095 2773 4149 Adeo
2829 4093 2968 4149 scite
3018 4102 3074 4147 et
3123 4091 3355 4146 solerter
3405 4085 3523 4155 apis
3580 4086 3766 4139 horrea

2201 4189 2380 4245 mellis
2414 4187 2732 4242 fabricatur.
2809 4182 3020 4237 Etenim
3055 4195 3236 4235 ceram
3271 4179 3324 4232 in
3355 4187 3574 4232 tenuem
3602 4189 3767 4228 mem-

2203 4285 2428 4337 branam
2483 4276 2841 4340 distendens,
2868 4276 3067 4329 densas
3118 4283 3173 4326 et
3219 4270 3511 4325 continuas
3549 4269 3769 4320 interse

2203 4372 2464 4428 caritates
2477 4358 2731 4438 porrigit,
2749 4366 2824 4419 ita
2845 4373 2903 4419 ut
2923 4363 3197 4419 densailla
3219 4376 3400 4415 rerum
3422 4358 3766 4413 minimaru

527 4458 659 4510 lium
692 4455 998 4509 invocantia
1033 4475 1048 4522 ;
1090 4456 1424 4526 πτεροῦσθαι
1451 4469 1657 4520 autem,
1692 4459 1794 4513 hoc
1837 4469 1940 4517 est.
1968 4477 2093 4528 pen—
2125 4457 2178 4516 D
2205 4465 2348 4518 inter
2377 4476 2436 4516 se
2464 4459 2791 4528 compositio
2844 4457 3158 4511 universum
3190 4454 3472 4524 opiﬁcium
3504 4457 3766 4505 su5teutet

525 4549 608 4602 nis
635 4548 851 4610 instrui,
886 4563 1077 4602 navem
1127 4548 1371 4601 adhibito
1416 4550 1539 4603 velo
1579 4550 1730 4612 dicit,
1764 4550 2000 4606 fortasse
2034 4553 2102 4606 ab

525 4638 761 4695 Homero
803 4639 944 4694 hanc
987 4654 1176 4694 vocem
1229 4649 1532 4708 mutuatus,
1577 4643 1703 4712 quia
1745 4643 1860 4698 vela
1899 4659 2105 4712 pennas

525 4732 679 4786 navis
735 4730 1044 4800 appellavit,
1078 4731 1158 4784 vel
1186 4733 1347 4785 etiam
1403 4731 1634 4788 fortasse
1691 4735 1762 4790 ab
1811 4735 1968 4799 Isaia,
2030 4735 2098 4790 de

524 4825 852 4896 quibusdam
879 4823 952 4878 ita
979 4825 1274 4894 loquente:
1313 4822 1573 4878 Volabant
1607 4825 1662 4876 in
1694 4824 1936 4878 navibus.
1978 4822 2099 4890 Quo

525 4917 691 4970 verbo
715 4916 1000 4987 navigandi
1025 4925 1080 4969 et
1111 4916 1409 4985 remigandi
1435 4915 1769 4969 celeritatem
1806 4915 2097 4984 expressit,

524 5025 648 5066 eum
672 5006 984 5078 hojusmodi
1007 5007 1356 5074 agitationem
1387 5022 1508 5061 eum
1541 5007 1720 5061 volatu
1740 5006 2097 5076 comparavit,

524 5101 743 5172 quando
777 5099 953 5169 plenis
990 5099 1145 5163 velis,
1177 5115 1241 5154 ac
1275 5109 1434 5154 vento
1468 5099 1534 5154 ad
1568 5099 1787 5170 puppim
1813 5100 2099 5154 commode

525 5205 573 5249 et
598 5203 964 5262 congruenter
993 5191 1174 5258 ﬂante,
1210 5193 1261 5246 in
1299 5192 1433 5246 mari
1467 5190 1738 5247 feruntur.
1769 5193 1847 5245 Ac
1886 5191 2098 5262 delphi-

525 5303 626 5344 nus
651 5288 835 5352 etiam,
866 5287 1071 5355 inquit,
1097 5301 1219 5339 eum
1243 5284 1645 5354 iucundissimo
1664 5283 1882 5340 sufﬁatu
1921 5299 1951 5339 e
1969 5299 2096 5354 pro-

525 5379 690 5434 fundo
710 5381 775 5432 ad
794 5394 948 5447 aqua:
965 5377 1306 5444 superﬁciem
1325 5375 1496 5430 ἄναπέ
1507 5393 1728 5447 μπεται,
1750 5375 1802 5430 id
1825 5386 1928 5443 est,
1949 5376 2102 5444 επεν,

524 5487 613 5528 tur
633 5484 687 5528 et
714 5475 1050 5538 ascendit,ac
1076 5484 1318 5527 vectores
1344 5473 1494 5527 ltetos
1511 5479 1566 5527 et
1591 5472 1790 5526 hilares
1813 5471 2096 5540 prosequi—

524 5562 786 5631 tur.,Nam
831 5564 1143 5632 huiusmodi
1179 5564 1409 5632 piscium
1449 5562 1807 5617 saltitationes
1832 5563 2097 5630 tranquil-

525 5661 725 5713 litatem
766 5658 1027 5712 iudicant.
1087 5655 1205 5708 .lam
1229 5655 1390 5708 etiam
1427 5663 1667 5708 aratrum
1689 5653 1928 5722 agricola
1949 5671 2095 5708 eom-

526 5752 692 5822 pingit
721 5763 772 5806 et
803 5750 1104 5819 componit,
1129 5758 1178 5803 et
1209 5751 1371 5804 boves
1405 5757 1652 5802 aratores
1693 5748 1824 5814 jugo
1853 5748 2091 5810 stringit.

2207 4569 2272 4609 ac
2326 4551 2534 4608 fulciat.
2572 4549 2924 4619 Unaquaeque
2984 4547 3132 4601 enim
3195 4545 3390 4600 cellula
3424 4558 3547 4598 cum
3595 4542 3754 4592 altera

2205 4644 2466 4704 cohaeret,
2498 4640 2646 4694 tenui
2679 4646 2833 4707 septo
2871 4638 2940 4691 ab
2967 4652 3030 4691 ea
3060 4637 3327 4704 dirempta
3367 4633 3598 4688 simulet
3626 4645 3753 4682 con-

2200 4735 2414 4804 juncta.
2460 4731 2662 4784 Deinde
2705 4729 2788 4782 hae
2835 4727 3030 4782 ﬁstulae
3071 4727 3144 4780 ita
3183 4733 3480 4780 exstructa
3527 4732 3666 4783 sunt,
3699 4731 3758 4774 ut

2204 4828 2314 4882 duo
2343 4835 2509 4896 atque
2559 4825 2694 4878 adeo
2728 4823 2831 4876 tria
2884 4821 3124 4874 tabulata
3170 4819 3428 4874 habeant.
3469 4815 3650 4870 Verita
3677 4824 3758 4868 est

2204 4920 2349 4973 enim
2383 4931 2547 4972 unam
2592 4929 2685 4982 per
2735 4912 3049 4967 universam
3115 4910 3405 4965 cavitatem
3464 4908 3662 4968 facere,
3695 4920 3758 4958 ne

2205 5010 2472 5081 gravitate
2531 5006 2825 5074 depressus
2876 5004 3074 5057 humor
3120 5000 3189 5056 ad
3240 5010 3522 5054 externam
3557 5007 3754 5066 partem

2207 5101 2498 5154 laberetur.
2535 5094 2654 5149 1am
2687 5107 2814 5148 vero
2841 5107 3032 5147 omnes
3059 5088 3544 5145 favorum’ﬁstula:
3573 5102 3756 5140 sexan-

2205 5191 2340 5262 gula:
2372 5197 2426 5243 et
2455 5187 2784 5257 aequilaterte
2807 5193 2959 5249 sunt,
2989 5198 3096 5238 non
3122 5195 3302 5237 autem
3333 5181 3387 5235 in
3417 5191 3622 5234 rectum
3645 5179 3754 5232 alia:

2204 5281 2326 5336 aliis
2355 5280 2753 5339 incumbentes,
2793 5292 2859 5331 ne
2903 5276 3025 5329 imae
3055 5284 3237 5344 partes
3285 5272 3542 5326 inanibus
3573 5271 3754 5338 adjun-

2203 5382 2303 5427 clue
2354 5370 2582 5425 nimium
2637 5377 2969 5439 premantur,
2999 5381 3186 5420 verum
3218 5365 3398 5435 anguli
3444 5363 3748 5418 inferiorum

2206 5469 2644 5535 hexagonorutn,
2697 5462 2761 5515 iis
2809 5461 2901 5531 qui
2953 5461 3288 5529 superiorem
3321 5460 3500 5513 locum
3557 5465 3748 5520 tenent,

2205 5558 2356 5614 basis
2382 5565 2436 5611 et
2471 5554 2828 5610 sustentaculi
2865 5552 3038 5606 vicem
3077 5551 3340 5621 przebent,
3375 5561 3432 5606 ut
3462 5565 3624 5619 super
3662 5564 3747 5603 eos

2204 5659 2319 5703 tuto
2375 5648 2612 5715 pondera
2664 5646 3002 5707 attollantur,
3037 5659 3099 5697 ac
3161 5642 3411 5708 privatim
3460 5642 3527 5693 ad
3572 5656 3744 5694 unam.

2205 5757 2476 5808 quamque
2523 5740 2809 5794 caritatem
2862 5737 3057 5790 humor
3114 5733 3447 5790 demittatur.
3485 5730 3565 5784 Ad
3621 5731 3740 5783 hunc
