3996 6206
253 312 397 376 1433

1143 310 1469 372 ΝΙΟΕΤᾹΞ
1510 313 1590 373 IN
1631 312 1862 377 ORAT.
1903 316 2103 376 XLIII
2143 320 2203 380 S.
2248 316 2483 379 GREG.

3366 322 3507 386 1434

254 423 485 482 modum
540 428 659 495 apis
711 438 849 491 opus
898 437 1061 478 suum
1116 425 1483 485 constituens.
1534 437 1598 478 ac
1652 430 1990 485 rectasAet
2040 431 2380 501 triumphum
2436 434 2662 498 obeunt.
2735 433 2962 504 piosque
3009 432 3157 488 viros
3205 442 3259 487 et
3304 432 3505 489 Christi

256 519 438 574 lineas
470 517 682 587 angulis
712 518 992 571 alternans
1039 516 1091 570 id
1134 525 1237 580 est,
1272 517 1662 588 constringens
1686 522 1834 583 (nam

259 626 390 667 cum
419 610 540 666 dua:
569 618 734 665 recte
761 608 919 664 linea:
953 609 1096 663 inter
1122 623 1185 664 se
1216 609 1552 672 inseruntur,
1597 611 1699 664 hoc
1730 620 1835 672 est,

265 702 600 766 vinciuntur,
644 715 815 770 seque
869 701 1238 763 intersecaut,
1294 701 1528 772 angulus
1573 701 1835 772 gignitur)

262 800 450 862 aptum
505 790 747 847 curatori
786 790 1001 847 dulcem
1059 790 1318 856 fructum,
1352 806 1453 847 nec
1502 790 1689 846 labore
1723 791 1836 844 ullo

260 894 317 940 et
335 885 582 939 aratione
607 884 921 954 quaesitum,
938 883 1033 940 sed
1052 884 1201 939 omni
1233 900 1478 940 aerumna
1505 895 1558 939 et
1587 885 1836 954 corporis

256 976 549 1031 vexatione
572 984 849 1031 carentem
875 976 1114 1045 profert:
1141 975 1600 1045 quemadmodum
1625 976 1832 1031 utinam

259 1082 366 1123 nos
394 1082 635 1138 quoque,
666 1066 761 1138 qui
787 1067 990 1123 Christi
1015 1068 1284 1137 apiarium
1318 1082 1511 1124 sumus
1531 1109 1547 1135 ,
1578 1069 1837 1137 spiritua-

259 1159 369 1212 lem
402 1169 458 1212 et
493 1156 652 1213 nobis
685 1159 906 1227 dignum
934 1158 1171 1213 fructum
1204 1156 1307 1227 ipsi
1340 1158 1707 1227 porrigamus,
1738 1157 1833 1225 qui

260 1247 371 1302 tale
402 1248 602 1322 partim
635 1246 936 1316 sapientiae;
970 1247 1167 1316 partim
1221 1246 1506 1301 industria:
1540 1256 1593 1301 et
1628 1247 1835 1301 seduli-

263 1337 393 1393 tatis
422 1338 728 1407 exemplum
759 1338 828 1392 ab
855 1353 957 1409 ape
986 1339 1321 1408 accepimus.
1350 1338 1482 1392 Nam
1541 1350 1834 1408 utramque

262 1420 478 1484 laudem
513 1429 773 1485 Salomon
797 1431 850 1484 in
873 1430 1184 1486 Proverbiis
1203 1431 1292 1501 api
1319 1429 1732 1495 tribuit,dicens
1763 1430 1819 1485 ‘:

263 1521 433 1592 Perge
460 1523 526 1578 ad
552 1524 721 1595 apim,
744 1538 810 1579 ac
836 1523 1006 1589 disce,
1035 1539 1199 1593 quam
1233 1523 1499 1579 industria
1529 1524 1621 1589 sit,
1642 1537 1836 1591 quam-

260 1628 370 1683 que
401 1614 691 1670 honestum
718 1625 771 1671 et
799 1615 1115 1686 praeclarum
1144 1626 1413 1686 quzestum
1439 1615 1643 1670 faciat:
1671 1628 1831 1681 emus

261 1703 497 1771 labores,
533 1715 589 1761 et
621 1708 915 1776 principes,
948 1716 1005 1763 et
1051 1708 1274 1776 privati,
1312 1709 1472 1763 bona:
1501 1706 1832 1761 valetudinis

263 1811 397 1868 ergo
447 1773 777 1870 percipiunt,
801 1773 865 1855 ﬁet
912 1773 1226 1871 quan—quam
1271 1800 1478 1856 viribus
1532 1798 1828 1859 imbecilla,
1861 1773 1909 1832 Β

262 1889 406 1958 apud
436 1904 626 1946 omnes
647 1899 826 1945 tamen
855 1892 1105 1947 amabilis
1135 1900 1217 1949 est
1247 1902 1301 1947 et
1335 1892 1584 1956 illustris,
1608 1891 1835 1960 sapien-

263 1979 462 2048 tiaeque
493 1980 653 2037 laude
684 1984 950 2039 instructa
988 2000 1020 2039 a
1060 1984 1170 2041 Deo
1204 1994 1489 2056 procreata
1521 1993 1622 2041 est.

331 2070 451 2127 Col.
475 2073 581 2127 6l9
638 2073 701 2128 Β.
727 2074 849 2129 lam
872 2076 986 2131 auis
1016 2076 1199 2131 nidum
1230 2079 1512 2142 construit,
1544 2088 1649 2133 etc.
1681 2077 1838 2132 Nunc

256 2168 424 2220 etiam
457 2182 612 2232 aves,
637 2172 834 2238 partim
868 2169 1094 2247 festucis
1116 2170 1441 2241 quibusdam
1464 2179 1559 2226 aut
1582 2171 1836 2241 quisqui-

261 2251 352 2307 liis
385 2254 623 2323 acceptis
662 2256 822 2311 nidos
851 2257 1140 2324 aedificant;
1163 2260 1358 2326 partim
1383 2274 1414 2313 e
1438 2260 1738 2329 longinquo
1767 2260 1834 2315 ad

262 2342 448 2397 nidum
508 2359 569 2400 se
598 2345 890 2402 conferunt
919 2356 1014 2403 aut
1041 2347 1286 2403 referunt
1315 2367 1332 2416 ;
1367 2351 1565 2421 partim
1616 2352 1728 2421 jam
1780 2355 1834 2406 in

259 2450 385 2489 eum
415 2435 728 2508 immigrant
777 2451 939 2511 atque
967 2443 1384 2513 ingrediuntur;
1423 2446 1618 2513 partim
1670 2462 1831 2515 supra

263 2526 451 2581 nidum
506 2529 713 2597 volant,
751 2546 815 2586 ac
855 2532 1001 2588 circa
1052 2536 1297 2589 nativum
1329 2536 1509 2591 locum
1544 2538 1833 2593 stridorem

260 2620 431 2675 edunt
477 2630 531 2675 ct
582 2624 852 2693 garriunt,
882 2634 1044 2696 atque
1076 2627 1350 2683 hominem
1407 2630 1553 2684 velut
1597 2631 1836 2700 alloquio

260 2714 496 2783 quodam
527 2714 825 2785 excipiunt.
856 2719 935 2771 Ac
965 2716 1213 2788 proinde,
1244 2735 1351 2775 non
1380 2720 1504 2776 εαξιί
1545 2720 1833 2786 duntaxat,

258 2806 363 2862 etsi
394 2821 579 2863 vocem
610 2823 716 2862 non
750 2809 993 2874 edentes,
1046 2809 1141 2866 Dei
1199 2813 1425 2885 gloriam
1468 2822 1729 2868 enarrant
1760 2816 1783 2846 ²
1817 2829 1834 2879 ;

258 2894 354 2948 sed
399 2895 505 2949 alia
562 2896 727 2949 etiam
788 2898 993 2959 omnia,
1032 2906 1198 2966 atque
1231 2899 1368 2955 adeo
1425 2901 1526 2970 ipsi
1579 2916 1834 2971 passeres

259 2983 487 3038 vocibus
520 2985 687 3039 mutis
730 2982 824 3039 Dei
866 2986 1054 3041 laudes
1088 2990 1404 3057 przedicant.
1443 2989 1579 3045 Nam
1610 3000 1835 3062 propter

262 3075 377 3127 lucc
402 3074 607 3136 omnia,
640 3091 760 3143 qua:
796 3077 1004 3131 ratione
1057 3087 1111 3132 ct
1156 3081 1427 3137 sermonis
1462 3097 1565 3138 usu
1616 3091 1829 3149 carent,
1864 3118 1906 3178 α

262 3178 358 3234 per
393 3179 499 3227 me,
538 3164 627 3218 cui
666 3166 803 3239 ratio
851 3176 906 3220 et
936 3168 1188 3237 loquendi
1237 3172 1469 3227 facultas
1501 3174 1702 3228 tributa
1726 3183 1833 3240 est,

265 3254 517 3311 Creatori
549 3256 736 3327 gratia:
770 3267 1027 3328 aguntur,
1045 3271 1205 3329 atque
1243 3262 1346 3316 hac
1374 3264 1586 3317 ratione
1614 3263 1833 3316 illorum

264 3347 502 3403 laudatio
537 3363 655 3404 mea
686 3347 936 3415 etlicitur,
967 3360 1151 3418 utpote
1174 3367 1205 3406 a
1230 3354 1429 3421 quibus
1453 3368 1556 3421 ego
1577 3353 1833 3407 laudandi

220 3438 358 3495 'Dei
416 3440 697 3499 materiam
745 3449 800 3495 et
855 3451 1234 3511 argumentum
1288 3444 1466 3514 capio.
1540 3443 1835 3500 Enimvero

266 3532 443 3585 ridere
473 3545 582 3585 non
645 3541 732 3586 est
782 3532 1071 3602 cujuslibet
1119 3533 1437 3597 animantis.
1471 3539 1565 3591 sed
1598 3536 1839 3594 hominis

266 3622 440 3677 solius
477 3622 782 3691 proprium.
835 3621 1019 3690 Quare
1070 3625 1174 3680 hoc
1224 3625 1345 3680 loco
1375 3626 1604 3681 abusive
1631 3626 1836 3682 dictum

263 3723 373 3780 est,
401 3729 566 3770 omne
593 3715 954 3771 animantium
1000 3732 1172 3786 genus
1213 3718 1411 3784 ridere,
1446 3718 1549 3774 hoc
1586 3729 1672 3774 est
1702 3735 1839 3791 gau-

264 3807 394 3865 dere
448 3816 613 3880 atque
666 3809 949 3866 obiectari.
994 3811 1133 3877 Quin
1179 3813 1343 3866 etiam
1396 3827 1593 3869 sensus
1646 3828 1838 3869 omnes

264 3900 458 3965 nostri,
487 3910 546 3956 ut
575 3901 773 3972 cuique
804 3905 1081 3974 congruit,
1122 3912 1442 3971 pascuntur.
1472 3902 1606 3958 Nam
1650 3919 1682 3959 e
1709 3920 1838 3959 sen-

263 3991 535 4058 sibilibus,
584 3992 639 4048 in
689 4010 811 4064 quae
853 3994 1230 4066 unusquisque
1260 4010 1455 4055 sensus
1486 3995 1621 4063 agit,
1655 3996 1841 4052 suavi-

262 4093 432 4139 latum
472 4085 688 4141 fructus
717 4088 1070 4157 percipimus.
1092 4086 1225 4155 Quae
1263 4098 1446 4145 autem
1478 4089 1546 4145 de
1574 4103 1717 4158 equo
1745 4088 1836 4143 hic

261 4175 537 4243 dicuntur,
564 4168 642 4233 ab
667 4176 900 4234 Homero
921 4189 1141 4250 accepta
1165 4182 1578 4252 paraphrastice
1637 4181 1863 4239 extulit.

263 4269 596 4339 Theologus.
620 4270 712 4326 Sic
732 4271 881 4327 enim
924 4282 1080 4341 poeta
1108 4275 1350 4345 loquitur
1385 4291 1400 4329 :

344 4359 436 4426 Ὦς
466 4362 514 4416 δ’
543 4362 573 4416 ὃ
596 4363 659 4417 τὲ
689 4380 773 4426 τις
804 4364 1017 4430 στατός,
1048 4374 1156 4420 etc.

1938 532 2186 578 amantes
2209 525 2276 578 ad
2305 524 2410 580 hoc
2434 525 2632 580 festum
2675 532 3002 588 convocant,
3032 523 3508 591 certaminumque

1936 630 2163 668 suorum
2195 617 2539 672 narrationes
2590 617 2820 685 publica
2863 615 3132 685 cujusque
3168 614 3410 669 historia:
3444 630 3510 670 ac

1941 708 2312 762 dimicationis
2339 724 2437 778 pro
2467 709 2686 763 Christo
2717 720 2985 777 suscepta:
3008 709 3237 762 lectione
3263 707 3510 775 promul-

1936 807 2088 867 gant.
2118 797 2358 864 Quorum
2392 813 2695 871 martyrum
2754 815 3043 854 numerum
3091 807 3253 868 auget
3280 797 3508 863 Marnas,

1939 906 2093 945 meus
2120 891 2364 958 quidem,
2390 892 2650 960 quoniam
2684 892 2801 961 ipse
2838 906 3059 960 quoque
3082 891 3370 958 Cappadox
3403 897 3513 952 est.

1938 997 2047 1037 non
2075 992 2256 1036 autem
2286 982 2430 1053 apud
2471 998 2577 1047 me,
2618 994 2806 1052 utpote
2836 983 2890 1037 in
2926 982 3102 1035 aliena
3137 988 3280 1035 terra
3319 979 3510 1033 condi-

1939 1084 2048 1141 tus,
2086 1093 2280 1148 nempe
2334 1078 2534 1133 iioriaz.
2610 1076 2727 1132 Divi
2783 1077 2927 1131 enim
2986 1075 3276 1130 Mamantis
3314 1087 3515 1141 corpus

1935 1168 2198 1223 Caesarea:
2260 1169 2423 1224 situm
2490 1178 2574 1222 est
2624 1186 2638 1222 :
2696 1168 2789 1238 qui
2850 1175 3031 1221 autem
3106 1166 3220 1220 haec
3274 1163 3510 1224 dicebat,

1937 1258 2175 1312 Arianzo
2209 1271 2359 1313 ortus
2387 1268 2527 1313 erat.
2559 1260 2823 1313 Canermn
2853 1255 2980 1326 quia
3014 1262 3280 1325 prasente
3310 1253 3514 1306 Basilio

1936 1350 2125 1422 Magno
2150 1352 2289 1404 hanc
2310 1351 2612 1405 orationem
2641 1350 2871 1404 habebat
2887 1349 3204 1418 Gregorius,
3226 1354 3515 1415 propterea

1934 1443 2070 1500 scite
2117 1443 2362 1515 adjunin
2398 1461 2413 1501 :
2446 1442 2701 1499 Facessat
2743 1443 2974 1505 invidia,
3046 1441 3203 1511 quasi
3249 1440 3509 1494 diceret:

1936 1533 2014 1589 Ne
2048 1536 2177 1590 mihi
2222 1551 2569 1597 succenseas,
2626 1534 2808 1590 divine
2839 1533 3027 1595 Basili.
3069 1532 3117 1587 si
3162 1534 3308 1601 quod
3360 1539 3515 1585 tuum

1934 1633 2041 1686 est,
2076 1625 2469 1680 benevolentiae
2513 1625 2708 1681 affectu
2764 1625 2900 1680 mihi
2945 1624 3186 1688 vindico,
3221 1635 3515 1691 meumque

1939 1716 2184 1773 nomino.
2222 1714 2432 1769 Bonum
2492 1715 2635 1771 enim
2691 1714 2866 1778 illud,
2928 1716 3074 1783 quod
3115 1713 3248 1769 mihi
3301 1724 3513 1769 assero.

1936 1806 2210 1878 eiusmodi
2248 1816 2356 1867 est.
2392 1816 2449 1859 ut
2482 1805 2872 1859 detrimentum
2908 1804 3136 1869 nesciat,
3160 1818 3226 1858 ac
3259 1800 3518 1871 perennis

1935 1910 1992 1956 et
2053 1901 2412 1954 inexhaustus
2469 1899 2762 1952 thesaurus
2811 1903 2896 1949 est
2948 1892 3179 1947 Marnas.
3214 1891 3319 1958 Qui
3359 1890 3515 1961 prius

1935 1993 2152 2065 quidem
2186 1992 2239 2045 in
2266 2000 2452 2045 monte
2478 2003 2664 2044 cervas
2696 1986 2995 2057 mulgebat,
3023 1998 3350 2053 unaquaque
3379 1981 3517 2034 mira

1936 2086 2289 2141 contentione
2322 2093 2375 2139 et
2398 2083 2580 2139 studio
2602 2089 2949 2143 accurrente,
2978 2093 3044 2133 ac
3074 2090 3368 2132 mammam
3393 2082 3518 2127 ante

1936 2175 2075 2230 alias
2111 2189 2304 2230 omnes
2350 2173 2576 2245 martyri
2639 2172 2962 2228 submittere
3013 2169 3297 2240 gestiente.
3334 2175 3393 2220 ut
3426 2179 3519 2234 per

1934 2284 2055 2324 eam
2083 2277 2307 2323 sanctus
2339 2266 2662 2321 admirando
2697 2274 2751 2319 et
2777 2263 3042 2319 inusitato
3076 2261 3214 2316 lacte
3243 2259 3515 2314 aleretur:

1933 2375 2085 2417 nunc
2128 2371 2312 2415 autem
2364 2359 2627 2415 Caesareae
2684 2357 2893 2427 plebem
2940 2354 3138 2427 pascit.
3191 2350 3315 2406 Uno
3371 2350 3516 2405 enim

1936 2452 2155 2508 circiter
2177 2453 2245 2507 ab
2266 2452 2400 2507 urbe
2416 2450 2592 2506 stadio
2610 2451 2874 2521 templum
2898 2445 3123 2518 martyri
3142 2449 3518 2500 constructum

1926 2556 2042 2613 cst,
2070 2546 2212 2616 quod
2242 2545 2333 2599 illa
2363 2544 2478 2611 ipsa
2512 2542 2749 2606 Ainmia,
2780 2555 2905 2611 quae
2928 2554 3052 2594 eum
3073 2538 3303 2598 aluerat,
3331 2534 3522 2602 singu‘

1937 2638 2039 2693 lari
2091 2635 2498 2705 magnificentia
2543 2649 2609 2689 eo
2664 2633 2787 2688 loco
2825 2629 3127 2686 aedificasse
3175 2627 3374 2691 fertur,
3410 2634 3521 2693 quo

1938 2739 2061 2800 post
2117 2728 2467 2798 niartyricam
2529 2727 2677 2782 illam
2737 2733 2791 2780 et
2821 2728 3157 2795 postremam
3186 2719 3432 2773 lanceam
3490 2728 3522 2766 e

1938 2823 2173 2884 theatro.
2224 2818 2522 2890 praecordia
2567 2819 2680 2888 jam
2748 2814 3091 2886 erumpentia
3133 2811 3395 2871 retinens,
3430 2806 3519 2859 vix

1938 2908 2155 2965 tandem
2188 2922 2299 2977 prae
2334 2906 2544 2960 ardenti
2596 2903 2870 2958 desiderio
2897 2901 3182 2972 pervenire
3210 2906 3377 2965 atque
3399 2893 3522 2948 ani-

1938 3015 2081 3056 mam
2117 2999 2300 3054 etiiare
2337 2999 2532 3070 patuit.
2577 2994 2635 3050 lu
2675 2996 2779 3050 hoc
2808 2993 2974 3065 igitur
3014 2991 3215 3061 templo
3245 2987 3521 3045 Encamio-

1939 3109 2059 3148 rum
2118 3091 2318 3146 festum
2379 3092 2549 3146 totius
2596 3087 2840 3157 civitatis
2895 3099 3175 3141 concursu
3234 3078 3522 3137 commode

1940 3184 2343 3239 celebrabatur.
2371 3185 2450 3236 Ac
2490 3189 2720 3251 martyr,
2759 3179 2957 3242 inquit,
2993 3176 3047 3230 in
3088 3177 3192 3230 hoc
3238 3172 3520 3227 Encaanin-

1940 3289 2061 3328 rum
2133 3273 2274 3328 festo
2343 3272 2631 3340 Spirituale
2699 3284 2793 3323 ver
2857 3269 3085 3322 innovat
3153 3264 3521 3331 undecunque

1941 3362 2370 3419 c0uiluentibus.
2397 3359 2872 3427 Quemadmodum
2923 3366 3111 3412 autem
3162 3368 3255 3408 ver
3282 3351 3521 3407 munda-

1940 3468 2071 3509 num
2098 3463 2152 3508 et
2183 3453 2436 3508 naturale
2470 3450 2793 3520 multiplicia
2820 3459 2876 3504 et
2906 3449 3050 3504 varia
3085 3448 3282 3503 florum
3320 3458 3520 3515 genera

1940 3544 2152 3616 profert
2196 3560 2211 3599 :
2256 3543 2338 3599 sic
2386 3545 2489 3599 hoc
2544 3558 2764 3614 quoque
2822 3540 3069 3595 divinum
3124 3553 3242 3604 ver,
3306 3537 3518 3591 varium

1939 3638 2161 3708 quidem
2192 3651 2256 3691 ac
2286 3636 2563 3691 diversum
2607 3644 2692 3690 est
2740 3634 2961 3689 virtutis
2991 3629 3361 3694 ornamentis,
3387 3644 3519 3698 qua-

1941 3739 2100 3782 tenus
2130 3742 2199 3782 et
2234 3727 2303 3782 iis
2353 3726 2446 3797 qui
2495 3726 2848 3789 conveniunt,
2897 3722 3039 3778 alius
3074 3721 3236 3775 aliam
3265 3719 3519 3773 virtutem

1939 3834 2126 3874 secum
2163 3817 2320 3874 affert
2351 3837 2365 3873 :
2396 3817 2608 3872 varium
2641 3816 2808 3872 etiam
2834 3813 3185 3869 sermonibus
3221 3811 3520 3878 triumpha-

1943 3911 2109 3976 libus,
2171 3911 2303 3980 quia
2370 3909 2465 3964 alii
2516 3909 2628 3964 alio
2694 3907 2860 3962 modo
2903 3905 3163 3974 martyris
3218 3902 3519 3958 certamina

1940 4011 2168 4057 narrant
2198 3980 2561 4072 laudibusque
2609 4009 3043 4071 prosequuntur,
3099 3996 3191 4050 alii
3258 3993 3519 4050 nimirum

1940 4094 2309 4166 eloquentius,
2343 4093 2434 4149 alii
2463 4092 2848 4162 iueiegantius,
2878 4106 2943 4146 ac
2973 4105 3072 4161 pro
3106 4086 3312 4166 ingenii
3342 4084 3518 4140 facul-

1943 4104 2309 4166 eloquentius,
2343 4104 2434 4149 alti
2463 4104 2848 4162 tltelegantlus,
2878 4106 2943 4146 ac
2973 4105 3072 4161 pro
3108 4104 3311 4233 Ingruit
3342 4104 3518 4140 tacut-

1943 4196 2070 4241 tate.
2094 4188 2290 4256 Atque,
2337 4196 2397 4239 ut
2442 4184 2498 4238 in
2543 4196 2758 4239 summa
2787 4182 2990 4246 dicam,
3028 4195 3125 4235 ver
3158 4180 3173 4234 i
3225 4179 3294 4233 ud
3328 4176 3520 4247 probi-

1941 4279 2092 4339 tatis,
2117 4285 2280 4347 atque
2310 4274 2552 4337 virtutis,
2600 4272 2746 4343 quod
2801 4287 2832 4327 a
2886 4270 3087 4342 pupulo
3111 4268 3188 4333 fit,
3243 4265 3517 4339 praeclaris

1941 4370 2124 4441 populi
2151 4367 2461 4440 pastoribus
2483 4366 2707 4436 dignum
2729 4374 2832 4430 est,
2859 4365 3173 4433 optimeque
3201 4364 3514 4432 respondet.

333 4452 470 4509 Ibid.
499 4452 560 4509 C.
618 4453 758 4520 Quid
793 4468 987 4510 cratera
1018 4462 1458 4515 commemorem?
1501 4461 1659 4517 Nunc
1690 4480 1831 4517 mar-
1865 4451 1910 4506 Ῑ)
1940 4463 2203 4533 Denique,
2236 4469 2295 4515 ut
2322 4475 2433 4515 uno
2473 4460 2640 4514 verbo
2668 4474 2780 4513 rem
2814 4457 3166 4527 c0mplectar,
3196 4456 3392 4525 duplex
3423 4467 3519 4507 ver

178 4624 181 4627 γ
264 4557 422 4619 tyres,
448 4555 555 4601 etc.
586 4545 753 4614 Quid,
780 4548 977 4617 inquit,
1007 4558 1235 4605 caeteras
1258 4552 1398 4605 veris
1417 4554 1830 4612 commoditates

262 4653 543 4694 resen~ere
581 4639 811 4693 attinet?
839 4638 994 4696 Nune
1027 4651 1295 4713 martyres
1324 4645 1624 4701 subdialem
1659 4663 1829 4717 popu-

267 4730 376 4782 lum
439 4732 677 4786 retinent
725 4741 889 4803 atque
941 4742 1096 4789 extra
1132 4743 1355 4801 tectum,
1392 4738 1586 4805 partim
1617 4749 1834 4807 propter

266 4834 495 4888 tempus,
532 4822 783 4879 hiemalis
829 4825 1067 4881 tristitia:
1107 4825 1245 4881 nihil
1276 4826 1505 4892 habens,
1538 4829 1733 4896 partim
1766 4830 1836 4884 ob

266 4912 705 4965 concurrentium
762 4916 1193 4985 multitudinem,
1250 4933 1374 4989 quae
1421 4929 1571 4974 tanta
1632 4931 1737 4985 est,
1781 4930 1840 4975 ut

268 4998 462 5055 domus
521 5015 615 5056 eos
670 5017 770 5057 nec
824 5012 1004 5074 tegere
1046 5022 1147 5063 nec
1196 5007 1479 5078 suscipere
1510 5017 1734 5079 queant.
1762 5008 1839 5064 Ae

268 5105 516 5161 pompam
539 5100 730 5159 agunt,
756 5093 857 5151 hoc
881 5106 966 5152 est
989 5097 1188 5168 insigni
1210 5098 1525 5155 celebritate
1548 5101 1839 5169 prodeunt,

338 5245 355 5277 ¹
396 5242 559 5301 Prov.
598 5261 675 5313 vr,
703 5247 833 5317 6-8;
879 5265 992 5307 sec.
1025 5250 1213 5310 LXX:
1249 5253 1388 5327 πρὸς
1421 5254 1513 5310 τδν
1548 5255 1840 5329 μύρμηκα.

1938 4552 2096 4608 nobis
2116 4561 2219 4617 est,
2234 4551 2462 4606 alterum
2486 4548 2822 4603 mundanum
2855 4558 2909 4603 et
2930 4548 2985 4602 in
3012 4556 3295 4615 aspectum
3315 4543 3516 4599 cadens

1937 4642 2367 4713 corporibusque
2392 4640 2757 4708 conveniens;
2791 4642 3022 4695 alterum
3056 4635 3342 4707 spirituale
3369 4644 3423 4688 et
3447 4634 3517 4689 ab

1938 4735 2226 4791 oculorum
2271 4745 2489 4805 aspectu
2531 4743 2829 4797 remotum,
2863 4731 3174 4802 animisque
3201 4742 3514 4795 congruen-

1938 4827 2235 4883 tissimum.
2285 4826 2404 4892 Quo
2467 4825 2681 4880 utinam
2734 4824 2789 4878 iu
2853 4824 3029 4879 altero
3090 4822 3291 4879 saeculo
3358 4820 3517 4875 nobis

1938 4918 2144 4988 perfrui
2185 4917 2488 4987 contingat.
2546 4914 2902 4970 Perfruemur
2959 4922 3167 4979 autem,
3214 4913 3259 4969 si
3307 4912 3362 4967 in
3414 4911 3517 4967 hac

1939 5011 2050 5064 vita
2105 5009 2334 5063 honeste
2380 5017 2434 5062 et
2483 5005 2831 5060 laudabiliter
2877 5005 3147 5073 vivamus,
3204 5004 3397 5074 sicque
3444 5001 3517 5057 ad

1943 5115 2137 5156 novam
2174 5101 2322 5155 illam
2362 5100 2526 5154 vitam
2562 5099 2930 5157 discedamus.

1947 5258 1967 5289 ³
2008 5256 2150 5311 Psal.
2174 5270 2329 5320 xvnt,
2371 5256 2422 5312 l.
