3996 6206
457 343 594 404 1435)

1861 345 2114 409 ADDEN
2123 348 2237 406 DA.

3570 344 3710 412 ιιειε

1057 683 1176 769 IN
1251 679 1969 773 OBATIONEM
2051 681 2302 800 xu,
2377 681 2678 771 OLIM
2758 683 3092 775 XLIV.

970 1035 1518 1092 ARGUMENTUM.

535 1134 747 1190 Generis
775 1131 1171 1186 demonstrativi
1215 1131 1438 1199 speciem
1467 1145 1668 1198 quoque
1715 1144 1824 1198 pra'
1845 1144 1898 1182 se
1931 1128 2032 1198 fert

466 1228 576 1282 luce
617 1226 810 1280 oratio.
857 1221 982 1277 Non
1022 1232 1197 1276 tamen
1244 1221 1414 1290 magis
1469 1220 1882 1274 demonstrativa
1933 1231 2032 1287 est,

467 1337 626 1390 quam
654 1316 930 1386 judicialis
952 1326 1165 1384 propter
1189 1315 1514 1367 incurrentes
1549 1327 1612 1366 ea:
1635 1313 1854 1367 adverso
1878 1329 2038 1382 oppoo

467 1403 706 1464 sitiones,
739 1415 804 1454 ae
855 1398 1152 1452 necessario
1197 1405 1463 1466 sequentes
1508 1393 1812 1456 solutiones,
1840 1397 2036 1463 princi-

467 1493 613 1560 pium
643 1491 707 1545 ab
745 1491 856 1558 ipsa
882 1506 936 1543 re
970 1489 1196 1542 sumitur
1227 1501 1246 1540 :
1282 1487 1657 1556 propositionis
1697 1496 1870 1542 autem
1913 1504 2036 1542 cono

468 1583 705 1654 ﬁrmatio
732 1598 762 1634 a
791 1597 976 1634 causa.

536 1673 656 1730 Col.
687 1673 793 1726 427
819 1674 885 1728 Δ.
927 1671 1004 1726 De
1031 1673 1128 1726 hoc
1162 1673 1297 1738 festo
1334 1689 1505 1739 pauca
1543 1672 1894 1735 disseramus,
1929 1679 2035 1727 etc.

471 1761 802 1833 'l‘hcologus,
833 1778 929 1832 per
975 1761 1143 1817 animi
1189 1761 1512 1818 modestiam
1568 1777 1666 1817 sua
1718 1771 2039 1824 extenuans,

474 1865 536 1911 ιιι
581 1857 899 1928 plerumque
951 1856 1131 1912 facere
1179 1857 1352 1921 solet,
1406 1871 1570 1924 parva
1635 1869 1699 1908 ea
1760 1855 2038 1917 nominat,

474 1965 597 2016 quae
640 1949 706 2002 de
748 1947 886 2002 festo
933 1949 1184 2002 dicturus
1231 1957 1333 2014 est,
1363 1948 1613 2016 quamvis
1653 1963 1842 2018 magna
1887 1947 2037 2000 sint:

474 2040 592 2094 sive
629 2041 757 2109 quia
790 2041 971 2092 omnia
1021 2056 1143 2109 quae
1182 2041 1248 2094 de
1289 2039 1494 2105 Spiritu
1542 2046 1732 2093 Sancto
1769 2037 2040 2106 quispiam

475 2129 660 2184 dicere
711 2145 777 2186 ac.
833 2130 1482 2204 philosophari‘possit,
1537 2129 1829 2182 admodum
1879 2141 2042 2197 parva

476 2228 626 2282 sunt,
663 2231 928 2290 quantum
982 2222 1048 2274 ad
1109 2220 1346 2288 Spiritus
1379 2217 1692 2287 dignitatem
1727 2215 2041 2290 (tremenda

475 2311 619 2366 enim
668 2329 755 2367 res
795 2322 916 2376 est,
963 2313 1028 2366 de
1095 2313 1381 2366 divinitate
1431 2311 1682 2365 tractatio
1737 2310 2042 2380 majorque,

477 2425 642 2476 quam
707 2419 762 2462 ut
819 2425 918 2478 pro
977 2410 1240 2480 dignitate
1299 2408 1558 2478 explicari
1607 2407 1780 2476 possit
1824 2423 1838 2460 :
1879 2419 2044 2476 atque

477 2501 681 2565 omnis,
727 2518 844 2570 quae
899 2501 966 2556 de
1035 2501 1142 2556 Deo
1208 2501 1438 2554 habetur
1483 2501 1682 2564 oratio,
1732 2499 1908 2554 brevis
1961 2507 2044 2554 est

478 2591 741 2664 humique
793 2595 1098 2662 provoluta,
1153 2609 1252 2647 nec
1315 2593 1552 2647 divinam
1612 2591 2042 2661 magnitudinem

479 2687 694 2756 assequi
737 2687 846 2740 ullo
877 2683 1037 2741 mod'o
1060 2686 1298 2758 potest);
1331 2686 1448 2741 sive
1473 2685 1660 2747 etiam,
1701 2693 1758 2738 ut
1795 2679 2044 2739 nonnulli

479 2779 817 2843 existimant,
861 2779 988 2849 quia
1046 2781 1112 2834 de
1165 2780 1266 2834 hoc
1294 2779 1456 2840 festo.
1509 2777 1614 2833 hoc
1643 2787 1727 2834 est
1759 2779 1826 2833 de
1859 2775 2052 2832 Pente-

481 2878 652 2931 coste,
685 2883 859 2937 pauca
924 2870 1089 2923 verba
1120 2871 1266 2935 facit,
1297 2885 1361 2924 ac
1391 2885 1488 2939 per
1535 2871 1796 2938 reliquum
1827 2883 2044 2922 omnem

483 2959 746 3013 orationis
768 2973 994 3012 cursum
1019 2961 1083 3012 de
1106 2958 1306 3027 Spiritu
1340 2969 1531 3013 sancto
1561 2959 1822 3027 disputat.
1847 2958 2051 3013 Deinde

485 3047 650 3117 hujus
673 3047 1056 3116 disputationis
1106 3049 1372 3102 rationem
1431 3047 1658 3102 reddit:
1703 3045 1792 3112 Ut,
1841 3049 2042 3118 inquit,

482 3139 753 3208 spirluali.
787 3140 947 3196 modo
978 3138 1179 3195 festum
1225 3140 1370 3194 diem
1417 3141 1706 3210 agitemus,
1749 3141 1797 3195 id
1831 3151 1940 3206 est,
1982 3141 2050 3196 de

483 3229 626 3286 festo
656 3231 945 3300 loquamur
972 3245 1036 3286 ac
1085 3231 1528 3300 philosophemur
1572 3233 1636 3285 ad
1671 3233 1900 3303 glorlam
1936 3231 2050 3290 Dei.

485 3321 679 3379 Postea
709 3323 835 3378 huic
868 3323 1288 3387 continuationi,
1331 3325 1474 3395 quod
1504 3325 1570 3380 de
1595 3325 1911 3381 Pentecoste
1977 3326 2048 3382 sit

485 3414 890 3480 disserendum,
922 3416 1388 3470 confirmationem
1424 3417 1586 3471 aliam
1623 3418 1914 3474 subnectit.
1941 3417 2045 3472 Alii

485 3521 722 3577 namque
751 3507 855 3560 alia
887 3507 1012 3564 festi
1067 3508 1374 3562 celebrandi
1430 3510 1638 3563 ratione
1687 3509 2051 3577 oblectamur,

485 3604 548 3650 ut
581 3597 760 3652 mollis
791 3607 846 3651 et
879 3597 1140 3652 delicatus
1159 3597 1393 3664 deliciis,
1421 3598 1788 3667 intemperans
1809 3598 2054 3661 libidine,

2057 1031 2106 1094 Α
2135 1049 2429 1102 corporeos
2455 1035 2622 1090 animi
2654 1045 2837 1093 motus
2867 1052 2923 1092 et
2953 1041 3276 1111 voluptates,
3309 1059 3373 1098 ac
3397 1047 3733 1102 secunda

2135 1126 2408 1183 obscenos
2445 1127 2673 1182 allectus
2704 1144 2892 1184 eorum
2928 1131 3020 1200 qui
3051 1132 3120 1187 ab
3141 1133 3276 1203 ipsis
3320 1136 3554 1204 quidem
3621 1155 3739 1208 pro

2135 1218 2241 1272 diis
2271 1217 2782 1284 t-oluntur,auobis
2829 1229 3008 1276 autem
3054 1237 3152 1291 pro
3205 1223 3559 1284 daemonibus
3631 1233 3748 1283 Isa-

2138 1308 2351 1364 bentur.
2381 1307 2626 1374 Quorum
2651 1309 2742 1363 alii
2797 1310 3156 1366 obscenarum
3187 1329 3368 1368 rerum
3400 1327 3539 1372 sunt
3575 1318 3752 1373 Ὀσο-

2136 1411 2336 1467 ctores,
2377 1403 2830 1471 quemadmodum
2862 1403 3079 1471 ipsimet
3117 1406 3346 1474 gentiles
3403 1408 3740 1465 afﬁrmant.

2137 1491 2270 1547 Nam
2299 1505 2350 1548 et
2373 1493 2594 1548 Martem
2624 1504 2878 1550 asserunt
2904 1495 2996 1550 irae
3018 1498 3300 1564 pnesidem
3323 1510 3379 1554 et
3402 1502 3743 1558 antistitem

2138 1598 2282 1646 esse,
2310 1599 2377 1638 ac
2403 1583 2627 1639 caedium
2663 1585 3023 1640 architectum
3051 1602 3068 1651 ;
3101 1595 3151 1642 et
3195 1585 3458 1644 Venerem
3509 1607 3748 1647 conru-

2142 1675 2416 1746 pisceutize
2437 1677 2772 1742 ctlibidinis;
2797 1676 3122 1734 Mercurium
3147 1680 3274 1734 item
3301 1683 3438 1735 artis
3473 1684 3741 1750 furandi;

2141 1768 2414 1822 Bacchum
2438 1768 2787 1834 temulentiaa,
2807 1779 2974 1840 atque
3005 1772 3145 1825 alios
3169 1771 3404 1827 aliorum
3424 1777 3738 1832 vitiorum.

2142 1860 2244 1914 Alii
2277 1876 2340 1915 ex
2371 1861 2624 1915 obscenis
2655 1861 2818 1916 rebus
2848 1864 3109 1916 honorem
3146 1865 3432 1920 consecuti
3470 1876 3636 1930 sunt,
3677 1880 3746 1922 ut

2145 1950 2427 2020 Hercules,
2457 1952 2716 2022 quoniam
2737 1967 2844 2006 una
2868 1963 3028 2009 nocte
3047 1955 3440 2027 quinquaginta
3459 1957 3747 2030 Thyestis

2147 2043 2286 2099 ﬁlias
2314 2045 2711 2114 constupravit,
2743 2046 2944 2113 aliique
2971 2046 3222 2102 similiter
3245 2048 3316 2102 ob
3357 2049 3530 2104 aliam
3566 2069 3746 2121 spur-

2145 2136 2324 2190 citiem
2354 2147 2410 2190 et
2467 2136 2855 2192 obscenitate-tn
2900 2137 2951 2190 in
2991 2137 3216 2191 deorum
3263 2138 3449 2197 album
3495 2145 3746 2215 ascripti

2145 2237 2292 2282 sunt.
2325 2226 2462 2281 llinc
2509 2229 2590 2292 tit,
2647 2237 2704 2282 ut
2749 2227 2890 2297 apud
2937 2227 3139 2283 Grates:
3176 2231 3608 2300 superstitionis
3643 2249 3742 2288 se-

2147 2329 2384 2377 ctatores
2440 2321 2630 2374 vitiosa
2681 2334 2902 2390 quoque
2943 2320 3014 2375 sit
3065 2319 3326 2376 festorum
3379 2323 3742 2391 agendorum

2147 2413 2308 2469 ratio.
2350 2411 2558 2466 Etenim
2595 2427 3039 2482 unumquemque
3073 2412 3300 2468 deorum
3327 2427 3566 2467 suorum
3597 2431 3748 2468 con-

2145 2501 2358 2572 grucnti
2389 2501 2522 2554 vitio
2549 2501 2738 2556 colunt
2769 2519 2786 2556 :
2831 2512 2892 2555 ut
2932 2501 3062 2556 illud
3097 2503 3274 2572 ipsum
3302 2504 3448 2572 quod
3475 2515 3748 2574 peccant.

2148 2595 2201 2648 iu
2254 2593 2342 2647 dei
2406 2593 2684 2648 honorem.
2725 2595 2904 2657 cedat,
2953 2594 3022 2650 ad
3074 2611 3237 2664 quem
3289 2597 3484 2652 vitium
3517 2597 3744 2666 ipsa,

2147 2686 2305 2755 quasi
2332 2699 2416 2740 res
2451 2685 2697 2755 quaedam
2729 2685 2955 2739 honesta
2976 2693 3028 2740 et
3051 2686 3420 2756 praedicanda,
3447 2687 3741 2758 confugit.

2147 2771 2283 2828 Nam
2312 2789 2438 2830 cum
2462 2771 2682 2828 sceleris
2711 2772 2994 2842 cujusdam
3027 2776 3261 2830 convicti
3306 2789 3491 2833 essent
3541 2780 3745 2847 genti-

2151 2865 2253 2926 les,
2307 2879 2416 2919 non
2450 2865 2608 2918 modo
2649 2879 2757 2920 non
2805 2866 3222 2931 erubescebant,
3271 2867 3363 2922 sed
3389 2870 3546 2938 quasi
3579 2885 3742 2939 pra-

2150 2962 2300 3014 claro
2330 2960 2512 3030 aliquo
2530 2958 2770 3014 facinore
2799 2969 3009 3028 patrato
3027 2959 3410 3028 gloriabantur,
3435 2975 3500 3014 ac
3541 2961 3726 3015 deum

2150 3049 2324 3114 illum,
2352 3066 2510 3118 quem
2544 3050 2810 3114 colebant,
2842 3065 2938 3120 pro
2977 3049 3309 3107 defensionis
3343 3059 3395 3107 et
3421 3055 3737 3122 pinguio-

2154 3143 2239 3198 nis
2298 3141 2544 3212 perfugio
2597 3143 2890 3206 habebant,
2955 3142 3196 3198 dicentes
3264 3143 3572 3214 huiusmodi
3611 3146 3743 3201 vitii

2155 3237 2485 3288 inventorem
2527 3235 2683 3288 deum
2726 3248 2870 3296 esse,
2927 3249 3096 3303 seque
3124 3233 3197 3290 ob
3231 3250 3350 3288 eam
3389 3223 3622 3290 causam
3675 3239 3761 3292 in-

2154 3324 2300 3380 illius
2348 3323 2608 3378 honorem
2631 3331 2685 3378 et
2719 3323 2924 3378 cultum
2951 3323 3000 3378 id
3033 3323 3214 3378 facere
3261 3325 3407 3394 quod
3453 3323 3739 3382 facerent.

2153 3415 2438 3470 Feriamur
2469 3415 2568 3484 ipsi
2593 3431 2828 3484 quoque,
2853 3415 2905 3470 id
2937 3425 3040 3482 est,
3063 3432 3162 3470 nos
3191 3418 3514 3482 Christiani,
3539 3436 3740 3476 verum

2155 3521 2215 3566 ut
2243 3509 2445 3579 Spiritu
2490 3519 2680 3564 sancto
2711 3519 2922 3578 gratum
2965 3518 3071 3564 est.
3121 3510 3348 3565 Gratum
3413 3521 3504 3566 est
3566 3528 3744 3582 porro

2157 3603 2228 3657 ita
2253 3603 2469 3656 dentum
2501 3600 2714 3656 auohis
2749 3599 2885 3654 festa
2935 3601 3214 3664 celebrari,
3269 3609 3328 3654 ut
3373 3617 3568 3657 eorum
3615 3621 3748 3673 qua

487 3699 652 3758 atque
711 3690 1084 3760 unusquisque
1135 3705 1196 3744 ea
1264 3705 1322 3744 re
1379 3706 1540 3760 quam
1572 3698 1718 3743 amat
1758 3706 1772 3742 :
1799 3699 1853 3744 at
1889 3690 2048 3744 Verbi
2081 3693 2124 3754 C
2155 3692 2210 3746 in
2252 3707 2362 3746 rem
2391 3700 2538 3753 sunt,
2563 3690 2644 3744 vel
2667 3690 2870 3760 aliquid
2895 3691 3163 3756 dicamus,
3191 3693 3272 3746 vel
3297 3708 3553 3761 agamus,
3575 3706 3744 3766 atque

487 3781 838 3834 subsistentis
869 3780 1096 3842 scilicet,
1129 3791 1183 3835 et
1238 3781 1357 3834 Filii
1393 3780 1483 3835 Dei
1525 3782 1722 3846 cultor,
1757 3782 1836 3836 vel
1885 3781 2050 3837 etiam

487 3870 748 3926 doctrina:
805 3871 1104 3936 studiosus,
1144 3885 1450 3926 sermonem
1499 3887 1600 3940 pro
1639 3872 1774 3924 festo
1808 3872 1982 3934 habet,
2005 3883 2058 3924 et

488 3961 704 4032 quidem
757 3977 880 4016 eum
937 3961 1029 4031 qui
1091 3962 1216 4016 huic
1268 3961 1498 4030 tempori
1576 3962 1886 4016 conveniat.
1949 3961 2058 4016 Nec

487 4053 775 4124 quisquam
817 4055 1118 4111 honestatis
1144 4055 1425 4110 studiosus
1449 4055 1567 4124 pari
1617 4055 1806 4108 allectu
1883 4055 2057 4108 hone-

489 4152 630 4200 stum
687 4126 985 4215 quidquam
1027 4155 1080 4202 et
1125 4147 1343 4215 elegans
1393 4147 1774 4214 amplectitur,
1823 4155 1880 4200 ut
1935 4145 2054 4200 festi

490 4255 680 4292 amans
705 4238 1038 4306 spiritualem
1067 4238 1326 4292 festorum
1369 4238 1811 4292 celebrationem.
1865 4237 1941 4289 Ae
1963 4276 1978 4301 ,
2009 4237 2053 4290 si

489 4329 690 4396 placet,
755 4327 830 4382 ita
881 4343 991 4382 rem
1045 4329 1422 4384 discutiamus.
1475 4327 1663 4384 Festos
1707 4331 1822 4384 dies
1879 4327 2056 4384 Juda'i

489 4435 704 4490 quoque
759 4433 950 4490 agunt,
1015 4423 1106 4476 sed
1155 4422 1308 4492 juxta
1341 4423 1599 4488 litteram,
1647 4427 1750 4476 hoc
1786 4433 1870 4478 est
1898 4425 2054 4494 juxta

491 4524 772 4565 externam
823 4513 955 4583 legis
1030 4515 1284 4582 speciem,
1343 4524 1398 4568 et
1443 4513 1782 4584 corporalem
1831 4530 2051 4570 sensum

491 4616 655 4676 atque
684 4607 1115 4676 intelligentiam.
1149 4606 1319 4674 Nam,
1371 4617 1428 4660 ut
1493 4609 1566 4660 ait
1610 4608 1810 4662 Paulus
1847 4611 1911 4660 ad
1949 4609 2054 4663 lio-

491 4715 686 4754 tttanos
712 4699 956 4754 scribens
989 4715 1004 4753 :
1034 4696 1208 4752 Israel
1229 4697 1476 4751 sectanda
1505 4697 1666 4766 legem
1697 4699 1948 4766 justitiw,
1985 4699 2054 4752 ad

490 4794 657 4866 legem
677 4795 905 4866 justitite
964 4809 1068 4846 non
1125 4789 1414 4860 pervenit',
1463 4790 1566 4844 hoc
1599 4799 1704 4855 est,
1735 4805 2052 4860 corpoream

493 4890 662 4958 legem
697 4897 1004 4956 quaerentes
1039 4896 1092 4939 et
1124 4885 1428 4955 implentes,
1459 4883 1530 4938 ad
1551 4883 1911 4952 spiritualem,
1937 4897 2058 4952 qua:

491 4985 595 5036 sub
649 4982 822 5035 littera
886 4978 1255 5042 delitescebat,
1309 4986 1470 5046 atque
1521 4985 1801 5030 externam
1860 4973 2054 5028 littera:

492 5077 728 5146 speciem
756 5088 1088 5141 sensumque
1116 5072 1430 5142 superabat.
1453 5077 1506 5124 et
1533 5068 1826 5124 sublimem
1857 5081 2056 5135 specu—

494 5170 753 5224 lationem
789 5167 1064 5237 poscebat,
1095 5165 1316 5220 minime
1339 5171 1711 5233 pervenerunt.
1734 5160 2055 5228 Quanquam

495 5262 637 5316 enim
662 5279 726 5316 ex
757 5261 844 5314 Dei
879 5258 1212 5329 praescripto,
1241 5255 1533 5318 sacriticia,
1563 5254 1904 5308 victimarum
1933 5265 2062 5304 san-

493 5357 636 5426 guis,
669 5365 724 5408 et
771 5354 899 5420 cibi,
953 5363 1006 5408 et
1031 5353 1278 5422 potiones
1313 5349 1562 5418 religiose
1596 5343 2056 5406 observabantur,

495 5446 737 5501 crassius
773 5455 951 5499 tamen
983 5460 1046 5498 ea
1091 5444 1432 5510 gerebantur.
1483 5439 1672 5494 Festos
1721 5435 1884 5490 etiam
1945 5433 2089 5508 dies.

495 5550 661 5612 agunt
684 5541 930 5612 gentiles,
956 5539 1049 5594 sed
1080 5539 1232 5608 juxta
1259 5553 1477 5608 corpus,
1525 5537 1628 5590 hoc
1650 5543 1731 5590 est
1764 5531 2060 5587 secundum

570 5725 590 5754 ³
628 5720 785 5776 Rom.
815 5735 890 5782 Ix,
923 5717 1014 5774 51.

2162 3783 2354 3836 animm
2391 3782 2650 3836 virtutum
2693 3780 3009 3836 thesaurum
3065 3781 3454 3851 recondamus,
3500 3802 3630 3857 qua:
3686 3801 3748 3843 et

2161 3889 2283 3929 cum
2315 3888 2376 3927 ea
2423 3881 2764 3942 permanent,
2816 3881 2871 3926 et
2931 3873 3294 3928 discedentem
3351 3877 3742 3933 comitantur:

2161 3979 2266 4018 non
2295 3975 2476 4018 autem
2511 3979 2572 4018 ea
2597 3979 2720 4032 qua:
2779 3980 2898 4018 sese
2945 3965 3256 4020 subducunt
3282 3981 3347 4021 ac
3387 3968 3740 4036 dilabuntur,

2159 4053 2320 4122 cujus
2387 4053 2599 4122 generis
2659 4060 2793 4106 sunt
2853 4048 3076 4116 divitiae,
3135 4051 3496 4122 principatus,
3533 4054 3740 4126 gloria,

2161 4154 2465 4214 czeteraque
2491 4141 2608 4211 eius
2637 4143 2853 4213 generis
2889 4158 3012 4212 qua:
3041 4144 3259 4214 quidem
3315 4159 3511 4200 sensus
3545 4147 3742 4203 leviter

2155 4224 2438 4300 'mulcent,
2482 4236 2658 4306 iisque
2713 4233 3122 4300 lenocinantur,
3179 4250 3374 4304 magna
3431 4247 3616 4290 autem
3673 4254 3746 4292 es

2163 4337 2313 4398 parte
2345 4339 2509 4396 atque
2537 4335 2596 4380 ιιι
2661 4325 2953 4396 plurimum
3018 4334 3235 4390 nocent,
3269 4325 3741 4396 quemadmodum

2161 4423 2276 4492 ipse
2293 4420 2469 4474 sentio
2497 4429 2661 4488 atque
2691 4404 2916 4472 allirmo.
2976 4417 3118 4473 Satis
3148 4419 3292 4472 enim
3349 4434 3624 4488 superque
3653 4431 3744 4476 est

2160 4513 2374 4582 corpori
2433 4512 2724 4567 domestica
2777 4523 2831 4566 et
2887 4510 3144 4565 intestina
3207 4509 3376 4579 ipsius
3447 4511 3626 4566 rabies
3676 4521 3735 4564 et

2163 4607 2389 4669 malitia,
2418 4605 2522 4659 hoc
2550 4613 2634 4659 est
2663 4605 2728 4656 ad
2765 4619 2849 4657 res
2907 4610 3154 4657 terrenas
3206 4604 3498 4671 prapensiu
3543 4612 3593 4656 et
3621 4601 3726 4655 in.-

2161 4699 2419 4767 probitas.
2451 4695 2660 4764 Corpus
2695 4695 2988 4764 siquidem,
3011 4705 3197 4762 utpote
3225 4709 3290 4748 ex
3322 4696 3548 4749 materia
3576 4707 3728 4748 crea-

2161 4799 2297 4852 tum,
2331 4789 2394 4841 ad
2435 4803 2522 4840 res
2553 4787 2782 4840 materia
2813 4793 3128 4841 constantes
3157 4795 3211 4842 et
3242 4796 3502 4855 cognatas
3525 4791 3579 4839 et
3609 4800 3732 4839 cor-

2162 4898 2354 4953 poreus
2387 4880 2624 4950 proclive
2655 4887 2758 4942 est,
2781 4877 3126 4948 ntaxitneque
3143 4878 3209 4932 ad
3243 4893 3304 4932 ea
3333 4893 3454 4948 quae
3485 4877 3737 4944 volupta-

2165 4986 2269 5032 tem
2295 4973 2550 5038 ali‘erunt,
2571 4971 2637 5026 ad
2665 4986 2784 5041 qua:
2819 4969 3052 5024 naturali
3079 4970 3288 5040 impetu
3311 4967 3501 5023 fertur.
3530 4967 3736 5037 Atque,

2169 5078 2228 5124 ut
2263 5069 2419 5138 plane
2452 5065 2652 5128 dicam,
2682 5077 2878 5132 corpus
2909 5061 3125 5116 ﬂamma
3149 5071 3253 5126 est,
3277 5071 3330 5116 et
3361 5061 3556 5115 bellua.
3589 5057 3735 5126 Quid

2160 5161 2324 5232 igitur
2350 5171 2488 5226 opus
2507 5165 2590 5211 est
2625 5155 2752 5208 huic
2776 5163 2976 5209 nostra:
3001 5153 3233 5208 llammze
3279 5152 3494 5208 fomites
3548 5152 3740 5220 plures

2162 5251 2433 5321 ingerere,
2461 5263 2558 5317 per
2586 5253 2868 5302 externam
2895 5260 3205 5301 crassarum
3243 5253 3298 5299 et
3347 5258 3734 5313 corporearum

2161 5355 2341 5397 rerum
2401 5336 2936 5408 suppeditationem?
3015 5335 3158 5402 Quid
3236 5335 3516 5390 indomitae
3557 5345 3730 5405 atque

2161 5431 2330 5489 atroci
2387 5430 2582 5486 bellua:
2635 5429 2820 5500 plures
2871 5427 3025 5482 cibos
3077 5427 3356 5497 porrigere
3413 5441 3477 5480 ac
3504 5425 3730 5496 profuse

2161 5521 2366 5596 largiri,
2399 5520 2656 5576 nimirum
2713 5536 2808 5590 per
2845 5519 2967 5575 vita:
3019 5517 3244 5574 delicias
3297 5525 3354 5572 et
3409 5515 3734 5586 voluptates,
