3996 6206
315 289 380 347 14
402 290 451 349 ΓΙ
1202 295 1249 352 Ν
1265 296 1277 353 l
1292 296 1522 356 CETAS
1566 300 1646 358 1N
1708 302 1893 363 ΟῙὶΛΊ

1994 308 2155 370 ξων
2196 312 2253 371 S.
2298 313 2526 375 GliEG.
3435 325 3572 391 H38

309 418 529 457 rumne
559 406 829 458 internum
861 405 1080 475 quidem
1116 411 1361 476 corporis
1409 413 1659 467 ardorem
1686 424 1739 467 et
1763 415 2461 494 feri-Aparticipationetu
2527 440 2790 499 perpetuo
2845 434 3152 489 scaturiant
3209 446 3376 507 atque
3429 456 3569 496 οοη..

309 504 474 551 tatem
509 495 663 551 facile
685 497 877 551 sedare
907 513 973 552 ac
1010 501 1370 570 comprimere
1408 506 1718 573 possimus?
1754 507 1891 561 For-
1994 517 2211 573 nentur.
2247 520 2315 573 At
2350 536 2499 581 vero,
2529 495 2850 594 'Theologe,
2912 526 3059 581 dicet
3102 529 3420 599 quisquam,
3456 548 3563 587 non

309 596 456 640 tasse
504 597 683 640 autem
719 603 815 657 per
849 587 1122 644 llammam
1156 607 1219 645 ac
1250 592 1505 660 belluam,
1542 612 1660 651 eam
1692 601 1890 655 anima:
1992 626 2089 680 per
2134 615 2568 680 quaternarium,
2616 617 2848 687 sed.pcr
2886 617 3252 689 Pythagoram
3303 622 3567 692 jurabant

307 689 513 760 partem
544 681 858 751 Theologus
907 684 1181 755 intelligit,
1229 704 1347 758 qua!
1381 693 1886 759 perturbationibus
1989 705 2262 777 discipuli,
2306 709 2381 761 na
2442 726 2596 776 sane,
2660 681 2836 782 inqui;
2881 681 3147 771 ε’νειιιιηι
3201 716 3562 787 pyulagomm

373 754 377 760 _
1092 754 1101 755 ,
1247 754 1262 758 _
1383 754 1396 759 _
1993 754 2262 777 ,ην-μω
2306 754 2381 761 --η
2442 754 2596 776 ....-.-,
2660 754 2836 782 ....,....
2881 754 2895 767 .
2965 754 3147 771 .........
3201 754 3558 787 .,....,,.......

304 773 1019 840 concitaturmerﬂammam
1039 778 1254 846 quidem
1279 781 1554 836 libidinem
1573 784 1885 856 designans,
1988 805 2207 864 propter
2232 800 2639 863 quaternarium
2673 801 2874 859 divinis
2900 803 3203 861 honoribus
3238 806 3558 875 efficientes,

305 877 401 930 per
428 862 663 917 belluam
709 875 890 920 autem
942 866 1302 925 iracundiam.
1355 872 1620 938 Quocirca
1654 878 1885 934 rationis
1991 862 2102 939 hac
2132 886 2498 956 jurisjuraudi
2535 888 2768 945 formula
2826 895 3140 962 utebantur,
3172 908 3230 954 ut
3288 900 3381 968 qui
3430 899 3565 969 ipsis

301 971 523 1023 quoque
547 955 816 1022 meminit,
849 974 969 1028 quce
999 969 1208 1028 partem
1252 961 1398 1017 illam
1445 966 1729 1023 all’ectibus
1781 971 1884 1023 ob—
1985 987 2241 1028 arcanam
2269 955 2324 1030 et
2353 978 2633 1048 mysticam
2665 980 2809 1036 illius
2833 986 3046 1039 numeri
3074 987 3182 1040 vim
3221 988 3563 1046 tradidisset.

301 1045 520 1097 noxiam
560 1044 789 1116 imperio
852 1056 1019 1105 tenet.
1062 1053 1127 1106 Et
1189 1057 1650 1124 quemadmodum
1703 1077 1881 1131 equus
1985 1066 2166 1131 Quare
2207 1071 2480 1125 secundus
2513 1086 2543 1125 a
2602 1077 2956 1142 quaternario
2998 1079 3067 1133 ab
3123 1080 3233 1136 illis
3261 1083 3562 1141 collocatus

299 1134 528 1203 aurigae,
553 1137 633 1190 sic
663 1138 766 1206 ipsi
800 1155 1018 1212 quoque
1052 1147 1494 1224 concupiscentia
1526 1161 1579 1205 et
1619 1151 1698 1205 ira
1745 1154 1880 1208 sub-
1982 1158 2338 1230 Pythagoras,
2372 1177 2436 1216 ac
2472 1178 2564 1231 per
2586 1179 2709 1218 eum
2738 1163 2897 1236 pla'ne
2922 1169 2975 1222 iu
3022 1171 3165 1228 hanc
3223 1173 3564 1246 formamju-

299 1222 594 1246 ζηηινηρηυ.
654 1225 693 1246 ἢ
735 1230 777 1246 ,ο
841 1230 852 1246 ι
954 1232 965 1242 ι
1010 1233 1021 1244 ο
1073 1233 1101 1246 ι.
1351 1237 1381 1246 _.
1482 1241 1493 1246 _
1618 1241 1630 1246 _
1691 1243 1701 1246 _

1355 1222 1361 1224 ν
2026 1222 2042 1230 -
2156 1222 2181 1229 -
2323 1222 2327 1226 .
2474 1222 2485 1231 .
2738 1222 2751 1236 .
3026 1222 3163 1228 ηνη-
3223 1222 3535 1246 --ηπ-.--μ

298 1222 450 1291 iectu:
470 1235 617 1280 sunt.
653 1225 888 1284 Proinde
921 1232 966 1285 si
1009 1233 1382 1291 inﬂammandi
1447 1241 1551 1293 vim
1616 1241 1879 1302 habentes
1984 1252 2196 1305 rabant.
2228 1251 2346 1306 Jam
2383 1269 2511 1308 vero
2554 1254 2740 1311 Simon
2798 1272 2854 1313 et
2898 1259 3134 1319 Marcion
3187 1266 3562 1325 haeresiarchas

299 1317 560 1370 materias
595 1328 761 1389 atque
790 1323 1049 1379 alimenta
1083 1326 1377 1385 iracundiae
1409 1344 1462 1385 et
1507 1332 1716 1389 libidini
1748 1352 1879 1406 por—
1980 1338 2223 1396 fuerunt.
2250 1342 2326 1396 Ac
2353 1341 2659 1401 Simoniani
2704 1349 2924 1417 quidem
2958 1354 3304 1409 octonarium
3338 1369 3561 1428 preptcr

2721 1406 2736 1417 υ
3004 1406 3015 1409 ν
3092 1406 3303 1409 ”"“""'
3340 1406 3551 1428 l’"l’"'

296 1406 624 1473 rexerimus,
665 1411 991 1469 horrendam
1055 1416 1323 1475 feritatem
1376 1423 1429 1476 hi
1467 1423 1694 1481 affectus
1733 1442 1872 1482 con-
1979 1440 2102 1485 octo
2132 1433 2256 1489 illos
2309 1437 2553 1506 magistri
2615 1442 2698 1493 sui
2746 1457 2926 1497 mones
2998 1444 3193 1500 honori
3255 1448 3551 1507 habebant.

294 1499 533 1567 trahent,
564 1519 628 1558 ac
652 1507 862 1562 ratione
896 1510 1035 1566 duce
1090 1513 1443 1573 violentiores
1478 1529 1661 1587 erunt,
1699 1521 1877 1576 baud-
1978 1522 2188 1579 Etenim
2240 1543 2306 1583 ex
2337 1528 2497 1599 Bythi
2520 1547 2643 1587 cum
2707 1532 2833 1605 Sige
2865 1551 3164 1608 congressu
3212 1539 3443 1595 Mentem
3492 1557 3559 1597 ac

291 1606 566 1661 quaquam
593 1594 701 1664 jam
730 1598 832 1666 ipsi
867 1602 1115 1673 aurigam
1184 1609 1363 1674 agenti
1407 1611 1870 1681 obtemperantes,
1978 1614 2267 1673 Veritatem
2302 1594 2616 1689 procreatas
2638 1594 3077 1685 essevl‘abulavtus
3122 1639 3230 1693 est,
3274 1642 3439 1702 atque
3485 1634 3559 1689 ita

290 1697 485 1739 verum
544 1685 719 1757 ipsam
782 1693 965 1758 potius
1019 1697 1355 1768 abripientes
1388 1717 1453 1758 ac
1503 1714 1870 1761 transversam
1907 1761 1945 1789 η
1974 1706 2185 1775 primos
2228 1685 2503 1777 parentes.
2560 1721 2618 1766 ut
2663 1713 2774 1782 jam
2830 1716 3037 1772 dictum
3093 1729 3199 1785 est,
3246 1720 3480 1789 Bythum
3505 1733 3561 1778 et

288 1785 539 1843 agentes.
1907 1785 1946 1815 ⁰
1975 1796 2136 1869 Sigen
2169 1799 2431 1854 conﬁnxit
2463 1822 2476 1855 :
2503 1805 2572 1856 ab
2613 1803 2698 1859 his
2730 1807 3004 1862 secundos
3055 1785 3372 1867 Mentem‘et
3402 1811 3556 1868 Veri-

360 1864 482 1920 Col.
535 1868 642 1924 450
697 1871 759 1928 B.
809 1875 1070 1940 Quocirca
1116 1882 1266 1938 nobis
1320 1886 1696 1955 spiritualiter,
1760 1900 1868 1948 etc.
1974 1864 2161 1954 taiem.
2199 1892 2387 1947 tertios
2426 1909 2618 1949 rursus
2652 1893 2977 1951 Sermonem
3040 1910 3096 1954 et
3146 1898 3349 1967 Vitam,
3395 1912 3557 1972 atque

287 1953 586 2025 Quocirca,
618 1963 817 2036 inquit,
858 1978 916 2024 ut
948 1986 976 2023 a
1004 1970 1210 2031 Iudaeis
1244 1984 1298 2031 et
1348 1953 1655 2048 igentilibus
1682 1953 1867 2039 vdiﬂo.
1972 1981 2041 2036 ab
2072 1981 2157 2035 his
2190 1991 2470 2052 postremo
2497 1996 2724 2053 quartas
2768 1987 3062 2042 Hominem
3117 1999 3173 2044 et
3226 1989 3555 2049 Eeclesiam.

289 2061 501 2114 ramus,
534 2068 597 2105 ac
627 2070 695 2110 ne
731 2058 897 2114 animi
920 2069 1316 2124 commotiones
1361 2073 1627 2129 rationem
1661 2075 1867 2134 viribus

1973 2076 2042 2129 At
2088 2072 2478 2142 Marcionistae,
2538 2078 2794 2133 morbum
2852 2090 3137 2150 augentes,
3193 2082 3551 2139 tricenarium

285 2154 567 2210 superent,
621 2147 934 2208 faciendum
1002 2157 1163 2213 nobis
1227 2170 1332 2226 est,
1408 2174 1469 2219 ut
1496 2167 1863 2236 spiritualiter

1972 2164 2220 2221 emebant
2249 2174 2475 2238 propter
2525 2167 2744 2237 triginta
2776 2147 2982 2235 aeones,
3036 2184 3175 2241 quos
3201 2170 3550 2228 inducebant.

288 2233 572 2291 ferientur.
607 2240 909 2312 Disputatio
931 2264 1098 2318 porro
1132 2252 1200 2306 de
1251 2233 1563 2325 septenario
1625 2262 1865 2331 primum
1967 2256 2328 2329 Nugabantur
2350 2261 2495 2315 enim
2527 2276 2593 2316 ex
2623 2261 3068 2316 Simonianorum
3122 2263 3370 2320 tenuibus
3421 2263 3552 2319 Ser—

286 2329 553 2385 oratiouis
584 2333 762 2388 locum
791 2341 1102 2409 occupabit.
1139 2342 1212 2400 De
1238 2362 1303 2401 eo
1332 2349 1478 2404 enim
1507 2329 1664 2421 prius
1695 2372 1862 2427 agen-
1969 2366 2187 2406 monem
2217 2363 2274 2406 et
2326 2351 2500 2407 Vitam
2527 2353 2710 2408 decem
2742 2368 2935 2408 rursus
2968 2369 3155 2409 :eones
3188 2355 3547 2425 produxisse;

285 2419 414 2471 dum
442 2432 548 2487 est,
568 2425 783 2483 etiamsi
806 2435 1028 2500 paulum
1054 2437 1125 2492 ab
1151 2439 1395 2496 instituta
1420 2419 1649 2501 materia
1674 2419 1861 2520 egredi

1968 2442 2253 2499 llominem
2287 2444 2414 2499 item
2445 2453 2501 2500 et
2530 2444 2829 2499 Ecclesiam
2860 2444 2999 2501 alios
3022 2445 3309 2502 duodecim
3341 2462 3545 2502 mones.

286 2510 456 2564 videri
485 2516 783 2581 possimus.
817 2524 1075 2591 quoniam
1108 2542 1233 2583 cum
1287 2531 1554 2603 principio
1621 2537 1689 2592 de
1707 2510 1863 2596 Pen-
1968 2534 2071 2604 Qui
2100 2536 2147 2592 si
2184 2535 2513 2605 supradictis
2544 2544 2672 2590 octo
2715 2536 2965 2593 aeonibus
2995 2536 3348 2606 adjiciantur,
3374 2538 3548 2593 trice-

287 2606 494 2657 tecoste
548 2608 711 2661 verba
761 2610 941 2667 facere
1011 2622 1532 2691 praposuissemus,
1589 2644 1739 2686 nunc
1795 2633 1863 2688 de
1966 2626 2179 2682 narium
2239 2626 2492 2681 eiiicient.
2564 2624 3043 2697 Supervacaneum
3127 2638 3309 2682 autem
3380 2627 3547 2682 fuerit

289 2696 600 2759 septenario
622 2698 967 2760 disserimus.
998 2709 1177 2779 Atque
1234 2712 1289 2766 in
1328 2728 1683 2775 numerorum
1736 2739 1863 2792 spe-
1964 2735 2152 2775 eorum
2179 2720 2400 2774 nomina
2424 2717 2689 2790 proferre,
2720 2719 2791 2775 ob
2813 2720 3041 2785 anilem,
3075 2729 3129 2776 et
3155 2721 3540 2786 deridendam,

284 2783 557 2842 colatione
614 2790 1005 2853 elaborandum
1060 2812 1163 2868 est,
1222 2815 1282 2860 ut
1337 2822 1459 2862 eam
1505 2813 1671 2866 veluti
1728 2783 1861 2870 con-
1963 2819 2127 2881 atque
2158 2811 2562 2881 conspuendam
2586 2811 2828 2880 ipsorum
2872 2811 3156 2880 ineptiam.
3222 2809 3334 2867 Hoc
3361 2822 3543 2866 tamen

281 2873 583 2933 dimentum
625 2885 897 2951 quoddam
928 2895 1164 2948 sermoni
1197 2895 1251 2951 in
1286 2897 1410 2954 festi
1448 2904 1663 2959 laudem
1690 2906 1858 2962 iusti-

1965 2873 2268 2964 sciendum,
2295 2873 2441 2969 quod
2473 2900 2560 2955 his
2592 2901 2837 2956 numeris
2875 2916 3059 2969 parem
3090 2916 3307 2955 zeouum
3339 2917 3543 2956 nume-

282 2973 398 3020 tuto
420 2968 845 3032 admisceamus.
878 2978 1089 3037 Etenim
1126 2986 1232 3041 cibi
1285 2991 1513 3048 minimc
1537 2999 1855 3065 necessarii,
1961 3008 2084 3047 rum
2109 2995 2415 3063 assignant.
2454 2991 2720 3046 nimirum
2751 2990 3055 3047 δίπηοηίίιηῖ
3109 3002 3256 3057 οειθ»
3311 3003 3366 3049 ει
3397 2993 3543 3050 Mal"

282 3071 469 3113 verum
502 3066 679 3131 epulis
728 3071 1053 3137 quibusdam
1090 3082 1433 3139 extrinsecus
1466 3088 1534 3141 ad
1564 3091 1850 3147 oblectan-

907 3076 1053 3129 sdam
1090 3082 1433 3139 extrinsecus
1466 3088 1534 3141 ad
1564 3091 1850 3147 oblectan-
1884 3089 1929 3149 ο
1961 3085 2207 3139 οῖοιιίειω
2240 3085 2485 3155 "i830"!-

283 3145 412 3198 dum
472 3165 691 3208 sensum
747 3158 1279 3236 iujecti,i,6:3<xpac1
1335 3175 1860 3252 dicuntur;eoque
2036 3175 2103 3228 Et
2158 3176 2388 3244 quidem,
2441 3191 2546 3243 qua
2603 3177 2959 3243 proportionis
3001 3179 3237 3246 ratione,
3308 3188 3416 3236 etc.
3476 3179 3546 3237 Ει

285 3241 508 3297 nomine
542 3252 840 3316 septenarii
902 3272 1121 3327 quoque
1177 3252 1597 3332 explicationem
1659 3241 1856 3329 condi-

1965 3241 2179 3336 quidem
2214 3241 2502 3331 houorant,
2536 3241 2738 3336 inquit,
2759 3267 2971 3324 Hebr-agi
3006 3273 3377 3339 septenarimu
3411 3275 3543 3343 (huc

286 3345 528 3391 mentum
552 3345 794 3408 vocavit,
836 3358 1002 3415 atque
1037 3365 1156 3405 eam
1185 3355 1404 3421 quidem
1452 3362 1691 3416 orationi
1753 3368 1858 3419 mi-

1961 3358 2105 3409 enim
2137 3371 2325 3409 rursus
2354 3372 2413 3411 se
2448 3357 2642 3428 recipit
2674 3360 2874 3430 oratio)
2924 3362 3066 3415 haud
3124 3363 3240 3417 scio
3277 3380 3382 3433 qua
3414 3381 3539 3434 pro-

282 3423 428 3478 nime
465 3434 830 3488 necessariam
890 3453 1010 3492 esse
1041 3441 1392 3513 signiﬁcavit,
1442 3464 1630 3505 verum
1665 3457 1860 3510 condi-

1962 3448 2229 3518 portionis
2258 3450 2494 3506 ratione.
2564 3451 2823 3522 lgnorare
2876 3469 2936 3510 se
2993 3455 3217 3509 simulat
3244 3471 3342 3523 pro
3373 3457 3540 3512 animi

284 3527 466 3572 mento
516 3536 622 3576 non
680 3524 983 3582 absimilem
1040 3546 1163 3587 esse
1231 3552 1330 3592 nec
1392 3539 1462 3593 ab
1537 3557 1861 3614 argumento
1960 3541 2049 3596 sui
2078 3552 2131 3596 et
2158 3556 2371 3596 morum
2401 3544 2693 3614 probitate.
2729 3544 2783 3599 ld
2827 3546 2975 3599 enim
3023 3546 3242 3617 ingenui
3271 3550 3440 3604 animi
3476 3564 3541 3605 ac

281 3620 535 3679 suscepto
576 3614 832 3671 alienam.
862 3620 1032 3689 igitur
1098 3631 1561 3695 quemadmodum
1626 3639 1856 3705 polliciti

1960 3634 2243 3690 moderate
2279 3636 2346 3690 de
2374 3651 2433 3691 se
2461 3638 2751 3692 sentientis
2777 3648 2885 3694 est.
2921 3638 2985 3693 Et
3020 3640 3291 3695 rationem
3318 3643 3538 3711 quidem

281 3717 493 3767 sumus,
522 3709 786 3765 orationis
813 3715 1143 3786 principium
1176 3721 1279 3775 hoc
1336 3725 1429 3780 sit.
1465 3725 1851 3798 Septenarium

1959 3741 2179 3782 causam
2214 3737 2391 3796 vocat,
2432 3732 2839 3800 proportionem
2900 3742 3083 3787 autem
3125 3733 3537 3791 similitudinem

281 3809 570 3851 numerum
602 3816 669 3854 ex
702 3803 834 3874 legis
878 3806 1131 3867 Mosaica:
1183 3821 1504 3889 ρι-ωεετίριο
1539 3823 1595 3879 in
1646 3826 1857 3885 bonum
1956 3828 2075 3868 eam
2104 3827 2156 3868 et
2210 3820 2650 3887 congruentiam,
2724 3837 2889 3890 quam
2942 3838 3067 3878 cum
3126 3826 3537 3882 intellectilihus

281 3885 479 3943 habent
517 3889 725 3949 Hebraei
758 3913 773 3950 :
815 3900 1000 3955 multis
1031 3906 1176 3959 enim
1230 3885 1425 3980 legumi
1463 3929 1689 3972 suarum
1716 3920 1855 3978 locis
1957 3905 2140 3961 habet.
2172 3905 2308 3962 Nam
2325 3885 2392 3965 vet
2422 3911 2565 3979 apud
2615 3914 3038 3970 mathematicos
3092 3924 3177 3970 est
3229 3918 3458 3975 rationis
3484 3928 3540 3974 et

280 3980 570 4048 septimum
605 3987 750 4042 hunc
774 4006 1063 4049 numerum
1112 4002 1347 4057 assumi:
1397 4002 1597 4064 Moses.
1631 4009 1709 4064 Ex
1740 4029 1851 4084 quo
1955 4001 2326 4069 proportionis
2357 4002 2627 4068 deﬁnitio,
2661 4014 2719 4059 ut
2749 4006 2892 4059 ratio
2923 4007 2996 4060 sit
3043 4020 3108 4060 ea
3151 4008 3364 4074 relatio,
3414 4027 3536 4079 qua:

279 4072 531 4129 eximiam
594 4083 891 4148 quamdam
921 4086 1028 4140 vim
1093 4104 1157 4144 ac
1190 4095 1472 4164 mysticam
1500 4115 1622 4154 eum
1654 4072 1853 4163 habere
1955 4098 2039 4144 ⁸⁵⁸
2064 4089 2204 4144 me"
2231 4091 2370 4146 duos
2395 4094 2698 4160 ίθν¹¹¹ί¹¹⁰⁸ἲ
2746 4096 2981 4164 exemp“
3040 4111 3229 4163 causa,
3265 4102 3535 4155 octonarii

282 4174 500 4220 constat
543 4186 557 4221 :
592 4174 889 4237 praesertim
926 4192 1056 4231 vero
1086 4197 1210 4237 cum
1241 4189 1553 4247 cessatione
1582 4204 1640 4249 ει
1664 4199 1852 4267 quiete
1954 4181 2020 4235 ad
2055 4182 2485 4251 quaternarium,
2512 4192 2607 4236 aut
2637 4186 2970 4252 quaternarii
3001 4187 3066 4242 ad
3092 4187 3391 4246 binariutu.
3424 4189 3532 4245 lla-

282 4254 580 4314 sabbalum
615 4262 871 4320 honorari
907 4274 1171 4342 praecipit,
1204 4280 1300 4348 qui
1328 4281 1541 4340 dierum
1578 4254 1851 4359 sepiimu;
1956 4276 2044 4330 bet
2069 4277 2214 4330 enim
2266 4276 2419 4346 dupli
2461 4287 2753 4344 rationem,
2818 4284 3134 4339 octonarius
3201 4286 3418 4355 quidem
3464 4286 3532 4340 ad

279 4359 380 4413 cst.
419 4366 582 4417 quem
612 4365 664 4410 et
690 4358 985 4416 honoriﬁce
1030 4367 1326 4426 observan;
1372 4373 1607 4435 Hem-ai.
1646 4358 1852 4450 Quem,
1883 4426 1927 4450 ἢ
1955 4369 2392 4438 quaternarium,
2440 4374 2828 4441 quaternarius
2897 4385 3077 4431 autem
3126 4378 3195 4432 ad
3227 4378 3529 4445 binarium,

279 4444 571 4502 admodum
606 4461 790 4520 postea
811 4454 1131 4526 PYthasorei
1158 4471 1595 4531 (luatcrnarium.
1624 4426 1847 4537 3:55.}
1882 4426 1928 4482 υ
1956 4470 2120 4530 atque
2152 4476 2183 4517 θ
2225 4476 2493 4520 converso
2534 4465 2790 4535 δυδδυβη
2855 4468 3123 4548 τδιί⁰¹3θ¹η
3178 4470 3343 4524 hab“
3372 4471 3532 4525 bim“

278 4540 421 4593 enim
443 4540 775 4613 Pythagoras
815 4558 938 4615 post
965 4550 1168 4608 Moscm
1194 4557 1345 4615 νίκη,
1393 4561 1486 4619 Sic
1537 4579 1723 4625 autem
1753 4574 1846 4642 ju_
1957 4549 2076 4642 rius
2105 4548 2174 4642 ad
2204 4552 2644 4620 quaternarium,
2685 4564 2738 4608 et
2781 4559 3170 4625 quaternarius
3198 4557 3266 4611 ad
3298 4567 3533 4613 octona-

281 4632 477 4687 rabant
504 4633 678 4704 ipsius
708 4637 996 4710 discipuli,
1032 4649 1494 4715 quemadmodum
1549 4657 1603 4711 in
1663 4632 1847 4720 “uicis
1956 4640 2123 4694 rium.
2150 4640 2229 4696 Ac
2264 4642 2403 4696 ratio
2434 4643 2652 4713 quidem
2688 4646 2813 4699 talis
2864 4656 2968 4701 est.
3013 4645 3302 4717 Propertio
3346 4658 3531 4704 autem

279 4720 420 4791 ejus,
454 4734 513 4780 ut
536 4737 825 4792 vocantur,
853 4734 1187 4794 carminibus
1210 4741 1473 4811 scriptum
1511 4756 1596 4802 est
1627 4764 1646 4803 :
1957 4736 2270 4808 hujusmodi
2304 4738 2579 4793 rationum
2614 4740 2916 4796 similitudo
2941 4753 3042 4807 est,
3089 4743 3334 4812 atquein
3361 4758 3530 4797 unum

382 4834 585 4933 litis?
718 4844 759 4933 il
771 4847 979 4933 μετέεκιι
998 4849 1487 4933 “ximam”:
1509 4867 1842 4933 τετρακτὺν,
1955 4834 1960 4933 ἕ

1955 4832 2208 4901 idemque
2267 4832 2543 4888 collectio.
2597 4829 2759 4889 Verbi
2819 4836 3016 4905 gratia,
3062 4852 3229 4907 quam
3264 4836 3530 4890 rationem

387 4905 578 4977 Πηγὰγ
600 4905 824 4965 ἀεννᾶὸυ
855 4905 1221 4993 φῦἀεὼςῖὲάλ
1431 4905 1487 4911 ⁷*
1518 4905 1842 4933 ’*”ι”·η·υν,
1957 4925 1965 4978 Ι

1957 4925 2117 4980 habet
2145 4926 2467 4982 octonarius
2498 4926 2567 4981 ad
2593 4929 3034 4997 quaternarium,
3092 4930 3342 4984 eamdem
3366 4939 3373 4945 '
3393 4944 3531 4998 qua-

281 4996 507 5055 Fontem
544 5017 709 5071 porro
744 5023 926 5063 rerum
954 5013 1096 5069 hunc
1120 5032 1412 5074 numerum
1464 5021 1541 5077 illi
1586 5028 1853 5083 vocabant

1958 5019 2232 5073 tertiarius
2251 5019 2317 5073 ad
2357 4996 2654 5083 binarium,
2679 5022 2939 5076 nimirum
2964 5021 3139 5091 dupli.
3176 5021 3237 5075 Et
3264 5036 3530 5076 converso

280 5099 501 5161 propter
525 5106 762 5164 quatuor
789 5100 1076 5168 elementa,
1101 5121 1168 5161 ex
1199 5110 1400 5179 quibus
1439 5115 1622 5170 omnis
1648 5128 1845 5173 natura

1955 5108 2136 5174 modo,
2174 5125 2339 5179 quam
2376 5110 2645 5167 rationem
2675 5112 2836 5167 habet
2888 5114 3132 5169 binarius
3179 5113 3246 5166 ad
3309 5122 3530 5183 quater-

285 5185 680 5241 mundanarum
738 5205 916 5245 rerum
975 5209 1442 5267 coagmentatur:
1513 5215 1565 5259 et
1614 5208 1745 5277 quia
1785 5226 1850 5266 ex
1954 5201 2211 5266 narium,
2282 5204 2533 5257 eamdem
2582 5205 2976 5274 qttalernarius
3028 5206 3095 5261 ad
3159 5207 3527 5270 οειοικινίυιην

283 5273 437 5341 ipsis,
467 5291 590 5330 cum
653 5280 960 5338 animantes
987 5294 1043 5339 et
1066 5287 1262 5357 stirpes
1296 5304 1391 5358 per
1414 5273 1848 5361 successionem,
1952 5308 2146 5363 nempe
2170 5295 2449 5364 subdupli.
2483 5296 2635 5351 Haud
2665 5299 2780 5353 scio
2838 5298 3027 5368 igitur,
3083 5299 3290 5368 inquit,
3326 5313 3526 5354 secun-

281 5370 391 5415 tum
451 5365 654 5435 reliqua
707 5370 888 5425 omnia
947 5388 1042 5443 per
1088 5379 1406 5435 earumdem
1452 5384 1847 5442 elementorum
1950 5385 2078 5441 dum
2128 5402 2294 5455 quam
2353 5389 2725 5458 proportionis
2785 5394 3054 5448 rationem
3089 5393 3232 5463 apud
3263 5392 3522 5448 Hebraeos

347 5535 818 5643 (aﬂagumnyerba
845 5545 919 5597 sic
943 5559 1218 5643 utcunque
1250 5559 1383 5610 verti
1417 5569 1641 5643 possunt
1677 5575 1699 5639 ε.
1948 5562 2019 5615 De
2046 5564 2146 5643 hoc
2179 5563 2642 5643 Pythagoreorutn
2700 5568 3081 5643 jurejurando.
3111 5579 3166 5625 ct
3186 5572 3243 5643 Avi
3295 5582 3520 5643 quater-

1323 5607 1329 5609 .
1355 5607 1382 5610 ,,
1434 5607 1442 5609 .
1468 5607 1495 5609 ,.
1555 5607 1641 5609 γρ--
1679 5607 1689 5611 -
1948 5607 2018 5615 ,ιν
2049 5607 2146 5616 "vv
2179 5607 2198 5615 ι
2258 5607 2345 5619 ,ηι-
2391 5607 2642 5620 νιυνιυιιι
2729 5607 2823 5623 uix,
2853 5607 3081 5628 IllulllI‘)‘
3112 5607 3166 5625 νδ
3201 5607 3243 5625 Vl
3337 5607 3477 5626 ιισιιικι
3499 5607 3514 5611 “

419 5607 602 5712 ζέειον
626 5627 772 5712 funt.
806 5632 872 5666 im
898 5619 1007 5669 neri
1045 5607 1189 5673 nobis
1223 5607 1429 5679 omum.
1459 5632 1699 5694 quaterni
1945 5634 2080 5685 uarii
2121 5607 2381 5697 tttlti’tt'rii?
2409 5636 2527 5689 vide
2559 5607 2908 5694 Plutarchum
2937 5642 3027 5694 lib.
3061 5607 3514 5712 Deplacfphiios.

470 5680 522 5712 un-
553 5680 622 5712 ονε
660 5682 733 5712 ..δυ
791 5700 959 5712 mnu“...
1009 5703 1125 5712 ----.
1153 5708 1174 5712 _-
1221 5693 1242 5712 ι’
1317 5699 1346 5712 .-
1746 5701 1754 5709 ι
2098 5704 2125 5712 ..
2220 5707 2264 5712 Α-
2311 5708 2320 5712 -
2465 5706 2475 5712 .
2558 5708 2565 5712 .
2619 5709 2643 5712 __

417 5679 522 5745 Qui
549 5680 753 5748 tribuit,
790 5700 959 5737 rerum
1004 5703 1175 5744 cauare
1214 5679 1481 5760 [mutisque
1512 5679 1799 5761 pm‘rcnuis.
1942 5719 2063 5770 cap.
2098 5704 2150 5769 ’5,
2175 5707 2266 5760 uiti
2292 5679 2679 5776 de’priucipiis
2707 5719 2921 5765 tractat.
