3996 6206
447 315 608 396 ’1439

1813 397 1815 400 ι
1890 331 2268 390 ADDENDA.

3625 332 3772 395 tua

470 438 666 498 honori
703 451 784 496 est
837 439 1202 510 septenarius,
1245 451 1339 494 aut
1400 451 1620 510 propter
1677 457 1840 510 quam
1877 443 2041 511 hujus
2074 447 2114 501 A
2146 445 2656 514 quinquagesimum.
2711 445 2775 498 Et
2822 445 3225 514 proclamabitis
3274 448 3670 500 remissionem
3723 451 3778 498 in

465 537 681 589 numeri
737 535 866 599 vim,
923 534 1030 588 hoc
1089 545 1194 597 est,
1225 543 1404 588 utrum
1455 535 1716 602 quoniam
1754 536 1907 588 solus
1961 535 2047 589 hic

468 643 728 682 numerus
769 643 832 680 ex
883 627 1162 691 omnibus,
1215 629 1308 698 qui
1341 627 1566 682 denario
1617 628 1862 681 minores
1897 636 2046 688 sum,

467 734 568 775 nec
601 720 671 773 ab
695 719 802 774 alio
852 721 1112 789 gignitur,
1148 737 1246 775 nec
1277 723 1445 775 alium
1468 722 1639 792 gignit
1667 721 1851 790 (quam
1878 722 2045 776 etiam

466 811 539 864 ob
567 826 789 865 causam
835 811 1165 867 arithmetici
1216 813 1481 880 virginem
1541 815 1686 868 hunc
1755 829 2043 867 numerum

467 913 812 971 nuncupant,
848 905 1166 957 εισεπτάδα
1199 905 1312 972 (25)
1346 906 1406 957 τδ
1458 905 1679 970 σεπτὸν,
1715 905 1766 959 id
1801 915 1904 968 est,
1959 923 2050 959 ve-

2153 546 2293 590 terra
2323 539 2384 592 ".
2423 537 2667 606 Septimo
2707 539 2870 606 igitur
2918 553 3062 591 anno
3115 548 3313 592 terram
3372 539 3667 592 incultam
3724 550 3780 591 et

2153 628 2421 682 iuaratam
2476 630 2735 696 requietis
2793 631 2965 699 ipsius
3019 645 3182 685 causa
3230 632 3554 700 relinquere
3589 633 3782 701 jube-

2154 719 2370 782 bantur,
2414 731 2718 791 spontequc
2767 723 3122 777 nascentibus
3171 724 3420 777 contenti
3463 739 3630 782 esse.
3673 724 3785 776 de-

2154 811 2432 881 bitumque
2482 829 2644 868 omne
2696 815 2993 878 remittere,
3053 825 3215 884 atque
3272 815 3546 869 Hebraeos
3583 854 3600 876 ,
3677 817 3785 884 qui

2152 903 2411 956 servitute
2439 903 2650 957 astricti
2693 913 2870 970 erant,
2908 904 3156 957 libertate
3186 905 3422 969 donare;
3457 905 3782 972 quinqua-

470 989 806 1043 nerationem
839 999 894 1044 et
951 993 1328 1047 excellentiam
1365 994 1439 1048 illi
1467 995 1792 1062 tribuentes)
1827 1012 1892 1048 an
1922 1012 2048 1048 vero
2071 983 2359 1061 “ages-imo
2393 1005 2574 1048 autem
2609 1010 2780 1061 anno,
2811 1012 2919 1050 non
2953 996 3114 1050 tnodo
3154 998 3339 1050 eadem
3376 995 3503 1050 haec
3544 995 3786 1058 faccre,

467 1081 573 1136 alia
603 1086 856 1152 quapiam
890 1085 1099 1141 ratione
1136 1087 1434 1163 ducantur.
1477 1086 1582 1142 Sed
1615 1100 1794 1142 tamen
1831 1104 1890 1142 ca
1921 1105 2044 1158 per-

467 1175 659 1244 spicua
714 1194 878 1233 causa
921 1179 1101 1233 afferri
1160 1189 1357 1249 potest,
1407 1196 1505 1233 cur
1563 1197 1687 1234 eum
1755 1183 2046 1245 honorent,

466 1269 615 1340 quod
651 1285 774 1324 cum
810 1270 952 1326 Deus
986 1273 1266 1326 materiam
1304 1273 1652 1342 produxisset
1677 1284 1730 1326 et
1755 1274 2049 1327 informas-

468 1371 572 1426 εει,
611 1372 776 1433 atque
816 1365 1124 1432 omnigenis
1179 1365 1494 1434 speciebus,
1527 1366 1579 1420 id
1639 1377 1746 1427 est,
1788 1365 2048 1420 discretis

467 1453 726 1521 Operibus
749 1464 805 1508 et
835 1455 1318 1510 commistionibus
1355 1455 1482 1527 (hoc
1530 1466 1614 1512 est
1653 1458 1718 1510 iis
1753 1456 1862 1528 (26)
1927 1474 2049 1526 qua:

469 1553 768 1614 temperata
801 1555 854 1600 et
885 1547 1176 1616 conjuncta
1217 1556 1366 1611 sunt,
1397 1546 1709 1616 cujusmodi
1747 1557 1876 1602 sunt
1931 1549 2046 1601 ele-

468 1647 654 1692 menta
681 1647 734 1694 et
761 1639 1074 1710 qualitates)
1108 1655 1224 1694 eam
1275 1641 1618 1703 adornasset,
1681 1649 1848 1710 atque
1903 1640 2050 1693 hunc

2151 1089 2242 1142 sed
2287 1089 2450 1142 etiam
2489 1104 2680 1144 servos
2727 1089 2977 1144 ethnicos
3033 1090 3441 1152 manumittere,
3498 1105 3576 1144 ac
3620 1107 3790 1158 par-

2150 1179 2364 1232 diorum
2417 1189 2722 1248 emptorum
2775 1181 3126 1248 possessione
3169 1180 3449 1234 veteribus
3503 1182 3790 1234 dominis

2150 1273 2360 1325 cedere.
2397 1271 2530 1324 Nam
2565 1272 2679 1326 haec
2710 1271 3061 1326 liehraaorum
3095 1273 3266 1337 natio,
3298 1289 3402 1326 non
3440 1273 3791 1328 torcularis

2151 1365 2327 1418 solum
2367 1373 2419 1417 et
2467 1379 2609 1419 ιιι-επ
2657 1379 2720 1418 ac
2759 1365 3247 1434 primogenitorum
3303 1352 3597 1432 primitias
3657 1365 3790 1418 Deo

2149 1458 2334 1510 dieare
2363 1466 2418 1511 et
2443 1472 2767 1511 Consecrare
2807 1457 2969 1517 solet,
3001 1456 3092 1510 Sed
3126 1457 3288 1509 etiam
3321 1456 3551 1509 dictum
3595 1469 3790 1523 atque

2149 1564 2440 1603 annorum.
2479 1549 2570 1603 Sic
2605 1549 2792 1618 igitur,
2839 1557 2896 1602 ut
2936 1549 3140 1601 dictum
3205 1557 3313 1616 est,
3369 1549 3631 1603 eximius
3679 1566 3786 1603 se-

2151 1644 2432 1709 ptenarius
2483 1640 2838 1696 Pentecostes
2877 1642 3141 1695 honorem
3200 1641 3432 1696 invexit.
3474 1641 3785 1712 Septena-

468 1729 745 1784 visibilem
791 1732 1053 1786 mundum
1109 1742 1370 1799 creasset,
1405 1732 1642 1802 septimo
1685 1732 1906 1786 tandem
1937 1733 2044 1796 die,
2078 1761 2123 1821 Β
2156 1733 2269 1788 rius
2308 1733 2454 1787 enim
2531 1734 2584 1788 in
2642 1735 2882 1803 seipsum
2937 1734 3155 1798 ductus,
3214 1734 3776 1804 quinquagesimum

472 1832 531 1874 ιιι
551 1823 832 1892 Scriptura
853 1830 1086 1878 testatur
1105 1825 1169 1888 ",
1198 1826 1266 1878 ab
1287 1826 1544 1894 operibus
1569 1826 1684 1880 suis
1710 1824 2046 1894 conquievit.

469 1913 940 1979 Quemadmodum
971 1917 1149 1986 ipsum
1179 1933 1395 1986 quoque
1437 1917 1660 1970 Sabbati
1724 1931 1922 1970 nomen
1967 1915 2054 1969 in-

471 2005 638 2072 dicat,
669 2007 812 2076 quod
848 2007 893 2061 si
929 2007 1327 2076 interpreteris,
1368 2009 1594 2078 quietem
1645 2018 1825 2062 sonat.
1875 2007 2056 2075 Atque

473 2097 588 2153 haec
617 2099 836 2167 quidem
869 2107 1120 2168 prompta
1152 2110 1204 2153 et
1265 2101 1425 2155 obvia
1465 2108 1547 2154 est
1612 2101 1772 2162 ratio,
1835 2109 2056 2167 prepter

472 2205 636 2261 quam
694 2192 810 2246 dies
868 2192 1132 2262 Septimus
1184 2193 1376 2246 honori
1433 2195 1684 2246 habetur.
1736 2191 1891 2258 Quod
1921 2193 1966 2245 si
2002 2202 2056 2246 et

475 2283 578 2336 alia
606 2284 854 2353 quzrdam
882 2293 965 2340 est
989 2284 1130 2338 ratio
1149 2285 1456 2347 sublimior,
1480 2287 1764 2355 magisque
1797 2286 2051 2353 mystica,

473 2374 566 2428 alii
600 2389 788 2431 rursus
816 2392 932 2430 eam
961 2377 1013 2430 in
1050 2375 1287 2431 medium
1325 2377 1624 2446 proferant.
1703 2373 1712 2382 ’

545 2468 667 2522 Col.
696 2469 892 2524 451A.
955 2470 1124 2524 Porro
1178 2470 1262 2524 hic
1321 2471 1491 2524 Itunor
1541 2469 1684 2538 apud
1714 2487 1822 2532 eos,
1868 2486 1969 2522 non
2000 2485 2054 2522 ιη

473 2559 683 2622 diebus,
708 2569 815 2615 etc.
847 2561 1031 2616 llonor
1057 2562 1350 2632 septenarii
1372 2563 1582 2617 numeri
1605 2562 1748 2630 apud
1775 2559 2052 2626 Hebraeos,

473 2667 584 2706 non
623 2653 675 2706 in
707 2654 901 2710 diebus
951 2664 1155 2708 tantum
1197 2665 1308 2720 est,
1357 2657 1450 2710 sed
1511 2655 1576 2708 ad
1625 2669 1802 2708 annos
1834 2668 2055 2724 quoque

475 2745 754 2813 pertingit.
809 2748 885 2800 Ac
942 2747 1236 2816 septenarii
1295 2747 1514 2818 quidem
1569 2750 1742 2801 honor
1775 2747 1827 2800 in
1859 2747 2054 2800 diebus

477 2833 774 2889 Sabhatum
817 2845 918 2897 est,
981 2839 1126 2906 quod
1187 2849 1450 2908 perpetuo
1497 2848 1549 2893 et
1575 2855 1668 2908 per
1693 2853 1884 2892 omnes
1923 2837 2056 2889 heb-

475 2926 743 2980 domadas
765 2925 936 2980 Judaei
993 2929 1294 2982 honorifice
1336 2931 1662 2990 observant,
1697 2928 2057 2998 quemadmo-

475 3018 605 3070 dum
634 3027 686 3072 et
721 3017 969 3072 fermenti
1030 3034 1162 3073 usus
1211 3028 1419 3088 septem
1451 3020 1644 3074 diebus
1685 3020 2051 3073 interdicitur.

2156 1833 2423 1893 procreat,
2459 1838 2568 1877 uno
2602 1824 2688 1878 die
2736 1823 2802 1878 ad
2841 1839 3110 1878 summam
3161 1825 3486 1893 explendam
3525 1825 3776 1878 deside-

2155 1924 2294 1970 rato.
2345 1915 2502 1968 llunc
2550 1929 2714 1984 porro
2753 1932 2945 1980 unum,
2983 1916 3050 1970 ab
3087 1917 3275 1985 coqui
3326 1918 3551 1986 proprie
3609 1933 3772 1972 unius

2153 2015 2355 2070 cst,ex
2403 2007 2591 2060 futuro
2638 2008 2840 2060 smculo
2887 2007 3036 2061 velut
3070 2007 3364 2075 imaginem
3395 2021 3464 2061 ac
3509 2009 3768 2076 figuram

2155 2099 2492 2168 adjecimus;
2527 2106 2781 2152 octavum
2812 2099 3062 2153 eumdem
3091 2110 3140 2152 ct
3173 2099 3410 2168 primum
3439 2116 3453 2149 :
3483 2111 3766 2155 octavum

2154 2193 2372 2261 quidem
2425 2192 2850 2261 prtecedentium
2888 2208 3241 2246 numerorum
3286 2192 3501 2246 ratione
3543 2203 3604 2246 et
3644 2196 3765 2248 ad—

2153 2287 2460 2354 iunctione,
2509 2295 2562 2340 et
2614 2289 2740 2354 quia
2801 2285 3092 2354 septimum
3147 2283 3399 2352 sequitur
3453 2285 3765 2352 (septimus

2155 2379 2298 2432 enim
2335 2392 2572 2446 praesens
2607 2388 2691 2431 est
2727 2377 3014 2440 szeculum,
3053 2384 3239 2444 utp:;te
3282 2375 3429 2443 quod
3474 2391 3576 2443 per
3613 2375 3760 2430 heb-

2156 2470 2420 2524 domadas
2461 2468 2832 2534 numeretur),
2889 2466 3124 2535 primum
3179 2474 3387 2526 autem,
3441 2475 3499 2518 ut
3545 2466 3766 2520 divinae

2157 2577 2220 2616 ac
2257 2561 2495 2615 coalestis
2527 2558 2836 2628 reipublica:
2866 2567 3030 2627 atque
3076 2557 3404 2611 immmtal’s
3437 2558 3560 2610 vita:
3601 2558 3762 2627 prin-

2156 2651 2382 2721 cipium,
2437 2651 2516 2704 vel
2568 2661 2626 2703 ut
2675 2649 2936 2702 eximium
2989 2657 3042 2701 et
3091 2647 3450 2701 exrellentcm
3487 2663 3502 2699 :
3539 2651 3652 2710 vel,
3700 2657 3768 2701 ut

2157 2745 2361 2798 rectius
2398 2743 2614 2811 loquar,
2665 2740 2925 2809 quoniam
2981 2740 3192 2808 primus
3227 2740 3342 2791 dies
3394 2739 3610 2792 ratione
3663 2757 3758 2795 se-

2157 2835 2349 2899 cundi,
2395 2842 2451 2887 et
2502 2833 2646 2886 tertii
2697 2842 2752 2887 et
2803 2834 3038 2885 aliorum
3079 2830 3336 2898 deinceps
3388 2831 3756 2898 sequentium

2156 2926 2393 2992 dicitur;
2428 2925 2548 2979 dies
2585 2935 2766 2979 autem
2813 2925 2982 2977 futuri
3015 2921 3200 2977 szeculi
3244 2922 3411 2977 nullos
3441 2922 3576 2974 alios
3615 2923 3756 2977 dies

2157 3019 2264 3074 sibi
2311 3017 2664 3072 succedentes
2703 3016 2883 3078 habet,
2932 3031 3034 3070 nec
3068 3015 3202 3070 solis
3238 3013 3472 3069 occubitu
3513 3015 3754 3067 exstin-

478 3106 662 3161 lfonor
690 3119 874 3162 autem
912 3109 1076 3177 hujus
1103 3109 1315 3163 numeri
1357 3109 1410 3165 in
1454 3111 1638 3172 annis,
1671 3110 1939 3180 septimus
1970 3119 2053 3165 est
2079 3096 2124 3154 (ἶ
2157 3111 2378 3182 guitur;
2429 3109 2637 3164 ideirco
2693 3109 2843 3164 solus
2893 3109 2984 3163 ille
3033 3124 3174 3163 unus
3229 3105 3594 3162 nominandus
3636 3119 3754 3170 est,

474 3215 672 3265 annus,
705 3205 771 3255 de
805 3217 912 3270 quo
947 3203 997 3254 in
1031 3201 1454 3256 Deuteronomio
1519 3203 1593 3258 ita
1627 3204 1870 3272 loquitur
1902 3201 2055 3256 Scri-

477 3300 681 3361 ptura:
727 3291 962 3361 Septimo
1018 3311 1221 3364 quoque
1269 3311 1407 3348 anno
1455 3295 1815 3348 remissionem
1867 3294 2053 3362 facies.

478 3385 724 3440 Remittes
795 3403 946 3441 omne
1011 3389 1272 3457 privatum
1333 3388 1592 3450 debitum,
1657 3404 1758 3456 quo
1812 3387 1910 3440 tibi
1960 3387 2055 3438 ob-

475 3477 691 3529 strictus
749 3487 827 3531 est
870 3481 1141 3546 proximus
1191 3489 1333 3541 tuus,
1392 3494 1482 3532 nec
1528 3496 1561 3531 α
1621 3478 1788 3546 fratre
1827 3488 1914 3529 tuo
1939 3477 2059 3530 επὶ-

476 3582 586 3634 ges,
609 3569 700 3622 sed
737 3569 804 3621 ab
847 3569 1041 3623 alieno.
1077 3571 1231 3636 Quod
1267 3572 1314 3624 si
1367 3571 1538 3640 frater
1584 3582 1704 3623 tuus
1754 3571 1850 3622 tibi
1884 3571 2060 3623 vendi-

478 3669 562 3713 tus
593 3661 772 3730 fuerit,
814 3677 905 3713 sca:
970 3663 1122 3715 annis
1165 3663 1260 3715 tibi
1289 3665 1495 3726 serviet,
1542 3674 1592 3715 et
1618 3665 1841 3730 septimo
1877 3663 2059 3715 dimit~

479 3760 556 3805 tes
607 3767 725 3805 sum
774 3751 1014 3816 liberum,
1071 3769 1133 3804 ac
1189 3755 1379 3806 viatico
1437 3755 1730 3809 instrues‘.
1766 3753 2056 3822 Propterea

481 3857 686 3895 annum
766 3841 912 3896 hunc
995 3844 1353 3896 remissionem
1424 3842 1738 3912 Theol0gus
1819 3843 2052 3896 vocavit.

478 3931 589 3988 Nec
628 3948 757 3990 vero
811 3935 864 3988 itt
917 3931 1272 3990 hebdomadis
1322 3935 1499 3989 solum
1558 3934 1869 4004 septenario
1921 3948 2056 3988 suus

479 4027 654 4082 bonor
683 4037 917 4091 constat,
945 4028 1038 4082 sed
1064 4027 1229 4081 etiam
1257 4027 1310 4081 in
1339 4024 1808 4082 hebdomadarum
1847 4024 2056 4080 hebdo-

480 4121 678 4177 madis.
719 4119 1119 4187 llebdomadas
1169 4130 1350 4174 autem
1410 4119 1668 4184 dicimus,
1729 4134 1838 4172 non
1897 4117 2057 4172 modo

479 4214 714 4279 dierum,
749 4213 843 4268 sed
881 4221 936 4267 ct
974 4228 1268 4270 annorum.
1308 4216 1384 4267 Ac
1427 4212 1638 4267 dierum
1680 4211 1899 4282 quidem
1928 4211 2060 4265 hcb.

481 4305 729 4359 domadre
763 4304 1117 4360 Pentecosten
1159 4303 1390 4366 faciunt.
1431 4306 1698 4374 insignem
1728 4314 1782 4359 et
1818 4305 2056 4359 nobilem

482 4397 624 4466 apud
657 4396 913 4454 l-lebrzeos
944 4399 1110 4464 diem,
1153 4414 1218 4453 ac
1260 4397 1521 4452 divinitus
1562 4414 1758 4453 nomen
1791 4415 2058 4454 consecu-

484 4502 619 4545 tum.
675 4490 956 4547 Annorum
990 4502 1169 4547 autem
1219 4493 1558 4563 septimanae,
1591 4492 1870 4562 jubilacum
1921 4509 2059 4548 con-

481 4581 692 4648 ficittnt,
732 4584 824 4652 qui
860 4594 1044 4639 nostra
1097 4585 1278 4654 lingua
1331 4585 1694 4637 remissionem
1751 4585 2047 4656 significat.

485 4675 559 4728 De
591 4691 700 4744 quo
742 4675 794 4730 in
836 4676 1076 4730 Levitico
1115 4678 1186 4730 ita
1227 4677 1491 4745 scriptum
1537 4677 1762 4730 habetur
1795 4698 1808 4733 :
1848 4677 2053 4731 Nume-

480 4767 623 4820 rabis
654 4767 752 4821 tibi
780 4767 881 4838 ipsi
912 4776 1104 4837 septem
1139 4769 1339 4837 requies
1367 4779 1850 4838 annorum,srptem
1882 4786 2048 4824 annos

478 4855 687 4922 septies.
725 4854 795 4909 Et
842 4866 994 4909 erunt
1039 4856 1135 4909 tibi
1175 4866 1366 4924 septem
1411 4856 1754 4909 hcbdomades
1791 4875 2048 4912 annorum

479 4959 658 4999 novem
687 4957 736 5000 et
760 4947 1116 5018 quadraginta
1147 4948 1293 5002 anui.
1328 4946 1395 5002 Et
1422 4948 1820 5018 sunctiﬁcabitis
1850 4967 2048 5005 annum

2161 3213 2221 3258 ut
2265 3217 2587 3257 successore
2637 3215 2852 3267 carens,
2899 3200 3134 3268 finisque
3185 3199 3428 3261 nescius,
3481 3213 3582 3252 nec
3631 3197 3751 3265 jam

2160 3305 2320 3352 nocte
2354 3296 2664 3359 intercisus,
2690 3309 2901 3348 .verum
2945 3293 3280 3360 sempiterno
3329 3289 3544 3361 fulgore
3581 3306 3753 3344 coru-

2159 3399 2428 3454 scantem,
2459 3403 2558 3443 nec
2588 3401 2830 3456 unquam
2861 3386 3272 3440 accumbentem
3306 3383 3477 3438 solem
3513 3383 3747 3437 habens.

2158 3481 2352 3536 Merito
2400 3490 2580 3533 autem
2631 3494 2799 3532 unmn
2839 3479 2983 3531 hunc
3016 3476 3182 3540 diem,
3237 3477 3331 3544 qui
3365 3474 3436 3528 ad
3468 3476 3748 3544 quinqua-

2160 3573 2443 3642 genarium
2471 3571 2798 3640 explendum
2833 3569 3198 3633 desideratur,
3224 3584 3290 3622 ex
3322 3567 3510 3621 futuro
3539 3568 3747 3621 saeculo

2160 3665 2496 3734 accepimus.
2526 3662 2760 3717 Necesse
2783 3669 2867 3716 est
2895 3663 3040 3715 enim
3070 3661 3123 3713 in
3152 3659 3296 3713 illius
3323 3657 3512 3713 saeculi
3540 3668 3743 3713 statum

2158 3757 2413 3810 desinere
2441 3755 2839 3808 sabbatismum
2871 3754 3050 3817 illum,
3074 3753 3165 3823 qui
3207 3752 3408 3806 animis
3449 3753 3660 3808 nostris
3690 3754 3743 3806 in

2161 3850 2264 3902 hac
2315 3847 2423 3900 vita
2476 3845 2766 3911 contingit,
2823 3846 2926 3900 huc
2977 3853 3061 3900 est
3107 3845 3476 3899 cessationem
3530 3845 3678 3898 illam
3710 3861 3739 3898 ιι

2161 3942 2452 3996 mundanis
2500 3940 2758 4008 operibus
2791 3955 2951 4007 quam
2991 3954 3136 3992 mors
3169 3936 3347 4001 affert,
3379 3937 3739 4006 quemadmo-

2158 4034 2285 4090 dum
2341 4033 2682 4103 septenarius
2735 4032 2788 4084 in
2846 4031 3189 4085 octonarium
3243 4030 3465 4096 desinit,
3524 4039 3588 4085 ut
3639 4029 3737 4082 hac

2159 4127 2369 4180 ratione
2399 4127 2548 4178 cura:
2593 4131 2792 4176 nostra:
2833 4133 3037 4191 partem
3079 4129 3287 4190 septem
3330 4121 3737 4191 impertiamus,

2161 4221 2265 4274 hoc
2299 4228 2382 4272 est
2434 4217 2560 4270 huic
2593 4216 2737 4277 vitm,
2779 4226 2940 4283 atque
2992 4214 3064 4266 ita
3115 4213 3334 4266 demum
3371 4221 3518 4277 octo,
3574 4211 3626 4266 id
3657 4222 3738 4267 est

2159 4309 2377 4374 futurae,
2411 4307 2669 4361 nimirum
2700 4315 2757 4358 ut
2792 4319 2899 4358 non
2932 4302 3093 4371 hujus
3124 4311 3338 4356 tantum
3371 4303 3495 4356 vita!
3522 4317 3654 4356 cura
3684 4313 3734 4356 et

2165 4397 2538 4454 solliritudine
2571 4405 2848 4464 tangatur,
2894 4394 2988 4448 sed
3019 4396 3181 4448 etiatn
3216 4393 3435 4446 futurae.
3476 4391 3568 4446 Sic
3593 4393 3733 4446 enim

2167 4487 2412 4542 nonnulli
2449 4486 2597 4540 illum
2633 4486 2944 4540 Salomonis
2979 4485 3156 4538 locum
3192 4483 3574 4538 intellexerunt
3610 4499 3624 4536 :
3655 4480 3732 4533 Do

2165 4590 2370 4647 portent
2403 4591 2596 4648 septem
2631 4591 2786 4648 atque
2853 4579 2982 4631 adeo
3014 4586 3129 4630 octo
3154 4576 3196 4639 ',
3228 4592 3324 4646 per
3354 4584 3554 4644 septem
3583 4573 3718 4625 vide-

2166 4675 2313 4737 licet,
2346 4683 2666 4744 praescntem
2693 4673 2855 4725 vitam
2884 4672 3237 4740 accipientes,
3262 4684 3356 4738 per
3381 4679 3508 4723 octo
3530 4676 3724 4728 autem,

2166 4766 2424 4820 futuram.
2461 4763 2690 4829 Quidam
2733 4774 2911 4816 autem
2951 4778 3048 4831 per
3090 4761 3483 4817 sabbatismum
3528 4757 3727 4811 anima-

2167 4871 2285 4909 rutn
2324 4854 2472 4907 illum
2511 4854 2705 4907 animae
2734 4862 2934 4907 statum
2974 4853 3376 4916 intellexerunt,
3412 4867 3521 4919 quo
3550 4849 3605 4903 in
3637 4849 3732 4902 hac

2166 4952 2276 5002 vita
2329 4948 2697 5002 mediocribus
2734 4955 2942 5000 tantum
2995 4945 3285 5000 aﬂectuum
3324 4943 3574 5014 procellis
3624 4941 3730 5011 agi-

551 5147 593 5177 "
627 5147 763 5203 Gen.
799 5164 860 5213 tl,
887 5149 942 5205 2.
1015 5147 1037 5179 ⁸
1071 5151 1229 5206 Deut.
1263 5165 1351 5214 xv,
1395 5150 1446 5216 l,
1479 5151 1534 5215 5,
1570 5149 1659 5204 12.
1734 5150 1774 5181 δ’
1815 5149 1985 5205 Levit.
2029 5167 2053 5205 ι

2192 5150 2248 5216 8,
2293 5149 2377 5205 10.
2445 5161 2473 5234 ’³
2504 5149 2684 5205 Eccle.
2727 5165 2798 5214 si,
2837 5147 2894 5202 2.

555 5321 668 5394 (25)
703 5323 767 5398 Et
803 5325 1096 5398 (rancida.
1166 5327 1472 5382 Macrobius
1520 5328 1615 5382 lib.
1673 5343 1710 5389 ι.
1746 5343 1868 5398 cap.
1896 5326 1951 5392 6,
1991 5326 2059 5381 de

483 5395 796 5468 septenario
826 5395 990 5450 verba
1022 5399 1222 5452 faciens
1263 5415 1278 5452 :
1337 5417 1356 5448 ι
1401 5399 1499 5452 llic
1544 5395 1830 5463 numerus,
1859 5399 2056 5468 inquit,

485 5463 675 5538 heptas
706 5479 853 5518 nunc
883 5478 1127 5530 vocatur,
1176 5469 1458 5538 antiquato
1501 5485 1600 5523 usu
1634 5471 1819 5538 prima:
1847 5463 2057 5538 litterae.

483 5531 643 5606 Apud
680 5545 896 5606 veteres
912 5537 1055 5590 cnim
1097 5549 1280 5606 septas
1307 5531 1666 5602 vocitabatur,
1700 5540 1844 5604 quod
1871 5537 2060 5592 Graeco

488 5605 710 5656 tt0mine
746 5605 1046 5657 testabatur
1071 5605 1474 5661 veneratitment
1506 5609 1740 5660 debitam
1777 5623 2020 5660 numero.
2040 5627 2058 5657 ι

561 5674 674 5744 (‘26)
707 5673 821 5747 Hoc
851 5684 948 5742 est,
982 5675 1067 5727 iis.
1104 5675 1226 5730 llaec
1257 5686 1312 5729 ιιι
1336 5677 1386 5729 in
1422 5694 1539 5729 meo
1575 5677 1754 5730 Nieeta
1791 5679 2060 5747 leguntur,

489 5751 508 5796 t
543 5747 767 5800 atnstuli.
799 5745 852 5800 In
894 5747 1110 5816 ltcginze
1134 5747 1317 5802 codice
1350 5747 1597 5815 qmedam
1629 5749 1789 5803 verba
1817 5745 1914 5804 hoc
1943 5752 2062 5803 loco

2166 5329 2457 5398 interjecta
2515 5337 2662 5395 sunt,
2738 5329 2830 5382 sed
2895 5328 2968 5382 ita
3029 5328 3295 5388 involuta,
3332 5335 3386 5379 ιιι
3424 5320 3572 5398 utilla
3606 5323 3732 5377 mihi

2158 5393 2329 5454 causa
2353 5401 2467 5453 visa
2489 5400 2578 5458 sit.
2614 5393 2711 5453 cur
2736 5399 2801 5452 iis
2819 5399 3063 5452 chartam
3083 5412 3386 5451 onerarem.
3413 5393 3730 5461 Quanquam

2161 5471 2264 5524 hoc
2298 5472 2526 5522 innuere
2563 5470 2798 5530 videtur,
2823 5466 3154 5537 Theologutn
3189 5482 3283 5533 per
3307 5467 3446 5532 εἴδη,
3471 5464 3732 5516 elementa

2161 5541 2273 5595 sola
2310 5549 2366 5593 et
2405 5549 2651 5606 separata
2691 5538 3013 5606 intelligere;
3049 5552 3142 5606 per
3173 5538 3523 5604 συγκρίματα
3556 5542 3731 5606 autem

2160 5604 2480 5662 cm'umdeni
2507 5609 2646 5661 inter
2677 5623 2735 5660 se
2763 5604 3151 5668 conitexiones,
3187 5609 3267 5659 vel
3297 5609 3462 5658 etiam
3497 5604 3731 5668 qualita-

2163 5694 2273 5731 tum
2301 5678 2734 5746 conjunetiones,
2766 5689 2821 5730 ιιι
2868 5693 2988 5730 cum
3039 5681 3112 5728 uit
3153 5676 3406 5746 frigidum
3442 5685 3496 5728 ct
3523 5678 3725 5730 siccum

2165 5751 2366 5803 intcrsc
2409 5749 2656 5802 coeuntia
2687 5759 2882 5802 terram
2935 5747 3242 5815 perfecisse.
