4050 6198
352 245 485 306 1441

1274 253 1594 314 NICETAS
1635 256 1718 316 ΙΝ
1757 256 1981 318 ΟΠΑΤ.
2025 260 2210 321 XLIV
2241 261 2299 322 S.
2347 261 2575 323 GREG.

3473 270 3608 334 1412

350 362 519 422 tatur,
550 356 642 425 qui
688 357 905 427 quidem
955 358 1008 413 in
1041 374 1224 414 veram
1261 364 1477 418 tandem
1529 363 1691 418 futuri
1745 367 1927 421 sreculi
1962 377 2002 430 Α
2035 371 2235 423 festum
2264 379 2346 423 est
2381 372 2670 426 transitus.
2702 370 2837 427 thC
2867 383 3076 442 quanto
3116 375 3374 434 desiderii
3413 385 3613 439 ardore

353 449 797 517 tranquillitatem
850 460 902 504 ct
956 466 984 504 a
1043 455 1550 520 perturbationibus
1602 459 1927 512 vacuitatem

350 540 568 595 desinit.
621 540 726 592 Alii
784 558 978 598 rursus
1030 559 1125 612 per
1167 545 1566 600 sabbatismnm
1620 551 1927 602 animarum

354 630 456 683 hoc
499 629 793 698 signiﬁcari
846 635 1287 700 pronuntiarunt,
1325 651 1412 692 res
1455 653 1548 692 eas
1591 655 1780 695 omnes
1808 655 1930 709 qum

352 728 496 776 motu
527 722 766 786 cientur,
803 725 855 778 in
903 723 1090 780 futuro
1122 743 1238 781 azvo
1271 727 1433 782 finem
1470 731 1722 786 movendi
1756 730 1931 787 factu-

350 827 459 872 ras,
490 826 555 866 ac
593 810 706 880 jam
755 829 822 868 ne
869 816 1176 872 animarum
1228 820 1447 888 quidem
1492 823 1926 891 procreationem

350 901 514 954 ullam
549 899 690 956 fore.
722 904 790 958 At
821 921 1050 974 magnus
1079 918 1133 962 et
1176 909 1399 966 divinus
1436 911 1707 969 Maximus
1743 915 1930 984 hujus-

349 993 495 1046 modi
541 993 822 1064 quidpiam
887 997 1094 1053 affert:
1155 998 1608 1074 Quandoquidem
1665 1006 1929 1062 Dominus

348 1094 544 1139 octavo
579 1085 667 1140 die
705 1089 1040 1158 conspicuus
1075 1091 1187 1161 (‘27)
1225 1095 1546 1162 proditurus
1579 1105 1681 1164 est,
1716 1098 1818 1153 hoc
1844 1106 1930 1154 est

348 1170 413 1222 ad
435 1170 628 1238 judicii
654 1174 1032 1246 adventusque
1057 1181 1226 1248 ipsius
1249 1181 1418 1250 diem,
1439 1193 1602 1254 atque
1624 1187 1690 1240 iis
1709 1187 1927 1257 quidem

349 1262 439 1328 qui
474 1273 663 1318 sancte
688 1274 738 1318 et
771 1266 994 1321 honeste
1029 1269 1191 1323 vitam
1224 1273 1457 1342 egerint,
1487 1276 1844 1332 atternitatem
1875 1286 1931 1332 et

351 1354 734 1408 beatitudinem
776 1357 998 1424 tribuet,
1028 1375 1124 1415 eos
1152 1373 1334 1418 autem
1371 1367 1466 1436 qui
1503 1369 1748 1436 improbe
1780 1369 1929 1422 vixe-

350 1448 478 1511 rint,
521 1449 865 1516 sempiternis
908 1451 1088 1520 poenis
1123 1454 1350 1522 alliciet;
1395 1458 1678 1513 sciendum
1719 1468 1804 1514 est
1833 1474 1929 1529 per

344 1539 736 1593 sabbatismum
785 1543 1121 1614 animarum,
1159 1561 1388 1604 mortem
1423 1550 1672 1623 intelligi,
1707 1554 1811 1608 hoc
1845 1561 1930 1606 est

341 1643 459 1681 eam
510 1629 579 1682 ab
628 1632 888 1699 operibus
951 1639 1244 1696 mundanis
1309 1643 1715 1707 cessationem,
1761 1659 1926 1713 quam

344 1718 553 1772 homini
594 1720 704 1774 vita
746 1720 936 1779 functo
976 1741 1126 1783 mors
1153 1729 1332 1784 affert.
1371 1730 1509 1786 Tum
1540 1734 1688 1787 enim
1733 1735 1928 1790 animae
1961 1728 2001 1782 Β

339 1807 637 1865 Sabbatum
667 1825 858 1884 agunt,
883 1819 1122 1886 quietem
1151 1822 1220 1875 ab
1247 1824 1394 1877 omni
1427 1834 1578 1878 motu
1607 1835 1801 1891 nactae,
1827 1841 1927 1881 nec

342 1901 507 1956 ullam
559 1905 786 1961 omnino
833 1909 1190 1979 agitationem
1243 1913 1502 1970 habentes
1553 1926 1677 1986 post
1725 1916 1925 1972 summi

340 1997 486 2053 illius
528 2000 678 2066 boni,
712 2004 855 2071 quod
903 2017 1030 2060 ante
1061 2009 1477 2078 exquirebatur,
1511 2012 1925 2067 manifestatio—

342 2104 461 2142 nent
493 2105 600 2159 qua
634 2095 1006 2160 (intercutibus
1036 2099 1388 2166 perspicuum
1417 2103 1475 2154 tit
1515 2100 1567 2155 id
1597 2104 1742 2170 quod
1773 2116 1926 2172 qure-

339 2182 502 2236 situm
536 2194 644 2238 est.
673 2181 811 2238 Nam
849 2200 975 2240 cum
1010 2187 1062 2241 id
1093 2190 1240 2258 quod
1275 2193 1922 2264 quaerebatur,apparuit,

343 2283 522 2328 motus
581 2276 827 2330 omnium
899 2293 1090 2334 eorum
1156 2297 1278 2351 quae
1347 2287 1730 2352 movebantur,
1785 2301 1921 2342 con-

342 2365 594 2434 qttieSCil.

411 2457 527 2514 Col.
561 2459 660 2514 451
703 2459 762 2516 C.
802 2461 1120 2532 Quanquam
1154 2475 1332 2521 autem
1369 2468 1433 2522 de
1463 2472 1769 2539 septenarii,
1810 2484 1919 2528 etc.

337 2549 494 2616 Quod
545 2567 742 2623 magno
788 2555 842 2608 in
889 2556 1098 2611 honore
1132 2559 1204 2614 sit
1252 2564 1596 2630 septenarius
1629 2579 1919 2632 numerus,

337 2643 440 2699 etsi
487 2644 674 2701 multis
715 2649 1041 2705 testimoniis
1091 2652 1452 2721 comprobare
1504 2670 1820 2725 possumus,
1855 2673 1919 2714 ex

339 2735 522 2791 multis
551 2745 730 2794 tamen
763 2755 938 2809 pauca
966 2758 1030 2796 ex
1063 2741 1345 2812 Scriptura
1373 2761 1529 2802 sacra
1558 2749 1918 2818 proferemus.

341 2828 581 2883 l‘rimum
635 2831 804 2887 Isaias
855 2833 921 2887 de
970 2833 1191 2891 Christo
1247 2839 1424 2909 inquit
1474 2857 1487 2892 :
1539 2839 1918 2910 Requiererunt

335 2935 494 2989 super
543 2922 716 2991 ipsum
762 2925 982 2994 spiritus
1033 2936 1230 2996 septem
1266 2929 1309 2996 θ,
1353 2947 1459 2985 non
1511 2933 1655 3002 quod
1709 2942 1916 3002 septem

338 3013 565 3082 spiritus
603 3016 756 3081 sint;
792 3032 936 3073 unus
974 3019 1118 3074 enim
1151 3035 1232 3076 est
1263 3020 1503 3092 Spiritus
1535 3033 1790 3085 sanctus;
1823 3025 1914 3079 sed
1941 3057 1986 3118 ε

338 3105 553 3161 divinas
603 3123 796 3162 omnes
829 3111 1100 3178 actiones,
1129 3129 1251 3183 quae
1289 3114 1386 3183 ipsi
1424 3115 1633 3180 insunt,
1668 3115 1914 3184 spiritus,

339 3204 398 3249 ut
426 3197 642 3266 opinor,
669 3202 906 3270 appellat
962 3205 1246 3272 propheta.
1291 3205 1388 3259 Hae
1421 3216 1602 3258 autem
1631 3216 1779 3271 sunt,
1808 3208 1920 3276 spi-

335 3286 474 3342 ritus
508 3290 812 3359 sapientizr,
843 3295 1070 3362 spiritus
1111 3294 1432 3361 prudentie,
1467 3294 1695 3362 spiritus
1727 3296 1918 3364 cogni-

332 3383 524 3449 tionis,
569 3385 812 3453 pietatis,
857 3387 1096 3448 consilii,
1141 3386 1502 3450 fortitudinis,
1541 3387 1754 3442 timoris
1797 3385 1914 3450 Dei.

336 3473 505 3530 David
537 3488 727 3532 autem
763 3479 907 3534 Psal.
945 3495 1000 3544 x,
1035 3480 1112 3534 ait
1141 3496 1156 3536 :
1194 3478 1426 3549 Eloquia
1459 3478 1674 3532 Domini
1707 3479 1917 3548 eloquia

333 3579 509 3635 casta,
541 3581 818 3640 argentum
857 3574 974 3643 igne
1005 3574 1392 3636 examinatum,
1425 3581 1710 3642 purgatum
1742 3581 1919 3641 septu-

330 3663 477 3730 plum
506 3665 551 3727 ",
589 3665 642 3718 id
677 3673 761 3719 est
808 3665 1206 3735 multipliciter.
1260 3663 1746 3731 Qucmadmodnm’
1769 3665 1940 3736 enim_

333 3765 617 3823 argentum
697 3756 898 3824 saepius
945 3754 1264 3821 cenilatum,
1325 3756 1552 3825 probum
1599 3770 1664 3809 ac
1717 3771 1914 3825 purum

339 3848 632 3915 reperitur,
659 3847 742 3903 sic
769 3850 932 3901 etiam
964 3851 1124 3902 verba
1154 3850 1245 3902 Dei
1275 3849 1462 3902 omnia
1492 3847 1561 3902 ab
1585 3848 1734 3901 omni
1766 3863 1919 3902 men-

336 3941 494 3994 dacio
539 3952 592 3996 et
641 3941 774 3996 vitio
809 3954 938 3998 sunt
974 3944 1166 4000 libera.
1207 3943 1309 3999 Job
1344 3954 1607 4013 praeterea
1653 3943 1722 3998 de
1765 3943 1916 4014 justo

331 4031 405 4085 ita
435 4034 626 4088 scribit
660 4052 674 4090 :
709 4033 890 4090 Sexies
920 4035 983 4090 de
1012 4037 1411 4091 necessitatibus
1441 4037 1677 4091 extrahet
1721 4047 1769 4091 te
1804 4053 1824 4092 :
1861 4038 1914 4090 in

332 4128 552 4193 septimo
581 4137 755 4183 autem
801 4146 903 4184 non
953 4139 1126 4200 tanget
1175 4140 1224 4184 te
1269 4129 1470 4183 malum
1496 4131 1540 4185 ⁸.
1588 4129 1721 4195 Quae
1750 4131 1913 4184 verba

332 4222 492 4286 quasi
553 4236 615 4274 ex
689 4237 920 4292 persona
1000 4221 1094 4276 Dei
1155 4222 1222 4275 ad
1271 4222 1482 4292 justum
1537 4220 1910 4290 proferuntur.

333 4311 547 4375 Sexies,
576 4313 677 4367 hoc
701 4325 786 4367 est
813 4315 864 4367 in
896 4313 1149 4382 praesenti
1179 4316 1311 4379 vita,
1337 4313 1390 4368 in
1419 4329 1526 4384 qua
1555 4314 1908 4374 lentationes,

2033 461 2262 516 dissolvi
2296 464 2482 531 cupiat
2522 462 2747 530 Paulus,
2782 475 2836 519 et
2877 483 3000 522 cum
3037 469 3257 526 Christo
3297 489 3417 529 esse
3442 478 3485 530 '.
3521 478 3612 532 Sic

2035 555 2202 621 igitur
2255 556 2632 625 accipiendum
2681 569 2764 613 est
2815 561 2942 615 illud
2979 581 2991 615 :
3023 562 3100 618 Ne
3151 565 3342 621 leviter
3387 571 3612 639 quidem

2033 647 2361 713 percutitur,
2419 648 2522 702 hoc
2565 658 2649 703 est
2700 666 2768 704 ne
2815 654 3118 721 simplicem
3174 657 3392 725 quidem
3447 661 3610 716 ullius

2034 734 2296 789 molestiae
2346 737 2729 805 cogitationem
2785 743 3002 810 accipit.
3057 744 3194 799 Nam
3245 749 3604 806 exuberantia

2031 827 2330 896 voluptatis
2361 831 2530 895 illius,
2564 848 2671 899 qua
2716 845 2828 889 tum
2865 836 3004 890 beati
3045 839 3418 908 perfruentur,
3450 860 3602 900 acer-

2031 917 2222 975 bitatis
2271 923 2450 978 omnis
2504 926 2826 981 memoriam
2880 930 3067 997 procul
3117 933 3290 1000 pellit.
3332 935 3611 1001 Quemad-

2033 1014 2256 1067 modum
2293 1016 2436 1069 enim
2475 1017 2528 1071 in
2569 1021 2806 1090 septimo
2849 1023 2936 1076 die
2985 1023 3128 1080 Deus
3162 1027 3230 1080 ab
3261 1031 3610 1097 aspectabilis

2029 1116 2298 1158 creaturas
2334 1107 2554 1176 opifieio
2590 1111 2860 1179 requievit
2889 1126 2907 1166 :
2939 1114 3019 1168 sic
3049 1115 3104 1169 in
3137 1117 3371 1186 septimo
3408 1120 3609 1174 sarculo

2032 1196 2249 1264 requies
2275 1196 2440 1265 jnstis
2471 1201 2598 1264 erit,
2633 1214 2924 1273 postquam
2963 1221 3088 1260 eum
3134 1209 3321 1265 multis
3353 1210 3608 1265 atllictio-

2034 1286 2198 1342 nibus
2243 1289 2539 1345 conflictati
2582 1292 2810 1359 fuerint,
2860 1296 2968 1351 Deo
3016 1298 3137 1355 illos
3170 1301 3449 1358 liberante.
3489 1304 3608 1359 Jam

2028 1393 2159 1432 vero
2209 1379 2260 1432 itt
2319 1381 2630 1452 Evangelio,
2681 1392 3062 1455 percunctanti
3115 1391 3277 1447 Petro
3323 1412 3339 1449 :
3393 1394 3610 1460 Quoties

2029 1471 2260 1538 peccabit
2306 1473 2361 1524 in
2405 1489 2487 1528 me
2529 1475 2698 1542 frater
2741 1494 2907 1542 meus,
2951 1491 2998 1533 et
3035 1483 3304 1538 dimittam
3332 1487 3420 1540 ei?
3449 1467 3614 1558 usque

2029 1564 2267 1630 septies?
2303 1567 2593 1634 respondet
2641 1567 2908 1626 Dominus
2941 1592 2954 1626 :
2987 1571 3114 1626 Non
3161 1577 3280 1630 dico
3315 1578 3414 1631 tibi
3450 1595 3613 1648 usque

2029 1655 2243 1724 septies,
2271 1659 2364 1711 sed
2395 1675 2558 1730 usque
2585 1665 2882 1732 septuagies
2910 1667 3102 1733 septies
3130 1667 3195 1734 '°,
3230 1670 3332 1725 hoc
3357 1682 3441 1726 est
3471 1673 3609 1727 resi-

2030 1749 2262 1816 piseeuti
2298 1750 2349 1803 in
2382 1751 2654 1807 infinitum
2684 1753 2947 1811 offensam
2981 1762 3338 1818 condonabis.
3369 1761 3446 1818 En
3473 1781 3599 1835 quo-

2029 1842 2192 1895 modo
2227 1841 2507 1912 Scriptura
2546 1845 2888 1904 remissionis
2930 1862 3282 1918 peccatorum
3316 1872 3607 1912 numerum

2029 1935 2341 2002 septenario
2396 1937 2645 1994 definiat.
2699 1937 2835 1994 Nam
2886 1957 3011 1996 cum
3065 1942 3261 2001 Petrus
3315 1947 3543 2004 dixisset
3593 1967 3610 2003 :

2033 2023 2202 2094 Usque
2255 2027 2491 2094 septies?
2547 2043 2654 2083 non
2709 2031 2775 2084 ad
2825 2031 2995 2086 alittm
3052 2049 3340 2090 numerum
3393 2041 3610 2093 transiit

2031 2115 2317 2182 Dominus,
2350 2131 2542 2172 verum
2580 2123 2951 2190 septenarium
2989 2122 3364 2196 multiplicans
3398 2130 3452 2184 in
3491 2131 3612 2200 ipso

2028 2208 2376 2263 remissionis
2413 2211 2706 2266 terminum
2742 2215 3051 2269 constituit.
3097 2215 3267 2272 Porro
3297 2225 3610 2292 septuagies

2026 2308 2234 2364 septem
2265 2299 2374 2352 490
2405 2298 2664 2356 cilicium.
2699 2301 2808 2358 Nec
2844 2313 3023 2360 tamen
3055 2307 3157 2364 hoc
3187 2323 3420 2365 numero
3451 2313 3608 2368 venia

2025 2391 2504 2447 circumscribitur
2539 2412 2552 2448 :
2586 2411 2776 2450 verum
2820 2413 2913 2467 per
2961 2416 3087 2455 eum
3136 2417 3355 2473 semper
3401 2406 3611 2460 condo-

2027 2482 2261 2536 nandatn
2297 2498 2421 2539 esse
2452 2501 2650 2540 noxam
2687 2490 2960 2557 proximo,
2992 2501 3047 2545 et
3077 2496 3292 2562 quoties
3323 2506 3605 2565 peccatum

2024 2572 2316 2628 confessus
2347 2575 2510 2630 luerit
2539 2591 2604 2632 ac
2633 2579 2953 2648 resipuerit,
2982 2582 3376 2654 ignoscendum
3408 2588 3456 2642 ei
3483 2603 3610 2643 esse

2023 2664 2309 2720 docemur.
2340 2665 2612 2732 Quoniam
2645 2679 2830 2725 autem
2879 2676 3150 2730 scelerum
3183 2695 3404 2750 quoque
3442 2695 3604 2751 poena

2024 2753 2297 2810 laudanda
2325 2767 2427 2823 est,
2453 2759 2581 2814 audi
2609 2760 2721 2830 jam
2749 2777 2779 2816 e
2803 2765 3104 2830 contrario,
3134 2769 3263 2838 quid
3295 2771 3348 2824 in
3380 2769 3610 2826 Genesis

2025 2845 2162 2899 libro
2191 2848 2459 2904 habeatur
2483 2867 2497 2903 :
2521 2849 2722 2920 Septies
2750 2854 2885 2907 ultio
2914 2855 3132 2910 dabitur
3161 2860 3222 2912 de
3246 2857 3379 2914 Cain
3403 2862 3468 2927 “,
3504 2862 3608 2917 hoc

2021 2947 2107 2992 est
2157 2941 2410 3009 septuplo
2461 2945 2838 3010 cruciabitur,
2893 2962 2992 3016 pro
3039 2965 3106 3002 eo
3155 2954 3299 3019 quod
3355 2952 3608 3010 fraternae

2021 3031 2187 3086 ctedis
2216 3031 2452 3088 crimine
2485 3035 2730 3105 seipsum
2766 3040 3122 3097 constrinxit.

2097 3121 2289 3191 Opera:
2329 3125 2562 3192 pretium
2601 3135 2682 3180 est
2712 3137 2896 3183 autem
2936 3133 3222 3202 septempli
3267 3150 3460 3204 paruae,
3493 3153 3602 3207 qua

2021 3214 2287 3269 multa-tus
2334 3224 2418 3270 est
2461 3216 2620 3280 Cain,
2669 3217 2901 3277 Joannis
2944 3222 3325 3293 Cbrysostomi
3373 3244 3603 3284 enarra-

2021 3307 2225 3361 tionem
2265 3306 2586 3376 adjungere,
2623 3323 2746 3378 quae
2780 3312 2882 3366 hoc
2932 3317 3097 3368 modo
3144 3332 3204 3370 se
3239 3318 3400 3373 habet
3434 3339 3448 3375 :
3483 3321 3603 3375 Pri-

2021 3413 2170 3451 mum
2240 3401 2590 3467 septenarius
2655 3417 2919 3459 numerus
2981 3420 3080 3474 pro
3140 3409 3488 3466 multitudine
3544 3415 3601 3469 in

2020 3489 2303 3558 Scriptura
2353 3503 2542 3546 sancta
2583 3493 2855 3563 accipitur
2889 3513 2904 3550 :
2935 3505 3100 3566 atque
3149 3500 3201 3553 in
3239 3501 3340 3555 hac
3387 3504 3602 3574 signiti-

2018 3583 2237 3637 eatione
2282 3585 2572 3651 permultis
2618 3585 2755 3641 locis
2802 3590 3044 3657 positum
3079 3605 3200 3646 esse
3233 3595 3496 3662 reperies.
3533 3593 3603 3652 Ut

2020 3676 2148 3729 illud
2185 3693 2198 3730 :
2232 3675 2450 3732 Stcrilis
2483 3679 2694 3747 peperit
2723 3691 3017 3750 septem,et
3041 3698 3404 3756 quaecumque
3436 3687 3601 3758 hujus

2018 3776 2145 3824 sunt
2179 3769 2420 3838 generis.
2458 3771 2558 3826 llic
2603 3783 2784 3828 autem
2835 3777 3059 3831 sceleris
3115 3778 3337 3833 admissi
3389 3784 3608 3851 magni-

2021 3864 2151 3917 tudo
2193 3864 2557 3933 significatur,
2591 3873 2644 3920 et
2689 3868 2835 3936 quod
2885 3883 2994 3922 non
3044 3885 3211 3924 unum
3255 3887 3318 3926 ae
3366 3873 3601 3943 simplex

2017 3963 2134 4008 erat
2165 3954 2346 4012 scelur
2390 3956 2460 4010 ab
2491 3971 2556 4010 eo
2587 3957 2956 4024 designatum,
2996 3973 3185 4012 verum
3227 3969 3432 4029 septem
3470 3975 3598 4029 pec-

2016 4053 2164 4110 cata,
2194 4052 2249 4099 et
2297 4047 2517 4114 quidem
2580 4047 2749 4108 talia,
2805 4056 2866 4100 ut
2918 4049 3349 4118 unumquodque
3405 4065 3597 4104 eorum

2017 4136 2342 4207 gravissima
2379 4151 2537 4205 poena
2583 4137 2972 4190 vindicandum
3021 4147 3190 4191 esset.
3236 4139 3415 4207 Atque
3451 4151 3508 4195 ut
3535 4156 3606 4195 ea

2015 4243 2420 4290 enumeremus,
2472 4227 2543 4280 ita
2594 4241 2624 4280 a
2673 4227 2830 4283 nobis
2882 4230 3022 4282 ratio
3071 4231 3308 4289 ineatur.
3353 4231 3597 4286 Primum

2019 4320 2172 4375 fratri
2206 4321 2418 4385 invidit,
2449 4323 2576 4390 quia
2607 4336 2731 4375 eum
2763 4337 2796 4376 a
2833 4320 2942 4376 Deo
2975 4323 3150 4377 amari
3188 4323 3552 4394 perSpiciebat
3582 4342 3603 4379 :

331 4413 501 4472 atque
566 4420 792 4474 operuut
843 4406 1059 4461 labores
1100 4406 1394 4471 exsistunt,
1447 4406 1742 4460 tentaberis
1791 4404 1911 4473 qui-
1944 4403 2161 4481 unod
2210 4413 2429 4482 quidem
2477 4415 2706 4478 crimen,
2755 4415 2969 4468 c:cteris
3019 4415 3185 4469 etiam
3242 4417 3487 4480 remotis,
3531 4416 3598 4469 ad

327 4497 480 4558 dem,
519 4505 684 4566 atque
741 4497 795 4552 in
837 4498 1258 4553 necessitatibus
1297 4507 1352 4552 et
1393 4514 1574 4553 rerutn
1619 4496 1909 4553 dilIieulta-

331 4590 482 4644 tibus
529 4592 886 4657 versaberis;
918 4605 1106 4645 verum
1152 4591 1219 4645 iis
1259 4593 1510 4662 superior
1564 4591 1780 4646 futurus
1812 4607 1907 4657 es;

331 4695 530 4736 manus
565 4682 710 4736 enim
743 4697 862 4736 mea
895 4683 988 4734 tibi
1037 4698 1195 4752 opem
1249 4681 1406 4737 feret.
1454 4682 1523 4737 At
1561 4683 1614 4736 in
1649 4686 1908 4753 septimo,

331 4774 387 4826 in
415 4788 526 4843 quo
554 4775 744 4829 beatus
770 4775 1044 4845 iustorum
1077 4775 1446 4831 sahbatismus
1471 4789 1555 4830 est
1583 4786 1637 4830 et
1670 4778 1908 4846 requies,

329 4866 538 4921 nullius
573 4867 838 4922 molestiae
886 4867 1194 4923 recordatio
1233 4869 1476 4922 animum
1532 4877 1684 4922 tuum
1721 4881 1907 4940 anget.

329 4964 505 5029 Atque
553 4961 624 5014 ob
679 4960 820 5014 hanc
869 4975 1090 5015 causam
1159 4961 1376 5032 sapiens
1425 4961 1645 5030 quidam
1699 4960 1838 5014 dixit
1889 4977 1904 5017 :

329 5051 386 5105 In
416 5051 504 5108 die
549 5052 670 5107 feSti
717 5061 879 5122 atque
912 5053 1115 5107 latitia:
1148 5053 1387 5108 tristium
1421 5069 1600 5108 rerum
1644 5054 1908 5108 memoria

327 5145 521 5201 etlluit.
555 5145 702 5202 Mors
735 5146 884 5202 enim
921 5145 1166 5216 profecto
1203 5146 1370 5214 justis
1399 5147 1467 5201 ad
1510 5146 1902 5215 sempiternum

401 5311 422 5341 ⁸
461 5311 564 5367 lsa.
602 5326 678 5372 χι,
709 5310 762 5363 2.
842 5310 861 5341 '-'
907 5309 1050 5366 Psal.
1098 5323 1175 5375 XI,
1208 5310 1262 5364 7.
1338 5305 1364 5337 ⁸
1391 5304 1494 5362 Job
1534 5321 1589 5369 v,
1633 5305 1720 5361 19.

403 5473 515 5543 (Ξῖ)
545 5471 749 5543 Eodem
778 5481 987 5541 spectat
1011 5469 1154 5543 quod
1187 5470 1266 5524 ait
1295 5473 1527 5543 August.
1555 5482 1678 5536 cap.
1710 5467 1904 5520 ultimo

334 5539 432 5597 lib.
481 5539 656 5595 ultimi
713 5539 994 5617 De'cicit._
1033 5539 1130 5594 Dei
1175 5556 1193 5595 .'
1246 5558 1281 5617 t_
1318 5539 1450 5595 Po’st
1491 5540 1643 5617 itane
1696 5546 1906 5617 aetatem

335 5626 594 5688 tanquam
641 5615 695 5664 in
740 5612 826 5664 die
863 5612 1092 5688 septimo
1134 5613 1456 5688 requiescet
1489 5607 1634 5688 Deus
1682 5626 1696 5660 :
1751 5607 1906 5688 cuius

333 5677 462 5738 diet'
494 5683 618 5737 linis
669 5697 775 5737 non
827 5677 934 5734 erit
977 5677 1223 5748 vespera,
1273 5685 1365 5736 sed
1425 5679 1738 5732 Donninicus
1791 5677 1906 5731 dics

1796 5306 1816 5337 ’
1851 5303 2089 5376 Philipp.
2122 5322 2158 5371 I,
2194 5306 2287 5361 25.

2017 4504 2244 4559 exitium
2283 4505 2382 4573 ipsi
2417 4504 2759 4560 inferendum
2797 4509 2934 4560 satis
2966 4523 3128 4575 grave
3163 4516 3299 4560 erat.
3330 4507 3601 4570 Alterura,

2018 4596 2144 4665 quia
2181 4597 2281 4649 hoc
2317 4596 2367 4648 in
2405 4595 2626 4649 fratrem
2672 4597 2910 4651 admisit.
2944 4596 3212 4661 Tertium,
3247 4598 3374 4666 quia
3410 4598 3599 4650 dolum

2018 4691 2240 4743 struxit.
2288 4687 2576 4754 Quartum,
2617 4689 2745 4757 quia
2787 4689 2988 4742 caadem
3037 4689 3393 4758 perpetravit.
3425 4687 3601 4754 Quin-

2016 4791 2152 4847 tum,
2189 4782 2316 4850 quia
2346 4781 2567 4836 fratrem
2609 4783 2902 4837 interemit.
2937 4782 3186 4846 Sextum,
3217 4780 3347 4852 quia
3384 4784 3601 4850 primus

2017 4875 2218 4928 czedem
2251 4876 2490 4930 admisit.
2528 4873 2854 4944 Septimum,
2888 4875 3020 4945 quia
3062 4875 3174 4929 Deo
3199 4874 3462 4929 mentitus
3487 4881 3594 4929 est.

2019 4964 2295 5021 Intelleetu
2327 4967 2566 5021 assecuti
2601 4967 2736 5022 estis
2765 4982 2828 5021 ea
2859 4983 2981 5037 quae
3027 4967 3290 5032 diximus,
3332 4982 3400 5020 an
3431 4965 3600 5020 vultis

2017 5075 2103 5113 me
2129 5075 2318 5113 eorum
2349 5062 2821 5114 enumerat‘onem
2856 5060 3022 5114 altius
3051 5068 3322 5130 repetere,
3351 5068 3408 5112 ttt
3435 5058 3598 5113 intel-

2015 5149 2197 5218 ligatis
2243 5152 2677 5220 unumquodque
2725 5151 2941 5212 hort-nu,
2989 5151 3073 5204 vel
3132 5152 3334 5215 solum,
3387 5149 3597 5218 gravis-

2369 5307 2416 5339 ⁸⁸
2441 5306 2631 5364 Matth.
2666 5321 2823 5373 xvttt,
2852 5308 2943 5375 2i,
2976 5309 3068 5364 29..
3151 5310 3190 5341 “
3221 5309 3357 5365 Gen.
3391 5327 3469 5376 tv,
3498 5310 3590 5366 24.

2014 5468 2160 5522 velut
2207 5475 2435 5522 octavus
2481 5477 2739 5531 mternus.
2790 5471 2896 5551 qui_
2932 5471 3156 5551 Christi
3191 5471 3592 5551 resurrectione

2015 5551 2264 5593 sacratus
2289 5548 2653 5610 est,aeternam
2684 5557 2788 5594 non
2820 5542 2994 5595 solutn
3026 5543 3272 5610 spiritus,
3301 5544 3394 5599 sel
3421 5542 3590 5596 etiam

2015 5611 2259 5678 corporis
2295 5609 2755 5665 resurrectionem
2790 5609 3170 5682 praefigurans.
3208 5633 3226 5664 ι
