4050 6198
536 272 670 337 1143

1944 254 2191 319 ADDEN
2207 256 2299 318 DA
2310 308 2325 321 .

3630 254 3759 319 1114

535 387 669 442 sima
716 393 875 451 pmna
919 372 1261 430 multandum
1313 368 1522 424 fuisse?
1568 365 1705 432 Quis
1749 364 1896 420 enim
1949 365 2104 419 venia

2212 367 2345 420 ritas
2378 378 2567 434 pmnas
2600 363 3121 435 (ιςςοιγυηιρηιΈεο
3155 371 3334 418 autem
3378 373 3767 433 genrentetnac

535 478 758 545 dignum
793 485 916 525 eum
951 464 1299 536 judicavcrit,
1345 462 1534 530 quieo
1580 458 1803 512 nomine
1851 457 2104 526 cuiquam

535 565 797 625 invideat,
828 561 969 629 quod
1008 558 1097 610 Dei
1145 552 1522 608 benevolentia
1552 560 1605 603 et
1637 564 1825 603 amore
1856 546 2108 602 fruatur?

533 661 645 713 Hoc
670 658 781 726 jam
810 669 977 708 unum
1004 658 1060 704 et
1086 646 1410 715 inexpiabile
1443 654 1724 713 peccatum
1755 648 1863 694 est.
1893 640 2106 693 llursus

534 757 634 803 hoc
663 745 904 801 atrocius
928 739 1255 800 ostenditur,
1279 752 1403 791 cum
1436 733 1590 788 fratri
1625 732 1918 792 invidetur,
1947 730 2109 796 idque

533 831 862 894 immerenti.
918 833 996 887 En
1054 831 1159 886 boc
1210 843 1428 898 quoque
1483 839 1676 878 rursus
1725 839 1833 876 non
1891 822 2109 888 vulgate

532 939 835 1002 peccatum.
861 926 943 981 Ad
976 926 1091 979 haec
1121 922 1309 977 dolum
1363 917 1712 972 machinatus
1740 925 1844 979 est,
1879 914 2105 967 fratrem

533 1025 961 1079 circumventum
1010 1015 1065 1068 in
1113 1026 1367 1081 campum
1420 1008 1759 1079 pertrahens,
1808 1021 1872 1060 ac
1905 1021 1974 1058 tte
2008 1018 2106 1056 na-

535 1127 713 1170 turam
766 1109 984 1180 quidem
1037 1106 1207 1175 ipsam
1261 1102 1489 1155 veritus.
1541 1099 1808 1164 Quartum
1862 1096 2107 1159 crimen,

535 1205 710 1257 caedes
737 1203 849 1269 ipsa
877 1206 982 1263 cst,
1008 1210 1170 1266 quam
1204 1191 1450 1246 admisit.
1483 1187 1744 1254 Quintum
1776 1184 1922 1255 quod
1954 1185 2108 1237 fratri

535 1309 724 1349 necem
777 1290 996 1350 intulit,
1046 1285 1236 1348 fratri,
1289 1284 1552 1351 inquam,
1600 1294 1664 1333 ex
1713 1277 1904 1331 eodem
1957 1285 2112 1329 utero

536 1387 705 1442 edito.
741 1384 997 1446 Sextum,
1047 1377 1176 1448 quia
1218 1374 1428 1445 primus
1479 1372 1643 1426 caedis
1677 1384 1850 1439 genus
1884 1367 2111 1423 invexit.

538 1478 865 1545 Septimum.
917 1472 1045 1542 quia
1083 1470 1452 1535 interrogatus
1500 1479 1530 1517 a
1582 1462 1692 1516 Deo
1748 1461 1964 1515 mentiri
2003 1475 2110 1514 non

536 1567 828 1625 dubitavit.
880 1565 1071 1632 itaque
1102 1562 1174 1614 ob
1212 1560 1264 1613 id
1298 1558 1443 1627 quod
1483 1557 1635 1610 fratri
1686 1569 1880 1609 manus
1918 1554 2113 1607 aﬂerre

537 1673 705 1714 ausus
741 1665 844 1719 est,
884 1665 1087 1723 septem
1145 1649 1410 1719 supplicia
1457 1647 1559 1703 sibi
1603 1656 1865 1701 accersat.
1918 1644 2109 1700 Scelus

2212 466 2532 512 trementem
2571 471 2819 515 cernens,
2865 455 3067 523 iraeque
3110 456 3306 508 divinae
3348 456 3770 524 magnitudinem

2210 561 2281 599 ea
2310 547 2500 599 oculos
2540 547 2768 610 habens,
2805 546 3110 614 huiusmodi
3147 546 3417 614 exemplo,
3454 562 3554 600 nec
3586 547 3779 599 melior

2210 639 2423 701 factus.
2483 654 2583 692 nec
2632 656 2659 692 a
2713 639 2955 692 facinore
3002 639 3298 693 deterritus
3346 655 3492 693 sum.
3546 637 3784 693 Proinde

2203 729 2328 797 jure
2350 730 2557 798 optimo
2579 730 2751 784 multo
2776 731 2980 798 majora
3003 730 3138 782 mihi
3162 738 3432 784 tormenta
3456 729 3780 784 iuferentur.

2209 822 2441 888 Quidam
2468 831 2648 877 autem
2677 824 2825 876 hunc
2853 824 3030 875 locum
3062 823 3162 875 hac
3190 823 3398 875 ratione
3421 823 3784 891 explicarunt.

2209 915 2252 965 A
2281 912 2417 966 Cain
2461 927 2635 982 usque
2667 913 2733 967 ad
2765 912 3029 967 diluvium
3065 924 3272 982 septem
3308 913 3585 967 illuxerunt
3621 928 3792 983 gene-

2212 1005 2477 1067 rationes,
2523 1021 2588 1060 ac
2636 1019 2748 1060 tum
2786 1016 2943 1060 terra?
2975 1006 3302 1076 supplicium
3351 1006 3634 1059 inductum
3680 1017 3789 1065 est,

2212 1097 2356 1164 quod
2391 1097 2551 1165 longe
2579 1097 2795 1165 lateque
2830 1096 3011 1152 fusum
3037 1105 3184 1152 esset
3218 1107 3521 1165 peccatum.
3556 1098 3625 1152 At
3662 1112 3786 1167 pec-

2212 1195 2393 1241 catum
2450 1186 2683 1242 Lamech
2737 1203 2846 1242 non
2905 1189 3016 1257 jam
3068 1188 3276 1243 diluvio
3325 1190 3391 1242 ad
3444 1189 3792 1242 curationem

2212 1294 2350 1346 opus
2401 1280 2653 1346 babebat,
2700 1297 2886 1335 verum
2925 1282 3019 1336 illo
3059 1281 3178 1348 ipso
3216 1281 3310 1349 qui
3350 1281 3535 1333 mundi
3586 1294 3795 1350 pecca-

2215 1382 2326 1427 tum
2362 1375 2521 1427 tollit.
2552 1373 2800 1443 Supputa
2837 1377 3021 1444 itaque
3049 1391 3241 1431 omnes
3271 1376 3340 1428 ab
3368 1373 3579 1428 Adamn
3613 1389 3799 1441 usque

2212 1465 2277 1516 ad
2312 1465 2589 1519 Christum
2644 1466 3026 1536 generationes
3077 1481 3142 1520 ac
3190 1466 3344 1531 juxta
3379 1480 3515 1538 .eam
3570 1465 3799 1533 generis

2215 1556 2617 1623 recensionem,
2648 1574 2811 1628 quam
2846 1558 3021 1614 Lucas
3054 1560 3257 1629 profert
3285 1561 3347 1623 ",
3384 1560 3795 1630 septuagesima

2217 1656 2272 1702 et
2312 1649 2541 1716 septima
2583 1659 2744 1704 relate
2776 1650 3063 1704 Dominum
3098 1663 3283 1704 natum
3316 1652 3487 1706 fuisse
3517 1652 3795 1722 reperies.

538 1758 720 1806 autem
767 1745 997 1801 Lameclt
1046 1740 1358 1812 septuagies
1402 1740 1602 1809 septies
1647 1738 2013 1791 vindicabitur
2040 1737 2107 1801 ",
2146 1708 2184 1760 Β
2219 1741 2414 1795 Verum
2448 1742 2563 1797 haec
2605 1744 2672 1796 de
2713 1742 2848 1797 Cain
2894 1754 2947 1796 et
2995 1744 3225 1798 Lamech
3262 1760 3356 1812 per
3385 1746 3795 1813 digressionem

541 1845 642 1896 hoc
683 1851 766 1894 est
802 1836 1189 1905 multipliciter.
1241 1831 1512 1897 Quoniam
1563 1830 1796 1884 Lamech
1846 1830 2024 1882 virum
2057 1838 2111 1881 et

536 1936 789 2003 juvenem
840 1927 1134 1987 interemit.
1170 1925 1330 1993 idque
1378 1931 1499 1991 post
1534 1923 1725 1990 legem,
1774 1920 1824 1974 id
1856 1929 1956 1979 est,
1991 1929 2111 1988 post

538 2021 868 2079 sententiam
925 2018 1190 2072 adversus
1243 2014 1377 2071 Cain
1434 2028 1460 2064 a
1519 2012 1626 2064 Deo
1681 2011 2106 2079 pronuntiatam.

536 2111 671 2166 Nam
706 2110 790 2164 lex
825 2109 1023 2177 scripta
1056 2102 1295 2158 nondum
1333 2101 1458 2155 data
1500 2112 1639 2155 erat.
1678 2100 1894 2168 Septem
1928 2109 2106 2151 autent

537 2203 776 2273 peccatis
803 2200 957 2255 Caini
1002 2206 1209 2268 septem
1242 2194 1574 2264 respondent
1606 2193 1891 2261 supplicia.
1928 2192 2109 2245 Primo

538 2295 807 2365 peccavit,
838 2294 968 2363 quia
1011 2291 1212 2345 invidia
1245 2288 1470 2343 allectus
1514 2294 1636 2353 est;
1683 2285 1946 2346 secundo.
1980 2286 2109 2354 quia

537 2389 722 2443 dolum
749 2387 982 2451 struxit;
1022 2382 1203 2446 tertio,
1223 2382 1349 2450 quia
1381 2380 1582 2434 caedem
1603 2378 1857 2442 admisit;
1890 2385 2107 2445 quarto,

541 2479 672 2546 quia
727 2483 945 2529 tratrem
998 2471 1378 2535 obtruncavit;
1446 2468 1658 2537 quinto.
1717 2467 1843 2534 quia
1900 2468 2111 2535 primus

540 2569 744 2625 eadem
804 2566 1073 2637 patravit;
1134 2574 1324 2625 sexto,
1375 2561 1502 2630 quia
1558 2561 1874 2630 parentibus
1930 2559 2111 2615 luctus

539 2674 764 2716 causam
814 2656 1029 2723 attulit;
1078 2656 1332 2725 septimo,
1384 2652 1510 2722 quia
1552 2651 1662 2706 Deo
1711 2652 1972 2706 mentitus
2006 2658 2109 2705 est.

544 2752 805 2821 Sequitur
832 2750 968 2819 jam,
997 2757 1054 2801 ut
1081 2762 1366 2818 pcenarum
1399 2759 1687 2799 numerqu
1719 2745 2107 2799 subducamus.

543 2844 832 2898 Maledicta
878 2853 1019 2896 terra
1052 2859 1083 2894 a
1115 2852 1185 2905 te,
1218 2842 1386 2910 prima
1424 2841 1538 2894 hac
1579 2853 1739 2909 paena
1769 2847 1872 2892 est.
1909 2837 2111 2905 Opera-

541 2936 679 2992 bcris
726 2945 943 2999 terram,
993 2933 1095 2986 hoc
1118 2940 1226 2996 est,
1279 2931 1401 2985 sine
1447 2930 1553 2983 ulla
1602 2927 2007 2982 intermissione
2045 2941 2111 2982 ac

543 3025 879 3080 relaxatione
928 3020 1274 3092 agricultura:
1333 3019 1612 3073 laboribus
1666 3017 1981 3083 vexaberis,
2019 3032 2107 3072 ae-
2136 3046 2180 3107 Ο

544 3121 744 3172 cumla.
774 3115 843 3169 Et
874 3131 977 3169 non
1010 3113 1166 3167 addet
1201 3113 1445 3168 uirtutem
1484 3126 1638 3165 suam
1674 3109 1802 3164 dare
1847 3111 1965 3173 tibi,
2000 3111 2113 3165 haec

545 3211 703 3265 tertia
744 3220 904 3278 poena
934 3214 1037 3271 est,
1073 3219 1267 3273 nempe
1296 3202 1545 3258 laborum
1583 3201 1869 3261 sterilitas.
1899 3199 2114 3257 Gemens

542 3311 593 3358 et
624 3312 848 3355 tremens
877 3300 984 3352 eris
1032 3312 1190 3365 super
1228 3304 1426 3350 terram
1454 3294 1519 3358 ³⁸,
1554 3294 1728 3349 tribus
1773 3292 1951 3363 panis
1977 3292 2114 3349 duas

544 3392 760 3462 adjecit,
793 3391 1054 3462 gemitum
1092 3397 1411 3459 perpetuum
1437 3393 1495 3441 et
1520 3385 1770 3455 corporis
1802 3395 2114 3451 tremorem,

541 3487 618 3542 ita
648 3496 708 3540 ut
735 3484 849 3553 ipse
874 3488 1185 3538 moveretur
1206 3487 1263 3534 et
1292 3486 1700 3541 concuteretur,
1729 3490 1795 3531 ac
1824 3491 1893 3532 ne
1919 3490 2113 3546 panem

543 3575 764 3647 quidem
793 3580 849 3628 et
882 3581 1071 3641 potum
1120 3570 1279 3626 facile
1315 3569 1397 3624 ori
1436 3569 1728 3625 admovere
1762 3576 1970 3637 posset.
2011 3565 2113 3623 Se-

542 3668 730 3739 quitur
766 3665 910 3720 aliud
946 3663 1302 3732 supplicium,
1333 3662 1477 3733 quod
1505 3661 1642 3717 Cain
1682 3661 1799 3731 ipse
1833 3660 2113 3732 patefecit,
2158 3728 2165 3733 υ

543 3759 622 3813 sic
657 3757 697 3810 11
717 3770 892 3826 quens
924 3771 939 3808 :
975 3754 1035 3808 Si
1077 3768 1215 3807 nunc
1242 3770 1270 3807 ι
1300 3763 1442 3807 terra
1477 3769 1557 3807 me
1591 3752 1760 3821 ejicis,
1800 3752 1905 3807 hoc
1934 3759 2040 3818 est,
2067 3751 2113 3808 si

542 3863 574 3901 a
604 3857 760 3902 terra:
786 3844 1266 3900 commoditatibus
1291 3858 1378 3898 me
1405 3842 1696 3912 disjungis.
1726 3851 1777 3897 et
1802 3859 1835 3896 a
1861 3843 1997 3911 facie
2021 3851 2115 3896 tua

544 3938 839 3995 abscondur
882 3936 947 3992 ⁸⁵.
997 3935 1257 3991 Atrocius
1303 3934 1631 4005 supplicium
1680 3933 1825 4004 apud
1872 3949 1968 3989 eos
2019 3932 2114 4003 qui

546 4031 747 4086 mentis
792 4037 920 4084 sunt
965 4035 1270 4098 compotes,
1300 4026 1573 4097 separatio
1600 4041 1632 4081 a
1661 4025 1794 4081 Deo.
1822 4027 1894 4080 Et
1938 4026 2113 4096 posuit

544 4121 685 4179 Dee:
717 4124 922 4193 signum
962 4137 1118 4191 super
1147 4136 1267 4174 eum
1295 4120 1359 4185 “',
1406 4122 1637 4190 septima
1672 4121 1786 4174 haec
1818 4132 1978 4187 poma
2007 4127 2111 4181 est.

546 4211 801 4266 nimirum
836 4227 903 4265 ne
936 4225 1152 4279 pmnam
1190 4209 1407 4280 quidem
1440 4209 1612 4279 ipsam
1645 4209 1936 4265 obscuram
1965 4222 2108 4272 esse,

546 4299 1065 4370 verumperspicuo
1107 4302 1265 4371 signo
1310 4300 1468 4371 quasi
1508 4303 1775 4371 preconis
1806 4316 1937 4357 voce
1979 4316 2113 4357 om-

2213 1842 2640 1887 commemorata
2676 1834 2806 1889 sint.
2842 1833 3197 1891 Redeundum
3231 1845 3315 1889 est
3349 1837 3412 1889 ad
3450 1835 3797 1896 testimonia,

2212 1925 2415 1991 quibus
2439 1925 2634 1978 honori
2663 1925 2879 1980 habitus
2900 1925 3069 1981 fuisse
3094 1928 3433 1996 septenarius
3451 1928 3800 1981 demonstra-

2214 2024 2324 2079 tur,
2354 2016 2520 2085 idque
2558 2033 2666 2071 non
2726 2018 2886 2072 modo
2915 2022 2967 2072 in
2998 2020 3313 2072 remittenda
3345 2019 3571 2078 oﬂcnsa,
3598 2034 3796 2074 verum

2210 2107 2372 2161 etiam
2397 2107 2450 2161 in
2473 2107 2969 2166 animadvertendis
2997 2120 3157 2180 atque
3188 2112 3516 2166 ulciscendis
3544 2112 3795 2182 ﬂagitiis.

2215 2197 2381 2252 David
2423 2198 2588 2266 igitur
2621 2201 2778 2268 quasi
2812 2216 2878 2255 ex
2910 2201 3218 2257 Iudaeorum
3255 2219 3485 2272 persona
3518 2206 3586 2257 ad
3622 2204 3793 2258 Deum

2212 2290 2289 2343 ait
2340 2306 2355 2342 τ
2407 2289 2584 2343 Redde
2639 2292 2825 2345 vicinis
2883 2296 3079 2348 nostris
3151 2296 3448 2364 septnplum
3505 2298 3561 2349 in
3618 2297 3799 2349 sinum

2210 2395 2392 2433 eorum
2455 2378 2520 2432 ¹⁸.
2587 2379 2855 2436 Reversus
2924 2385 3068 2437 enim
3135 2385 3355 2441 Iudaeos
3417 2401 3483 2440 ex
3551 2387 3798 2441 secunda

2213 2471 2526 2541 captivitate
2560 2470 2912 2542 Babylonica,
2957 2487 3012 2531 et
3062 2478 3316 2545 templum
3360 2478 3675 2531 instaurare
3700 2493 3803 2532 cu-

2212 2566 2847 2635 pientes,viciniJudtci
2902 2567 3282 2636 prohibebant.
3342 2567 3521 2637 Atque
3580 2568 3800 2622 ideirco

2212 2658 2320 2715 illis
2368 2663 2760 2730 imprecantur,
2809 2672 2873 2715 ut
2907 2661 3259 2730 scptuplicem
3302 2660 3651 2715 afﬂictionem
3689 2662 3803 2714 Ita-

2212 2750 2377 2805 beant
2410 2753 2464 2804 in
2492 2754 2613 2806 sinu
2643 2767 2769 2815 suo,
2806 2752 2908 2806 hoc
2935 2764 3039 2813 est.
3078 2753 3514 2821 inseparabilem.
3572 2751 3805 2809 Rursus

2213 2841 2269 2893 in
2295 2840 2601 2897 Proverbiis
2635 2845 2701 2896 ad
2737 2842 2885 2897 hunc
2927 2842 3150 2897 modum
3199 2845 3438 2913 loquitur
3480 2843 3800 2897 Salomon:

2212 2931 2486 3001 Sapientia
2507 2935 2790 3004 wdiﬁcavit
2821 2937 2920 2989 sibi
2955 2934 3189 2999 deorum,
3223 2936 3488 3006 supposuit
3509 2935 3808 2988 columnas

2213 3031 2406 3090 septem
2440 3024 2503 3079 ⁸³.
2581 3024 2702 3090 Quo
2729 3026 2845 3080 loco
2886 3042 2979 3094 per
3015 3026 3358 3094 sapientiam,
3388 3025 3809 3080 subsistentem

2218 3111 2309 3167 Dei
2363 3113 2685 3183 sapientiam
2747 3116 3024 3183 intelligit,
3095 3118 3467 3185 unigenitum,
3526 3116 3806 3185 inquam.

2215 3200 2456 3257 Verbum
2490 3221 2506 3256 :
2542 3219 2637 3273 per
2677 3204 2900 3259 domum
2934 3218 3116 3260 autem
3150 3206 3498 3269 mdificatam,
3522 3208 3801 3274 templum

2214 3294 2483 3364 corporis,
2504 3295 2647 3363 quod
2668 3310 2732 3350 ex
2758 3304 2947 3350 sancta
2984 3297 3200 3366 Virgine
3221 3308 3560 3366 assumptum
3587 3297 3798 3359 induit;

2215 3399 2310 3457 per
2343 3394 2549 3455 septem
2582 3394 2761 3438 autem
2792 3386 3099 3451 columnas,
3138 3387 3362 3456 spiritus
3421 3387 3630 3455 gratias
3674 3401 3804 3456 qua

2212 3490 2404 3531 omnes
2430 3476 2483 3530 in
2502 3475 2725 3530 Christo
2747 3478 3058 3532 etuccbant.
3081 3477 3222 3543 Quin
3253 3478 3419 3531 etiam
3450 3494 3550 3547 per
3578 3478 3803 3532 Zacha-

2212 3567 2352 3622 riam
2380 3567 2704 3636 prophetam
2732 3567 2872 3621 Deus
2897 3576 2950 3620 et
2980 3566 3141 3622 Pater
3164 3568 3233 3623 de
3262 3568 3483 3624 Christo
3504 3571 3577 3622 ita
3608 3570 3799 3638 loqui.

2214 3665 2306 3714 tur
2341 3659 2372 3710 :'
2399 3657 2535 3712 Ecce
2570 3674 2664 3728 ego
2698 3657 2836 3713 duco
2878 3675 3085 3713 servant
3128 3676 3325 3723 meum,
3370 3658 3565 3714 Oriens
3605 3677 3802 3713 nam

2212 3749 2338 3818 ipsi.
2366 3748 2507 3813 Quia
2539 3748 2676 3816 lapis
2702 3766 2851 3818 quem
2885 3751 3003 3804 dedi
3052 3760 3174 3803 ante
3211 3750 3400 3819 [aciem
3446 3748 3602 3811 Iesu.
3637 3767 3803 3818 super

2213 3843 2444 3913 lapidem
2474 3860 2636 3897 unum
2669 3855 2862 3913 septem
2903 3845 3044 3898 oculi
3069 3856 3192 3898 sunt
3228 3848 3294 3899 "’.
3334 3845 3397 3899 Et
3426 3846 3589 3914 paulo
3626 3856 3759 3915 post
3781 3862 3799 3899 :

2215 3936 2285 3990 Et
2320 3937 2567 3992 videbunt
2605 3938 2832 4006 lapidem
2875 3949 3154 3994 stannettm
3188 3940 3245 3992 in
3282 3939 3524 3992 manibus
3554 3936 3800 3992 Ζονοδο-

2215 4029 2295 4084 bet
2332 4032 2398 4082 ⁸⁸.
2449 4030 2667 4100 Septem
2715 4031 2770 4084 hi
2805 4031 2953 4086 oculi
3002 4030 3218 4087 Domini
3258 4039 3407 4095 sunt,
3446 4029 3542 4098 qui
3584 4037 3793 4083 terram

2214 4123 2533 4179 universam
2561 4124 2888 4193 inspectant.
2929 4121 3171 4191 Contigit
3193 4132 3372 4176 autem
3408 4122 3525 4175 hac
3565 4120 3798 4175 historia

2212 4228 2339 4286 post
2366 4217 2601 4272 reditum
2629 4232 2694 4271 ex
2727 4215 3061 4285 captivitate.
3085 4214 3207 4280 Quo
3223 4223 3461 4283 tempore
3483 4213 3800 4269 sacerdotis

2217 4322 2441 4362 munere
2475 4305 2803 4376 fungebatur
2837 4304 3019 4368 .lesus.
3056 4305 3203 4361 ﬁlius
3234 4302 3498 4360 Iosedech
3519 4321 3538 4370 ;
3563 4318 3795 4370 mgnum

546 4390 711 4445 nibus
753 4389 1017 4459 declarari
1069 4391 1214 4445 hunc
1252 4391 1402 4445 illum
1446 4404 1568 4445 esse
1616 4391 1805 4446 nefarii
1856 4392 2114 4448 facinoris
2144 4380 2192 4438 υ
2217 4409 2397 4452 autem
2433 4399 2651 4452 tenebat
2697 4397 2997 4453 Zorobabel
3037 4398 3183 4451 illius
3232 4394 3514 4459 Salathiel,
3539 4395 3795 4465 quicum

548 4482 907 4536 architectum
933 4499 949 4536 :
971 4496 1036 4536 ac
1063 4492 1208 4536 recte
1231 4482 1495 4552 iudicanti
1523 4482 1844 4553 gravissima
1871 4486 2115 4539 omnium
2216 4490 2269 4542 in
2301 4490 2732 4556 superltumerali
2753 4491 3094 4560 splendidum
3113 4489 3343 4558 lapidem
3358 4490 3797 4553 attexuisset,ac

549 4586 709 4642 pmna
749 4582 834 4630 est
869 4575 982 4629 haec
1015 4574 1266 4628 infamia.
1297 4572 1368 4627 At
1407 4572 1662 4638 Lamech,
1696 4584 1822 4644 post
1860 4577 2117 4631 condem-
2210 4580 2407 4637 deinde
2436 4581 2701 4638 foramina
2717 4598 2837 4650 sex,
2867 4592 2927 4638 ut
2958 4583 3154 4647 ferunt,
3190 4583 3243 4636 in
3273 4597 3340 4638 eo
3370 4581 3668 4643 effecisset.
3697 4597 3793 4635 εει

546 4667 827 4722 nationem
873 4665 1027 4721 Caini
1076 4664 1280 4734 duplici
1326 4664 1471 4719 cardo
1516 4665 1867 4732 constrictus,
1919 4667 2114 4720 merito

545 4758 678 4812 dicit
719 4773 736 4811 :
781 4758 841 4812 Si
889 4758 942 4811 in
990 4756 1127 4811 Cain
1172 4766 1359 4824 septies
1406 4755 1729 4811 vindicatum
1774 4767 1886 4822 est,
1933 4758 1988 4810 in
2033 4774 2113 4812 me

542 4848 766 4903 Lameclt
811 4850 1105 4919 septuagies
1140 4849 1327 4917 septies
1376 4847 1726 4902 vittdicabitur
1759 4849 1822 4914 ¹⁶,
1856 4849 1958 4903 hoc
1992 4859 2106 4905 est:

545 4939 605 4994 Si
650 4941 798 5010 justa
847 4940 1110 4995 adversus
1156 4940 1290 4994 Cain
1327 4940 1417 4994 Dei
1462 4940 1729 4995 sententia
1779 4942 2019 5006 exsistit,
2051 4950 2110 4996 ut

542 5042 749 5098 septem
797 5031 1082 5104 suppliciis
1113 5032 1439 5097 adiceretur,
1472 5031 1590 5102 ipse
1629 5032 1880 5102 equidem
1911 5033 2109 5100 dignus

542 5137 691 5187 sum,
726 5121 821 5192 qui
840 5123 1258 5194 quadringentis
1284 5125 1577 5192 nquaginta
1600 5123 1778 5192 ptenis
1800 5126 2104 5180 excrucior.

540 5215 811 5280 Quoniam
844 5216 955 5283 ille,
997 5216 1456 5286 quemadmodum
1487 5216 1556 5270 ab
1589 5215 1721 5278 alio,
1753 5214 1884 5284 quid
1914 5231 2108 5284 quam-

539 5318 646 5372 que
664 5320 829 5373 grave
849 5305 1058 5359 crimen
1078 5317 1243 5371 esset,
1264 5304 1467 5361 caedem
1489 5303 1858 5367 committere,
1881 5304 2106 5361 minime

536 5394 802 5450 didicerat
836 5413 850 5450 :
883 5395 965 5451 sic
1015 5410 1115 5452 nec
1166 5396 1494 5452 homicidam
1544 5396 1713 5452 ullum
1748 5396 1955 5452 viderat
1986 5413 2104 5453 tne-

609 5565 906 5633 “Gctmv,
969 5569 1058 5624 2i.
1138 5569 1329 5625 “ibid.
1373 5571 1460 5637 tl,
1505 5571 1587 5625 12.
1669 5572 1712 5603 "
1758 5570 1889 5625 ibid.
1943 5572 2027 5627 fi.
2107 5575 2298 5626 “nhil.
2351 5573 2435 5628 15.
2515 5576 2829 5637 ‘°iltid.2i.

610 5652 763 5701 tum,
800 5637 883 5690 12.
963 5641 1006 5672 ⁸⁸
1045 5639 1206 5696 Prov.
1243 5658 1319 5702 tx,
1357 5641 1408 5696 1.
1483 5643 1526 5675 ⁸ο
1551 5639 1777 5697 Zachar.
1821 5657 1904 5702 Ill,
1938 5643 2056 5702 8,9.
2162 5647 2200 5675 “
2228 5645 2350 5697 an.
2378 5662 2457 5700 ar.
2489 5664 2563 5702 tv.
2602 5648 2685 5702 l0.

2162 5647 2200 5675 “
2228 5645 2350 5697 an.
2378 5662 2457 5700 ar.
2489 5664 2563 5711 tv,
2602 5648 2685 5703 l0.

538 5652 763 5701 unum,
800 5637 883 5690 12.
963 5641 1006 5672 ⁸⁸
1045 5639 1206 5696 Prov.
1243 5658 1319 5708 tx,
1357 5641 1408 5696 1.
1483 5643 1526 5675 ⁸ο
1551 5639 1777 5697 Zachar.
1821 5657 1904 5707 ttt,
1938 5643 1989 5709 8,
2007 5649 2056 5698 9.

2207 4671 2342 4726 alios
2355 4672 2761 4728 diversicoloris
2774 4672 2980 4741 lapides
2998 4673 3276 4741 imposuit,
3292 4673 3386 4742 qui
3402 4672 3627 4742 quidem
3645 4674 3799 4728 colo-

2208 4762 2285 4816 ris
2301 4765 2561 4820 varietate
2573 4764 2713 4818 oculi
2729 4764 3187 4820 instarlucebant.
3201 4765 3491 4820 Enimvero
3503 4765 3794 4833 prophetia

2212 4866 2431 4912 servum
2448 4852 2727 4907 Christum
2746 4855 3034 4924 vocat,qui
3056 4855 3109 4908 in
3126 4855 3300 4909 forma
3316 4858 3461 4911 servi
3477 4858 3543 4910 ad
3568 4873 3674 4913 nos
3697 4876 3792 4913 ve-

2211 4944 2324 4997 nit:
2345 4942 2616 4998 Orientem
2634 4952 2837 5011 autem,
2853 4947 2980 5015 quia
3000 4947 3218 5015 ipselux
3230 4964 3352 5003 vera
3363 4960 3461 5004 est.
3476 4949 3799 5015 Quinem».

2208 5034 2330 5088 dent
2343 5050 2555 5104 quoque
2569 5035 2799 5105 lapidein
2814 5040 3050 5106 appellat
3066 5048 3273 5108 septem
3290 5041 3478 5095 oculos
3490 5042 3793 5098 trahentem

2209 5125 2542 5195 antelfncietn
2555 5126 2681 5182 Jesu
2704 5128 2912 5182 datum.
2927 5128 3224 5198 Oportebat
3241 5133 3385 5186 enim
3402 5132 3581 5201 legale
3595 5149 3795 5191 sacer-

2207 5218 2438 5280 dotium,
2472 5219 2627 5287 cujus
2649 5218 2810 5274 Jesus
2844 5220 3071 5290 ﬁguram
3096 5223 3257 5291 gerit,
3295 5238 3405 5292 prae
3432 5226 3612 5279 oculis
3631 5242 3795 5281 sem-

2206 5324 2303 5378 per
2360 5310 2559 5364 habere
2616 5311 2851 5380 lapidem
2902 5313 3052 5368 illunt
3091 5316 3345 5380 electum,
3383 5316 3488 5372 hoe
3507 5327 3595 5372 est
3620 5320 3793 5373 Chri-

2206 5410 2373 5463 Stum,
2413 5401 2508 5470 qui
2542 5403 2732 5458 multis
2779 5405 2955 5460 oculis
3006 5408 3263 5464 universa
3292 5410 3583 5465 collustrat
3608 5420 3790 5482 atque

2910 5583 2947 5615 ”
2984 5582 3116 5642 Luc.
3153 5603 3235 5652 ttt,
3270 5584 3341 5643 23
3376 5587 3464 5643 58.
3549 5588 3594 5619 ³⁸
3627 5588 3784 5645 Psal.
