4050 6198
298 229 433 315 Itis
1173 230 1496 290 NICETAS
1536 230 1617 291 IN
1657 233 1877 296 onar.

1948 237 2106 297 ξων
2165 238 2227 299 S.
2268 240 2493 302 GREG.
3411 253 3547 319 1446

293 337 534 408 inspicit.
573 335 927 407 Septenarius
959 336 1102 392 enim
1138 353 1356 409 semper
1386 338 1499 395 fere
1529 341 1611 394 vel
1644 341 1696 394 id
1722 343 1866 410 quod
1900 351 1940 404 Α
1976 345 2028 398 in
2099 347 2285 402 liberis
2340 348 2632 406 Phcnenna
2683 351 2919 418 dicitur,
2970 370 3092 425 qua:
3139 358 3339 416 multos
3402 363 3544 419 titius

294 429 450 483 ﬁnem
494 430 672 491 habet,
721 429 802 483 vel
848 430 994 497 quod
1063 429 1371 496 perfectura
1427 442 1534 497 est,
1586 431 1855 500 designat.
1972 437 2231 493 habebat.
2265 439 2390 494 llaec
2439 444 2586 496 enim
2638 458 2739 497 vox
2771 462 2785 499 :
2816 448 3068 515 multum,
3096 450 3374 506 indelinila
3406 465 3485 509 est
3523 473 3541 509 :

293 521 503 576 ltnrsus
541 521 793 575 Christus
837 522 939 575 hac
976 523 1042 575 de
1072 537 1254 610 causa
1275 522 1415 591 lapis
1442 534 1706 578 stanneus
1735 526 1863 578 dici-
1965 529 2110 597 quod
2134 539 2313 585 autem
2342 532 2686 588 indelinitnm
2711 547 2815 600 est,
2843 539 3035 609 utique
3057 550 3112 594 et
3136 542 3542 610 imperfectum.

293 621 398 666 tur.
422 613 587 666 Aiunt
619 621 877 667 stannnm
914 628 979 665 ex
1013 629 1117 666 mre
1144 622 1197 667 et
1234 604 1458 683 plumbo
1511 614 1859 669 ronrmistum
1969 617 2061 674 Vel
2112 623 2276 676 etiam
2333 623 2650 694 imperfecta
2713 628 2820 683 dici
2888 604 3088 699 potest.
3136 604 3264 704 quia
3330 635 3540 689 nullum

291 719 353 758 ac
402 712 758 774 temperatum
848 720 991 759 esse.
1069 704 1430 770 Quamobrem
1489 722 1587 762 nec
1644 707 1859 761 dnritiei
1960 712 2154 766 extulit
2179 714 2438 770 omnibus
2464 717 2727 772 virtutum
2763 723 3027 788 numeris,
3050 723 3321 779 Samuelis
3348 727 3543 787 instar,

288 796 512 849 onmioo
545 808 888 866 estexpers,
938 813 1037 852 nec
1078 814 1272 853 rursus
1318 799 1597 853 mollitiem
1642 813 1857 852 onmem
1965 801 2298 858 absolutum.
2360 807 2537 875 Atque
2600 809 2745 863 hunc
2804 813 2967 864 etiam
3029 818 3238 882 septem
3303 818 3541 882 vocavit,

291 887 520 975 respuit.
584 886 789 941 Eodem
839 887 947 943 fere
998 889 1161 942 tnodo
1194 887 1515 943 Emmanuel
1546 905 1765 959 quoque
1791 906 1857 945 ex
1962 903 2151 962 utpote
2181 897 2483 965 perfectura
2513 910 2566 954 et
2603 903 2861 957 omnibus
2899 906 3192 961 virtutibus
3218 907 3535 975 expolitum.

286 974 603 1031 ﬁriiiissitna
629 978 875 1046 nullique
910 979 1255 1047 perfractioni
1287 980 1523 1034 obnoxia
1553 981 1857 1047 divinitate,
1962 983 2273 1042 Perfectum
2324 1006 2489 1058 porro
2543 991 2692 1049 hunc
2737 1009 3028 1051 numerum
3087 998 3218 1063 dixi,
3256 974 3362 1053 non
3392 1002 3539 1068 quod

282 1074 331 1161 et
359 1081 421 1118 ex
453 1065 601 1161 molli
643 1076 829 1136 atque,
880 1078 937 1161 ut
982 1068 1055 1120 ita
1087 1069 1287 1132 dicam,
1330 1070 1614 1125 aﬂ‘ectibus
1657 1071 1856 1139 agitata
1959 1078 2075 1132 suis
2097 1079 2347 1148 partibus
2371 1084 2761 1150 constituatur,
2789 1089 3246 1157 quemadmodum
3272 1091 3363 1161 qui
3395 1065 3536 1161 apud

285 1157 623 1250 humanitate
658 1160 994 1250 compositus
1030 1168 1131 1214 est.
1193 1161 1392 1215 Atlhtee
1426 1172 1707 1226 stannnm,
1736 1163 1851 1216 sive
1957 1169 2336 1226 arithmeticos
2378 1173 2600 1243 perfecti
2659 1178 2875 1233 numeri
2930 1157 3304 1249 appellantur,
3346 1157 3538 1250 cuius-

192 1290 195 1293 .
283 1247 592 1315 plumbum,
620 1248 686 1303 ad
732 1254 1109 1320 purgationem
1158 1252 1385 1305 alterius
1429 1253 1694 1316 materiae,
1735 1268 1791 1319 «μ

1959 1261 2105 1314 modi
2134 1272 2218 1315 est
2246 1264 2530 1329 senarius;
2564 1282 2750 1320 verum
2780 1271 3242 1337 quemadmodum
3283 1272 3390 1325 alio
3412 1272 3534 1326 loco

284 1338 409 1405 igne
442 1339 662 1406 indiget,
716 1341 1025 1394 necessario
1075 1342 1397 1406 assumitur,
1443 1358 1509 1397 ac
1554 1343 1853 1411 prtesertim

1956 1353 2238 1406 denarium
2267 1354 2572 1423 pecfeetum
2609 1369 2788 1424 vocat,
2825 1369 2882 1413 ut
2930 1377 3283 1417 numerorum
3346 1364 3534 1427 ﬁnem,

283 1430 353 1483 ab
383 1430 450 1483 iis
478 1432 568 1500 qui
600 1445 662 1484 ex
694 1440 918 1500 argento
965 1447 1106 1501 opus
1149 1433 1373 1502 aliquod
1416 1433 1625 1487 clliccre
1653 1434 1850 1487 solent.

1954 1446 2034 1498 sic
2066 1461 2210 1499 mute
2242 1461 2461 1518 quoque
2508 1451 2902 1516 septenarium,
2938 1454 3066 1520 quia
3122 1454 3387 1522 septimus
3418 1455 3532 1507 dies

279 1523 490 1576 Stanno
544 1521 727 1590 itaque
784 1521 899 1576 sive
943 1523 1165 1590 plumbo
1194 1524 1445 1579 Christus
1479 1533 1848 1593 comparatur,
1955 1550 2049 1591 eos
2082 1537 2626 1604 ρετιῑείιθιοιςιυιιίι,
2685 1540 2740 1592 in
2802 1540 3002 1609 quibus
3062 1521 3205 1596 De",
3266 1542 3532 1596 mundum

279 1620 463 1679 utpote
500 1612 688 1666 sordes
717 1613 1078 1681 spiritualiter
1108 1615 1560 1686 colliquel‘aciens
1614 1629 1677 1671 ac
1717 1633 1849 1684 pur-

1957 1630 2225 1683 condidit.
2265 1630 2524 1698 Opposita
2572 1639 2655 1685 est
2695 1639 2875 1685 autem
2926 1630 3084 1684 Anna
3125 1630 3452 1695 i’henenme,
3480 1633 3533 1686 id

276 1716 431 1767 gans.
495 1703 724 1773 lnsrrper
793 1716 1052 1759 stantium
1114 1722 1200 1761 res
1257 1712 1397 1761 inter
1457 1723 1515 1762 se
1565 1708 1857 1762 distractas

1958 1729 2063 1784 est,
2095 1736 2161 1774 ex
2194 1721 2426 1775 adverso
2462 1722 2659 1784 locata,
2693 1732 2801 1775 tum
2852 1722 2977 1791 quia
3011 1722 3300 1778 Phenenna
3335 1723 3530 1777 multos

273 1796 575 1860 connectit,
612 1805 797 1862 utpote
823 1797 967 1866 quod
1022 1797 1325 1866 glutinandi
1363 1799 1471 1852 vim
1522 1800 1707 1854 habet.
1743 1800 1855 1855 llu-

1958 1812 2159 1866 liberos
2218 1812 2472 1878 habebat,
2528 1816 2684 1867 Anna
2738 1824 2918 1867 autem
2976 1812 3286 1868 Samuelem
3349 1815 3527 1869 solum

273 1884 512 1954 iusmodi
562 1897 745 1941 autem
800 1888 1059 1959 quiddam
1104 1889 1157 1943 in
1211 1891 1369 1946 nobis
1419 1892 1671 1947 Christus
1722 1907 1856 1961 prte-
1958 1912 2260 1972 peperi-rat,
2307 1916 2422 1957 tum
2464 1904 2705 1972 quiailla
2741 1903 2793 1956 in
2829 1904 3015 1958 liberis
3051 1904 3365 1973 imperfecta
3387 1915 3525 1963 erat.

273 1977 525 2032 stitit:si
574 1980 791 2048 quidem
846 1981 976 2035 illud
1031 1997 1218 2036 verum
1286 1992 1369 2038 est
1400 1985 1541 2054 quod
1581 1987 1633 2038 in
1685 2000 1851 2039 unum
1957 1993 2072 2047 hmo,
2105 1992 2363 2063 perfecta.
2423 1993 2538 2049 Dici
2584 1996 2745 2049 etiam
2804 1995 3006 2049 idcirco
3047 2005 3230 2064 potest
3275 2006 3529 2064 septena-

276 2084 475 2122 noxum
505 2069 781 2125 hominem
810 2072 949 2125 duos
977 2075 1206 2141 populos
1226 2084 1373 2129 creat
1395 2077 1464 2129 “.
1490 2077 1567 2129 Ac
1591 2085 1851 2146 praeterea
1954 2086 2071 2141 rius
2118 2085 2410 2154 perlectus,
2464 2086 2606 2156 quod
2655 2102 2749 2157 per
2782 2087 3153 2164 sucqessiOiiis
3212 2087 3408 2141 ευτι-ίθιιι
3474 2097 3528 2140 et

276 2176 373 2230 per
400 2176 523 2215 eum
560 2161 625 2215 ad
662 2177 761 2216 nos
792 2162 1150 2232 inspectionis
1186 2167 1382 2223 modus
1406 2171 1650 2238 contigit,
1688 2171 1852 2225 nimi-
1952 2178 2405 2247 compositionem
2462 2178 2783 2234 vicesimum
2841 2161 3092 2233 octavum
3162 2178 3367 2249 gignat,
3428 2179 3524 2247 qui

275 2270 392 2307 rum
442 2255 796 2325 pervigilibus
854 2255 1028 2309 oculis
1057 2259 1238 2310 omnia
1287 2258 1846 2316 circumlustrantem.
1953 2268 2230 2336 perfectus
2256 2278 2343 2323 est
2373 2284 2651 2323 numerus.

274 2345 383 2401 Nec
431 2363 558 2400 vero
603 2346 905 2400 absurdum
963 2346 1130 2402 fuerit
1189 2360 1411 2404 sanctos
1463 2352 1737 2406 antistites
1794 2364 1848 2407 et

2021 2361 2137 2414 Col.
2171 2362 2276 2415 454
2306 2361 2369 2413 Δ.
2405 2361 2557 2426 Quod
2584 2364 2626 2415 si
2652 2371 2842 2415 retere:
2872 2362 3031 2414 etiam
3067 2361 3315 2415 historias
3347 2360 3525 2413 consi-

275 2453 557 2492 sacrorum
597 2437 836 2491 arbitros
869 2438 1152 2493 oculorum
1184 2439 1304 2494 loco
1324 2442 1530 2509 positos
1559 2458 1680 2498 esse
1700 2444 1847 2497 ailiro
1950 2453 2135 2505 dei-are
2160 2461 2380 2517 oportet,
2418 2460 2524 2506 etc.
2558 2452 2688 2520 Age,
2710 2452 2823 2518 jam
2858 2460 3070 2505 veteres
3099 2465 3317 2521 quoque
3356 2450 3530 2505 histe-

274 2545 442 2596 mare,
468 2539 651 2600 utpote
684 2529 808 2583 aliis
840 2531 1176 2599 superiores,
1223 2547 1287 2585 ac
1318 2543 1607 2602 propterea
1633 2536 1850 2605 episco-
1949 2544 2061 2596 rias
2101 2558 2509 2608 recenseamus,
2544 2543 2597 2595 in
2633 2542 2834 2611 quibus
2866 2542 3205 2608 septenarius
3259 2555 3524 2596 numerus

271 2639 465 2693 porum
500 2638 696 2677 nomen
728 2632 1074 2678 consecutos.
1111 2622 1215 2678 Per
1263 2641 1358 2679 eos
1408 2626 1553 2680 enim
1597 2627 1847 2683 Christus
1951 2635 2133 2690 verbis
2160 2635 2381 2703 quidem
2413 2634 2636 2690 disertis
2684 2650 2787 2689 non
2821 2635 3163 2704 exprimitur,
3198 2635 3292 2690 sed
3320 2650 3378 2689 re
3403 2635 3519 2700 ipsa

273 2720 480 2788 plebem
513 2719 567 2772 in
599 2733 658 2774 se
690 2720 1001 2774 credentem
1065 2719 1266 2775 ίιινῖδίιο
1315 2719 1436 2773 ³3111
1458 2734 1588 2775 vero
1641 2719 1844 2775 Clll‘iSli
1948 2729 2245 2784 invenitur.
2282 2726 2560 2798 Septimus
2587 2738 2851 2798 quantum
2894 2727 2961 2782 ad
2996 2729 3395 2796 generationem
3417 2725 3522 2781 fuit

271 2826 488 2880 quoque
536 2812 761 2881 liguram
811 2811 947 2882 gerit
993 2809 1317 2866 Zorobabel.
1373 2811 1841 2878 Quemadmodum
1946 2821 2015 2875 ab
2044 2822 2213 2875 Adam
2246 2820 2453 2884 Enoch,
2489 2822 2581 2891 qui
2635 2821 2827 2875 mortis
2882 2819 2994 2874 fato
3021 2834 3358 2888 nequaquam
3392 2833 3519 2887 per-

271 2903 416 2957 enim
443 2900 746 2976 Zorobabel
777 2904 1028 2971 captivus
1057 2903 1327 2957 abductus
1374 2916 1482 2956 non
1517 2915 1621 2969 est,
1654 2918 1840 2958 verum
1946 2910 2166 2965 functus
2186 2922 2293 2976 est,
2331 2926 2517 2964 verum
2552 2909 2852 2965 translatus
2876 2918 2978 2974 est,
3009 2925 3076 2963 ne
3108 2919 3334 2963 mortem
3364 2910 3517 2963 vidc-

270 3005 334 3045 ex
364 2992 596 3060 captivis
635 2992 685 3043 in
722 2989 995 3061 Babylone
1038 3003 1224 3059 natus,
1258 2996 1500 3062 ipsorum
1534 2995 1842 3063 redemptor
1865 3041 1909 3067 η
1945 3010 2027 3054 ret
2060 3001 2125 3052 ⁸⁸.
2161 2996 2471 3054 Vicesimus
2529 2999 2740 3067 primus
2792 2999 3090 3061 Abraham,
3125 3010 3235 3052 tum
3265 3008 3518 3066 septena-

272 3082 481 3134 exstitit
514 3098 528 3134 :
567 3081 633 3134 ad
663 3082 916 3135 eutndem
960 3084 1181 3138 modum
1221 3083 1497 3151 Christus,
1536 3086 1684 3139 nulla
1715 3102 1841 3156 pec-
1866 3081 1910 3103 υ
1944 3093 2088 3147 rium
2122 3093 2439 3161 designans,
2469 3101 2581 3147 tttm
2616 3103 2862 3146 sanctam
2892 3092 3237 3144 Trinitatem.
3265 3088 3399 3143 Nam
3423 3090 3514 3158 qui

268 3173 373 3226 cati
411 3171 530 3225 labe
562 3172 906 3241 inquinatus,
939 3177 1006 3226 ab
1054 3175 1257 3228 exitiali
1307 3186 1360 3228 et
1391 3178 1701 3244 pernicioso
1738 3179 1841 3232 im-
1945 3195 2027 3238 ter
2058 3183 2430 3252 septenarium
2485 3182 2873 3249 composuerit,
2914 3196 3082 3234 unum
3112 3190 3164 3234 et
3193 3180 3513 3234 vicesimum

267 3262 419 3332 perio
451 3277 549 3317 nos
585 3264 638 3316 iu
677 3263 978 3318 libertatem
1007 3264 1318 3319 vindicavit.
1347 3264 1521 3335 Hujus
1548 3267 1680 3334 lapis
1708 3267 1842 3321 ﬁdes
1940 3275 2272 3344 procreabit.
2308 3275 2385 3327 Ac
2415 3284 2674 3341 praeterea
2706 3273 2981 3326 Abraham
3019 3272 3227 3341 primus
3256 3283 3342 3329 est
3372 3274 3513 3328 inter

266 3371 329 3409 ea
363 3364 465 3420 est,
498 3371 601 3424 qua
634 3358 684 3408 in
719 3356 894 3424 ipsum
933 3356 1229 3410 credimus.
1271 3356 1541 3421 Quocirca
1579 3354 1842 3411 Dominus
1944 3362 2311 3432 patriarchas,
2376 3361 2623 3433 mysterii
2668 3362 2897 3431 majoris
2932 3362 3268 3418 accessione.
3323 3364 3511 3428 Quan-

266 3448 494 3517 tnpidcm
524 3449 577 3502 in
612 3464 772 3501 manu
801 3449 982 3504 ferens
1010 3450 1143 3502 illud
1184 3464 1283 3504 nos
1331 3450 1509 3515 docet,
1542 3450 1840 3523 lidem‘qua
1943 3472 2104 3527 quam
2133 3457 2278 3510 enim
2333 3456 2677 3525 septenarius
2714 3454 2785 3508 ob
2829 3456 3174 3524 supradictas
3219 3459 3338 3527 ejus
3370 3458 3512 3512 vires

267 3557 388 3594 eum
426 3540 832 3609 amplectimur,
875 3556 1218 3610 nequaquam
1257 3540 1486 3596 otiosam
1529 3551 1582 3596 ct
1613 3542 1838 3595 inertem
1942 3559 1995 3604 et
2025 3548 2315 3602 facultates
2364 3547 2629 3618 mysticus
2656 3556 2763 3610 est,
2790 3548 2967 3615 magis
3018 3556 3199 3603 tamen
3248 3550 3513 3619 mysticus

268 3644 390 3684 esse
419 3630 632 3696 debere,
670 3626 854 3685 verul‘h
900 3642 1104 3701 septem
1155 3631 1368 3685 Domini
1408 3632 1580 3685 oculis
1607 3647 1841 3685 exorna-
1944 3639 2263 3708 intelligitur
2290 3637 2584 3700 tertiarius,
2617 3648 2805 3709 utpote
2826 3649 3028 3693 sancta:
3058 3637 3339 3694 Trinitatis
3372 3642 3513 3694 inia-

271 3732 402 3784 tam,
440 3723 539 3777 hoc
583 3732 686 3785 est,
748 3732 956 3792 septem
1018 3719 1257 3792 Spiritus
1304 3723 1478 3777 sancti
1515 3723 1838 3776 actionibus.
1943 3734 2119 3803 ginem
2156 3731 2353 3786 ferens.
2384 3730 2655 3797 Quocirca
2678 3730 2964 3784 sublimius
2991 3746 3211 3801 quoque
3232 3731 3401 3800 ipsius
3429 3741 3516 3786 est

272 3810 543 3868 Stannens
570 3829 786 3884 quoque
815 3812 950 3882 lapis
973 3815 1043 3867 oh
1077 3816 1215 3868 hanc
1241 3815 1504 3868 rationem
1540 3814 1838 3874 inducitur.
1945 3823 2286 3894 mysterium.
2345 3821 2487 3888 Quin
2540 3823 2977 3892 septuagesimus
3005 3838 3222 3893 quoque
3247 3824 3511 3892 septimus

270 3905 397 3973 quia
449 3908 586 3959 sicut
642 3917 897 3960 stannnm
933 3906 1169 3974 primum
1229 3907 1509 3977 nigrescit.
1545 3923 1608 3979 ac
1647 3908 1843 3964 deinde
1946 3912 2209 3969 Dominus
2245 3916 2569 3983 reperietur,
2600 3913 2643 3968 si
2677 3914 2803 3982 quis
2829 3929 3095 3969 converso
3132 3913 3322 3967 ordine
3350 3930 3514 3982 gene-

268 3999 607 4066 splcndidutn
643 4002 875 4054 colorem
910 4000 1115 4064 induit,
1161 4001 1350 4054 eodem
1385 4002 1571 4066 modo,
1594 4002 1684 4070 qui
1719 4001 1840 4056 iidei
1944 4004 2207 4059 rationem
2255 4002 2461 4057 Christi
2498 4005 2643 4071 apud
2698 4000 2897 4057 Lucam
2947 4000 3215 4068 proditam
3250 4000 3511 4053 excutiat.

270 4093 471 4160 pietate
504 4092 711 4161 praediti
732 4103 896 4155 sunt,
928 4094 1027 4147 etsi
1082 4092 1358 4160 peccando
1392 4093 1661 4162 nigrorem
1709 4108 1841 4147 eun-
1945 4096 2120 4151 Lucas
2148 4096 2292 4148 enim
2321 4111 2351 4148 a
2384 4094 2603 4148 Christo
2623 4106 2856 4145 exorsus
2899 4092 2953 4144 in
2992 4091 3258 4144 Adamum
3292 4091 3508 4145 desiuit.

266 4185 514 4248 trahunt,
558 4198 746 4239 rursus
798 4194 978 4237 tamen
1019 4181 1389 4252 resipiscendo
1435 4184 1839 4253 splendescunt.
1944 4188 2100 4255 Quod
2142 4189 2185 4240 si
2215 4185 2339 4255 quis
2369 4192 2641 4238 retroacto
2667 4182 2858 4237 ordine
2887 4192 3051 4251 atque
3102 4181 3316 4237 inverso
3349 4181 3515 4236 modo

262 4274 447 4343 Atque
480 4275 585 4326 haec
614 4272 683 4326 de
718 4271 1068 4327 Zorobabelis
1089 4273 1267 4342 lapide
1296 4291 1324 4326 a
1354 4274 1513 4328 nobis
1539 4274 1683 4328 dicta
1708 4277 1839 4328 sint.
1945 4283 2085 4352 apud
2111 4280 2312 4334 Lucam
2345 4278 2415 4332 ab
2443 4277 2655 4332 Adamo
2693 4292 2869 4347 usque
2911 4276 2978 4331 ad
3005 4276 3283 4332 Christum
3317 4293 3511 4332 nume-

258 4364 425 4417 Plunc
461 4365 754 4434 septenarii
806 4366 1070 4418 honorem
1124 4365 1373 4421 oratione
1425 4381 1838 4435 prosequemur.
1865 4374 1920 4433 Ῑ)
1947 4383 2066 4422 rare
2099 4365 2346 4435 coeperit,
2378 4366 2841 4436 septuagesimum
2888 4367 3176 4433 septimum
3214 4365 3391 4435 ipsum
3427 4381 3514 4421 re-

268 4452 442 4507 David
471 4468 599 4524 ergo
623 4453 690 4507 ad
727 4452 892 4509 Deum
942 4453 1028 4507 his
1077 4453 1257 4508 verbis
1300 4456 1470 4507 utitur
1510 4470 1524 4507 :
1562 4452 1760 4522 Septies
1786 4457 1838 4507 in
1948 4457 2141 4527 periet.
2174 4457 2354 4527 Atque
2404 4457 2487 4512 ha:
2520 4456 2756 4510 historia’.
2783 4471 2847 4510 ex
2893 4458 3058 4510 rebus
3089 4457 3229 4526 ipsis
3254 4468 3507 4526 septena-

261 4546 353 4601 αὖε
386 4546 594 4600 laudem
610 4547 725 4599 dixi
762 4545 860 4599 tibi
890 4545 958 4611 ”.
983 4545 1085 4600 hoc
1119 4554 1228 4608 est.
1278 4560 1677 4613 saepenumero.
1697 4547 1838 4611 Quin
1947 4550 2089 4604 rium
2118 4550 2438 4618 praeclarum
2473 4556 2528 4602 et
2563 4546 2933 4600 honorabilimt
2984 4562 3105 4601 esse
3178 4547 3508 4600 ostendunt.

257 4642 433 4694 ctiam
464 4638 509 4693 ll
540 4638 673 4709 Reg.
713 4640 869 4691 Anna
913 4636 1180 4693 Samuelis
1212 4645 1382 4691 mater
1413 4636 1465 4689 in
1495 4651 1596 4691 suo
1623 4638 1839 4692 cantico
1945 4641 2076 4708 Quae
2108 4650 2289 4694 autem
2327 4654 2385 4693 se
2402 4648 2657 4709 lttllltlur,
2692 4635 2832 4689 idem
2878 4635 3055 4690 verbis
3105 4634 3510 4689 demonstrant.

253 4734 342 4787 ita
374 4730 605 4803 loquens
637 4730 910 4785 inducitur
940 4746 956 4783 :
997 4729 1138 4796 Quia
1173 4729 1367 4783 sterilis
1391 4729 1586 4798 peperit
1620 4738 1836 4796 septeni,

1945 4734 2220 4802 Scriptum
2260 4740 2342 4784 est
2372 4729 2516 4783 enim
2548 4730 2598 4783 in
2625 4728 2767 4783 libro
2793 4726 2920 4781 Iesu
2960 4726 3053 4781 ﬁlii
3087 4724 3233 4781 Nave
3260 4726 3328 4792 “,
3362 4725 3511 4794 quod

251 4834 316 4882 et
341 4842 454 4895 qure
482 4824 671 4879 multos
697 4823 920 4879 habebat
944 4824 1106 4892 ﬁlios,
1127 4823 1489 4891 inﬁrmataest
1511 4820 1579 4873 ’ἢ
1606 4818 1839 4873 Historia
1947 4828 2134 4879 urbem
2188 4823 2408 4879 J._riclio
2460 4834 2666 4891 septem
2726 4820 3038 4875 sacerdotes
3091 4834 3214 4873 cum
3282 4818 3511 4871 totidem

258 4935 436 4989 porro
468 4920 588 4974 tahs
626 4930 707 4974 est
739 4918 933 4972 :Anna
963 4925 1015 4971 et
1046 4916 1337 4971 Phenenna
1359 4914 1839 4968 cnmEleanama-
1946 4915 2191 4971 huceinis
2246 4931 2343 4984 per
2388 4922 2593 4980 septem
2644 4911 2762 4965 dies
2814 4910 3124 4979 cingebant,
3173 4909 3513 4977 clangentes,

257 5014 528 5069 Lrimonio
550 5011 755 5080 juncta:
786 5018 965 5073 erant,
997 5024 1060 5063 ac
1083 5008 1373 5062 Pheneuna
1401 5005 1618 5076 quidem
1643 5005 1840 5058 liberos
1945 5008 2110 5063 semel
2137 5006 2356 5076 quidem
2393 5004 2616 5073 reliquis
2645 5002 2836 5056 diebus
2856 5017 2974 5057 eam
3000 5001 3323 5065 anibicntes,
3347 4998 3513 5068 septi-

262 5108 491 5171 cdebat,
554 5107 709 5158 Anna
748 5114 931 5157 autern
978 5100 1402 5172 haudquaquam
1435 5098 1696 5162 pariebat.
1731 5094 1836 5152 γε·
1947 5116 2034 5154 mo
2067 5108 2247 5154 autem
2301 5098 2390 5151 die
2436 5098 2659 5165 septies,
2690 5111 2755 5149 ac
2795 5104 2908 5148 tum
2951 5093 3149 5147 uicenis
3180 5092 3380 5146 nullius
3405 5092 3512 5144 im-

260 5218 390 5256 rum
460 5200 658 5256 solutis
712 5198 929 5252 tandem
1014 5210 1108 5265 per
1171 5196 1475 5249 orationem
1538 5190 1841 5248 sterilitatis
1944 5193 2195 5264 pulsione
2246 5186 2572 5245 labefactata
2618 5196 2968 5242 corruerunt.
3034 5185 3165 5251 Quae.
3219 5193 3397 5237 autem
3443 5183 3516 5237 de

263 5294 540 5358 vinculis,
598 5292 914 5362 prophetam
968 5290 1117 5343 illum
1186 5288 1447 5342 eximium
1525 5284 1833 5341 Samueletn
1948 5285 2061 5338 Elia
2098 5287 2625 5344 commemorantur,
2668 5276 2830 5331 tertio
2855 5274 3071 5344 quidem
3120 5273 3324 5345 Regum
3373 5271 3518 5325 libro

264 5385 503 5457 peperit,
543 5384 636 5454 qui
679 5384 897 5453 quidem
945 5382 1102 5435 matri
1134 5395 1246 5434 sua:
1276 5379 1449 5432 instar
1478 5390 1705 5447 septem,
1736 5379 1838 5431 hoc
1947 5375 2146 5444 scripta
2177 5381 2303 5428 sunt
2334 5372 2402 5437 ",
2435 5385 2624 5423 verum
2652 5367 2976 5437 septenariae
3000 5365 3170 5435 ipsius
3201 5363 3513 5457 conversio-

259 5454 370 5544 ξεί,
405 5493 709 5533 numerosa:
753 5477 957 5532 sobolis
992 5477 1115 5530 loco
1150 5474 1270 5529 fuit.
1305 5472 1629 5544 lmperl'eeta
1658 5484 1840 5527 autem
1948 5469 2034 5522 nis
2097 5465 2233 5520 nihil
2294 5463 2540 5518 historia:
2602 5458 2973 5514 monumentis
3033 5457 3348 5511 mandatum
3400 5454 3513 5509 est.

341 5594 627 5662 gemmae,
668 5610 723 5660 ιι,
766 5594 852 5648 Η.
956 5582 1185 5662 ergo.
1214 5604 1403 5656 csvttt,
1443 5588 1563 5646 165.
1677 5589 1721 5619 "
1761 5586 1940 5657 1⁸03·

1147 5591 1185 5644 ι.
1214 5604 1403 5656 csvtn,
1443 5588 1563 5646 165.
1677 5589 1721 5619 "
1761 5587 1779 5640 ι
1811 5586 1942 5657 Reg.
1972 5600 2035 5650 ll,
2070 5582 2122 5639 5.
2224 5581 2269 5612 ’⁸
2311 5578 2447 5634 Cen.
2473 5593 2527 5643 v,
2553 5575 2746 5631 22-24.

268 5663 321 5693 ’⁷
350 5660 411 5713 ιιι
433 5660 563 5731 tteg.
596 5681 726 5730 xvii,
762 5678 937 5728 xvttt;
987 5660 1048 5714 ιγ
1088 5660 1217 5730 lteg.
1247 5679 1282 5726 ι,
1316 5676 1373 5716 ιι.

1864 3041 1910 3103 C

2906 5572 2954 5604 "
2991 5571 3158 5630 Josue
3197 5587 3272 5636 vt,
3302 5571 3335 5626 ι
3359 5583 3514 5639 seqq.

3642 622 3671 639 ὦ
