4050 6198
594 257 729 326 1447

2001 256 2044 315 Α
2058 254 2354 316 DDENDA
2365 300 2382 317 .

3692 250 3828 316 tus

591 368 733 436 Quid
793 370 958 440 igitur
1012 365 1079 423 de
1148 367 1251 421 hac
1327 366 1642 422 inversione
1695 363 2025 420 dtcendum?
2079 365 2161 418 An
2191 365 2471 435 Asepties
2519 379 2578 420 se
2633 363 2960 430 iucurvavit,
3007 363 3059 418 id
3100 373 3209 426 est,
3248 363 3527 422 contraxit
3560 371 3724 435 atque
3748 368 3826 421 itr

591 471 785 530 praeter
810 460 1049 515 historia:
1075 460 1357 514 veritatem
1392 458 1730 527 Tltcologum
1764 456 1878 510 hate
1908 455 2163 527 prolocu-

594 561 710 607 tum
734 552 891 606 esse?
918 550 1162 606 Minime.
1210 550 1407 606 Verum
1445 552 1531 605 hic
1575 549 1902 604 inversionis
1936 550 2161 603 verbum

592 643 945 711 descriptoris
977 657 1162 696 errore
1191 643 1527 712 obrepsisse.
1554 642 1730 710 Atque
1755 641 1915 694 etiam
1939 639 2161 709 quidam

592 735 810 788 codices
844 733 1069 787 minime
1104 734 1383 804 depravati
1421 734 1561 788 hanc
1596 718 1885 788 dictionem
1922 746 2029 786 non
2072 732 2168 785 ha-

594 830 737 882 bent.
788 825 1181 896 Mysticamque
1224 825 1371 879 illaut
1419 827 1684 894 triplicem
1740 823 2174 883 insuﬁlationem

591 920 720 972 Elite
747 920 1043 987 prophetae,
1085 933 1194 987 qua
1237 917 1600 989 Sarephtante
1653 916 1830 972 vidua:
1884 917 1993 970 lilio
2057 916 2165 970 vita

589 1014 854 1081 inspirata
891 1022 992 1066 est.
1035 1010 1147 1065 lloc
1179 1025 1399 1081 quoque
1434 1010 1601 1064 refert
1628 1008 1878 1072 historia,
1914 1007 2082 1061 Eliam
2109 1007 2164 1061 in

588 1102 946 1172 Sarepbtanat
996 1102 1164 1157 lilium
1207 1111 1289 1157 ter
1347 1100 1675 1164 insulllasse,
1709 1100 1899 1170 sicque
1938 1114 2061 1152 eum
2097 1101 2163 1153 ad

592 1196 756 1248 vitam
813 1209 1098 1249 revocasse
1125 1194 1193 1247 ³⁸.
1234 1193 1314 1247 Ad
1361 1194 1501 1247 hanc
1548 1202 1730 1247 autem
1778 1192 2045 1262 triplicem
2081 1191 2165 1245 itt—

589 1286 975 1348 suﬁlationem,
1012 1286 1261 1356 aequalis,
1315 1285 1422 1341 hoc
1483 1295 1566 1340 est
1618 1295 1794 1348 terna,
1836 1284 2168 1354 intelligetur

589 1377 1020 1446 fragmentorum
1050 1378 1177 1447 ligni
1211 1379 1472 1448 prolutio.
1505 1376 1639 1431 Nam
1674 1376 1725 1430 id
1758 1390 1979 1446 quoque
2007 1390 2164 1430 saera

592 1468 826 1522 historia
875 1468 1055 1523 docet.
1087 1469 1222 1523 Cum
1256 1469 1401 1522 cnim
1427 1468 1574 1523 Elias
1609 1482 1674 1522 ex
1706 1475 1950 1536 tempore
1997 1466 2167 1520 altare

591 1561 1019 1625 construxisset,
1055 1576 1118 1616 ac
1158 1562 1427 1632 lignorum
1458 1559 1773 1629 fragmenta,
1801 1573 1965 1628 super
1990 1556 2163 1625 ipsum

591 1656 906 1722 struxisset,
946 1667 1243 1726 posteaque
1290 1656 1610 1710 holocausta
1654 1668 1819 1723 super
1864 1653 2008 1722 ligna
2058 1651 2162 1704 im-

2266 458 2417 512 ﬂexit
2469 473 2635 528 super
2666 473 2789 513 cum
2820 496 2836 521 ,
2879 458 3016 512 adeo
3051 468 3110 512 ut
3155 474 3218 512 os
3256 457 3365 521 ori,
3389 466 3447 511 et
3478 459 3676 513 oculos
3704 473 3833 512 ocu.

2269 549 2334 601 lis
2356 589 2371 613 ,
2400 558 2455 602 et
2485 564 2679 603 manus
2718 549 2972 603 manibus
3009 547 3333 617 adjungeret
3363 547 3428 601 ³¹.
3483 546 3834 602 lnﬁexiouem

2268 647 2450 693 autem
2485 639 2795 709 Theologns
2840 639 3152 705 hujnsmodi
3205 637 3561 707 jactationem
3607 646 3664 691 et
3703 651 3829 690 con-

2267 731 2550 785 llexiouem
2581 730 2892 801 appellatit,
2942 745 3049 799 qua
3121 730 3345 798 spiritus
3392 728 3702 783 suscitatus
3734 735 3837 786 est.

2267 824 2317 875 id
2381 833 2484 884 est.
2545 823 2771 893 spiritus
2821 821 3005 875 vitalis
3072 830 3368 875 recreatus.
3427 818 3553 873 Haec
3619 818 3837 872 locutus

2267 912 2589 985 Gregorius,
2624 911 2938 967 candelabri
2966 911 3251 966 histotiam
3283 912 3699 981 praetermittere
3718 924 3827 979 qut-

2267 1005 2387 1058 detn
2432 1005 2669 1070 videtur,
2730 1005 2821 1059 sed
2883 1013 3059 1057 tamen
3123 1002 3263 1057 hanc
3310 1016 3530 1072 quoque
3584 1016 3839 1055 sermone

2268 1097 2669 1166 complectitur,
2705 1111 2771 1150 ac
2802 1094 3180 1163 prmteritionis
3213 1096 3379 1163 ﬁgura
3413 1108 3567 1159 usus,
3590 1090 3760 1147 simul
3787 1098 3837 1145 et

2266 1184 2537 1238 auditoris
2584 1184 2819 1237 satietati
2871 1184 3203 1253 fastidioque
3252 1181 3517 1246 occurrit,
3550 1190 3607 1235 et
3633 1181 3840 1234 variam

2267 1277 2571 1329 orationem
2599 1275 2780 1329 elIicit.
2813 1274 3138 1329 Candelabri
3179 1282 3365 1328 autem
3417 1272 3581 1341 hujus
3633 1270 3840 1325 descri-

2267 1368 2382 1438 ptio
2411 1368 2464 1421 itt
2503 1367 2674 1421 Exodi
2723 1367 2863 1422 libro
2907 1367 3013 1421 sita
3052 1376 3135 1420 est
3163 1365 3231 1419 ".
3263 1364 3328 1419 Et
3357 1366 3577 1434 quidem
3610 1360 3843 1416 historia

2267 1478 2438 1517 unum
2492 1464 2758 1517 duntaxat
2819 1461 3015 1516 hastile
3059 1459 3370 1514 candelabri
3428 1462 3843 1517 commemorat,

2268 1570 2362 1612 sex
2387 1566 2569 1610 autem
2604 1555 2845 1610 calamos
2879 1554 3086 1609 circum
3115 1554 3312 1607 hastile
3349 1561 3405 1606 et
3430 1558 3633 1620 septem
3661 1548 3834 1602 lucer-

2269 1662 2388 1711 nas,
2419 1645 2600 1701 hastili
2626 1655 2679 1701 et
2702 1646 2925 1701 calamis
2953 1642 3489 1714 adjacentes.Verum
3510 1641 3843 1710 Theologus,
3882 1636 3893 1645 ’

591 1717 903 1817 posuisset,
918 1717 1056 1802 dixit
1088 1765 1103 1802 :
1132 1717 1363 1817 decipite
1394 1747 1524 1799 mihi
1551 1717 1769 1817 hydria:
1807 1717 2093 1814 aquarum,
2121 1751 2169 1797 et
2195 1717 2244 1775 Β
2271 1755 2396 1794 cum
2422 1739 2606 1793 hastili
2636 1736 2879 1793 calamos
2903 1738 3067 1793 etiam
3112 1746 3380 1799 statuens,
3416 1750 3480 1790 ac
3518 1748 3842 1799 numerans,

592 1838 857 1909 infundite
894 1854 1050 1907 super
1090 1836 1484 1901 holocaustum,
1516 1848 1564 1890 et
1605 1851 1762 1905 super
1789 1835 1956 1906 ligna.
1997 1835 2173 1904 Atque

593 1928 667 1982 ita
701 1928 968 1983 fecerunt.
1007 1928 1073 1981 Et
1111 1927 1249 1981 dixit
1278 1944 1293 1982 :
1324 1924 1566 1981 Secundo
1602 1925 1699 1979 hoc
1739 1925 1942 1994 facile;
1987 1933 2041 1978 et
2085 1939 2173 1980 se-

589 2019 772 2074 cundo
799 2020 900 2074 hoc
939 2018 1204 2074 fecerunt.
1265 2016 1440 2073 Tertio
1469 2019 1565 2071 hoc
1589 2017 1778 2088 facite;
1801 2024 1857 2071 et
1882 2016 2042 2071 tertio
2070 2014 2172 2068 hoc

594 2108 858 2165 fecerunt.
894 2110 1104 2177 Quibus
1131 2112 1370 2179 peractis
1416 2109 1483 2164 ad
1526 2108 1699 2179 ipsius
1752 2121 1942 2177 preces
1978 2107 2174 2162 cecidit

593 2198 739 2268 ignis
774 2198 992 2253 Domini
1037 2200 1105 2255 de
1145 2200 1309 2265 ccelo,
1347 2208 1402 2254 et
1440 2198 1723 2254 devoravit
1765 2198 2167 2263 holocaustum,

588 2301 648 2345 et
672 2291 838 2362 ligna,
866 2301 922 2347 et
946 2292 1136 2358 altare,
1167 2303 1221 2346 et
1247 2306 1469 2361 aquam,
1508 2301 1564 2345 et
1606 2290 1883 2360 pulverem
1915 2292 1984 2346 ¹⁹.
2017 2290 2171 2356 Quo-

593 2384 741 2437 niam
800 2393 981 2438 autem
1043 2383 1292 2437 nonnulli
1337 2394 1397 2438 ut
1442 2384 1832 2453 septenariam,
1866 2383 2007 2437 hanc
2039 2397 2170 2453 pro-

593 2476 793 2529 luvieut
830 2487 1143 2541 numerant,
1174 2491 1276 2531 nos
1307 2490 1528 2544 quoque
1556 2476 1886 2531 sententiam
1920 2487 2169 2531 nostram

590 2568 1018 2638 explicabimus.
1065 2568 1408 2624 Aritltmetici
1434 2584 1790 2625 numerorum
1846 2569 2170 2640 pronuntia-

594 2661 793 2723 tiones,
819 2663 886 2715 ad
914 2661 1133 2716 modum
1157 2676 1337 2716 rerum
1362 2662 1755 2731 suhjcetarum,
1778 2662 1974 2717 nonad
1993 2677 2171 2731 quan-

591 2754 830 2816 titatem,
853 2752 1148 2822 accipiunt.
1175 2754 1267 2807 Ait
1298 2753 1463 2825 igitur
1482 2754 1626 2808 Elias
1656 2755 1893 2824 primum
1923 2770 1939 2809 :
1974 2753 2170 2823 Infuno

595 2842 744 2905 dite:
807 2844 1006 2899 deinde
1038 2860 1060 2900 :
1096 2844 1299 2900 Iterum
1351 2846 1640 2915 infundite,
1693 2858 1835 2915 post,
1882 2844 2061 2898 Tertio
2114 2844 2169 2899 id

593 2934 777 3003 facile.
811 2934 924 2988 Duo
955 2936 1142 3003 itaque
1203 2936 1295 2988 tttti
1326 2936 1560 3004 adjecta,
1603 2936 1705 2989 tria
1731 2934 2011 3002 efﬁciunt;
2047 2935 2171 3007 qui-

2275 1833 2380 1887 hoc
2439 1847 2659 1902 quoque
2705 1831 2987 1887 hastilium
3041 1830 3267 1885 nomine
3316 1828 3631 1899 appellavit.
3668 1828 3841 1897 Atque

2273 1924 2347 1978 ita
2408 1924 2726 1978 universum
2782 1923 3003 1992 quidem
3074 1925 3181 1978 hoc
3258 1920 3647 1977 candelabrum
3707 1926 3840 1981 erat,

2274 2025 2531 2070 caeterum
2590 2013 2938 2067 ἐπτάκαυλον
2998 2013 3094 2068 καὶ
3156 2012 3528 2082 ὲπτάλυχνθν,
3582 2008 3839 2064 nimirum

2274 2115 2498 2177 propter
2543 2106 2761 2161 hastilia
2808 2115 2863 2160 et
2920 2105 3177 2160 lucernas
3231 2106 3297 2160 iis
3343 2101 3746 2174 superpositas.
3778 2099 3841 2153 lit

2274 2199 2463 2269 igitur,
2491 2197 2691 2267 inquit,
2719 2196 2902 2267 templi
2927 2196 3315 2252 candelabrum
3349 2205 3561 2264 septem
3594 2192 3841 2247 lucernas

2272 2292 2609 2363 protendens
2649 2303 2989 2362 praeteream,
3024 2289 3266 2358 ejusdem
3324 2297 3410 2343 est
3461 2287 3730 2340 doctrina":
3781 2297 3840 2337 ae

2271 2384 2689 2454 speculationis,
2722 2384 2789 2442 de
2816 2397 3045 2437 numero
3075 2380 3381 2452 septenario
3427 2380 3663 2441 scilicet,
3704 2376 3838 2446 quod

2273 2477 2319 2530 is
2346 2476 2439 2545 qui
2469 2477 2537 2530 ad
2566 2475 2857 2531 sacerdotii
2889 2475 3207 2546 dignitatem
3253 2474 3465 2526 electus
3500 2480 3609 2536 est,
3644 2468 3838 2538 templo

2273 2568 2499 2632 assidet,
2535 2581 2601 2621 ac
2631 2575 2840 2637 septem
2872 2565 3084 2621 dierum
3133 2563 3307 2634 spatio
3333 2578 3534 2617 manus
3560 2562 3686 2629 ejus
3720 2575 3843 2615 eon-

2272 2669 2580 2726 srcrantttr,
2613 2657 3076 2729 quemadmodum
3100 2656 3154 2711 itt
3177 2654 3365 2709 Exodo
3387 2651 3842 2723 prmscribitur".

2225 2798 2231 2805 .
2275 2752 2529 2823 Ejusdem
2561 2753 2690 2806 item
2716 2751 3000 2816 doctrinm,
3032 2748 3179 2820 quod
3205 2749 3272 2811 is,
3302 2748 3395 2817 qui
3430 2747 3582 2815 lepra
3610 2744 3845 2800 infectus

2270 2853 2372 2907 est,
2403 2851 2609 2912 septem
2634 2842 2827 2896 diebus
2859 2850 3142 2911 purgatur,
3173 2849 3232 2894 ut
3254 2839 3309 2893 itt
3337 2836 3581 2893 Levitico
3606 2835 3842 2891 edictum

2272 2943 2436 3005 atque
2479 2937 2805 3006 imperatum
2840 2943 2923 2989 est
2952 2932 3020 2986 ⁸⁸.
3066 2931 3272 2986 Eodem
3327 2944 3542 3000 quoque
3596 2929 3854 2982 referent.

594 3027 698 3080 bus
737 3027 840 3079 tria
878 3025 1102 3096 insuper
1140 3027 1418 3097 adjuncta,
1454 3041 1551 3081 sex
1581 3026 1901 3082 conﬁciunt.
1938 3025 2167 3081 Senario
2193 3048 2236 3107 ο
2271 3026 2423 3092 dum,
2447 3027 2591 3096 quod
2620 3024 2881 3096 templum
2914 3040 2944 3078 a
2968 3022 3261 3078 Salomone
3290 3022 3452 3092 ipsius
3487 3029 3856 3075 exatructore

594 3129 776 3174 autem
811 3120 984 3189 prima
1038 3120 1220 3174 unitas
1278 3119 1461 3174 addita
1523 3120 1822 3189 perfectum
1876 3132 2167 3173 numerum

502 3234 519 3247 κ
594 3212 846 3267 absolvit.
878 3212 1004 3276 Aut,
1025 3213 1071 3268 si
1109 3213 1300 3280 mavis,
1328 3229 1420 3267 sex
1451 3213 1851 3284 prolutionibus
1876 3214 2165 3283 septimam

594 3305 848 3378 adjuugc,
904 3307 1163 3362 nimirum
1217 3322 1363 3373 eam,
1399 3323 1521 3378 qua:
1555 3322 1650 3378 per
1682 3307 1860 3377 ignem
1904 3307 2168 3362 divinitus

594 3398 823 3454 tnissum
846 3399 1109 3468 contigit;
1138 3407 1423 3469 postquam
1462 3398 1605 3460 Elias
1636 3398 1929 3467 ignominia
1969 3398 2166 3467 dignos

594 3492 933 3555 sacerdotes,
972 3500 1162 3561 utpote
1195 3490 1342 3546 findo
1369 3500 1423 3546 ct
1451 3492 1693 3547 obsceno
1721 3489 1865 3545 idolo
1892 3490 2018 3544 Baal
2048 3506 2165 3545 ser-

593 3582 826 3650 vientes,
863 3583 1293 3653 quadringentos
1337 3594 1393 3639 et
1441 3583 1836 3655 quinquaginta
1871 3582 2162 3638 interfecit.

592 3671 729 3728 Nam
792 3690 917 3729 eum
960 3690 1056 3729 eos
1116 3673 1183 3728 ad
1238 3691 1437 3729 novum
1482 3675 1740 3730 sacrilicii
1783 3674 2163 3730 holocaustum

593 3779 969 3835 provocasset,
1025 3782 1124 3820 nec
1176 3767 1280 3837 ipsi
1331 3768 1384 3821 in
1447 3770 1667 3822 nomine
1706 3767 1838 3822 Baal
1887 3768 2064 3838 ignem
2097 3768 2163 3821 ad

596 3858 864 3928 propositi
896 3857 1154 3912 sacriﬁcii
1188 3859 1669 3929 consutnptiouem
1717 3860 1932 3915 caelitus
1965 3860 2165 3914 demit-

594 3959 709 4004 tere
744 3949 1069 4020 potuisseut,
1107 3951 1566 4020 quemadmodum
1614 3950 1754 4005 inter
1783 3952 1957 4020 ipsum
1989 3958 2042 4004 et
2073 3964 2166 4005 eos

595 4050 949 4105 convenerat,
984 4041 1103 4110 ipse
1133 4051 1317 4095 autem
1358 4042 1410 4095 itt
1467 4034 1562 4096 Dei
1608 4042 1831 4095 nomine
1862 4042 1966 4097 hoc
2004 4040 2166 4097 fecis-

596 4140 701 4197 set,
755 4131 1153 4187 condemnatos
1205 4148 1300 4187 eos
1359 4140 1606 4187 extremo
1653 4130 1921 4202 supplicio
1965 4131 2163 4187 aﬁ‘ecit.

594 4221 744 4275 idem
776 4223 936 4284 coelo.
972 4223 1147 4276 tribus
1205 4222 1367 4277 annis
1409 4233 1463 4277 ct
1504 4238 1598 4278 sex
1638 4222 1923 4277 mensibus
1951 4223 2162 4286 clauso,

595 4327 721 4367 cum
775 4312 886 4381 jam
937 4312 1205 4367 siccitatis
1265 4312 1545 4367 vinculum
1610 4313 1931 4369 solvendum
1995 4324 2162 4377 esset,

2272 3127 2480 3187 septem
2516 3116 2709 3173 diebus
2760 3117 3068 3181 dedicatur,
3121 3115 3576 3187 quemadmodum
3606 3111 3851 3168 habetur

2271 3207 2338 3264 Ill
2411 3208 2699 3280 Regum”.
2745 3209 2862 3265 lluc
2941 3211 3171 3269 accedit.
3251 3209 3395 3280 qttod
3478 3207 3725 3277 populus
3784 3221 3848 3261 ex

2268 3305 2597 3377 Babylonica
2638 3305 2954 3375 captivitate
3004 3305 3410 3375 septuagesimo
3466 3318 3618 3356 anno
3664 3301 3847 3362 rediit,

2270 3398 2413 3453 sicut
2442 3397 2707 3454 Jeremias
2742 3399 3065 3470 pradixcrat
3129 3407 3184 3451 et
3224 3413 3401 3451 rerum
3451 3407 3691 3450 eventus
3720 3410 3851 3448 con-

2271 3488 2509 3544 ﬁrmavit
2538 3529 2556 3556 ,
2591 3502 2651 3544 ut
2681 3491 3042 3559 septenarius,
3081 3490 3173 3560 qui
3220 3489 3273 3544 in
3309 3489 3619 3543 unitatihus
3644 3489 3850 3542 honore

2269 3581 2497 3652 insignis
2524 3589 2626 3649 est,
2674 3581 2816 3636 idem
2875 3596 3095 3653 quoque
3153 3580 3205 3634 in
3263 3578 3565 3635 decadibus
3599 3579 3718 3641 fiat,
3751 3579 3847 3630 hoc

2267 3686 2371 3738 est,
2398 3672 2693 3743 praeclarus
2721 3683 2775 3728 et
2797 3674 3027 3727 maxime
3054 3672 3315 3742 mysticus
3335 3671 3634 3726 decadicus
3665 3679 3846 3738 septe~

2268 3763 2407 3818 uarii
2439 3780 2722 3828 numerus,
2742 3766 2812 3819 ob
2838 3764 3018 3835 populi
3053 3765 3508 3834 redemptionem,
3537 3777 3604 3817 ac
3645 3773 3848 3832 myste-

2270 3855 2336 3909 rii
2405 3870 2628 3926 quoque
2696 3857 2944 3911 nonnihil
3002 3856 3217 3921 haheat,
3269 3856 3530 3909 nimirum
3606 3853 3844 3908 libertati

2270 3952 2456 4022 populi
2519 3952 3030 4022 proclamationem.
3083 3952 3351 4007 Monadici
3393 3961 3583 4006 autem
3627 3951 3841 4005 numeri

2266 4043 2543 4111 dicuntur,
2573 4045 2665 4114 qui
2701 4044 2769 4099 ab
2800 4047 3011 4099 unitate
3037 4045 3104 4099 ad
3137 4045 3392 4098 decadem
3418 4059 3598 4112 usque
3618 4058 3841 4114 progre-

2267 4135 2514 4202 diuntur,
2572 4134 2813 4189 decadici
2882 4149 3027 4199 vero,
3089 4134 3179 4205 qui
3230 4149 3261 4188 a
3320 4132 3547 4187 denario
3597 4134 3666 4187 ad
3721 4148 3843 4186 ocu-

2267 4228 2520 4281 tesimum
2555 4241 2659 4280 :ex
2717 4240 2828 4294 quo
2879 4241 3108 4280 numero
3154 4232 3238 4280 est
3284 4224 3757 4296 septuagesimus,
3786 4239 3842 4277 ex

2268 4316 2579 4386 septenario
2638 4314 2693 4369 in
2721 4317 3007 4371 denarium
3056 4316 3510 4385 multiplicatione
3545 4317 3843 4372 conﬂatus.

597 4403 823 4472 puerulo
849 4402 946 4467 illi,
989 4418 1099 4471 quo
1142 4404 1392 4458 ministro
1443 4403 1721 4471 utebatur,
1761 4404 2073 4474 imperavit,
2105 4415 2166 4460 ut
2200 4383 2242 4437 θ
2267 4383 2562 4460 Denarium
2593 4422 2758 4476 porro
2797 4406 3110 4479 septenario
3158 4383 3538 4476 perfectiorem
3586 4409 3753 4475 dixit,
3789 4416 3844 4462 ut

597 4495 989 4565 specularetur,
1021 4510 1085 4550 ac
1122 4496 1332 4551 videret
1363 4512 1429 4550 an
1480 4494 1651 4552 nubes
1693 4496 1877 4565 aliqua
1908 4497 2164 4552 oriretur.

2265 4499 2877 4555 numerosclaudentem
2897 4516 2961 4555 ac
2983 4501 3387 4556 terminantem.
3403 4499 3534 4556 Post
3549 4501 3837 4556 denarium

596 4584 664 4639 Et
698 4587 955 4655 quoniam
1013 4586 1250 4640 nondum
1318 4596 1439 4641 orta
1499 4593 1640 4652 erat,
1682 4602 1808 4642 eum
1836 4588 2035 4658 septies
2064 4589 2169 4643 ltoc
2263 4593 2408 4646 enim
2438 4608 2702 4649 numerus
2735 4593 2916 4648 nullus
2941 4604 3045 4659 est,
3070 4593 3162 4649 sed
3188 4592 3456 4647 revolutio
3492 4610 3506 4646 :
3538 4592 3837 4664 septenarii

600 4674 779 4729 facere
806 4675 989 4745 jussit.
1049 4677 1292 4743 Septima
1331 4684 1510 4730 autem
1546 4677 1888 4745 inspectione
1924 4678 2166 4731 nubecu-

597 4765 703 4819 lam
740 4767 1031 4833 quamdam
1084 4767 1237 4829 vidit,
1268 4769 1424 4836 quasi
1459 4768 1745 4838 vestigium
1799 4769 1923 4830 viri,
1963 4784 2161 4839 aquam

595 4858 977 4924 advehentem,
1014 4875 1042 4913 a
1089 4875 1189 4929 qua
1259 4876 1585 4931 magnopere
1618 4871 1802 4928 aucta,
1842 4862 2041 4917 caelum
2074 4864 2173 4919 ob-

597 4950 820 5004 ductum
856 4964 959 5016 est,
991 4966 1054 5005 ac
1099 4951 1388 5006 confestim
1427 4954 1611 5023 pluvia
1638 4954 1690 5009 in
1719 4964 1916 5010 terram
1947 4955 2066 5010 fusa
2101 4957 2166 5011 ⁸⁸.

596 5039 871 5097 llactenus
895 5044 961 5097 de
990 5042 1104 5097 Elia
1140 5041 1422 5099 'l‘hesbita.
1455 5046 1512 5099 ln
1541 5048 1733 5101 eodem
1765 5046 1904 5102 libro
1954 5047 2159 5117 Regum

596 5134 774 5187 Elistei
809 5150 1025 5205 quoque
1055 5134 1270 5190 ittﬂexio
1296 5138 1625 5192 continetur.
1663 5137 1799 5193 Nam
1831 5154 1953 5195 cum
1984 5138 2163 5194 Suna-

596 5225 802 5279 tnitidis
848 5227 989 5281 lilius
1035 5236 1337 5282 extremum
1395 5231 1517 5284 vitae
1565 5230 1812 5299 spiritum
1876 5230 2158 5297 edidisSet,

598 5317 860 5384 propheta
878 5318 958 5372 "de
1000 5327 1185 5374 monte
1224 5320 1578 5383 descendens.
1616 5321 1896 5392 ingressus
1935 5325 2157 5377 domum

597 5402 793 5472 ipsius,
836 5410 887 5459 in
934 5411 1279 5466 cenaculum
1331 5413 1596 5479 ascendit,
1635 5428 1701 5468 ac
1736 5429 1898 5484 super
1929 5430 2158 5485 puerum

671 5583 717 5616 "
750 5584 819 5639 lll
872 5586 1007 5656 Reg.
1041 5604 1170 5652 xvu,
1201 5587 1291 5642 2|.

1403 5591 1449 5623 "
1488 5587 1554 5644 111
1602 5588 1735 5660 Reg.
1768 5606 1895 5660 xvttt
1930 5630 1944 5654 ,
1976 5590 2164 5646 32-38.

605 5668 731 5724 xxv,
763 5656 950 5710 51-59.

2262 4697 2442 4743 autem
2499 4690 2835 4759 mysterium,
2892 4690 3117 4760 mystica
3169 4695 3252 4744 est
3302 4687 3475 4757 ipsius
3506 4688 3834 4757 speculatio.

2334 4780 2453 4834 Col.
2494 4781 2599 4836 ‘54
2627 4779 2688 4836 ϐ.
2723 4778 2861 4846 Quid
2896 4791 3073 4836 autem
3095 4781 3378 4851 longinqua
3414 4780 3612 4851 colligo
3636 4782 3662 4834 .’
3683 4779 3840 4835 Iesus

2267 4869 2397 4939 ipse,
2442 4880 2549 4926 etc.
2603 4870 2768 4939 Quid,
2820 4873 3017 4943 inquit,
3067 4873 3201 4927 mihi
3245 4882 3425 4929 vetera
3448 4881 3507 4927 et
3547 4873 3840 4944 longinqua

2266 4976 2698 5018 commemorare
2743 4978 2880 5032 Opus
2932 4964 3051 5020 est?
3082 4962 3201 5034 Ipse
3240 4963 3512 5029 Christus,
3565 4964 3663 5035 qui
3710 4978 3841 5033 pura

2266 5061 2320 5108 et
2349 5068 2472 5107 vera
2524 5053 2784 5122 perfectio
2825 5065 2930 5122 est,
2991 5068 3177 5126 utpote
3229 5065 3372 5111 totus
3424 5055 3729 5126 perfectus.
3780 5073 3841 5111 ac

2268 5158 2374 5197 non
2433 5155 2492 5198 ut
2549 5132 2843 5213 supradicti
2892 5148 3126 5211 nutueri,
3163 5148 3255 5217 qui
3296 5163 3359 5204 ex
3412 5159 3569 5217 parte
3627 5158 3839 5203 tantum

2267 5235 2491 5303 perfecti
2533 5238 2905 5302 nominantur,
2952 5253 3058 5292 non
3105 5239 3280 5294 solum
3326 5239 3570 5308 quinque
3604 5242 3843 5310 panibus

2266 5325 2506 5396 quinque
2537 5328 2812 5384 hominum
2859 5330 3025 5385 millia
3059 5332 3249 5398 nutrit,
3292 5332 3387 5387 sed
3419 5333 3585 5386 etiam
3629 5344 3839 5403 septem

2266 5429 2499 5489 quatuor
2548 5421 2734 5474 millia.
2798 5421 2865 5476 Et
2909 5421 3122 5493 quidem
3175 5438 3243 5478 ex
3298 5423 3544 5494 quinque
3604 5425 3846 5494 panibus

2268 5595 2314 5626 ³⁰
2341 5595 2698 5674 ἱιιὶἀ.“4ρ-.65.
2798 5599 2843 5631 ³⁸
2880 5599 2948 5655 ιν
2999 5602 3130 5674 Reg.
3166 5620 3239 5674 tv,
3290 5603 3479 5658 32-57.
3578 5606 3626 5638 ⁸⁸
3663 5606 3836 5668 Exod.

1064 5658 1109 5689 ³³
1154 5658 1322 5714 Exod.
1356 5675 1504 5724 xxtx,
1542 5661 1563 5713 l
1612 5658 1802 5731 seqq.;
1835 5659 2007 5716 Levit.
2044 5679 2156 5728 vttt,
2197 5664 2216 5715 l
2252 5681 2404 5733 seqq.
2482 5666 2525 5698 "
2562 5665 2729 5723 Levit.
2763 5685 2878 5738 ωε,
2915 5688 3022 5728 xtv.
3078 5658 3141 5707 ”³³
3165 5658 3382 5744 ιιιίινε.
3424 5690 3547 5745 vttt,
3576 5658 3783 5744 65:66.
