4050 6198
329 271 467 335 1ί49

1241 279 1562 341 NICE'l‘AS
1606 284 1687 344 IN
1725 285 1950 349 ORAT.
1995 290 2179 354 XLIV
2214 293 2274 352 S.
2317 295 2544 360 GREG.

3432 314 3574 379 14ῧο

326 384 642 454 superfuere
686 384 968 439 duodecim
1027 388 1271 458 cophini,
1327 401 1547 463 propter
1600 398 1894 465 apostolos,
1924 406 1970 463 Α
2001 417 2123 456 nem
2180 415 2234 458 et
2293 407 2596 464 doctrinam
2657 409 2878 469 habent.
2932 415 3006 472 Ac
3060 418 3355 489 spiritualis
3399 428 3562 483 etiam

325 486 380 525 ut
415 473 584 526 Judas
615 489 833 543 quoque
866 475 984 545 ipse
1031 492 1192 532 suum
1219 491 1478 550 -gestarct
1514 499 1528 536 :
1563 500 1626 538 ex
1684 496 1892 557 septem

323 574 500 616 autem
554 563 807 632 panibus,
858 578 1057 635 sporta:
1091 582 1317 635 septem,
1369 583 1589 641 propter
1629 575 1893 632 honorem

322 653 636 718 septenarii.
677 651 815 707 Sunt
867 664 1048 709 autem
1104 655 1394 727 allegorico
1441 674 1605 715 sensu
1653 664 1896 732 quinque

320 755 527 808 panes,
581 745 846 798 naturalis
904 744 991 798 illa
1050 745 1117 798 de
1171 747 1278 800 Deo
1325 747 1609 816 doctrina,
1659 767 1778 820 qua:
1825 769 1890 808 ex

318 831 564 900 quinque
623 834 877 888 sensibus
942 833 1246 888 innascitur
1302 854 1317 890 :
1382 853 1489 907 qua
1555 842 1891 908 nutriuntur,

318 923 410 992 qui
471 923 776 978 sensualem
813 925 1080 978 duntaxat
1125 927 1289 980 vitam
1345 940 1534 999 agunt,
1567 947 1666 986 nec
1693 935 1892 990 mentis

317 1016 418 1069 alis
453 1015 517 1067 ad
553 1014 924 1070 sublimiorem
957 1019 1378 1086 speculationem
1434 1024 1588 1076 evehi
1641 1035 1887 1094 possunt.

321 1102 472 1157 Unde
517 1104 682 1157 etiam
740 1119 835 1172 per
892 1105 1223 1161 hordeareos
1257 1122 1426 1176 panes
1458 1108 1588 1163 illud
1616 1110 1889 1181 significa-

319 1205 426 1257 tur,
485 1195 624 1248 hanc
696 1196 1003 1250 doctrinam
1074 1208 1380 1267 promptam
1445 1209 1610 1270 atque
1668 1202 1885 1256 obviam

320 1302 483 1350 esse,
532 1287 948 1355 naturalemque
1010 1289 1438 1358 speculationem
1517 1291 1885 1361 imperfectam

321 1379 519 1433 habere
591 1397 605 1432 :
673 1381 1116 1450 quandoquidem
1204 1399 1304 1440 nec
1375 1385 1676 1440 hordeaceo
1751 1401 1888 1455 pane

321 1469 612 1537 quidquam
669 1478 753 1524 est
797 1471 979 1526 vilius.
1016 1471 1170 1538 Quod
1199 1484 1380 1530 autem
1411 1491 1534 1530 cum
1570 1477 1886 1531 mulieribus

315 1567 366 1609 et
396 1559 582 1626 pueris
634 1561 952 1625 comedunt,
1009 1561 1063 1614 id
1115 1561 1407 1632 significat,
1438 1579 1533 1620 eos
1572 1581 1603 1620 a
1639 1566 1886 1636 volupta-

313 1657 424 1700 tum
484 1649 876 1716 cupiditatibus
937 1662 1102 1721 atque
1157 1653 1473 1723 imperfecta
1526 1657 1750 1712 rationis
1799 1659 1878 1712 in-

314 1739 482 1792 fantia
554 1753 661 1794 non
736 1742 895 1810 plane
965 1743 1166 1800 liberos
1234 1757 1397 1816 atque
1456 1749 1666 1806 alienos
1739 1759 1957 1813 esse.B

314 1833 558 1900 Denique
589 1833 806 1900 cophini
838 1835 1150 1902 duodecim,
1183 1839 1275 1907 qui
1309 1840 1656 1896 multitudine
1689 1843 1885 1899 satiata

311 1936 626 1990 supersunt,
681 1928 980 1980 naturalem
1031 1938 1086 1982 et
1133 1930 1391 1985 moralem
1434 1941 1490 1986 et
1524 1934 1884 2004 theologicam

307 2014 612 2068 doctrinam
693 2016 1026 2085 significant.
1084 2018 1178 2074 lla:
1236 2020 1381 2075 enim
1442 2023 1882 2092 superfuerunt,

308 2108 435 2172 quia
489 2106 694 2159 nullam
731 2109 948 2160 .harum
1010 2109 1318 2177 subierunt,
1381 2113 1482 2168 hoc
1532 2124 1637 2179 est,
1691 2132 1884 2186 pervo-

310 2195 526 2247 lueruut
557 2203 652 2248 aut
686 2196 1105 2261 intellexerunt,
1150 2200 1410 2254 nimirum
1441 2217 1504 2256 ex
1537 2204 1668 2258 solis
1706 2206 1883 2260 sensi-

308 2285 434 2349 bus,
464 2287 608 2339 velut
639 2289 811 2342 crassi
841 2299 896 2344 et
927 2285 1141 2359 stupide
1196 2293 1469 2348 Creatoris
1518 2297 1880 2365 cognitionem

309 2370 567 2429 assecuti.
601 2379 753 2444 Quod
786 2381 830 2432 si
867 2380 980 2452 (28)
1010 2382 1460 2454 ὑπερϐεϐήκασιν
1497 2387 1662 2455 legas,
1695 2388 1746 2443 id
1776 2399 1880 2456 est,

309 2481 632 2532 superarunt
694 2480 856 2540 atque
917 2476 1240 2543 supergressi
1307 2487 1470 2538 sunt,
1532 2494 1641 2533 non
1699 2488 1878 2535 autem

308 2558 742 2630 ὑποόεὸήκασιν,
789 2563 840 2617 id
875 2574 960 2619 est
1010 2569 1304 2632 subierunt,
1356 2571 1436 2623 sic
1473 2571 1574 2625 erit
1606 2572 1882 2640 accipien-

303 2651 432 2703 dum
457 2671 471 2705 :
500 2653 648 2707 Licet
677 2659 974 2710 secundum
1000 2673 1196 2713 sensus
1225 2663 1602 2731 praescriptum
1635 2663 1882 2718 viverent

300 2745 539 2809 quinarii
582 2745 657 2798 illi
692 2748 1043 2816 (μοναδικοὺς
1086 2752 1230 2805 enim
1277 2754 1454 2824 vocat)
1508 2769 1878 2825 sensuumque

301 2849 470 2901 Opera
538 2846 592 2891 et
659 2839 970 2908 adjumeuto
1031 2844 1399 2913 cognitionem
1465 2846 1558 2900 Dei
1625 2847 1874 2917 expisca-

303 2937 494 2982 rentur
527 2968 543 2990 ,
611 2940 784 2985 tamen
824 2932 877 2986 in
911 2949 976 2988 eo
1023 2938 1420 3002 redundarunt,
1455 2938 1598 3008 quod
1634 2954 1736 2995 nec
1777 2955 1877 2996 na-

307 3019 530 3072 turalem
559 3061 572 3086 ,
631 3038 728 3076 nec
781 3027 1063 3090 moralem,
1103 3043 1200 3081 nec
1259 3029 1618 3100 theologicam
1667 3033 1872 3087 doctri-

305 3121 432 3160 nam
479 3113 855 3178 trausilierint,
904 3115 957 3168 id
1007 3125 1113 3179 est,
1171 3120 1392 3171 missam
1437 3120 1684 3174 fecerint.
1733 3104 1940 3175 NamC

302 3200 389 3255 his
447 3204 535 3270 qui
586 3220 680 3272 per
729 3206 1034 3259 naturalem
1091 3209 1520 3275 speculationem
1568 3212 1636 3263 ad
1685 3213 1868 3279 inqui-

299 3292 521 3346 rendam
573 3293 665 3348 Dei
716 3298 1084 3366 coguitionem
1123 3308 1430 3365 moventur,
1479 3301 1573 3354 Dei
1629 3302 1869 3357 Verbum

301 3384 610 3451 spirituales
673 3397 882 3442 uaturze
939 3403 1106 3457 panes
1161 3388 1447 3460 frangens,
1511 3407 1728 3447 omnem
1779 3395 1870 3448 bo-

297 3489 489 3528 norum
532 3477 860 3531 afﬂuentiam
909 3479 1321 3549 satietatemqne
1370 3481 1638 3552 largitur:
1680 3501 1870 3554 quem-

296 3571 592 3627 admodum
659 3575 903 3630 indicant
976 3574 1264 3632 duodecim
1327 3581 1590 3650 cophini,
1643 3599 1710 3636 ex
1782 3584 1866 3640 his

294 3680 420 3734 quae
469 3667 852 3734 superfuerant
929 3670 1164 3726 collecti.
1226 3672 1305 3728 Ac
1357 3677 1592 3729 ternaria
1647 3678 1863 3746 quidem

289 3767 378 3812 est
425 3760 725 3830 theologica
778 3763 1024 3818 doctrina
1053 3803 1068 3829 ,
1129 3776 1349 3835 prepter
1395 3779 1636 3823 sanctam
1699 3772 1862 3826 unius

292 3850 590 3905 divinitatis
663 3852 1004 3910 Trinitatem.
1073 3856 1419 3930 Quadruplex
1480 3872 1658 3916 autem
1741 3879 1860 3918 mo-

292 3939 468 4006 ralis,
529 3953 747 4013 propter
803 3955 1043 4015 quatuor
1111 3950 1400 4018 primarias
1464 3961 1518 4006 et
1583 3955 1859 4022 generales

293 4034 569 4101 virtutes;
620 4038 961 4106 prudentiam
999 4077 1014 4102 ,
1069 4039 1437 4098 fortitudinem
1467 4083 1482 4109 ,
1546 4054 1857 4115 temperan-

288 4123 418 4176 tiam
481 4134 533 4178 ct
584 4127 900 4194 justitiam;
966 4134 1218 4199 quinaria
1295 4142 1477 4188 autem
1547 4139 1852 4202 naturalis,

288 4224 508 4282 propter
579 4221 901 4286 materiam,
953 4238 1072 4290 qua:
1135 4239 1200 4278 ex
1260 4235 1495 4294 quatuor
1572 4229 1855 4285 elementis

283 4306 515 4362 conﬂata
594 4310 823 4364 formam
908 4316 1155 4380 quintam
1251 4319 1558 4387 adjunctam
1663 4322 1850 4376 habet.

285 4395 471 4465 Neque
517 4404 659 4452 enim
713 4402 853 4456 aliud
917 4404 1214 4474 quidquam
1256 4418 1340 4462 est
1384 4419 1578 4465 natura
1630 4412 1682 4466 iu
1725 4429 1848 4468 sen-

284 4502 406 4539 sum
463 4488 703 4556 cadens,
760 4507 922 4560 qnam
987 4496 1209 4549 materia
1270 4495 1445 4550 forma
1529 4505 1849 4557 convestita.

281 4576 363 4627 Ac
394 4577 526 4631 tales
575 4579 793 4646 quidem
840 4591 966 4636 sunt
1009 4598 1198 4637 eorum
1247 4586 1450 4655 epulte,
1502 4589 1592 4656 qui
1643 4591 1851 4661 simpli-

281 4665 418 4719 citer
471 4669 537 4722 ad
592 4671 760 4723 Deum
831 4674 1106 4740 tendunt,
1155 4691 1254 4731 nec
1319 4677 1387 4731 ab
1446 4677 1743 4736 inveterata
1800 4694 1854 4738 et

281 4759 337 4809 in
395 4759 637 4815 habitum
681 4765 939 4831 perducta
996 4767 1162 4821 animi
1219 4768 1501 4824 affectione
1553 4787 1678 4841 erga
1731 4790 1850 4831 eam

276 4850 477 4904 anima:
528 4863 780 4922 partem,
845 4873 965 4926 qua:
1018 4863 1522 4928 perturbationibus
1573 4867 1845 4935 agitatur,

272 4949 441 5007 atque
473 4957 500 4994 a
534 4946 743 4998 ratione
775 4963 965 5001 aversa
996 4961 1096 5013 est,
1141 4951 1300 5018 plene
1344 4954 1520 5006 adhuc
1560 4959 1845 5026 expurgati

270 5042 420 5087 sunt.
462 5037 539 5088 Ae
586 5033 971 5105 perfectiorum
1017 5043 1189 5110 epulae
1235 5045 1404 5098 multo
1435 5050 1845 5113 praestantiores

269 5134 328 5178 et
391 5127 735 5186 sublimiores
796 5144 980 5186 sunt:
1039 5150 1161 5188 nam
1219 5138 1272 5189 hi
1337 5153 1553 5207 quoque
1609 5151 1846 5209 quatuor

271 5219 425 5272 mille
486 5233 654 5287 sunt,
720 5235 831 5278 tum
889 5227 1015 5295 quia
1075 5229 1364 5296 pauciores
1422 5244 1550 5288 sunt
1600 5235 1843 5305 quinque

270 5309 560 5376 millibus,
633 5315 760 5369 mali
811 5319 954 5371 enim
1016 5335 1244 5373 numero
1303 5325 1610 5391 superiores
1669 5337 1840 5395 sunt;

268 5411 390 5454 tum
427 5404 554 5471 quia
593 5406 943 5474 perfectionis
1000 5412 1332 5480 generalium
1384 5416 1640 5471 virtutum
1674 5423 1840 5474 ratio.

1997 508 2184 548 eorum
2236 497 2410 562 cibus,
2468 510 2673 571 septem
2728 519 2897 574 panes
2945 519 3094 576 sunt,
3153 525 3372 585 propter
3409 520 3564 588 puri-

1999 593 2164 639 tatem
2226 599 2281 643 et
2338 592 2622 662 mysticam
2689 597 2794 650 vim
2851 598 3014 670 hujus
3089 607 3322 660 numeri.
3381 608 3556 679 Septe-

1998 676 2186 732 narius
2219 679 2363 734 enim
2395 691 2581 740 castus
2625 693 2707 740 est
2750 694 2804 741 et
2847 688 3022 759 virgo.
3073 693 3252 763 Atque
3283 695 3332 750 id
3371 676 3562 771 etiam,

1993 767 2139 835 quod
2193 771 2442 828 convivio
2499 787 2766 845 superest,
2823 795 3018 848 purum
3073 793 3127 841 et
3181 767 3556 860 incorruptum

1993 872 2115 914 esse
2142 875 2238 928 per
2278 868 2647 932 septenarium
2677 869 3015 943 designatur.
3056 875 3380 946 llujusmodi
3411 886 3556 940 enim

1993 959 2122 1004 sunt
2180 953 2380 1010 divinae
2446 965 2502 1013 et
2575 974 2790 1018 arcanae
2863 980 2928 1021 ac
2987 970 3305 1038 spirituales
3369 990 3548 1045 specu.

1991 1038 2244 1100 lationes.
2284 1044 2435 1133 iNam
2495 1062 2701 1119 septem
2772 1070 2991 1126 quoque
3064 1069 3190 1115 sunt
3246 1038 3560 1133 spirit-uales

1990 1131 2196 1197 gratiae.
2267 1132 2535 1200 Quocirca
2623 1142 2717 1211 qui
2783 1146 2836 1199 in
2910 1147 3108 1218 triplici
3173 1131 3559 1225 philosophia,

1991 1221 2147 1288 quasi
2193 1223 2371 1280 tribus
2417 1227 2647 1295 diebus,
2704 1243 3021 1291 constanter
3079 1221 3426 1309 persistunt;
3481 1246 3556 1300 illi

1989 1310 2230 1380 demum,
2274 1323 2329 1369 et
2364 1321 2621 1386 naturali,
2663 1333 2716 1378 et
2767 1327 2991 1396 scripta,
3030 1340 3083 1385 et
3113 1334 3341 1402 spiritali
3377 1336 3492 1407 lege
3525 1355 3554 1392 ει

1987 1404 2171 1460 divino
2235 1405 2413 1463 Verbo
2440 1415 2779 1471 nutriuntur.
2833 1417 2907 1472 Ea
2967 1435 3130 1490 porro
3191 1429 3399 1483 ratione
3432 1404 3555 1497 'pri-

1987 1511 2134 1550 mum
2188 1501 2430 1571 quinque
2513 1504 2682 1561 millia
2753 1520 3105 1580 pascuntur,
3172 1519 3430 1586 quoniam
3500 1522 3554 1576 in

1983 1603 2242 1645 sensuum
2290 1609 2477 1648 curam
2531 1598 2683 1666 prius
2739 1600 3162 1658 incumbentium
3216 1618 3339 1673 est,
3392 1621 3554 1681 atque

1985 1681 2060 1734 ita
2104 1683 2170 1738 ad
2219 1685 2542 1754 perfectiora
2593 1694 3067 1762 progrediendum.
3118 1697 3238 1754 Jam
3299 1717 3428 1757 vero
3469 1720 3553 1760 co-

1988 1774 2160 1842 phini,
2194 1779 2286 1847 qui
2327 1793 2390 1834 ex
2423 1783 2595 1836 textili
2628 1787 2879 1851 materia,
2927 1787 3029 1844 hoc
3071 1799 3177 1858 est,
3225 1808 3289 1848 ex
3337 1795 3552 1852 vimini-

1992 1863 2094 1917 bus
2151 1868 2279 1920 texti
2339 1879 2490 1935 sunt,
2538 1872 2868 1930 laboriOSam
2919 1888 2972 1933 et
3023 1895 3386 1939 aerumnosam
3435 1902 3550 1942 eam

1987 1955 2149 2010 vitam
2209 1959 2515 2032 designant,
2567 1982 2689 2036 qum
2748 1970 2800 2023 in
2858 1975 3077 2030 actione
3120 1988 3392 2045 versatur,
3444 1998 3548 2052 qua

1985 2062 2122 2117 opus
2159 2049 2398 2119 habent,
2437 2055 2530 2126 qui
2563 2058 2794 2128 alicujus
2827 2065 3140 2134 magisterio
3170 2079 3222 2122 et
3264 2049 3547 2141 disciplina

1984 2147 2266 2208 reguntur.
2317 2141 2523 2210 Sportac
2563 2157 2764 2217 autem,
2801 2166 2924 2221 qua:
2955 2169 3016 2208 ex
3050 2157 3350 2223 palmarum
3383 2165 3548 2218 ramis

1985 2227 2162 2296 fiunt,
2221 2230 2503 2288 victoriam
2567 2251 2686 2291 eam
2747 2240 3088 2310 significant,
3157 2263 3315 2317 quam
3374 2251 3546 2320 perfe-

1983 2321 2182 2377 ctiores
2231 2324 2518 2390 homines,
2583 2330 2908 2389 turbulentis
2966 2337 3132 2392 animi
3184 2343 3420 2400 motibus
3453 2345 3534 2399 do-

1982 2411 2132 2467 mitis
2181 2423 2235 2468 et
2287 2420 2631 2489 expugnatis,
2693 2437 3133 2496 consequuntur.
3177 2431 3316 2486 Nam
3369 2435 3421 2488 in
3470 2438 3540 2490 vi-

1982 2505 2166 2559 ctoriuc
2202 2506 2417 2577 signum
2448 2511 2758 2580 hujusmodi
2797 2532 2982 2573 ramus
3012 2522 3184 2591 accipi
3222 2525 3381 2583 solet.
3434 2525 3544 2585 Nec

1979 2609 2108 2649 vero
2140 2599 2437 2668 quidquam
2488 2603 2683 2659 horum
2725 2607 3114 2667 miraculorum
3166 2623 3388 2684 temere,
3444 2621 3543 2676 hoc

1978 2696 2100 2751 est,
2168 2691 2286 2745 sine
2344 2707 2510 2750 causa
2576 2699 2838 2754 edebatur
2917 2701 3061 2774 (hoc
3124 2707 3268 2761 enim
3351 2712 3541 2780 spiritu

1978 2780 2257 2853 indignum
2307 2785 2430 2856 est)
2488 2805 2677 2844 verum
2737 2794 2880 2849 haud
2939 2796 3101 2852 dubie
3148 2800 3538 2858 miraculorum

1975 2871 2257 2930 diversitas
2290 2917 2304 2942 ,
2367 2894 2430 2933 ac
2479 2882 2708 2938 diversa:
2766 2886 2975 2941 satiata:
3024 2889 3195 2956 plebis
3253 2893 3538 2964 reliquiae,

1976 2962 2173 3030 optima
2229 2967 2463 3036 quadam
2522 2971 2736 3026 ratione
2782 2983 2835 3028 et
2883 2978 3111 3046 mystica
3141 2962 3538 3048 speculatione,

1975 3066 2006 3105 a
2059 3051 2274 3108 Domini
2336 3058 2615 3114 divinitate
2689 3078 3030 3134 nequaquam
3092 3070 3310 3137 aliena,
3366 3077 3539 3129 couti-

1973 3153 2184 3211 gerunt.
2236 3145 2376 3209 Quin
2427 3161 2483 3201 tu
2549 3165 2765 3219 quoque
2820 3157 3017 3211 multos
3075 3175 3331 3216 numeros
3387 3166 3538 3221 inve-

1973 3233 2114 3297 nies,
2153 3236 2243 3303 qui
2292 3238 2620 3305 profundius
2655 3243 2852 3311 aliquid
2898 3247 3149 3314 habeant,
3195 3269 3356 3322 quam
3392 3265 3536 3327 quod

1971 3325 2144 3393 prima
2217 3325 2393 3384 fronte
2456 3337 2771 3398 ostendunt,
2825 3337 2875 3390 id
2921 3349 3024 3402 est,
3077 3343 3222 3397 aliud
3277 3325 3535 3416 quiddam

1971 3416 2369 3485 significantes,
2405 3430 2601 3491 praeter
2631 3424 2707 3494 id,
2739 3428 2881 3496 quod
2927 3431 3102 3497 primo
3133 3436 3312 3489 statim
3339 3440 3533 3497 obtutu

1971 3509 2232 3573 cernitur,
2288 3519 2450 3581 atque
2495 3515 2789 3586 unicuique
2832 3519 3052 3575 obvium
3099 3535 3203 3578 est.
3252 3525 3364 3584 lioe
3410 3535 3533 3601 qui-

1967 3601 2089 3655 dem
2143 3603 2430 3659 dicendum
2482 3614 2584 3673 est,
2623 3610 2769 3679 quod
2809 3615 3061 3680 praesenti
3117 3617 3368 3675 instituto
3400 3638 3533 3678 con-

1967 3693 2154 3758 venit,
2229 3711 2421 3766 nempe
2487 3700 2630 3768 quod
2695 3712 2913 3773 propter
2968 3710 3216 3778 superius
3289 3728 3532 3772 comme-

1965 3793 2202 3840 moratas
2247 3786 2312 3840 de
2362 3791 2847 3862 quinquagenaria,
2897 3797 2979 3852 vel
3031 3801 3193 3855 etiam
3228 3808 3530 3874 septenario

1964 3891 2234 3942 numero,
2291 3880 2568 3946 rationes,
2621 3892 2714 3938 aut
2781 3897 3000 3957 propter
3071 3892 3208 3946 alias
3265 3899 3528 3965 quasdam

1964 3966 2047 4020 his
2098 3968 2390 4024 admodum
2457 3974 2810 4042 propinquas,
2861 3987 2954 4030 aut
3005 3992 3226 4048 propter
3295 3990 3528 4043 nonnul-

1963 4057 2042 4112 las
2091 4059 2382 4115 diviniores
2420 4076 2616 4117 causas
2674 4074 2836 4133 atque
2887 4067 2990 4136 his,
3028 4086 3163 4139 quas
3197 4075 3527 4136 adduximus

1960 4148 2349 4204 reconditiores
2381 4152 2666 4222 magisque
2702 4157 2980 4225 mystieas,
3011 4162 3525 4236 quinquagesimum

1959 4239 2100 4294 diem
2174 4240 2520 4297 llebrzcorum
2600 4261 2749 4300 more
2832 4250 3080 4310 colimus.
3140 4257 3278 4313 Illud
3341 4272 3519 4324 tamen

1957 4327 2204 4396 interest,
2252 4332 2398 4400 quod
2454 4334 2530 4388 illi
2584 4346 2803 4408 prOpter
2836 4347 3200 4412 septenarium
3235 4369 3522 4413 numerum

1876 4431 1929 4491 Β
1959 4419 2104 4476 hunc
2150 4423 2290 4477 diem
2337 4425 2389 4479 in
2445 4427 2620 4497 pretio
2657 4430 2903 4500 habent,
2949 4451 3050 4494 nos
3096 4453 3273 4498 autem
3303 4461 3521 4519 propter

1957 4509 2192 4578 Spiritus
2225 4515 2535 4572 adventum.
2566 4519 3032 4586 Quemadmodum
3067 4541 3118 4584 et
3142 4533 3242 4587 alia
3274 4509 3519 4604 quaedam

1954 4612 2084 4656 sunt
2139 4604 2194 4657 in
2249 4605 2366 4676 lege
2415 4605 2704 4675 Hebraica,
2763 4629 2883 4680 quae
2932 4622 3077 4689 apud
3136 4623 3257 4680 illos
3303 4629 3517 4697 quidem

1953 4707 2047 4761 per
2108 4695 2330 4765 figuram
2394 4707 2448 4752 et
2510 4701 2980 4762 adumbrationem
3049 4695 3398 4784 peraguntur
3454 4736 3518 4777 ac

1952 4783 2319 4854 celebrantur,
2370 4803 2402 4843 a
2449 4791 2610 4846 nobis
2640 4803 2818 4849 autem
2857 4800 3077 4868 mystice
3109 4813 3161 4858 et
3192 4783 3320 4860 vere
3353 4811 3540 4874 resti-!

1958 4882 2184 4930 tuuntur
2218 4895 2281 4932 ac
2308 4883 2681 4951 perficiuntur.
2727 4885 2845 4953 Quo
2879 4892 2932 4944 in
2961 4910 3155 4962 genere
3185 4907 3266 4952 est
3298 4900 3511 4959 illorum

1956 4969 2325 5036 circumcisio,
2369 4984 2421 5028 et
2451 4987 2634 5031 noster
2663 4979 2993 5052 baptismus;
3032 4988 3245 5044 illorum
3283 4992 3512 5063 Pascha,

1957 5075 2126 5130 agnus
2173 5065 2449 5122 sensibilis
2482 5109 2497 5132 ,
2541 5081 2783 5126 nostrum
2832 5073 3065 5144 Pascha,
3117 5080 3403 5153 Christus;
3445 5107 3510 5146 ac

1954 5154 2211 5226 pleraque
2257 5160 2382 5223 alia,
2417 5178 2536 5230 qua;
2589 5182 2736 5221 nunc
2769 5169 3039 5238 sigillatim
3083 5189 3364 5234 recensere
3404 5197 3512 5238 non

1951 5242 2107 5299 facile
2135 5246 2316 5305 fuerit.

2020 5335 2135 5390 Col.
2164 5338 2268 5392 435
2300 5346 2362 5394 A.
2392 5343 2556 5412 Atque
2577 5347 2684 5400 Irwc
2713 5348 2775 5402 de
2801 5349 2886 5404 die
2913 5355 3060 5408 nobis
3077 5358 3220 5413 dicta
3245 5363 3372 5430 sint,
3408 5377 3511 5422 etc.

1949 5428 2027 5482 Ac
2055 5428 2348 5499 disputatio
2381 5446 2566 5490 nostra
2602 5438 2668 5492 de
2701 5440 2788 5495 die
2822 5443 2910 5499 hic
2941 5444 3103 5502 linem
3139 5450 3337 5510 habeat
3360 5428 3379 5509 γε
3415 5475 3510 5516 nos

340 5580 452 5648 (‘23)
494 5578 616 5666 "ate
645 5584 845 5665 omnia,
882 5594 940 5638 ut
967 5587 1018 5667 in
1051 5587 1585 5675 Reginzcexemplari
1656 5596 1945 5670 habentur,
1983 5607 2379 5667 transtulimus.
2415 5611 2473 5668 In
2540 5630 2660 5674 meo
2727 5627 2904 5678 tamen
2934 5621 3119 5682 Niceta
3192 5646 3299 5687 non
3331 5633 3507 5703 legum.

340 5666 376 5703 Γ.
407 5651 469 5703 Ει
498 5664 643 5703 certe
674 5654 742 5703 ab
764 5655 946 5703 almuo
983 5670 1181 5703 lliSPrm
1211 5661 1378 5703 [ιιιςερ
1411 5679 1659 5703 eumn-m-

265 5665 376 5714 ,ur.
407 5651 469 5703 Et
498 5662 643 5705 certe
674 5654 742 5707 ab
764 5655 946 5723 aliquo
983 5651 1183 5712 inserta
1210 5661 1378 5718 fuisse
1411 5651 1679 5734 suspicor.

585 5747 852 5808 PA'l‘ItOL.
886 5754 1000 5812 (in.
1041 5755 1329 5820 CXXV“.

3113 5787 3187 5849 46
