4050 6198
534 290 668 358 1451

1936 279 2310 341 ᾹΒΒΕΝΒᾹ.

3630 279 3749 343 1432

531 414 720 459 nutent
761 414 825 454 ea
879 411 997 467 quae
1031 394 1287 464 deinceps
1336 397 1660 461 sequuntur,
1692 387 1941 453 'dicendo
1978 405 2102 458 per.
2132 395 2176 452 Α
2206 389 2472 460 abjecisse
2505 406 2518 443 :
2554 389 2699 460 quod
2738 391 2854 445 lieri
2889 405 2993 445 non
3032 404 3194 459 posse
3239 388 3503 449 dicerent,
3538 401 3595 444 ut
3623 396 3755 461 quod

537 505 853 564 sequamur.
914 486 969 540 id
1018 493 1223 551 autem,
1276 483 1421 553 quod
1464 481 1817 552 sequebatur,
1864 488 1921 537 et
1963 480 2106 537 unde

524 600 634 656 ‘per
708 578 1101 650 digressionem
1156 591 1222 631 eo
1281 575 1684 644 processimus,
1752 582 1815 630 ut
1873 573 1942 630 de
1995 573 2103 629 diei

536 675 752 730 ratione
796 671 959 725 verba
1006 666 1334 734 faceremus,
1389 667 1492 722 hoc
1522 673 1662 731 erat,
1707 680 1903 736 nempe
1943 665 2103 735 spiri-

540 764 759 819 tualiter
821 761 978 816 nobis
1032 759 1231 814 festum
1288 772 1410 814 esse
1459 756 1865 814 celebrandum.
1910 756 1991 811 Ad
2041 771 2104 812 ea

538 855 706 926 igitur
747 848 1204 908 accommodanda
1251 857 1403 914 sunt,
1465 862 1590 919 qua:
1636 848 1691 903 in
1741 848 2027 919 praesentia
2073 864 2103 902 a

541 946 702 1002 nobis
725 945 1004 1007 dicentur;
1053 955 1216 1011 atque
1269 941 1341 996 ita
1388 938 1793 1011 quodammodo
1831 939 2104 1011 agendum

539 1045 643 1093 est.
708 1036 1065 1091 Pentecosten
1144 1032 1486 1088 celebramus
1516 1070 1532 1098 ,
1607 1047 1714 1086 non
1784 1031 2106 1102 simpliciter

540 1143 864 1193 numerum,
925 1126 1018 1181 sed
1075 1122 1313 1193 Spiritus
1369 1123 1532 1178 etiam
1584 1124 1922 1188 adventum,
1978 1138 2105 1177 nam

537 1231 655 1276 tum
715 1219 806 1275 ille
860 1217 928 1273 ad
982 1215 1281 1285 discipulos
1333 1214 1605 1281 accessit;
1658 1223 1817 1283 atque
1858 1215 1949 1271 hic
1987 1215 2105 1269 dies

539 1321 682 1379 erat,
730 1325 888 1379 quem
940 1307 1195 1363 Christus
1247 1306 1624 1377 pollicitationi
1669 1322 1783 1363 suae
1828 1307 2105 1377 explenda:

537 1403 945 1472 praestituerat,
996 1414 1120 1454 cum
1164 1398 1424 1467 apostolis
1468 1398 1673 1453 diceret
1718 1415 1732 1453 :
1790 1398 1884 1453 Vos
1927 1409 2104 1453 autem

538 1487 943 1554 baptizabimini
986 1488 1040 1540 in
1097 1484 1306 1555 Spiritu
1332 1494 1514 1540 sancto
1549 1502 1651 1540 non
1699 1488 1880 1541 multis
1919 1488 2106 1542 abhinc

540 1578 723 1631 diebus
756 1576 821 1631 '°.
875 1574 1089 1629 Etenim
1147 1575 1465 1644 pollicitatio
1518 1575 1736 1645 quidem
1781 1576 1835 1630 in
1886 1591 1952 1633 eo
2000 1576 2107 1630 sita

538 1679 681 1736 erat,
711 1668 854 1739 quod
892 1667 1025 1737 ipsis
1073 1668 1250 1722 sancti
1296 1667 1534 1736 Spiritus
1568 1667 1861 1721 adventum
1897 1666 2106 1734 promi-

543 1768 689 1817 serat
747 1775 762 1811 :
823 1758 1091 1813 terminus
1145 1765 1324 1812 autem
1394 1766 1511 1811 erat
1570 1757 1830 1826 temporis
1883 1771 1947 1810 ac
2005 1755 2104 1810 loci

546 1850 845 1907 declaratio
878 1865 893 1903 :
929 1847 1110 1902 Sedete
1147 1848 1315 1914 enim,
1353 1848 1545 1917 inquit,
1601 1848 1655 1901 in
1696 1846 1907 1900 civitate
1953 1845 2111 1900 Jeru-

540 1940 725 2007 salem,
753 1954 1017 2009 quousque
1065 1939 1364 1991 induamini
1420 1939 1611 1992 virtute
1645 1952 1709 1990 ex
1739 1936 1849 1991 alto
1882 1936 1948 1990 δ’.
1989 1937 2108 1991 iam

541 2034 734 2088 horum
771 2031 1132 2102 exspectatio,
1179 2032 1295 2101 spei
1345 2042 1482 2098 erat,
1524 2048 1688 2103 quam
1727 2040 1956 2088 eventus
1988 2039 2110 2084 tan-

541 2123 664 2180 dem
712 2123 969 2192 explevit.
1028 2122 1128 2185 Ac,
1191 2121 1331 2175 Deus
1360 2122 1523 2189 bene,
1559 2132 1825 2193 quantum
1867 2130 1953 2178 est
2002 2122 2108 2176 boc

541 2215 885 2286 mysterium.
949 2214 1127 2282 Illud,
1197 2224 1498 2285 quantum,
1559 2229 1682 2269 cum
1748 2212 2110 2269 admiratione

540 2306 879 2364 eli‘erendum
916 2316 1020 2370 est,
1049 2306 1212 2376 idque
1248 2320 1314 2361 ex
1360 2319 1425 2360 eo
1471 2305 1662 2375 liquet,
1706 2305 1851 2375 quod
1879 2303 2110 2371 subjun-

540 2400 688 2471 gitur
720 2419 734 2454 :
767 2398 944 2465 Quam
981 2411 1241 2467 magnum
1282 2405 1338 2451 et
1371 2394 1768 2450 venerandum.
1810 2395 1946 2449 Nam
1982 2409 2106 2448 cum

534 2490 654 2557 ait,
726 2497 1028 2561 quantum,
1103 2487 1226 2543 festi
1304 2487 1732 2557 magnitudinem
1790 2496 1843 2540 et
1896 2485 2111 2555 quanti-

539 2574 706 2639 tatem
750 2582 1000 2653 requirit.
1057 2579 1225 2652 quue
1268 2579 1547 2649 explicans
1601 2575 1913 2647 Theologus
1978 2579 2106 2631 ait:

538 2673 712 2739 Quam
766 2685 1042 2741 magnum,
1099 2671 1202 2725 hoc
1254 2677 1374 2734 est,
1426 2667 1583 2723 valde
1633 2682 1912 2736 magnum.
1974 2665 2107 2719 Cum

540 2770 722 2817 autem
775 2762 1002 2816 dixisset
1044 2778 1059 2814 :
1117 2759 1391 2830 Corporea
1433 2757 1641 2815 Christi
1670 2759 1835 2812 linem
1885 2757 2106 2821 habent,

539 2865 828 2905 commune
894 2834 1168 2921 quoddam
1242 2864 1443 2904 nomen
1510 2865 1568 2905 se
1633 2850 1912 2918 accepisse
1976 2862 2107 2902 sen-

541 2942 705 3009 tiens,
756 2943 904 3011 quod
956 2956 1063 2995 non
1128 2939 1287 2995 modo
1328 2954 1390 2994 ea
1429 2954 1552 3009 quae
1588 2952 1905 3009 corpoream
1939 2938 2107 3008 ipsius

537 3035 881 3105 praesentiam
950 3041 1007 3087 et
1076 3030 1530 3087 consuetudinem
1604 3045 1731 3086 cum
1795 3030 2109 3091 hominibus

2209 481 2565 549 quantitatem
2621 489 2678 536 et
2727 481 3043 551 qualitatem
3109 480 3454 549 lormamque
3504 480 3759 549 haberet,

2210 586 2334 626 cum
2396 585 2462 627 eo
2516 568 2882 641 iungeretur,
2946 570 3093 642 quod
3156 571 3242 625 his
3295 571 3555 626 omnibus
3608 572 3764 628 rebus

2210 673 2455 728 careret;
2493 662 2804 733 bujusmodi
2838 662 3033 733 dogma
3059 662 3277 725 evertit,
3304 661 3493 716 dicens
3521 678 3538 717 :
3571 660 3768 718 Vereor

2206 755 2356 810 enim
2405 753 2625 820 dicere,
2680 753 3042 822 proprietates
3084 751 3338 820 corporis
3379 750 3674 807 deﬂuxisse
3708 768 3769 808 ac

2212 846 2451 916 dilapsas
2498 860 2644 901 esse.
2696 843 2791 899 llis
2845 846 2991 899 enim
3045 842 3281 898 sublatis
3336 843 3519 912 ipsum
3556 860 3769 914 quoque

2213 936 2379 993 simul
2431 936 2641 990 tollitur
2686 946 2743 991 et
2801 936 3100 996 evanescit,
3152 944 3340 1003 utpote
3380 949 3413 988 a
3468 949 3579 1002 quo
3624 936 3769 989 nullo

2214 1029 2374 1081 modo
2402 1026 2670 1097 separari,
2698 1041 2764 1081 ac
2804 1041 2875 1080 ue
2922 1026 3255 1097 cogitatione
3287 1026 3506 1094 quidem
3547 1026 3770 1081 distrahi

2214 1118 2446 1188 possint.
2515 1116 2949 1171 ’Δπεσκευὰσθαι
2994 1128 3203 1181 autem,
3249 1116 3302 1171 id
3351 1125 3435 1172 est
3464 1120 3772 1184 excussisse,

2212 1211 2382 1276 dixit,
2439 1210 2755 1281 metaphora
2805 1212 2969 1265 ducta
3016 1211 3085 1265 ab
3125 1210 3211 1265 his
3245 1212 3339 1280 qui
3373 1225 3501 1264 vasa
3531 1213 3774 1280 quaedam

2211 1309 2577 1372 comportant,
2625 1315 2799 1371 eaque
2844 1302 2991 1356 velut
3036 1317 3255 1371 gravem
3292 1303 3561 1357 sarcinam
3605 1303 3776 1371 depo-

2212 1404 2369 1449 nunt.
2424 1393 2635 1450 Idcirco
2684 1409 2792 1449 non
2842 1394 2980 1448 dixit
3039 1409 3299 1464 corporea
3356 1394 3564 1449 Christi
3618 1397 3776 1447 linem

2216 1486 2414 1540 habere
2441 1525 2457 1552 ,
2516 1486 2611 1540 sed
2660 1500 2723 1539 ea
2777 1500 2900 1557 qua:
2942 1484 3010 1543 ad
3040 1500 3368 1554 corpoream
3416 1494 3471 1539 et
3508 1494 3776 1538 terrenam

2212 1574 2386 1644 ipsius
2418 1575 2765 1644 praesentiam
2802 1575 3095 1644 pertinent.
3130 1573 3365 1644 Spiritus
3401 1583 3578 1627 autem
3609 1578 3779 1627 actio-

2213 1667 2301 1721 nis
2333 1666 2657 1736 principium
2693 1667 2936 1735 capiuut.
2980 1666 3276 1735 Postquam
3318 1666 3467 1721 enim
3520 1664 3777 1720 Christus

2214 1756 2363 1811 omni
2421 1769 2685 1825 corporeo
2744 1771 2972 1811 munere
3036 1755 3407 1827 perfunctus,
3472 1757 3526 1809 in
3579 1757 3775 1809 calum

2214 1857 2463 1916 receptus
2491 1856 2597 1912 est,
2650 1845 2889 1914 Spiritus
2927 1856 3151 1901 sanctus
3177 1847 3480 1909 descendit,
3513 1862 3777 1916 suamque

2213 1936 2265 1990 in
2321 1937 2604 2007 apostolos
2654 1938 2759 1991 vim
2815 1946 2870 1993 et
2932 1940 3206 1992 actionem
3266 1953 3525 1992 exercere
3592 1939 3772 2007 etepit,

2212 2028 2266 2082 in
2325 2029 2601 2083 divisione
2658 2028 2944 2099 ignearum
2991 2029 3348 2098 linguarum,
3400 2044 3511 2098 quo
3562 2030 3777 2082 nomine

2209 2115 2408 2173 festum
2442 2120 2582 2173 diem
2634 2119 2996 2175 celebramus.
3037 2119 3204 2174 Porro
3232 2136 3304 2174 ne
3353 2121 3476 2191 quis
3502 2119 3777 2175 addubitet

2209 2224 2276 2264 ac
2324 2209 2657 2276 sciscitetur,
2715 2224 2971 2280 quaenam
3029 2210 3120 2265 illa
3176 2213 3500 2283 sintuquz
3552 2212 3621 2266 ad
3654 2225 3775 2264 cor-

2209 2316 2431 2370 poream
2486 2299 2692 2356 Christi
2754 2303 3100 2372 prasentiam
3165 2312 3459 2372 spectant,
3520 2318 3777 2373 expresse

2209 2394 2432 2448 disertis
2460 2394 2642 2449 verbis
2670 2409 2733 2448 ea
2764 2408 3128 2464 exponamus.
3180 2394 3441 2459 Quaenam
3494 2410 3629 2464 ergo
3654 2380 3774 2447 sunt

2209 2486 2311 2541 ea?
2360 2483 2526 2556 Virgo
2568 2499 2668 2555 pro
2721 2486 2971 2552 muliere,
3029 2487 3284 2541 uativitas
3333 2501 3435 2557 pro
3485 2487 3776 2549 creatione,

2212 2594 2455 2650 presepe
2511 2587 2733 2649 propter
2784 2578 3123 2649 paradisum,
3158 2577 3346 2633 fasciae
3405 2590 3628 2647 propter
3681 2594 3782 2631 nu-

2209 2672 2478 2736 ditatem,
2548 2672 2727 2741 angeli
2809 2671 3086 2726 coelestem
3153 2670 3345 2733 illum,
3419 2671 3615 2725 deinde
3669 2677 3783 2724 ter-

2210 2775 2404 2815 renum
2477 2760 2814 2815 celebrantes
2845 2800 2861 2823 ,
2937 2761 3232 2830 magnique
3301 2761 3515 2815 consilii
3597 2759 3780 2815 Patris

2200 2852 2498 2923 Angelum,
2552 2862 2798 2920 pastores
2843 2860 3193 2907 accurreutes
3214 2852 3280 2906 ad
3313 2851 3521 2921 Aguum
3560 2861 3619 2905 et
3666 2850 3741 2904 Pa
3765 2884 3788 2893 -

2208 2955 2438 3010 storem,
2490 2944 2653 3000 stella
2707 2960 3053 3014 praecurrens
3098 2945 3373 3016 (creatura
3417 2944 3558 2997 enim
3598 2943 3784 2997 Crea-

2211 3046 2380 3091 torem
2444 3036 2701 3107 adorat),
2765 3035 2906 3106 Magi
2975 3036 3042 3091 ad
3107 3037 3278 3105 pedes
3334 3034 3639 3089 accidentes
3716 3049 3793 3090 ae

540 3127 801 3192 habitam,
864 3124 932 3181 de
984 3140 1088 3194 qua
1151 3123 1407 3194 deinceps
1459 3137 1766 3180 sermonem
1822 3122 2109 3177 habiturus
2132 3124 2179 3188 C
2210 3128 2354 3184 dona
2380 3128 2694 3192 oll'erentes,
2720 3128 2965 3198 gentium
2998 3127 3255 3197 primitiae
3275 3138 3441 3196 atque
3464 3127 3788 3195 ingressus,

540 3229 642 3282 est,
697 3217 1006 3286 signiﬁcare
1056 3222 1257 3286 posset,
1312 3214 1406 3269 sed
1466 3214 1630 3269 etiam
1677 3213 1957 3270 naturales
1986 3229 2109 3268 cor-

538 3309 690 3382 poris
733 3308 1117 3379 proprietates,
1170 3305 1315 3362 velut
1364 3305 1634 3376 triplicem
1685 3305 2111 3372 dimensiones,

542 3401 772 3458 formam
824 3440 838 3468 ,
912 3399 1267 3471 quantitatem
1333 3407 1388 3454 et
1442 3397 1806 3468 qualitatem,
1898 3397 2113 3466 aliaque

540 3492 706 3563 hujus
740 3491 955 3563 generis
987 3530 1003 3555 ,
1034 3505 1102 3545 ne
1148 3504 1337 3544 ansam
1385 3488 1653 3544 luereticis
1700 3486 1964 3557 prteberct
1997 3486 2110 3538 exi-

540 3584 793 3637 stimandt
877 3579 1177 3646 Christum,
1259 3595 1379 3634 cum
1440 3579 1493 3632 in
1578 3578 1779 3633 cwlum
1867 3586 2111 3645 receptus

540 3681 706 3737 esset,
738 3686 938 3740 corpus
968 3686 1184 3739 quoque
1206 3670 1381 3738 ipsum
1417 3670 1704 3739 abjecisse,
1727 3683 1790 3723 ac
1825 3668 1940 3721 sola
1970 3667 2110 3720 divi-

542 3764 712 3816 nitate
760 3763 812 3815 in
844 3762 1040 3816 caelum
1087 3763 1401 3815 ascendisse
1429 3761 1540 3833 (‘29)
1569 3802 1581 3825 ,
1635 3761 2099 3831 quemadmodum

542 3855 928 3909 existimarunt
992 3853 1322 3919 Manichaci,
1391 3855 1482 3922 qui
1558 3856 1624 3908 ad
1697 3853 1966 3922 dogmatis
2025 3852 2107 3906 sui

539 3945 900 4016 patrocinium
962 3947 1107 3998 hunc
1166 3932 1383 3997 Davidis
1442 3944 1618 3998 locum
1678 3942 2108 4013 produxerunt:

541 4036 609 4089 In
662 4036 771 4091 sole
811 4034 984 4106 posuit
1029 4033 1429 4089 tabernaculum
1480 4050 1635 4087 suum
1663 4033 1708 4065 ³⁸
1740 4051 1754 4088 :
1786 4042 1945 4088 acuta
1972 4049 2110 4104 pra:-

540 4126 847 4182 munitione
889 4126 1015 4180 huic
1061 4125 1359 4195 suspicioni
1424 4124 1709 4190 medetur,
1761 4125 2108 4195 subjiciens:

543 4216 749 4272 Vereor
793 4218 976 4271 dicere
1008 4232 1095 4270 res
1137 4215 1204 4271 ad
1253 4231 1456 4285 corpus
1501 4216 1857 4286 pertinentes,
1914 4217 1967 4271 id
2002 4225 2107 4283 est,

542 4307 773 4379 ltclugio
824 4323 890 4363 ac
945 4306 1241 4361 reformido
1293 4307 1476 4362 dicere
1529 4322 1616 4362 res
1672 4307 1944 4377 corporis,
2007 4308 2111 4363 hoc

538 4407 640 4464 est,
690 4398 867 4467 ipsum
923 4412 1146 4468 corpus,
1181 4396 1360 4468 quoad
1393 4397 1526 4451 mihi
1568 4396 1894 4467 cujusquam
1928 4398 2107 4455 oratio

540 4492 869 4561 persuaserit
911 4489 1210 4564 (nunquam
1257 4499 1438 4545 autem
1479 4491 1859 4561 persuadebit)
1915 4490 2108 4546 melius

522 4601 603 4651 ac
649 4583 1011 4656 praestabilius
1070 4598 1193 4639 esse
1245 4582 1487 4652 corpori,
1548 4592 1714 4653 atque
1757 4590 1825 4639 ad
1875 4583 2109 4654 gloriam

539 4687 593 4731 et
650 4680 916 4731 honorem
977 4674 1342 4744 praeclarius,
1403 4672 1710 4745 projectum
1770 4689 1933 4741 esse,
1999 4689 2109 4728 non

539 4779 703 4820 secus
731 4777 794 4818 ac
824 4778 917 4820 vas
942 4764 1214 4832 quoddam
1265 4778 1757 4835 supervacaneum,
1791 4775 1884 4820 aut
1915 4765 2110 4821 inutile

537 4864 592 4908 et
644 4854 847 4908 infame
899 4855 1303 4920 vestimentum,
1360 4863 1526 4924 atque
1586 4854 1639 4907 iu
1684 4853 1817 4910 solis
1879 4868 2110 4924 corpore

540 4944 837 5014 repositum
896 4957 1017 4998 esse
1050 4982 1066 5009 ,
1118 4943 1274 5016 justa
1335 4943 1756 5000 Manichaeorum
1813 4944 2097 5001 delirium.

537 5035 634 5092 Est
665 5036 827 5091 etiam
879 5037 1074 5091 horum
1125 5037 1412 5093 verborum
1461 5039 1567 5093 alia
1613 5040 1773 5094 ratio.
1830 5037 2104 5105 Quoniam

536 5128 679 5181 enim
743 5130 995 5183 nonnulli
1057 5130 1263 5184 unitum
1308 5130 1529 5200 quidem
1576 5145 1789 5199 semper
1838 5144 1962 5185 esse
2014 5145 2104 5185 as—

536 5229 808 5288 sumptam
840 5222 1235 5276 humanitatem
1280 5237 1405 5275 cum
1442 5221 1731 5276 divinitate
1762 5222 2103 5289 asserebant,

537 5321 724 5362 verum
806 5311 1164 5380 proprietates
1239 5327 1368 5367 suas
1444 5322 1567 5383 post
1638 5315 2101 5367 resurrectionem

2214 3219 2644 3291 idololatriazque
2684 3222 2941 3276 interitus
2984 3230 3040 3274 et
3093 3221 3402 3289 oppressio,
3451 3219 3520 3272 ab
3561 3216 3791 3273 llerode

2213 3321 2425 3381 patrata
2486 3327 2783 3381 puerorum
2839 3312 3018 3367 caedes
3071 3311 3221 3382 (hoc
3283 3319 3404 3375 est,
3466 3318 3791 3364 teneramnt

2211 3416 2266 3461 et
2303 3406 2592 3475 puerilium
2650 3406 2783 3476 legis
2837 3406 3220 3475 ﬁgurarum),
3268 3403 3436 3459 Vetus
3482 3405 3632 3459 enim
3684 3401 3791 3457 Te~

2212 3506 2538 3552 stantemqu
2625 3495 2760 3550 Novi
2810 3498 2978 3566 llgura
3053 3508 3173 3550 erat
3229 3495 3566 3566 (submotio
3625 3506 3793 3565 atque

2209 3587 2570 3659 exstinctio);
2611 3586 2771 3643 Iesus
2815 3588 2867 3641 in
2917 3586 3213 3659 Egyptum
3269 3585 3523 3656 fugiens,
3582 3597 3644 3639 ut
3693 3602 3794 3641 nos

2211 3693 2450 3748 quoque,
2521 3678 2998 3748 persecutionibus
3052 3680 3268 3741 vexati,
3329 3694 3396 3731 ex
3441 3678 3669 3731 civitate
3740 3677 3794 3730 in

2212 3770 2486 3823 civitatein
2538 3770 2872 3839 migremus,
2921 3784 3115 3824 rursus
3165 3784 3231 3821 ex
3277 3765 3521 3840 Egypto
3572 3767 3797 3821 rediens

2212 3869 2502 3928 postquam
2533 3860 2655 3929 ejus
2682 3859 2981 3914 simulacra
3025 3860 3308 3913 concussit
3341 3868 3511 3927 atque
3549 3857 3795 3927 dejecit;

2211 3951 2598 4015 circumcisus,
2634 3950 2891 4020 baptismi
2926 3964 3071 4020 aqua
3101 3950 3378 4020 perlusus.
3426 3950 3619 4020 Atqui,
3648 3951 3797 4005 dicet

2214 4042 2530 4111 quisquiam
2570 4080 2587 4108 ,
2654 4044 2974 4111 priusquam
3043 4042 3098 4097 in
3165 4039 3459 4112 Egyptum
3515 4042 3797 4111 fugisset,

2213 4143 2411 4187 octavo
2446 4134 2570 4187 vita:
2604 4133 2693 4188 die
2741 4133 3101 4188 circumcisus
3153 4133 3351 4189 fuerat.
3419 4129 3492 4184 ιω
3544 4130 3802 4200 profecto

2211 4232 2316 4279 est.
2376 4220 2577 4277 Verum
2638 4225 2771 4293 quia
2844 4224 3188 4279 circumcisio
3242 4222 3498 4292 baptismi
3554 4222 3801 4291 ligurum

2214 4315 2477 4384 gerebat,
2543 4315 2667 4369 ideo
2722 4329 2840 4370 eam
2900 4315 3175 4385 baptismo
3230 4317 3540 4386 proximam
3599 4313 3798 4368 Theo-

2211 4406 2368 4475 legus
2440 4406 2748 4462 collocavit.
2810 4406 2938 4463 Erat
2993 4420 3177 4463 autem
3239 4406 3557 4477 hujusmodi
3632 4408 3801 4461 lava-

2212 4511 2364 4552 crqu
2396 4535 2412 4561 ,
2470 4507 2817 4567 peccatorum
2880 4510 3198 4555 nostrorum
3267 4498 3547 4570 purgatio.
3607 4496 3797 4552 Testi-

2208 4588 2392 4643 mouio
2440 4591 2655 4645 cmiitus
2706 4591 2875 4646 misso
2926 4593 3358 4662 comprobatus:
3417 4591 3576 4645 illine
3635 4593 3797 4644 enim

2209 4676 2327 4745 ipse
2386 4692 2715 4746 congressus
2763 4686 2902 4743 erat,
2936 4685 3097 4748 atque
3142 4680 3388 4746 ejusdem
3418 4692 3547 4733 cum
3593 4680 3801 4731 testii-

2209 4776 2368 4823 cantc
2408 4769 2753 4824 substantiae.
2804 4767 3070 4824 Teutalus
3107 4769 3163 4826 in
3192 4769 3408 4824 deserto
3448 4783 3480 4822 a
3512 4769 3797 4833 diabolo;

2209 4865 2441 4918 tentatio
2497 4874 2679 4918 autem
2735 4875 2856 4919 erat
2911 4864 3275 4934 perscrutatio
3322 4862 3645 4918 divinitatis
3685 4863 3804 4917 Ιιιιο

2216 4957 2479 5016 manitate
2528 4964 2703 5010 tectae.
2741 4954 3039 5025 Lapidibus
3073 4967 3292 5025 propter
3332 4969 3431 5008 nos
3458 4955 3759 5023 impensus
3786 4971 3805 5004 :

2212 5042 2551 5100 Sustulerunt
2594 5046 2740 5100 enim
2765 5083 2781 5109 ,
2824 5046 2998 5115 inquit
3024 5083 3040 5109 ,
3082 5041 3286 5114 lapides
3344 5057 3401 5099 ut
3441 5046 3689 5113 jacercut
3748 5046 3809 5096 ί»

2210 5148 2329 5187 eum
2384 5134 2451 5189 ⁸⁸.
2502 5131 2679 5203 Atque
2728 5135 2844 5187 haec
2904 5144 3126 5204 propter
3177 5150 3279 5190 nos
3326 5135 3683 5203 perpetiens,
3750 5138 3811 5184 id

2208 5234 2313 5286 εει,
2362 5224 2688 5281 eruditionis
2730 5236 2934 5281 nostra
2985 5241 3172 5282 causa.
3228 5225 3401 5280 Nobis
3447 5228 3599 5279 enim
3652 5224 3810 5279 stlti-

2211 5316 2410 5370 ctionis
2443 5354 2459 5382 ,
2514 5330 2613 5384 pro
2699 5318 3014 5389 evangelica
3092 5318 3479 5387 praedicatione
3563 5329 3619 5373 et
3690 5321 3811 5371 tite

596 5486 654 5525 -‘°
692 5487 814 5543 Act.
851 5504 887 5552 I,
928 5488 981 5544 5.
1057 5491 1102 5522 "’
1138 5489 1269 5546 Luc.
1306 5507 1452 5559 xxrv,
1487 5491 1576 5549 l9.
1654 5492 1698 5526 ³⁸
1737 5491 1879 5548 Psal.
1915 5508 2068 5557 XVIII,
2110 5492 2163 5547 6.
2240 5494 2284 5525 ”
2319 5493 2477 5549 Joan.
2513 5511 2629 5561 Vill,
2666 5497 2755 5551 59.

603 5644 715 5716 (29)
752 5630 1108 5700 ‘l’heodm‘itus
1139 5649 1189 5701 in
1228 5647 1460 5717 Epitom.
1495 5649 1687 5707 hmres.
1724 5665 1739 5703 ι
1768 5650 1928 5720 hujus
1971 5652 2239 5705 hereseos
2271 5659 2543 5709 auctorem
2578 5654 2700 5710 facit
2734 5653 3150 5725 Hermogenem.
