4050 6198
489 306 626 371 1453

1437 302 1753 361 NICETAS
1794 300 1871 359 IN
1909 297 2131 359 ORAT.
2174 298 2358 359 XLIV
2400 298 2460 358 S.

2504 297 2738 359 GREG.
3587 300 3725 367 14M

484 412 841 490 perferendae,
892 410 1127 466 formam
1179 422 1343 482 atque
1393 411 1703 480 rxernplum
1736 407 1853 462 uari
1887 421 2051 478 opor-
2082 415 2126 468 Α
2151 405 2394 475 jusmodi
2451 404 2646 461 saltem
2700 403 3002 459 orationem
3058 405 3320 461 concedat
3376 422 3498 477 qua:
3561 410 3724 481 hujus

480 511 648 566 lebat.
706 504 961 561 Proditus
1003 520 1031 558 a
1077 502 1349 575 disripulo
1378 514 1572 573 panem
1624 501 1798 571 ipsius
1830 500 2044 554 edente.

477 599 657 656 Clavis
711 596 1043 659 transfixus,
1090 604 1150 649 nt
1202 603 1486 665 peccatum
1527 606 1712 646 meum
1769 590 2044 661 conligat,

477 691 582 746 hoc
630 696 734 755 est,
784 695 974 742 enecet
1028 696 1081 741 et
1137 686 1410 740 absumat.
1476 683 1649 738 Morte
1701 681 1945 747 functus,
1988 689 2050 735 ut

479 785 707 832 mortem
738 790 914 829 meam
962 774 1135 829 tollat.
1192 772 1372 828 Humo
1405 773 1659 828 conditus
1693 813 1708 839 ,
1749 780 1810 825 ut
1847 778 2048 825 nostra:

476 872 531 924 in
585 880 787 923 terram
830 865 1131 921 reversioni
1177 866 1478 922 medeatur.
1539 862 1669 919 Vita:
1711 862 1998 918 restitutus
2031 904 2045 927 ,

478 968 538 1013 ut
567 972 668 1012 nos
697 972 760 1012 ex
808 955 1021 1011 interno
1072 955 1264 1011 liberet
1338 957 1574 1025 vitaeque
1616 954 1888 1010 restituat.
1947 956 2048 1007 As-

483 1051 738 1113 cendens,
795 1057 855 1103 ut
890 1063 975 1103 me
1014 1062 1231 1118 quoque
1277 1049 1566 1104 subvehat.
1614 1043 1859 1112 Quorum
1902 1058 2047 1098 nunc

478 1141 640 1195 etiam
692 1140 927 1210 plurima
957 1140 1181 1208 patitur,
1236 1151 1348 1194 tam
1402 1153 1592 1194 eorum
1641 1152 1763 1206 quae
1803 1143 2047 1191 contem-

478 1241 604 1302 ptus
654 1239 816 1300 atque
858 1231 1171 1299 ignominiis
1211 1238 1362 1293 sunt,
1418 1242 1585 1298 quam
1632 1241 1754 1297 quae
1797 1225 2043 1281 honoris.

478 1322 614 1380 Nam
679 1336 894 1385 eorum,
957 1334 1137 1390 quaea
1198 1322 1354 1376 nobis
1422 1327 1841 1376 commemorata
1896 1325 2043 1384 sunt,

478 1416 674 1485 partim
722 1413 786 1465 ad
832 1411 952 1481 ejus
1002 1412 1269 1467 honorem
1319 1412 1462 1467 facta
1515 1420 1678 1477 sunt,
1726 1413 1922 1481 partim
1980 1410 2046 1463 ad

477 1513 843 1571 contemptum
897 1511 950 1557 et
997 1502 1383 1573 ignominiam.
1428 1501 1544 1557 Pati
1578 1502 1722 1557 enim
1767 1502 2041 1565 dicimus,

475 1610 584 1649 non
614 1602 822 1648 tantum
870 1594 935 1648 de
973 1593 1137 1656 malo,
1167 1593 1261 1651 sed
1288 1592 1453 1647 etiam
1480 1593 1547 1649 de
1588 1593 1750 1648 bono.
1794 1591 2045 1647 Christus

475 1687 741 1756 siquidem
795 1686 866 1740 ab
932 1685 1117 1754 impiis
1157 1699 1219 1739 ea
1270 1700 1393 1755 qua:
1445 1685 1796 1754 ignominiam
1846 1684 2047 1739 habent

2149 491 2272 549 festi
2300 494 2603 550 celebritati
2645 508 2744 564 par
2803 496 2897 562 sit,
2954 496 3416 570 immodicamque
3471 501 3725 560 humana

2151 592 2356 640 naturas
2387 585 2740 655 cupiditatem
2793 586 3166 643 mediocritate
3201 589 3348 645 velut
3389 593 3607 650 incidat.
3644 598 3722 653 Ac

2149 670 2393 739 profecto
2429 671 2678 743 heriliter
2712 682 2765 728 et
2795 683 3012 730 suomet
3042 675 3198 746 jussu
3240 679 3714 750 (quemadmodum

2151 777 2251 817 nos
2277 761 2514 832 Spiritus
2550 764 2759 832 alliatu,
2793 776 2847 821 et
2889 769 3182 835 sentimus,
3237 779 3290 824 et
3336 773 3717 845 profitemur),

2149 867 2257 907 non
2296 864 2472 910 autem
2503 856 2729 913 alterius
2758 857 2975 929 iussum
3013 869 3176 931 atque
3220 861 3508 932 imperium
3542 868 3716 919 scivi-

2148 944 2271 999 liter
2303 962 2630 1017 exsequens,
2658 959 2717 1005 ut
2743 963 3031 1018 creaturae,
3057 954 3515 1021 quemadmodum
3544 956 3719 1013 Mace-

2147 1035 2392 1103 doniani,
2428 1039 2661 1109 Spiritui
2694 1052 2887 1098 saneto
2936 1044 3137 1098 bellum
3175 1045 3493 1114 inferentes,
3529 1050 3712 1105 existi-

2149 1138 2321 1194 mant,
2379 1130 2639 1186 nimirum
2707 1135 2983 1189 contrario
3033 1135 3228 1206 Spiritu
3266 1137 3451 1193 alilui.
3491 1139 3719 1211 Spiritus

2147 1217 2314 1283 enim,
2355 1220 2442 1274 ubi
2486 1222 2618 1288 vult,
2660 1223 2853 1293 spirat,
2896 1234 2952 1280 ut
2986 1228 3127 1296 apud
3162 1225 3425 1283 Joannem
3485 1232 3721 1301 loquitor

2144 1309 2399 1366 Christus
2430 1311 2499 1377 “,
2533 1311 2734 1381 id'est,
2786 1315 2839 1367 in
2905 1331 3013 1385 quo
3064 1317 3185 1373 loco
3246 1320 3394 1375 orbis
3452 1331 3718 1378 terrarqu

2145 1404 2284 1468 vult,
2316 1412 2371 1458 et
2414 1419 2579 1474 super
2637 1420 2777 1475 quos
2832 1407 3081 1465 homines
3134 1411 3269 1479 vult;
3303 1414 3416 1467 vult
3446 1426 3623 1470 autent
3672 1419 3720 1471 si

2147 1496 2417 1551 invenerit
2448 1497 2640 1568 quales
2678 1498 2796 1567 ipse
2835 1500 2952 1554 vult
2980 1519 2995 1554 :
3023 1510 3076 1555 et
3106 1512 3325 1572 quando
3364 1508 3496 1571 vult,
3529 1509 3581 1562 id
3613 1522 3716 1574 est,

2145 1604 2387 1661 congruo
2424 1600 2688 1660 tempore.
2737 1590 2898 1647 Verbi
2946 1593 3143 1664 gratia,
3194 1595 3361 1649 alimn
3421 1612 3489 1651 ex
3530 1602 3721 1655 matris

2144 1693 2333 1737 ventre
2356 1697 2454 1753 per
2477 1684 2879 1754 praescientiam
2909 1687 3198 1743 sanctitate
3226 1691 3522 1758 perfundit,
3551 1694 3719 1747 alium

475 1777 703 1848 patitur,
724 1791 788 1831 ae
819 1792 916 1846 pro
944 1791 1044 1831 sua
1085 1776 1315 1830 lenitate
1361 1776 1599 1845 perfert;
1638 1792 1669 1831 a
1722 1776 1824 1847 piis
1862 1786 2039 1830 autem
2073 1770 2119 1829 Β
2147 1787 2335 1842 greges
2369 1774 2551 1827 ovium
2589 1785 2925 1843 pascentem,
2965 1774 3132 1829 alium
3165 1776 3313 1832 aliud
3346 1779 3604 1848 quiddam
3637 1782 3719 1835 fa-

476 1871 757 1940 ipsiusque
780 1885 969 1925 amore
995 1869 1260 1939 prazditis,
1283 1884 1345 1925 ea
1371 1885 1492 1939 quae
1521 1885 1644 1925 cum
1678 1868 1886 1924 honore
1913 1884 2044 1923 con-

467 1962 658 2033 juncta
698 1968 849 2017 sunt.
883 1963 961 2016 Ac
999 1976 1177 2031 neque
1214 1962 1323 2017 illis
1350 1963 1484 2016 iram
1523 1961 1708 2026 infert,
1741 1977 1903 2032 quam
1941 1961 2042 2015 sibi

474 2055 721 2109 thesauri
761 2055 935 2109 instar
963 2055 1248 2126 colligunt,
1290 2070 1391 2110 nec
1420 2070 1515 2110 eos
1554 2070 1747 2111 rursus
1785 2067 1814 2108 a
1846 2054 2044 2125 quibus

474 2148 694 2211 colitur,
732 2146 914 2202 statim
958 2148 1072 2200 suis
1095 2148 1254 2202 bonis
1301 2155 1732 2202 remuneratur:
1765 2162 1949 2201 verum
1991 2155 2044 2200 et

474 2238 583 2293 illis
619 2237 972 2308 supplicium,
1004 2246 1057 2291 et
1096 2236 1254 2291 nobis
1277 2239 1624 2306 prmmioruxn
1651 2238 2040 2307 benignitatem

474 2329 674 2394 differt,
704 2337 764 2383 ut
788 2338 843 2382 et
862 2329 971 2382 illis
998 2336 1213 2397 tempus
1249 2328 1582 2399 poenitentia:
1609 2328 1717 2395 det,
1745 2339 1797 2383 et
1819 2342 1920 2383 nos
1948 2344 2043 2381 ex-

474 2419 672 2490 ploret,
697 2429 863 2489 atque
892 2419 1207 2488 experiatur
1234 2435 1365 2472 num
1398 2433 1499 2487 pro
1532 2420 1731 2488 pietate
1760 2418 2044 2473 decertan-

476 2522 558 2567 tes
581 2511 780 2566 animis
818 2511 1135 2582 frangemur
1183 2524 1249 2567 ae
1291 2511 1715 2566 debilitabimur.
1744 2511 1869 2566 llasc
1896 2512 2041 2564 enim

469 2600 582 2670 jam
611 2603 740 2655 olim
765 2610 818 2655 et
856 2615 887 2655 a
929 2600 1201 2671 principio
1239 2600 1381 2653 ratio
1416 2608 1470 2653 et
1512 2614 1679 2654 causa
1727 2608 1812 2655 est
1847 2600 2044 2653 divina:

475 2692 903 2764 dispensationis
932 2702 988 2748 et
1034 2693 1547 2762 imperceptibilium
1596 2694 1769 2762 ipsius
1805 2693 2039 2761 judicio-

474 2802 619 2853 rum,
644 2787 847 2856 quibus
869 2785 1140 2854 sapienter
1164 2800 1249 2839 res
1273 2792 1489 2838 nostras
1511 2783 1706 2839 recitat
1729 2793 1782 2839 et
1808 2780 2044 2837 admini-

473 2885 633 2933 strat.
671 2875 826 2943 Quod
886 2883 1065 2929 autem
1121 2874 1459 2928 abstrusiora
1511 2874 1621 2927 sint
1648 2873 1742 2927 Dei
1792 2872 2041 2939 consilia,

476 2982 636 3038 quam
668 2976 727 3021 ut
759 2981 823 3021 ea
869 2966 1161 3036 quisquam
1196 2967 1414 3035 assequi
1446 2965 1646 3035 possit,
1679 2964 1807 3019 hinc
1844 2965 2044 3019 clamat

480 3058 646 3114 David
683 3060 871 3114 dicens
907 3073 923 3112 :
972 3054 1189 3110 Judicia
1220 3067 1310 3109 tua
1346 3057 1564 3126 abyssus
1594 3056 1763 3110 multa
1796 3055 1876 3122 ‘°;
1915 3057 2045 3110 hinc

476 3152 638 3203 etiam
667 3148 890 3214 Paulus,
920 3163 1041 3202 cum
1075 3149 1435 3202 admiratione
1463 3163 1659 3217 magna
1692 3158 1744 3201 et
1781 3157 2038 3216 stupore:

477 3242 653 3309 Quam
681 3239 1050 3293 inscrutabilia
1076 3239 1427 3308 suntjudicia
1450 3239 1614 3307 ipsius
1632 3249 1678 3292 et
1707 3237 2039 3306 inuestigabi-

474 3333 546 3385 les
576 3333 674 3385 vita
720 3331 833 3400 ejus
864 3330 945 3384 “i
990 3331 1217 3395 Verum,
1247 3330 1447 3383 dixerit
1490 3328 1709 3397 aliquis,
1752 3328 1806 3381 Si
1838 3327 1926 3382 Dei
1951 3330 2041 3396 ju-

473 3423 615 3476 dicia
658 3421 860 3491 percipi
893 3429 1192 3490 nequeunt,
1228 3422 1320 3489 qui
1354 3420 1412 3472 lit
1441 3428 1501 3473 ut
1532 3416 1863 3487 Theologus,
1895 3419 2042 3471 velut

474 3526 664 3567 eorum
686 3512 1052 3581 cognitzonem
1081 3521 1392 3570 assecutus,
1423 3509 1930 3580 procrastinationis
1951 3510 2041 3564 Dei

473 3619 695 3659 causam
720 3603 1001 3672 proferat?
1022 3601 1354 3671 Responderi
1385 3612 1583 3670 potest,
1604 3602 1747 3670 quod
1783 3617 1878 3671 per
1906 3616 2040 3656 con-

471 3693 736 3761 jecturam
763 3707 883 3746 eam
908 3691 1160 3760 pr0tulit;
1181 3693 1251 3744 ob
1274 3692 1324 3743 id
1347 3694 1489 3743 enim
1515 3689 1741 3752 addidit,
1765 3689 2040 3745 Fortasse.

474 3782 610 3837 Tum
652 3783 781 3853 quia
831 3783 924 3836 Dei
963 3780 1136 3836 Filius
1187 3783 1588 3836 communiores
1632 3795 1816 3835 rerum
1846 3795 2041 3836 causas

476 3887 538 3927 ac
557 3874 819 3937 rationes,
852 3874 951 3928 etsi
986 3887 1094 3927 non
1113 3887 1326 3938 omnes,
1356 3887 1727 3941 saepenumero
1756 3871 1910 3926 nobis
1941 3888 2039 3941 pa-

475 3963 677 4031 tefecit;
702 3964 1057 4034 particulares
1081 3973 1261 4019 autem
1285 3973 1338 4018 et
1365 3964 1671 4034 singulares
1699 3964 2043 4034 itttpet‘ceptio

474 4056 609 4110 biles
641 4066 842 4110 servat.
897 4055 1073 4124 Atque
1125 4054 1437 4125 huiusmodi
1471 4054 1692 4125 quidem
1740 4064 1870 4110 sunt
1919 4068 2042 4123 qua:

477 4148 543 4200 ad
574 4147 856 4201 Christum
905 4148 1202 4216 pertinent,
1231 4147 1347 4202 sive
1387 4149 1686 4216 passiones,
1719 4148 1835 4201 sive
1863 4148 2041 4203 actio-

477 4252 574 4313 nes
599 4253 616 4304 ;
654 4247 708 4290 et
748 4253 869 4307 quae
895 4246 1077 4307 postea
1111 4251 1428 4308 sequentur,
1461 4238 1563 4294 hoc
1593 4249 1698 4304 est,
1729 4253 1850 4309 quae
1870 4240 1936 4293 ad
1958 4254 2045 4294 se-

474 4331 705 4384 cundam
744 4330 1083 4399 pra‘sentiam
1140 4331 1398 4396 attinent,
1430 4341 1560 4386 tunc
1604 4333 1894 4401 gloriosius
1917 4348 2042 4400 spc-

2144 1866 2402 1918 cientem.
2425 1864 2491 1920 Et
2522 1878 2787 1936 quantum
2824 1869 2968 1933 vult;
3003 1870 3195 1926 modus
3216 1871 3361 1925 enim
3393 1884 3571 1931 certus
3601 1890 3713 1941 est,

2145 1963 2193 2005 et
2229 1953 2519 2010 diversitas
2559 1955 2859 2025 gratiarum
2894 1968 3058 2028 atque
3103 1958 3500 2029 inspirationis.
3542 1965 3719 2035 Atque

2146 2043 2276 2097 illud
2308 2045 2532 2100 observa
2561 2088 2575 2112 ,
2634 2047 2724 2100 ubi
2773 2046 2949 2103 locum
2982 2050 3328 2120 significare;
3365 2069 3522 2123 super
3569 2071 3719 2125 quos,

2144 2148 2405 2202 personas
2464 2151 2558 2191 cas
2598 2153 2718 2207 qua:
2770 2139 3135 2209 inspirantur;
3188 2142 3421 2211 quando,
3468 2155 3721 2215 tempus;

2144 2234 2436 2291 quantum,
2466 2228 2704 2282 modum.
2734 2227 3024 2283 Enimvero
3056 2229 3309 2287 Christus
3338 2235 3439 2288 hoc
3483 2234 3600 2290 loco
3628 2252 3721 2306 per

2145 2316 2418 2383 Spiritum,
2476 2334 2583 2371 non
2639 2318 2904 2387 Spiritum
2977 2331 3227 2375 sanettnn
3302 2324 3573 2394 intelligit,
3624 2333 3718 2381 sel

2144 2420 2364 2461 aereum
2386 2417 2441 2462 et
2473 2419 2632 2466 vento
2662 2410 2981 2476 conﬂatum,
3014 2429 3109 2483 per
3134 2414 3508 2470 obscuriorem
3561 2419 3721 2472 nimi-

2145 2514 2265 2552 rum
2317 2502 2679 2571 cognitionem
2735 2504 2837 2559 hoc
2878 2506 3127 2574 exemplo
3183 2507 3558 2576 perfectiorcm
3614 2511 3721 2567 illis

2145 2590 2397 2646 affet-ens.
2429 2590 2564 2646 Nam
2597 2609 2721 2648 cum
2750 2595 2978 2650 dixisset
3023 2593 3352 2651 Nicodamus
3382 2614 3396 2651 :
3444 2598 3720 2664 Quomodo

2143 2692 2312 2751 potest
2360 2684 2514 2738 homo
2568 2687 2714 2739 nasci
2759 2687 2930 2740 denuo
2962 2685 3040 2740 “'1
3085 2687 3233 2741 velut
3285 2688 3545 2758 ignorans
3599 2706 3719 2745 eam

2146 2777 2507 2840 nativitatem,
2538 2777 2605 2831 de
2632 2793 2741 2848 qua
2770 2777 3035 2832 Dominus
3066 2778 3407 2846 loquebatur,
3443 2781 3717 2850 Christus,

2145 2869 2374 2935 exempli
2403 2871 2598 2938 gratia,
2629 2879 2847 2924 ventum
2881 2869 2983 2937 ipsi
3036 2870 3359 2940 preposuit:
3398 2871 3452 2925 Si
3488 2884 3677 2927 ventus
3702 2916 3718 2940 ,

2145 2971 2307 3027 quem
2341 2961 2514 3025 vides,
2551 2969 2605 3013 et
2629 2960 2786 3028 cujus
2833 2974 3022 3015 vocem
3081 2962 3257 3026 audis,
3300 2963 3444 3019 unde
3494 2968 3721 3033 prodeat

2145 3058 2199 3103 et
2226 3065 2336 3119 quo
2367 3051 2546 3117 vadat,
2573 3053 2774 3114 nescis,
2802 3067 2907 3119 qua
2935 3052 3150 3104 tandem
3180 3054 3389 3107 ratione
3421 3054 3716 3124 spiritalem

2149 3142 2488 3194 nativitatem
2526 3141 2828 3209 intelligere
2859 3143 3083 3209 poteris,
3122 3156 3244 3194 cum
3280 3154 3477 3212 praeter
3506 3159 3567 3197 ea
3598 3160 3717 3214 quae

2145 3232 2199 3283 in
2237 3246 2461 3284 sensum
2509 3241 2675 3299 atque
2721 3233 2911 3284 oculos
2951 3231 3238 3284 incurrunt
3271 3233 3509 3285 nondum
3558 3235 3717 3302 quid.

2143 3336 2307 3391 qnam
2334 3320 2677 3392 cognoscas?
2704 3320 3011 3391 Theologus
3042 3333 3220 3374 autem
3256 3322 3358 3374 hoc
3383 3324 3502 3375 loco
3530 3334 3718 3378 Osten-

2143 3413 2278 3465 deus
2304 3409 2565 3478 Spiritum
2602 3421 2846 3464 sanctum
2881 3410 3309 3465 dominationem
3341 3426 3506 3484 atque
3545 3418 3716 3485 impe-

2144 3503 2285 3556 rium
2322 3515 2416 3570 per
2442 3515 2501 3555 se
2557 3500 2775 3566 habere,
2827 3516 2933 3555 non
2979 3512 3159 3557 autem
3226 3513 3534 3559 creaturam
3563 3522 3715 3571 esse,

2144 3605 2238 3648 aut
2268 3609 2485 3648 servum
2518 3592 2672 3661 jussa
2718 3602 3094 3663 capessentem
3153 3597 3231 3650 ait
3263 3614 3277 3651 :
3312 3596 3546 3667 Spiritus
3589 3615 3718 3653 san-

2144 3692 2262 3738 ctns
2282 3685 2453 3754 spirat
2480 3683 2570 3735 ubi
2599 3693 2733 3747 vult,
2758 3693 2813 3738 et
2842 3685 2895 3738 in
2922 3699 3060 3755 quos
3084 3686 3221 3752 vult,
3245 3696 3299 3741 et
3326 3704 3432 3758 quo
3454 3697 3715 3757 tempore,

2143 3785 2199 3832 et
2236 3788 2501 3847 quantum
2537 3778 2671 3831 vult.

2213 3868 2332 3924 Col.
2364 3869 2470 3924 438
2496 3869 2560 3924 Α.
2589 3866 2694 3935 Qui
2726 3870 2989 3939 Spiritum
3019 3881 3265 3926 sanctum
3290 3873 3344 3925 in
3374 3889 3547 3927 rerum
3572 3890 3721 3929 crea~

2146 3971 2357 4024 tarum,
2400 3969 2505 4016 etc.
2543 3960 2809 4031 Spiritum
2862 3970 3106 4015 sanctum
3153 3962 3247 4016 alii
3281 3963 3387 4018 vim
3422 3974 3629 4021 tantum
3666 3982 3721 4023 et

2145 4052 2457 4107 facultatem
2487 4068 2605 4107 esse
2625 4052 2899 4113 dicebant,
2920 4053 3010 4104 alii
3031 4063 3330 4107 creaturam
3353 4093 3369 4121 ,
3408 4070 3436 4107 a
3461 4055 3495 4109 ii
3523 4057 3717 4120 Deum,

2143 4144 2432 4197 aliimedio
2453 4142 2687 4212 quodam
2712 4143 2873 4196 modo
2913 4140 3090 4197 allecti
3111 4154 3263 4198 erant
3285 4185 3300 4212 ,
3336 4161 3435 4200 nec
3466 4147 3713 4204 tidelacet

2143 4251 2267 4289 eum
2303 4234 2564 4297 colentes,
2595 4247 2693 4287 nec
2731 4234 3070 4303 contemptui
3104 4235 3388 4295 habentes.
3421 4240 3593 4294 Porro
3621 4243 3716 4311 qui

2148 4327 2317 4381 Deum
2353 4329 2535 4396 ipsum
2586 4342 2708 4382 esse
2754 4327 3167 4400 existimabant,
3216 4330 3412 4399 partim
3447 4331 3715 4388 inclusam

472 4424 763 4486 ctahimus,
814 4422 1134 4490 utinamque
1178 4422 1293 4491 ipsi
1327 4437 1359 4475 a
1411 4423 1631 4479 Christo
1696 4424 2038 4494 potissimum
2074 4430 2117 4485 D
2147 4421 2332 4474 animo
2386 4420 2639 4489 pietatem
2694 4418 2988 4484 habebant,
3040 4422 3244 4489 partim
3302 4422 3460 4478 labiis
3498 4440 3569 4494 qu
3611 4442 3718 4492 que

473 4524 799 4580 spectemur.
828 4512 983 4579 Quod
1011 4524 1191 4567 autem
1217 4513 1510 4581 perfectius
1533 4524 1649 4569 tum
1670 4519 2040 4585 spectabimus

473 4620 536 4659 ac
595 4605 986 4670 Spectabimur,
1032 4605 1220 4659 Daridi
1262 4605 1396 4659 fides
1447 4607 1693 4660 habenda
1722 4616 1805 4663 est
1833 4609 1914 4664 sic
1954 4610 2039 4663 lo-

474 4697 660 4763 quenti
699 4714 712 4750 :
754 4694 867 4765 Ego
902 4704 1080 4749 autem
1112 4696 1167 4748 in
1193 4695 1415 4763 justitia
1442 4698 1708 4766 apparebo
1734 4694 2041 4767 conspectui

474 4798 583 4853 tuo,
615 4787 851 4841 satiabor
892 4803 1011 4841 cum
1064 4788 1372 4857 apparuerit
1428 4788 1597 4858 gloria
1633 4799 1725 4843 tua
1770 4788 1837 4844 ".
1883 4791 2040 4845 Nunc

475 4876 617 4929 enim
651 4877 792 4930 Deus
821 4877 955 4929 viris
979 4876 1289 4944 integritate
1323 4885 1380 4930 et
1421 4878 1710 4933 sanctitate
1746 4878 1871 4933 vita:
1902 4895 2044 4948 prte-

473 4967 602 5021 ditis
617 4967 767 5021 velut
781 4978 999 5037 gustum
1016 4968 1307 5034 quemdam
1328 4975 1386 5020 et
1408 4969 1768 5023 arrhabonern
1788 4972 2037 5039 praebuit:

474 5059 689 5125 plenam
720 5067 901 5111 autem
933 5071 986 5111 et
1008 5059 1338 5113 cumulatam
1383 5059 1798 5127 beatitudinem,
1827 5077 1933 5130 qua
1974 5062 2044 5115 ad

474 5150 779 5203 satietatem
819 5161 992 5216 usque
1024 5150 1394 5216 perfruentur,
1426 5162 1540 5204 tum
1588 5153 1807 5206 domum
1860 5153 2040 5222 perci-

474 5241 644 5309 pient.
670 5238 974 5302 Mihivero,
991 5240 1060 5293 de
1080 5238 1447 5309 Spirituloqui
1470 5242 1797 5308 instituenti,
1826 5243 2035 5298 utinam

475 5332 718 5401 Spiritus
756 5330 870 5400 ipse
919 5333 1081 5398 adsit,
1114 5342 1280 5402 atque
1335 5334 1507 5403 ipsius
1561 5336 1828 5392 beneficio
1890 5347 2038 5392 tanta

476 5422 609 5476 mihi
638 5426 812 5476 oratio
838 5423 1015 5485 detur,
1048 5434 1310 5490 quantam
1341 5423 1501 5494 cupio
1525 5442 1539 5492 ;
1570 5435 1663 5479 aut
1690 5427 1734 5480 si
1755 5444 1863 5482 non
1892 5437 2041 5483 tanta

476 5517 644 5588 (quod
671 5516 1112 5586 intempestivum
1146 5518 1250 5569 hoc
1280 5518 1353 5570 sit
1396 5518 1688 5588 minusque
1725 5499 1901 5590 utile),
1938 5521 2042 5575 ltu-

545 5698 591 5730 ⁸⁸
622 5699 762 5759 Psal.
798 5720 957 5768 xxxv,
989 5704 1043 5757 7.
1117 5702 1157 5734 “
1191 5701 1349 5757 llom.
1388 5718 1458 5768 ιιι,
1494 5701 1583 5756 55.

1660 5701 1703 5732 "
1740 5703 1880 5756 Psal.
1918 5717 2029 5767 XVI,
2078 5702 2162 5755 15.

2144 4513 2281 4582 ipsis
2318 4512 2482 4566 Deum
2508 4511 2930 4566 confitebantur.
2953 4509 3263 4579 Theologus
3302 4513 3467 4582 igitur
3500 4530 3596 4571 eos
3618 4533 3714 4586 qui

2146 4605 2410 4675 Spiritum
2442 4613 2749 4659 creaturam
2787 4618 2909 4657 esse
2932 4613 3098 4674 atque
3135 4619 3165 4658 a
3196 4600 3336 4659 Filio
3376 4605 3576 4660 factum
3630 4626 3718 4662 as-

2145 4698 2419 4761 serebant,
2463 4695 2891 4750 contumeliosos
2922 4704 3100 4760 vocat,
3128 4696 3533 4768 imperiumque
3554 4715 3719 4771 rcpu-

2144 4789 2361 4844 diantes
2395 4804 2458 4843 ac
2512 4787 2844 4857 rejicientes,
2896 4786 3157 4841 adversus
3213 4785 3502 4843 Dominum
3555 4807 3715 4845 suum

2144 4883 2347 4952 perfide
2391 4883 2786 4950 insurgentes;
2827 4893 2923 4934 eos
2976 4889 3180 4947 autem,
3215 4882 3309 4951 qui
3357 4881 3616 4951 Spiritum
3664 4886 3717 4939 in

2143 4975 2341 5028 animis
2374 4974 2488 5026 suis
2524 4972 2692 5026 Deum
2749 4970 3157 5038 existimabant,
3191 4972 3475 5040 splendido
3532 4976 3718 5029 animo

2142 5065 2398 5134 przeditos
2429 5078 2550 5118 esse
2584 5062 2717 5117 dicit
2744 5080 2758 5128 ;
2785 5078 2878 5117 eos
2912 5077 3060 5126 vero,
3111 5064 3205 5132 qui
3244 5079 3353 5117 non
3403 5066 3563 5121 modo
3593 5083 3716 5121 eum

2146 5155 2311 5210 Deum
2332 5154 2650 5218 credebant,
2698 5155 2791 5208 sed
2821 5153 2982 5207 etiam
3013 5155 3398 5221 praedicabant,
3424 5157 3469 5209 si
3500 5161 3716 5226 quidem

2147 5250 2288 5317 apud
2315 5262 2499 5318 aaquos
2536 5262 2601 5301 ac
2651 5248 2852 5316 probos
2879 5246 3177 5315 auditores,
3233 5246 3466 5318 ﬁdeique
3516 5250 3720 5318 pietate

2149 5341 2421 5409 praeditos,
2457 5340 2561 5394 hoc
2598 5338 2863 5402 dicerent,
2922 5337 3187 5393 sublimes
3211 5355 3330 5403 eos,
3372 5352 3425 5394 et
3475 5343 3719 5395 miritic's

2149 5433 2402 5487 laudibus
2434 5432 2631 5502 dignos
2661 5432 2917 5500 appellat.
2949 5429 3044 5484 Sin
3077 5439 3258 5487 autem
3301 5431 3442 5501 apud
3476 5434 3718 5495 humiles

2149 5536 2201 5579 et
2230 5525 2578 5593 imperfectos
2609 5534 2957 5593 mentemque
3010 5522 3270 5581 habentes
3309 5525 3462 5579 humi
3490 5525 3717 5593 depres-

2241 5701 2282 5732 ’δ’
2330 5698 2486 5756 Joan.
2535 5719 2615 5770 ιιι,
2663 5701 2713 5755 8.
2792 5703 2837 5734 η
2884 5701 3013 5755 ibid.
3058 5701 3111 5755 4.
