  <div class='ocr_page' id='page_1' title='image "/cluster/home/n/w/nwhite01/storage/ocr_20150623/127/hvd.32044073502411/733.png"; bbox 0 0 4050 6198; ppageno 0'>
   <div class='ocr_carea' id='block_1_1' title="bbox 378 325 540 387">
    <p class='ocr_par' dir='ltr' id='par_1_1' title="bbox 378 325 540 387">
     <span class='ocr_line' id='line_1_1' title="bbox 378 325 540 387; baseline 0.006 -1"><span class='ocrx_word' id='word_1_1' title='bbox 378 325 540 387; x_wconf 59' lang='lat' dir='ltr'><strong>ala-=5</strong></span> 
     </span>
    </p>
   </div>
   <div class='ocr_carea' id='block_1_2' title="bbox 1807 299 2182 361">
    <p class='ocr_par' dir='ltr' id='par_1_2' title="bbox 1807 299 2182 361">
     <span class='ocr_line' id='line_1_2' title="bbox 1807 299 2182 361; baseline -0.011 -2"><span class='ocrx_word' id='word_1_2' title='bbox 1807 299 2182 361; x_wconf 70' lang='lat' dir='ltr'><strong>ADDENDA.</strong></span> 
     </span>
    </p>
   </div>
   <div class='ocr_carea' id='block_1_3' title="bbox 3503 286 3636 351">
    <p class='ocr_par' dir='ltr' id='par_1_3' title="bbox 3503 286 3636 351">
     <span class='ocr_line' id='line_1_3' title="bbox 3503 286 3636 351; baseline 0.038 -5"><span class='ocrx_word' id='word_1_3' title='bbox 3503 286 3636 351; x_wconf 74' lang='grc'>1456</span> 
     </span>
    </p>
   </div>
   <div class='ocr_carea' id='block_1_4' title="bbox 395 401 3638 504">
    <p class='ocr_par' dir='ltr' id='par_1_4' title="bbox 395 401 3638 504">
     <span class='ocr_line' id='line_1_4' title="bbox 395 401 3638 504; baseline -0.012 -10"><span class='ocrx_word' id='word_1_4' title='bbox 395 455 536 501; x_wconf 82' lang='lat' dir='ltr'><strong>satu,</strong></span> <span class='ocrx_word' id='word_1_5' title='bbox 571 447 802 504; x_wconf 82' lang='lat' dir='ltr'><strong>eamque</strong></span> <span class='ocrx_word' id='word_1_6' title='bbox 825 428 896 485; x_wconf 92' lang='lat' dir='ltr'><strong>ob</strong></span> <span class='ocrx_word' id='word_1_7' title='bbox 917 439 1142 484; x_wconf 83' lang='lat' dir='ltr'><strong>causam</strong></span> <span class='ocrx_word' id='word_1_8' title='bbox 1169 419 1397 493; x_wconf 75' lang='lat' dir='ltr'><strong>Spiritui</strong></span> <span class='ocrx_word' id='word_1_9' title='bbox 1431 424 1622 474; x_wconf 87' lang='lat' dir='ltr'><strong>sancto</strong></span> <span class='ocrx_word' id='word_1_10' title='bbox 1653 414 1746 470; x_wconf 89' lang='lat' dir='ltr'><strong>Dei</strong></span> <span class='ocrx_word' id='word_1_11' title='bbox 1780 427 1978 467; x_wconf 83' lang='lat' dir='ltr'><strong>nomen</strong></span> <span class='ocrx_word' id='word_1_12' title='bbox 2008 418 2056 472; x_wconf 72' lang='grc' dir='ltr'>Α</span> <span class='ocrx_word' id='word_1_13' title='bbox 2082 408 2334 480; x_wconf 74' lang='lat' dir='ltr'><strong>quaedam</strong></span> <span class='ocrx_word' id='word_1_14' title='bbox 2376 416 2479 472; x_wconf 88' lang='lat' dir='ltr'><strong>est,</strong></span> <span class='ocrx_word' id='word_1_15' title='bbox 2521 407 2606 462; x_wconf 90' lang='lat' dir='ltr'><strong>vel</strong></span> <span class='ocrx_word' id='word_1_16' title='bbox 2646 415 2898 462; x_wconf 88' lang='lat' dir='ltr'><strong>creatura</strong></span> <span class='ocrx_word' id='word_1_17' title='bbox 2959 401 3354 458; x_wconf 74' lang='lat' dir='ltr'><strong>existimandus</strong></span> <span class='ocrx_word' id='word_1_18' title='bbox 3408 401 3531 466; x_wconf 84' lang='lat' dir='ltr'><strong>erit,</strong></span> <span class='ocrx_word' id='word_1_19' title='bbox 3562 402 3638 454; x_wconf 84' lang='lat' dir='ltr'><strong>vel</strong></span> 
     </span>
    </p>
   </div>
   <div class='ocr_carea' id='block_1_5' title="bbox 396 504 1969 594">
    <p class='ocr_par' dir='ltr' id='par_1_5' title="bbox 396 504 1969 594">
     <span class='ocr_line' id='line_1_5' title="bbox 396 504 1969 594; baseline -0.017 -9"><span class='ocrx_word' id='word_1_20' title='bbox 396 528 565 584; x_wconf 78' lang='lat' dir='ltr'><strong>tribui</strong></span> <span class='ocrx_word' id='word_1_21' title='bbox 623 535 969 594; x_wconf 80' lang='lat' dir='ltr'><strong>nequaquam</strong></span> <span class='ocrx_word' id='word_1_22' title='bbox 1034 517 1294 576; x_wconf 88' lang='lat' dir='ltr'><strong>ferentes,</strong></span> <span class='ocrx_word' id='word_1_23' title='bbox 1348 507 1659 578; x_wconf 91' lang='lat' dir='ltr'><strong>hujusmodi</strong></span> <span class='ocrx_word' id='word_1_24' title='bbox 1721 504 1969 560; x_wconf 85' lang='lat' dir='ltr'><strong>homines</strong></span> 
     </span>
    </p>
   </div>
   <div class='ocr_carea' id='block_1_6' title="bbox 399 589 1972 684">
    <p class='ocr_par' dir='ltr' id='par_1_6' title="bbox 399 589 1972 684">
     <span class='ocr_line' id='line_1_6' title="bbox 399 589 1972 684; baseline -0.018 -12"><span class='ocrx_word' id='word_1_25' title='bbox 399 617 582 671; x_wconf 89' lang='lat' dir='ltr'><strong>minus</strong></span> <span class='ocrx_word' id='word_1_26' title='bbox 625 589 920 684; x_wconf 75' lang='lat' dir='ltr'><strong>prudentes</strong></span> <span class='ocrx_word' id='word_1_27' title='bbox 973 613 1030 660; x_wconf 92' lang='lat' dir='ltr'><strong>et</strong></span> <span class='ocrx_word' id='word_1_28' title='bbox 1075 602 1356 658; x_wconf 83' lang='lat' dir='ltr'><strong>consultos</strong></span> <span class='ocrx_word' id='word_1_29' title='bbox 1401 611 1524 653; x_wconf 88' lang='lat' dir='ltr'><strong>esse</strong></span> <span class='ocrx_word' id='word_1_30' title='bbox 1566 595 1661 649; x_wconf 91' lang='lat' dir='ltr'><strong>ait.</strong></span> <span class='ocrx_word' id='word_1_31' title='bbox 1695 589 1972 658; x_wconf 85' lang='lat' dir='ltr'><strong>Quemad-</strong></span> 
     </span>
    </p>
   </div>
   <div class='ocr_carea' id='block_1_7' title="bbox 400 681 1972 762">
    <p class='ocr_par' dir='ltr' id='par_1_7' title="bbox 400 681 1972 762">
     <span class='ocr_line' id='line_1_7' title="bbox 400 681 1972 762; baseline -0.018 1"><span class='ocrx_word' id='word_1_32' title='bbox 400 681 803 762; x_wconf 47' lang='lat' dir='ltr'><strong>modum—enim</strong></span> <span class='ocrx_word' id='word_1_33' title='bbox 862 696 1090 752; x_wconf 65' lang='lat' dir='ltr'><strong>inﬁrmae</strong></span> <span class='ocrx_word' id='word_1_34' title='bbox 1126 708 1288 748; x_wconf 84' lang='lat' dir='ltr'><strong>aures</strong></span> <span class='ocrx_word' id='word_1_35' title='bbox 1324 690 1547 746; x_wconf 89' lang='lat' dir='ltr'><strong>tonitrui</strong></span> <span class='ocrx_word' id='word_1_36' title='bbox 1599 700 1792 742; x_wconf 87' lang='lat' dir='ltr'><strong>sonum</strong></span> <span class='ocrx_word' id='word_1_37' title='bbox 1830 681 1972 737; x_wconf 85' lang='lat' dir='ltr'><strong>ferre</strong></span> 
     </span>
    </p>
   </div>
   <div class='ocr_carea' id='block_1_8' title="bbox 404 774 1973 866">
    <p class='ocr_par' dir='ltr' id='par_1_8' title="bbox 404 774 1973 866">
     <span class='ocr_line' id='line_1_8' title="bbox 404 774 1973 866; baseline -0.017 -13"><span class='ocrx_word' id='word_1_38' title='bbox 404 803 699 866; x_wconf 89' lang='lat' dir='ltr'><strong>nequeunt,</strong></span> <span class='ocrx_word' id='word_1_39' title='bbox 733 806 834 846; x_wconf 89' lang='lat' dir='ltr'><strong>nec</strong></span> <span class='ocrx_word' id='word_1_40' title='bbox 879 787 1082 844; x_wconf 86' lang='lat' dir='ltr'><strong>infirmi</strong></span> <span class='ocrx_word' id='word_1_41' title='bbox 1115 785 1262 840; x_wconf 90' lang='lat' dir='ltr'><strong>oculi</strong></span> <span class='ocrx_word' id='word_1_42' title='bbox 1296 785 1474 838; x_wconf 86' lang='lat' dir='ltr'><strong>lucem</strong></span> <span class='ocrx_word' id='word_1_43' title='bbox 1521 779 1762 846; x_wconf 78' lang='lat' dir='ltr'><strong>solisque</strong></span> <span class='ocrx_word' id='word_1_44' title='bbox 1791 774 1973 845; x_wconf 89' lang='lat' dir='ltr'><strong>splen-</strong></span> 
     </span>
    </p>
   </div>
   <div class='ocr_carea' id='block_1_9' title="bbox 402 862 1977 945">
    <p class='ocr_par' dir='ltr' id='par_1_9' title="bbox 402 862 1977 945">
     <span class='ocr_line' id='line_1_9' title="bbox 402 862 1977 945; baseline -0.018 -2"><span class='ocrx_word' id='word_1_45' title='bbox 402 862 591 943; x_wconf 76' lang='lat' dir='ltr'><strong>dorem</strong></span> <span class='ocrx_word' id='word_1_46' title='bbox 626 881 865 945; x_wconf 89' lang='lat' dir='ltr'><strong>obtueri,</strong></span> <span class='ocrx_word' id='word_1_47' title='bbox 899 893 1000 934; x_wconf 91' lang='lat' dir='ltr'><strong>nec</strong></span> <span class='ocrx_word' id='word_1_48' title='bbox 1035 877 1126 943; x_wconf 91' lang='lat' dir='ltr'><strong>iis,</strong></span> <span class='ocrx_word' id='word_1_49' title='bbox 1163 875 1254 944; x_wconf 89' lang='lat' dir='ltr'><strong>qui</strong></span> <span class='ocrx_word' id='word_1_50' title='bbox 1304 870 1465 926; x_wconf 88' lang='lat' dir='ltr'><strong>lactis</strong></span> <span class='ocrx_word' id='word_1_51' title='bbox 1509 867 1766 923; x_wconf 81' lang='lat' dir='ltr'><strong>alimonia</strong></span> <span class='ocrx_word' id='word_1_52' title='bbox 1796 862 1977 917; x_wconf 92' lang='lat' dir='ltr'><strong>adhuc</strong></span> 
     </span>
    </p>
   </div>
   <div class='ocr_carea' id='block_1_10' title="bbox 409 956 1976 1041">
    <p class='ocr_par' dir='ltr' id='par_1_10' title="bbox 409 956 1976 1041">
     <span class='ocr_line' id='line_1_10' title="bbox 409 956 1976 1041; baseline -0.017 -7"><span class='ocrx_word' id='word_1_53' title='bbox 409 987 660 1041; x_wconf 89' lang='lat' dir='ltr'><strong>utuntur,</strong></span> <span class='ocrx_word' id='word_1_54' title='bbox 686 974 918 1030; x_wconf 91' lang='lat' dir='ltr'><strong>solidum</strong></span> <span class='ocrx_word' id='word_1_55' title='bbox 951 970 1134 1024; x_wconf 90' lang='lat' dir='ltr'><strong>cibum</strong></span> <span class='ocrx_word' id='word_1_56' title='bbox 1167 965 1444 1036; x_wconf 81' lang='lat' dir='ltr'><strong>porrigere</strong></span> <span class='ocrx_word' id='word_1_57' title='bbox 1472 958 1693 1030; x_wconf 83' lang='lat' dir='ltr'><strong>expedit</strong></span> <span class='ocrx_word' id='word_1_58' title='bbox 1721 974 1733 1010; x_wconf 90' lang='lat'><strong>:</strong></span> <span class='ocrx_word' id='word_1_59' title='bbox 1771 956 1845 1010; x_wconf 86' lang='lat' dir='ltr'><strong>ita</strong></span> <span class='ocrx_word' id='word_1_60' title='bbox 1878 968 1976 1008; x_wconf 89' lang='lat' dir='ltr'><strong>nec</strong></span> 
     </span>
    </p>
   </div>
   <div class='ocr_carea' id='block_1_11' title="bbox 408 1047 1976 1138">
    <p class='ocr_par' dir='ltr' id='par_1_11' title="bbox 408 1047 1976 1138">
     <span class='ocr_line' id='line_1_11' title="bbox 408 1047 1976 1138; baseline -0.019 -12"><span class='ocrx_word' id='word_1_61' title='bbox 408 1073 497 1136; x_wconf 91' lang='lat' dir='ltr'><strong>iis,</strong></span> <span class='ocrx_word' id='word_1_62' title='bbox 531 1068 624 1138; x_wconf 90' lang='lat' dir='ltr'><strong>qui</strong></span> <span class='ocrx_word' id='word_1_63' title='bbox 677 1063 870 1136; x_wconf 85' lang='lat' dir='ltr'><strong>primis</strong></span> <span class='ocrx_word' id='word_1_64' title='bbox 920 1060 1098 1114; x_wconf 88' lang='lat' dir='ltr'><strong>adhuc</strong></span> <span class='ocrx_word' id='word_1_65' title='bbox 1145 1054 1265 1110; x_wconf 80' lang='lat' dir='ltr'><strong>ﬁdei</strong></span> <span class='ocrx_word' id='word_1_66' title='bbox 1290 1052 1614 1107; x_wconf 89' lang='lat' dir='ltr'><strong>rudimentis</strong></span> <span class='ocrx_word' id='word_1_67' title='bbox 1660 1047 1976 1101; x_wconf 84' lang='lat' dir='ltr'><strong>imbuuntur</strong></span> 
     </span>
    </p>
   </div>
   <div class='ocr_carea' id='block_1_12' title="bbox 409 1139 1975 1231">
    <p class='ocr_par' dir='ltr' id='par_1_12' title="bbox 409 1139 1975 1231">
     <span class='ocr_line' id='line_1_12' title="bbox 409 1139 1975 1231; baseline -0.017 -14"><span class='ocrx_word' id='word_1_68' title='bbox 409 1161 648 1231; x_wconf 86' lang='lat' dir='ltr'><strong>perfecta</strong></span> <span class='ocrx_word' id='word_1_69' title='bbox 679 1156 927 1213; x_wconf 85' lang='lat' dir='ltr'><strong>doctrina</strong></span> <span class='ocrx_word' id='word_1_70' title='bbox 963 1149 1352 1207; x_wconf 90' lang='lat' dir='ltr'><strong>committenda</strong></span> <span class='ocrx_word' id='word_1_71' title='bbox 1383 1157 1488 1200; x_wconf 91' lang='lat' dir='ltr'><strong>est.</strong></span> <span class='ocrx_word' id='word_1_72' title='bbox 1521 1141 1805 1212; x_wconf 83' lang='lat' dir='ltr'><strong>Temporis</strong></span> <span class='ocrx_word' id='word_1_73' title='bbox 1830 1139 1975 1194; x_wconf 89' lang='lat' dir='ltr'><strong>enim</strong></span> 
     </span>
    </p>
   </div>
   <div class='ocr_carea' id='block_1_13' title="bbox 408 1234 1977 1323">
    <p class='ocr_par' dir='ltr' id='par_1_13' title="bbox 408 1234 1977 1323">
     <span class='ocr_line' id='line_1_13' title="bbox 408 1234 1977 1323; baseline -0.016 -15"><span class='ocrx_word' id='word_1_74' title='bbox 408 1264 462 1308; x_wconf 90' lang='lat' dir='ltr'><strong>et</strong></span> <span class='ocrx_word' id='word_1_75' title='bbox 483 1262 836 1323; x_wconf 87' lang='lat' dir='ltr'><strong>personarum</strong></span> <span class='ocrx_word' id='word_1_76' title='bbox 861 1244 1127 1300; x_wconf 86' lang='lat' dir='ltr'><strong>rationem</strong></span> <span class='ocrx_word' id='word_1_77' title='bbox 1151 1240 1352 1293; x_wconf 87' lang='lat' dir='ltr'><strong>habere</strong></span> <span class='ocrx_word' id='word_1_78' title='bbox 1375 1234 1648 1299; x_wconf 83' lang='lat' dir='ltr'><strong>convenit,</strong></span> <span class='ocrx_word' id='word_1_79' title='bbox 1679 1247 1741 1286; x_wconf 89' lang='lat' dir='ltr'><strong>ac</strong></span> <span class='ocrx_word' id='word_1_80' title='bbox 1765 1244 1977 1285; x_wconf 87' lang='lat' dir='ltr'><strong>sermo-</strong></span> 
     </span>
    </p>
   </div>
   <div class='ocr_carea' id='block_1_14' title="bbox 412 1323 1977 1412">
    <p class='ocr_par' dir='ltr' id='par_1_14' title="bbox 412 1323 1977 1412">
     <span class='ocr_line' id='line_1_14' title="bbox 412 1323 1977 1412; baseline -0.016 -14"><span class='ocrx_word' id='word_1_81' title='bbox 412 1360 510 1401; x_wconf 88' lang='lat' dir='ltr'><strong>nes</strong></span> <span class='ocrx_word' id='word_1_82' title='bbox 545 1344 611 1400; x_wconf 48' lang='lat' dir='ltr'><strong>in.</strong></span> <span class='ocrx_word' id='word_1_83' title='bbox 621 1339 829 1412; x_wconf 88' lang='lat' dir='ltr'><strong>judicio</strong></span> <span class='ocrx_word' id='word_1_84' title='bbox 859 1338 1148 1406; x_wconf 84' lang='lat' dir='ltr'><strong>disponere</strong></span> <span class='ocrx_word' id='word_1_85' title='bbox 1165 1331 1234 1394; x_wconf 69' lang='grc'><strong>⁸⁸,</strong></span> <span class='ocrx_word' id='word_1_86' title='bbox 1259 1344 1359 1383; x_wconf 86' lang='lat' dir='ltr'><strong>nec</strong></span> <span class='ocrx_word' id='word_1_87' title='bbox 1378 1335 1617 1396; x_wconf 89' lang='lat' dir='ltr'><strong>repente,</strong></span> <span class='ocrx_word' id='word_1_88' title='bbox 1649 1323 1743 1378; x_wconf 91' lang='lat' dir='ltr'><strong>sed</strong></span> <span class='ocrx_word' id='word_1_89' title='bbox 1775 1323 1977 1377; x_wconf 83' lang='lat' dir='ltr'><strong>sensim</strong></span> 
     </span>
    </p>
   </div>
   <div class='ocr_carea' id='block_1_15' title="bbox 409 1413 1980 1503">
    <p class='ocr_par' dir='ltr' id='par_1_15' title="bbox 409 1413 1980 1503">
     <span class='ocr_line' id='line_1_15' title="bbox 409 1413 1980 1503; baseline -0.013 -18"><span class='ocrx_word' id='word_1_90' title='bbox 409 1421 468 1488; x_wconf 76' lang='lat' dir='ltr'><strong>et</strong></span> <span class='ocrx_word' id='word_1_91' title='bbox 493 1431 820 1503; x_wconf 82' lang='lat' dir='ltr'><strong>pedetentim</strong></span> <span class='ocrx_word' id='word_1_92' title='bbox 850 1442 946 1482; x_wconf 92' lang='lat' dir='ltr'><strong>cos</strong></span> <span class='ocrx_word' id='word_1_93' title='bbox 979 1425 1046 1479; x_wconf 91' lang='lat' dir='ltr'><strong>ad</strong></span> <span class='ocrx_word' id='word_1_94' title='bbox 1091 1422 1410 1479; x_wconf 79' lang='lat' dir='ltr'><strong>sublimiora</strong></span> <span class='ocrx_word' id='word_1_95' title='bbox 1453 1417 1758 1488; x_wconf 83' lang='lat' dir='ltr'><strong>provehere</strong></span> <span class='ocrx_word' id='word_1_96' title='bbox 1804 1413 1980 1467; x_wconf 82' lang='lat' dir='ltr'><strong>mino-</strong></span> 
     </span>
    </p>
   </div>
   <div class='ocr_carea' id='block_1_16' title="bbox 413 1506 1982 1593">
    <p class='ocr_par' dir='ltr' id='par_1_16' title="bbox 413 1506 1982 1593">
     <span class='ocr_line' id='line_1_16' title="bbox 413 1506 1982 1593; baseline -0.011 -15"><span class='ocrx_word' id='word_1_97' title='bbox 413 1526 568 1593; x_wconf 86' lang='lat' dir='ltr'><strong>rique</strong></span> <span class='ocrx_word' id='word_1_98' title='bbox 597 1522 800 1576; x_wconf 84' lang='lat' dir='ltr'><strong>lumine</strong></span> <span class='ocrx_word' id='word_1_99' title='bbox 832 1517 1094 1588; x_wconf 86' lang='lat' dir='ltr'><strong>paulatim</strong></span> <span class='ocrx_word' id='word_1_100' title='bbox 1128 1511 1435 1577; x_wconf 91' lang='lat' dir='ltr'><strong>illustratis,</strong></span> <span class='ocrx_word' id='word_1_101' title='bbox 1468 1519 1634 1578; x_wconf 85' lang='lat' dir='ltr'><strong>atque</strong></span> <span class='ocrx_word' id='word_1_102' title='bbox 1660 1506 1982 1562; x_wconf 91' lang='lat' dir='ltr'><strong>obscuriore</strong></span> 
     </span>
    </p>
   </div>
   <div class='ocr_carea' id='block_1_17' title="bbox 412 1597 1983 1674">
    <p class='ocr_par' dir='ltr' id='par_1_17' title="bbox 412 1597 1983 1674">
     <span class='ocr_line' id='line_1_17' title="bbox 412 1597 1983 1674; baseline -0.014 -3"><span class='ocrx_word' id='word_1_103' title='bbox 412 1619 640 1671; x_wconf 88' lang='lat' dir='ltr'><strong>veritate</strong></span> <span class='ocrx_word' id='word_1_104' title='bbox 676 1609 961 1666; x_wconf 86' lang='lat' dir='ltr'><strong>instructis</strong></span> <span class='ocrx_word' id='word_1_105' title='bbox 993 1605 1170 1674; x_wconf 86' lang='lat' dir='ltr'><strong>majus</strong></span> <span class='ocrx_word' id='word_1_106' title='bbox 1213 1603 1432 1658; x_wconf 87' lang='lat' dir='ltr'><strong>tandem</strong></span> <span class='ocrx_word' id='word_1_107' title='bbox 1482 1600 1689 1665; x_wconf 87' lang='lat' dir='ltr'><strong>lumen,</strong></span> <span class='ocrx_word' id='word_1_108' title='bbox 1721 1597 1983 1652; x_wconf 91' lang='lat' dir='ltr'><strong>illustrio-</strong></span> 
     </span>
    </p>
   </div>
   <div class='ocr_carea' id='block_1_18' title="bbox 413 1687 1985 1776">
    <p class='ocr_par' dir='ltr' id='par_1_18' title="bbox 413 1687 1985 1776">
     <span class='ocr_line' id='line_1_18' title="bbox 413 1687 1985 1776; baseline -0.014 -14"><span class='ocrx_word' id='word_1_109' title='bbox 413 1720 638 1776; x_wconf 88' lang='lat' dir='ltr'><strong>remque</strong></span> <span class='ocrx_word' id='word_1_110' title='bbox 654 1703 936 1757; x_wconf 79' lang='lat' dir='ltr'><strong>veritatem</strong></span> <span class='ocrx_word' id='word_1_111' title='bbox 964 1695 1252 1766; x_wconf 86' lang='lat' dir='ltr'><strong>impertiri.</strong></span> <span class='ocrx_word' id='word_1_112' title='bbox 1273 1690 1720 1760; x_wconf 86' lang='lat' dir='ltr'><strong>Quandoquidem</strong></span> <span class='ocrx_word' id='word_1_113' title='bbox 1750 1698 1802 1743; x_wconf 90' lang='lat' dir='ltr'><strong>et</strong></span> <span class='ocrx_word' id='word_1_114' title='bbox 1827 1687 1985 1743; x_wconf 88' lang='lat' dir='ltr'><strong>Chri-</strong></span> 
     </span>
    </p>
   </div>
   <div class='ocr_carea' id='block_1_19' title="bbox 2073 491 3638 570">
    <p class='ocr_par' dir='ltr' id='par_1_19' title="bbox 2073 491 3638 570">
     <span class='ocr_line' id='line_1_19' title="bbox 2073 491 3638 570; baseline -0.007 -15"><span class='ocrx_word' id='word_1_115' title='bbox 2073 501 2253 557; x_wconf 88' lang='lat' dir='ltr'><strong>Dcus:</strong></span> <span class='ocrx_word' id='word_1_116' title='bbox 2291 515 2472 570; x_wconf 90' lang='lat' dir='ltr'><strong>neque</strong></span> <span class='ocrx_word' id='word_1_117' title='bbox 2510 498 2655 554; x_wconf 91' lang='lat' dir='ltr'><strong>enim</strong></span> <span class='ocrx_word' id='word_1_118' title='bbox 2681 497 2985 568; x_wconf 88' lang='lat' dir='ltr'><strong>quidquam</strong></span> <span class='ocrx_word' id='word_1_119' title='bbox 3021 491 3403 548; x_wconf 89' lang='lat' dir='ltr'><strong>intermedium</strong></span> <span class='ocrx_word' id='word_1_120' title='bbox 3448 502 3554 546; x_wconf 87' lang='lat' dir='ltr'><strong>est.</strong></span> <span class='ocrx_word' id='word_1_121' title='bbox 3586 492 3638 545; x_wconf 94' lang='lat' dir='ltr'><strong>Si</strong></span> 
     </span>
    </p>
   </div>
   <div class='ocr_carea' id='block_1_20' title="bbox 2074 581 3639 659">
    <p class='ocr_par' dir='ltr' id='par_1_20' title="bbox 2074 581 3639 659">
     <span class='ocr_line' id='line_1_20' title="bbox 2074 581 3639 659; baseline -0.008 -12"><span class='ocrx_word' id='word_1_122' title='bbox 2074 601 2348 656; x_wconf 88' lang='lat' dir='ltr'><strong>creatura,</strong></span> <span class='ocrx_word' id='word_1_123' title='bbox 2396 587 2674 659; x_wconf 91' lang='lat' dir='ltr'><strong>quomodo</strong></span> <span class='ocrx_word' id='word_1_124' title='bbox 2722 588 2776 640; x_wconf 92' lang='lat' dir='ltr'><strong>in</strong></span> <span class='ocrx_word' id='word_1_125' title='bbox 2827 600 2950 641; x_wconf 90' lang='lat' dir='ltr'><strong>eum</strong></span> <span class='ocrx_word' id='word_1_126' title='bbox 3007 581 3315 638; x_wconf 78' lang='lat' dir='ltr'><strong>credimus?</strong></span> <span class='ocrx_word' id='word_1_127' title='bbox 3353 581 3410 636; x_wconf 89' lang='lat' dir='ltr'><strong>Si</strong></span> <span class='ocrx_word' id='word_1_128' title='bbox 3463 581 3639 647; x_wconf 89' lang='lat' dir='ltr'><strong>Dens,</strong></span> 
     </span>
    </p>
   </div>
   <div class='ocr_carea' id='block_1_21' title="bbox 2078 671 3640 737">
    <p class='ocr_par' dir='ltr' id='par_1_21' title="bbox 2078 671 3640 737">
     <span class='ocr_line' id='line_1_21' title="bbox 2078 671 3640 737; baseline -0.008 -1"><span class='ocrx_word' id='word_1_129' title='bbox 2078 697 2177 737; x_wconf 91' lang='lat' dir='ltr'><strong>cur</strong></span> <span class='ocrx_word' id='word_1_130' title='bbox 2208 696 2316 736; x_wconf 93' lang='lat' dir='ltr'><strong>non</strong></span> <span class='ocrx_word' id='word_1_131' title='bbox 2357 680 2522 735; x_wconf 87' lang='lat' dir='ltr'><strong>simul</strong></span> <span class='ocrx_word' id='word_1_132' title='bbox 2554 694 2677 735; x_wconf 87' lang='lat' dir='ltr'><strong>cum</strong></span> <span class='ocrx_word' id='word_1_133' title='bbox 2706 677 2868 732; x_wconf 86' lang='lat' dir='ltr'><strong>Patre</strong></span> <span class='ocrx_word' id='word_1_134' title='bbox 2889 685 2946 731; x_wconf 83' lang='lat' dir='ltr'><strong>et</strong></span> <span class='ocrx_word' id='word_1_135' title='bbox 2968 675 3108 729; x_wconf 86' lang='lat' dir='ltr'><strong>Filio</strong></span> <span class='ocrx_word' id='word_1_136' title='bbox 3141 672 3497 728; x_wconf 84' lang='lat' dir='ltr'><strong>adorabitur‘l</strong></span> <span class='ocrx_word' id='word_1_137' title='bbox 3524 671 3640 725; x_wconf 63' lang='lat' dir='ltr'><strong>llaec</strong></span> 
     </span>
    </p>
   </div>
   <div class='ocr_carea' id='block_1_22' title="bbox 2077 765 3638 843">
    <p class='ocr_par' dir='ltr' id='par_1_22' title="bbox 2077 765 3638 843">
     <span class='ocr_line' id='line_1_22' title="bbox 2077 765 3638 843; baseline -0.009 -14"><span class='ocrx_word' id='word_1_138' title='bbox 2077 782 2209 830; x_wconf 93' lang='lat' dir='ltr'><strong>sunt</strong></span> <span class='ocrx_word' id='word_1_139' title='bbox 2234 772 2496 843; x_wconf 82' lang='lat' dir='ltr'><strong>Theologi</strong></span> <span class='ocrx_word' id='word_1_140' title='bbox 2528 772 2692 827; x_wconf 86' lang='lat' dir='ltr'><strong>verba</strong></span> <span class='ocrx_word' id='word_1_141' title='bbox 2725 770 2779 823; x_wconf 93' lang='lat' dir='ltr'><strong>in</strong></span> <span class='ocrx_word' id='word_1_142' title='bbox 2815 769 3062 823; x_wconf 81' lang='lat' dir='ltr'><strong>oratione</strong></span> <span class='ocrx_word' id='word_1_143' title='bbox 3083 767 3150 820; x_wconf 88' lang='lat' dir='ltr'><strong>de</strong></span> <span class='ocrx_word' id='word_1_144' title='bbox 3192 765 3398 834; x_wconf 89' lang='lat' dir='ltr'><strong>Spiritu</strong></span> <span class='ocrx_word' id='word_1_145' title='bbox 3437 773 3638 818; x_wconf 89' lang='lat' dir='ltr'><strong>sancto.</strong></span> 
     </span>
    </p>
   </div>
   <div class='ocr_carea' id='block_1_23' title="bbox 2077 853 3644 922">
    <p class='ocr_par' dir='ltr' id='par_1_23' title="bbox 2077 853 3644 922">
     <span class='ocr_line' id='line_1_23' title="bbox 2077 853 3644 922; baseline -0.009 -3"><span class='ocrx_word' id='word_1_146' title='bbox 2077 865 2192 922; x_wconf 84' lang='lat' dir='ltr'><strong>Hoc</strong></span> <span class='ocrx_word' id='word_1_147' title='bbox 2223 872 2406 919; x_wconf 91' lang='lat' dir='ltr'><strong>autem</strong></span> <span class='ocrx_word' id='word_1_148' title='bbox 2437 864 2560 918; x_wconf 84' lang='lat' dir='ltr'><strong>loco</strong></span> <span class='ocrx_word' id='word_1_149' title='bbox 2591 861 2658 916; x_wconf 89' lang='lat' dir='ltr'><strong>ad</strong></span> <span class='ocrx_word' id='word_1_150' title='bbox 2692 861 2840 914; x_wconf 91' lang='lat' dir='ltr'><strong>hunc</strong></span> <span class='ocrx_word' id='word_1_151' title='bbox 2895 873 3089 912; x_wconf 88' lang='lat' dir='ltr'><strong>rursus</strong></span> <span class='ocrx_word' id='word_1_152' title='bbox 3120 855 3341 910; x_wconf 88' lang='lat' dir='ltr'><strong>modum</strong></span> <span class='ocrx_word' id='word_1_153' title='bbox 3372 869 3495 908; x_wconf 89' lang='lat' dir='ltr'><strong>cum</strong></span> <span class='ocrx_word' id='word_1_154' title='bbox 3539 853 3644 906; x_wconf 66' lang='lat' dir='ltr'><strong>ha:-</strong></span> 
     </span>
    </p>
   </div>
   <div class='ocr_carea' id='block_1_24' title="bbox 2079 946 3646 1026">
    <p class='ocr_par' dir='ltr' id='par_1_24' title="bbox 2079 946 3646 1026">
     <span class='ocr_line' id='line_1_24' title="bbox 2079 946 3646 1026; baseline -0.01 -14"><span class='ocrx_word' id='word_1_155' title='bbox 2079 957 2269 1012; x_wconf 88' lang='lat' dir='ltr'><strong>reticis</strong></span> <span class='ocrx_word' id='word_1_156' title='bbox 2294 953 2650 1026; x_wconf 78' lang='lat' dir='ltr'><strong>congreditur</strong></span> <span class='ocrx_word' id='word_1_157' title='bbox 2684 969 2701 1007; x_wconf 86' lang='lat'><strong>:</strong></span> <span class='ocrx_word' id='word_1_158' title='bbox 2727 951 2770 1005; x_wconf 92' lang='lat'>0</span> <span class='ocrx_word' id='word_1_159' title='bbox 2794 949 2897 1004; x_wconf 91' lang='lat' dir='ltr'><strong>viri</strong></span> <span class='ocrx_word' id='word_1_160' title='bbox 2925 947 3139 1020; x_wconf 90' lang='lat' dir='ltr'><strong>optimi,</strong></span> <span class='ocrx_word' id='word_1_161' title='bbox 3169 947 3216 1003; x_wconf 89' lang='lat' dir='ltr'><strong>si</strong></span> <span class='ocrx_word' id='word_1_162' title='bbox 3241 946 3503 1017; x_wconf 88' lang='lat' dir='ltr'><strong>Spiritum</strong></span> <span class='ocrx_word' id='word_1_163' title='bbox 3526 961 3646 1000; x_wconf 85' lang='lat' dir='ltr'><strong>san-</strong></span> 
     </span>
    </p>
   </div>
   <div class='ocr_carea' id='block_1_25' title="bbox 2079 1041 3641 1111">
    <p class='ocr_par' dir='ltr' id='par_1_25' title="bbox 2079 1041 3641 1111">
     <span class='ocr_line' id='line_1_25' title="bbox 2079 1041 3641 1111; baseline -0.009 -7"><span class='ocrx_word' id='word_1_164' title='bbox 2079 1059 2231 1104; x_wconf 91' lang='lat' dir='ltr'><strong>ctum</strong></span> <span class='ocrx_word' id='word_1_165' title='bbox 2278 1049 2583 1103; x_wconf 87' lang='lat' dir='ltr'><strong>increatum</strong></span> <span class='ocrx_word' id='word_1_166' title='bbox 2612 1058 2767 1108; x_wconf 88' lang='lat' dir='ltr'><strong>esse,</strong></span> <span class='ocrx_word' id='word_1_167' title='bbox 2808 1057 2874 1097; x_wconf 91' lang='lat' dir='ltr'><strong>ac</strong></span> <span class='ocrx_word' id='word_1_168' title='bbox 2898 1041 3158 1111; x_wconf 88' lang='lat' dir='ltr'><strong>temporis</strong></span> <span class='ocrx_word' id='word_1_169' title='bbox 3211 1051 3488 1110; x_wconf 81' lang='lat' dir='ltr'><strong>expertem</strong></span> <span class='ocrx_word' id='word_1_170' title='bbox 3541 1052 3641 1092; x_wconf 89' lang='lat' dir='ltr'><strong>non</strong></span> 
     </span>
    </p>
   </div>
   <div class='ocr_carea' id='block_1_26' title="bbox 2081 1139 3644 1208">
    <p class='ocr_par' dir='ltr' id='par_1_26' title="bbox 2081 1139 3644 1208">
     <span class='ocr_line' id='line_1_26' title="bbox 2081 1139 3644 1208; baseline -0.01 -10"><span class='ocrx_word' id='word_1_171' title='bbox 2081 1143 2404 1208; x_wconf 88' lang='lat' dir='ltr'><strong>admittitis,</strong></span> <span class='ocrx_word' id='word_1_172' title='bbox 2440 1141 2535 1196; x_wconf 90' lang='lat' dir='ltr'><strong>sed</strong></span> <span class='ocrx_word' id='word_1_173' title='bbox 2566 1155 2692 1196; x_wconf 87' lang='lat' dir='ltr'><strong>eum</strong></span> <span class='ocrx_word' id='word_1_174' title='bbox 2721 1139 2777 1193; x_wconf 91' lang='lat' dir='ltr'><strong>in</strong></span> <span class='ocrx_word' id='word_1_175' title='bbox 2807 1152 2991 1193; x_wconf 90' lang='lat' dir='ltr'><strong>rerum</strong></span> <span class='ocrx_word' id='word_1_176' title='bbox 3009 1147 3320 1192; x_wconf 87' lang='lat' dir='ltr'><strong>creatarum</strong></span> <span class='ocrx_word' id='word_1_177' title='bbox 3363 1146 3644 1187; x_wconf 87' lang='lat' dir='ltr'><strong>numerum</strong></span> 
     </span>
    </p>
   </div>
   <div class='ocr_carea' id='block_1_27' title="bbox 2082 1221 3648 1301">
    <p class='ocr_par' dir='ltr' id='par_1_27' title="bbox 2082 1221 3648 1301">
     <span class='ocr_line' id='line_1_27' title="bbox 2082 1221 3648 1301; baseline -0.009 -13"><span class='ocrx_word' id='word_1_178' title='bbox 2082 1233 2383 1295; x_wconf 87' lang='lat' dir='ltr'><strong>ascribitis,</strong></span> <span class='ocrx_word' id='word_1_179' title='bbox 2407 1246 2471 1285; x_wconf 88' lang='lat' dir='ltr'><strong>ac</strong></span> <span class='ocrx_word' id='word_1_180' title='bbox 2496 1238 2786 1301; x_wconf 84' lang='lat' dir='ltr'><strong>prapterea</strong></span> <span class='ocrx_word' id='word_1_181' title='bbox 2807 1226 3040 1296; x_wconf 88' lang='lat' dir='ltr'><strong>tempori</strong></span> <span class='ocrx_word' id='word_1_182' title='bbox 3071 1225 3342 1294; x_wconf 86' lang='lat' dir='ltr'><strong>subjicitis</strong></span> <span class='ocrx_word' id='word_1_183' title='bbox 3369 1221 3648 1293; x_wconf 82' lang='lat' dir='ltr'><strong>(quidquid</strong></span> 
     </span>
    </p>
   </div>
   <div class='ocr_carea' id='block_1_28' title="bbox 2081 1315 3647 1388">
    <p class='ocr_par' dir='ltr' id='par_1_28' title="bbox 2081 1315 3647 1388">
     <span class='ocr_line' id='line_1_28' title="bbox 2081 1315 3647 1388; baseline -0.01 -9"><span class='ocrx_word' id='word_1_184' title='bbox 2081 1325 2228 1379; x_wconf 89' lang='lat' dir='ltr'><strong>enim</strong></span> <span class='ocrx_word' id='word_1_185' title='bbox 2279 1331 2526 1376; x_wconf 88' lang='lat' dir='ltr'><strong>creatutn</strong></span> <span class='ocrx_word' id='word_1_186' title='bbox 2573 1329 2686 1385; x_wconf 90' lang='lat' dir='ltr'><strong>est,</strong></span> <span class='ocrx_word' id='word_1_187' title='bbox 2746 1319 2981 1388; x_wconf 88' lang='lat' dir='ltr'><strong>tempori</strong></span> <span class='ocrx_word' id='word_1_188' title='bbox 3025 1317 3218 1372; x_wconf 85' lang='lat' dir='ltr'><strong>subest</strong></span> <span class='ocrx_word' id='word_1_189' title='bbox 3269 1315 3482 1368; x_wconf 81' lang='lat' dir='ltr'><strong>etiamsi</strong></span> <span class='ocrx_word' id='word_1_190' title='bbox 3543 1328 3647 1366; x_wconf 79' lang='lat' dir='ltr'><strong>non</strong></span> 
     </span>
    </p>
   </div>
   <div class='ocr_carea' id='block_1_29' title="bbox 2084 1406 3650 1482">
    <p class='ocr_par' dir='ltr' id='par_1_29' title="bbox 2084 1406 3650 1482">
     <span class='ocr_line' id='line_1_29' title="bbox 2084 1406 3650 1482; baseline -0.01 -11"><span class='ocrx_word' id='word_1_191' title='bbox 2084 1430 2248 1471; x_wconf 90' lang='lat' dir='ltr'><strong>omne</strong></span> <span class='ocrx_word' id='word_1_192' title='bbox 2275 1414 2421 1482; x_wconf 87' lang='lat' dir='ltr'><strong>quod</strong></span> <span class='ocrx_word' id='word_1_193' title='bbox 2468 1419 2651 1467; x_wconf 91' lang='lat' dir='ltr'><strong>motus</strong></span> <span class='ocrx_word' id='word_1_194' title='bbox 2683 1423 2940 1465; x_wconf 85' lang='lat' dir='ltr'><strong>mensura</strong></span> <span class='ocrx_word' id='word_1_195' title='bbox 2979 1406 3456 1464; x_wconf 86' lang='lat' dir='ltr'><strong>circumscribitur</strong></span> <span class='ocrx_word' id='word_1_196' title='bbox 3503 1420 3650 1458; x_wconf 84' lang='lat' dir='ltr'><strong>eam-</strong></span> 
     </span>
    </p>
   </div>
   <div class='ocr_carea' id='block_1_30' title="bbox 2086 1493 3650 1568">
    <p class='ocr_par' dir='ltr' id='par_1_30' title="bbox 2086 1493 3650 1568">
     <span class='ocr_line' id='line_1_30' title="bbox 2086 1493 3650 1568; baseline -0.008 -10"><span class='ocrx_word' id='word_1_197' title='bbox 2086 1505 2208 1558; x_wconf 90' lang='lat' dir='ltr'><strong>dem</strong></span> <span class='ocrx_word' id='word_1_198' title='bbox 2242 1505 2511 1556; x_wconf 90' lang='lat' dir='ltr'><strong>rationem</strong></span> <span class='ocrx_word' id='word_1_199' title='bbox 2567 1498 2788 1568; x_wconf 86' lang='lat' dir='ltr'><strong>habeat)</strong></span> <span class='ocrx_word' id='word_1_200' title='bbox 2828 1496 2875 1552; x_wconf 92' lang='lat' dir='ltr'><strong>si</strong></span> <span class='ocrx_word' id='word_1_201' title='bbox 2928 1496 3055 1562; x_wconf 91' lang='lat' dir='ltr'><strong>hoc,</strong></span> <span class='ocrx_word' id='word_1_202' title='bbox 3089 1496 3335 1564; x_wconf 85' lang='lat' dir='ltr'><strong>inquam,</strong></span> <span class='ocrx_word' id='word_1_203' title='bbox 3386 1493 3650 1557; x_wconf 79' lang='lat' dir='ltr'><strong>dixeritis,</strong></span> 
     </span>
    </p>
   </div>
   <div class='ocr_carea' id='block_1_31' title="bbox 2086 1583 3652 1664">
    <p class='ocr_par' dir='ltr' id='par_1_31' title="bbox 2086 1583 3652 1664">
     <span class='ocr_line' id='line_1_31' title="bbox 2086 1583 3652 1664; baseline -0.009 -16"><span class='ocrx_word' id='word_1_204' title='bbox 2086 1594 2506 1664; x_wconf 89' lang='lat' dir='ltr'><strong>haudquaquam</strong></span> <span class='ocrx_word' id='word_1_205' title='bbox 2535 1590 2667 1646; x_wconf 91' lang='lat' dir='ltr'><strong>boni</strong></span> <span class='ocrx_word' id='word_1_206' title='bbox 2698 1589 2937 1657; x_wconf 89' lang='lat' dir='ltr'><strong>Spiritus</strong></span> <span class='ocrx_word' id='word_1_207' title='bbox 2965 1597 3050 1642; x_wconf 90' lang='lat' dir='ltr'><strong>est</strong></span> <span class='ocrx_word' id='word_1_208' title='bbox 3094 1586 3181 1639; x_wconf 92' lang='lat' dir='ltr'><strong>hic</strong></span> <span class='ocrx_word' id='word_1_209' title='bbox 3209 1583 3442 1643; x_wconf 78' lang='lat' dir='ltr'><strong>afﬂatus.</strong></span> <span class='ocrx_word' id='word_1_210' title='bbox 3469 1597 3652 1636; x_wconf 89' lang='lat' dir='ltr'><strong>verum</strong></span> 
     </span>
    </p>
   </div>
   <div class='ocr_carea' id='block_1_32' title="bbox 2091 1674 3653 1756">
    <p class='ocr_par' dir='ltr' id='par_1_32' title="bbox 2091 1674 3653 1756">
     <span class='ocr_line' id='line_1_32' title="bbox 2091 1674 3653 1756; baseline -0.01 -16"><span class='ocrx_word' id='word_1_211' title='bbox 2091 1684 2339 1756; x_wconf 84' lang='lat' dir='ltr'><strong>perversi</strong></span> <span class='ocrx_word' id='word_1_212' title='bbox 2368 1683 2630 1737; x_wconf 75' lang='lat' dir='ltr'><strong>daemonis</strong></span> <span class='ocrx_word' id='word_1_213' title='bbox 2660 1689 2716 1735; x_wconf 89' lang='lat' dir='ltr'><strong>et</strong></span> <span class='ocrx_word' id='word_1_214' title='bbox 2757 1678 3000 1733; x_wconf 86' lang='lat' dir='ltr'><strong>veritatis</strong></span> <span class='ocrx_word' id='word_1_215' title='bbox 3044 1675 3379 1741; x_wconf 88' lang='lat' dir='ltr'><strong>adversarii,</strong></span> <span class='ocrx_word' id='word_1_216' title='bbox 3429 1674 3653 1743; x_wconf 88' lang='lat' dir='ltr'><strong>impuri,</strong></span> 
     </span>
    </p>
   </div>
   <div class='ocr_carea' id='block_1_33' title="bbox 413 1749 3657 1865">
    <p class='ocr_par' dir='ltr' id='par_1_33' title="bbox 413 1749 3657 1865">
     <span class='ocr_line' id='line_1_33' title="bbox 415 1749 2109 1776; baseline -0.002 -16"><span class='ocrx_word' id='word_1_217' title='bbox 415 1749 638 1776; x_wconf 63' lang='lat' dir='ltr'><strong>mm,&quot;</strong></span> <span class='ocrx_word' id='word_1_218' title='bbox 1087 1749 1099 1750; x_wconf 38' lang='grc' dir='ltr'><em>κ</em></span> <span class='ocrx_word' id='word_1_219' title='bbox 1283 1749 1318 1759; x_wconf 56' lang='grc' dir='ltr'><strong>τ</strong></span> <span class='ocrx_word' id='word_1_220' title='bbox 1520 1749 1535 1760; x_wconf 93' lang='grc'>.</span> <span class='ocrx_word' id='word_1_221' title='bbox 2096 1749 2109 1756; x_wconf 93' lang='grc'><strong>-</strong></span> 
     </span>
     <span class='ocr_line' id='line_1_34' title="bbox 413 1749 3657 1865; baseline -0.011 -13"><span class='ocrx_word' id='word_1_222' title='bbox 413 1811 533 1853; x_wconf 90' lang='lat' dir='ltr'><strong>stus</strong></span> <span class='ocrx_word' id='word_1_223' title='bbox 567 1795 832 1865; x_wconf 85' lang='lat' dir='ltr'><strong>Spiritum</strong></span> <span class='ocrx_word' id='word_1_224' title='bbox 874 1798 1127 1844; x_wconf 88' lang='lat' dir='ltr'><strong>sanctum</strong></span> <span class='ocrx_word' id='word_1_225' title='bbox 1149 1784 1410 1856; x_wconf 89' lang='lat' dir='ltr'><strong>paulatim</strong></span> <span class='ocrx_word' id='word_1_226' title='bbox 1438 1781 1708 1852; x_wconf 81' lang='lat' dir='ltr'><strong>patefecit.</strong></span> <span class='ocrx_word' id='word_1_227' title='bbox 1737 1779 1981 1834; x_wconf 86' lang='lat' dir='ltr'><strong>Primum</strong></span> <span class='ocrx_word' id='word_1_228' title='bbox 2014 1749 2066 1810; x_wconf 68' lang='grc' dir='ltr'><strong>Β</strong></span> <span class='ocrx_word' id='word_1_229' title='bbox 2095 1781 2346 1848; x_wconf 88' lang='lat' dir='ltr'><strong>inquam,</strong></span> <span class='ocrx_word' id='word_1_230' title='bbox 2380 1774 2527 1828; x_wconf 90' lang='lat' dir='ltr'><strong>illius</strong></span> <span class='ocrx_word' id='word_1_231' title='bbox 2557 1783 2610 1826; x_wconf 93' lang='lat' dir='ltr'><strong>et</strong></span> <span class='ocrx_word' id='word_1_232' title='bbox 2644 1771 2784 1827; x_wconf 90' lang='lat' dir='ltr'><strong>servi</strong></span> <span class='ocrx_word' id='word_1_233' title='bbox 2821 1786 2886 1824; x_wconf 89' lang='lat' dir='ltr'><strong>ac</strong></span> <span class='ocrx_word' id='word_1_234' title='bbox 2927 1769 3120 1834; x_wconf 88' lang='lat' dir='ltr'><strong>creati,</strong></span> <span class='ocrx_word' id='word_1_235' title='bbox 3175 1767 3242 1822; x_wconf 87' lang='lat' dir='ltr'><strong>ad</strong></span> <span class='ocrx_word' id='word_1_236' title='bbox 3296 1766 3543 1821; x_wconf 88' lang='lat' dir='ltr'><strong>eumdem</strong></span> <span class='ocrx_word' id='word_1_237' title='bbox 3577 1781 3657 1818; x_wconf 83' lang='lat' dir='ltr'><strong>se-</strong></span> 
     </span>
    </p>
   </div>
   <div class='ocr_carea' id='block_1_34' title="bbox 413 1869 1986 1950">
    <p class='ocr_par' dir='ltr' id='par_1_34' title="bbox 413 1869 1986 1950">
     <span class='ocr_line' id='line_1_35' title="bbox 413 1869 1986 1950; baseline -0.013 -10"><span class='ocrx_word' id='word_1_238' title='bbox 413 1887 562 1940; x_wconf 86' lang='lat' dir='ltr'><strong>cnim</strong></span> <span class='ocrx_word' id='word_1_239' title='bbox 598 1923 615 1950; x_wconf 94' lang='lat'><strong>,</strong></span> <span class='ocrx_word' id='word_1_240' title='bbox 643 1898 712 1936; x_wconf 89' lang='lat' dir='ltr'><strong>ne</strong></span> <span class='ocrx_word' id='word_1_241' title='bbox 746 1879 1096 1934; x_wconf 88' lang='lat' dir='ltr'><strong>adversarius</strong></span> <span class='ocrx_word' id='word_1_242' title='bbox 1119 1875 1396 1945; x_wconf 85' lang='lat' dir='ltr'><strong>quispiam</strong></span> <span class='ocrx_word' id='word_1_243' title='bbox 1424 1871 1520 1925; x_wconf 88' lang='lat' dir='ltr'><strong>Dei</strong></span> <span class='ocrx_word' id='word_1_244' title='bbox 1551 1885 1673 1925; x_wconf 86' lang='lat' dir='ltr'><strong>esse</strong></span> <span class='ocrx_word' id='word_1_245' title='bbox 1720 1869 1986 1933; x_wconf 85' lang='lat' dir='ltr'><strong>videatur,</strong></span> 
     </span>
    </p>
   </div>
   <div class='ocr_carea' id='block_1_35' title="bbox 413 1961 1986 2041">
    <p class='ocr_par' dir='ltr' id='par_1_35' title="bbox 413 1961 1986 2041">
     <span class='ocr_line' id='line_1_36' title="bbox 413 1961 1986 2041; baseline -0.011 -11"><span class='ocrx_word' id='word_1_246' title='bbox 413 1976 551 2030; x_wconf 82' lang='lat' dir='ltr'><strong>dixit</strong></span> <span class='ocrx_word' id='word_1_247' title='bbox 585 1989 599 2025; x_wconf 87' lang='lat'><strong>:</strong></span> <span class='ocrx_word' id='word_1_248' title='bbox 634 1970 848 2041; x_wconf 83' lang='lat' dir='ltr'><strong>Rogabo</strong></span> <span class='ocrx_word' id='word_1_249' title='bbox 903 1968 1145 2028; x_wconf 85' lang='lat' dir='ltr'><strong>Patrem,</strong></span> <span class='ocrx_word' id='word_1_250' title='bbox 1173 1975 1222 2019; x_wconf 87' lang='lat' dir='ltr'><strong>et</strong></span> <span class='ocrx_word' id='word_1_251' title='bbox 1259 1964 1425 2018; x_wconf 85' lang='lat' dir='ltr'><strong>alium</strong></span> <span class='ocrx_word' id='word_1_252' title='bbox 1447 1961 1790 2016; x_wconf 83' lang='lat' dir='ltr'><strong>Paracletum</strong></span> <span class='ocrx_word' id='word_1_253' title='bbox 1819 1961 1986 2013; x_wconf 82' lang='lat' dir='ltr'><strong>mittet</strong></span> 
     </span>
    </p>
   </div>
   <div class='ocr_carea' id='block_1_36' title="bbox 413 2052 1989 2126">
    <p class='ocr_par' dir='ltr' id='par_1_36' title="bbox 413 2052 1989 2126">
     <span class='ocr_line' id='line_1_37' title="bbox 413 2052 1989 2126; baseline -0.014 -3"><span class='ocrx_word' id='word_1_254' title='bbox 413 2065 634 2123; x_wconf 50' lang='lat' dir='ltr'><strong>rabie“.</strong></span> <span class='ocrx_word' id='word_1_255' title='bbox 672 2065 861 2118; x_wconf 83' lang='lat' dir='ltr'><strong>Postea</strong></span> <span class='ocrx_word' id='word_1_256' title='bbox 884 2069 1066 2115; x_wconf 89' lang='lat' dir='ltr'><strong>autem</strong></span> <span class='ocrx_word' id='word_1_257' title='bbox 1099 2056 1312 2126; x_wconf 86' lang='lat' dir='ltr'><strong>inquit:</strong></span> <span class='ocrx_word' id='word_1_258' title='bbox 1346 2054 1517 2108; x_wconf 83' lang='lat' dir='ltr'><strong>Mittet</strong></span> <span class='ocrx_word' id='word_1_259' title='bbox 1549 2055 1601 2106; x_wconf 86' lang='lat' dir='ltr'><strong>in</strong></span> <span class='ocrx_word' id='word_1_260' title='bbox 1621 2052 1824 2106; x_wconf 82' lang='lat' dir='ltr'><strong>nomine</strong></span> <span class='ocrx_word' id='word_1_261' title='bbox 1854 2066 1989 2113; x_wconf 85' lang='lat' dir='ltr'><strong>meo,</strong></span> 
     </span>
    </p>
   </div>
   <div class='ocr_carea' id='block_1_37' title="bbox 421 2145 1991 2229">
    <p class='ocr_par' dir='ltr' id='par_1_37' title="bbox 421 2145 1991 2229">
     <span class='ocr_line' id='line_1_38' title="bbox 421 2145 1991 2229; baseline -0.011 -17"><span class='ocrx_word' id='word_1_262' title='bbox 421 2161 549 2229; x_wconf 82' lang='lat' dir='ltr'><strong>(hoc</strong></span> <span class='ocrx_word' id='word_1_263' title='bbox 576 2167 680 2222; x_wconf 88' lang='lat' dir='ltr'><strong>est,</strong></span> <span class='ocrx_word' id='word_1_264' title='bbox 713 2170 822 2208; x_wconf 88' lang='lat' dir='ltr'><strong>non</strong></span> <span class='ocrx_word' id='word_1_265' title='bbox 855 2163 915 2206; x_wconf 92' lang='lat' dir='ltr'><strong>ut</strong></span> <span class='ocrx_word' id='word_1_266' title='bbox 948 2164 1166 2206; x_wconf 86' lang='lat' dir='ltr'><strong>servum</strong></span> <span class='ocrx_word' id='word_1_267' title='bbox 1195 2157 1289 2202; x_wconf 90' lang='lat' dir='ltr'><strong>aut</strong></span> <span class='ocrx_word' id='word_1_268' title='bbox 1329 2147 1630 2211; x_wconf 82' lang='lat' dir='ltr'><strong>subditum,</strong></span> <span class='ocrx_word' id='word_1_269' title='bbox 1675 2145 1769 2199; x_wconf 85' lang='lat' dir='ltr'><strong>sed</strong></span> <span class='ocrx_word' id='word_1_270' title='bbox 1802 2145 1854 2197; x_wconf 81' lang='lat' dir='ltr'><strong>in</strong></span> <span class='ocrx_word' id='word_1_271' title='bbox 1891 2160 1991 2196; x_wconf 73' lang='lat' dir='ltr'><strong>no-</strong></span> 
     </span>
    </p>
   </div>
   <div class='ocr_carea' id='block_1_38' title="bbox 417 2235 1990 2308">
    <p class='ocr_par' dir='ltr' id='par_1_38' title="bbox 417 2235 1990 2308">
     <span class='ocr_line' id='line_1_39' title="bbox 417 2235 1990 2308; baseline -0.011 -4"><span class='ocrx_word' id='word_1_272' title='bbox 417 2251 559 2304; x_wconf 85' lang='lat' dir='ltr'><strong>mine</strong></span> <span class='ocrx_word' id='word_1_273' title='bbox 623 2261 758 2308; x_wconf 87' lang='lat' dir='ltr'><strong>meo,</strong></span> <span class='ocrx_word' id='word_1_274' title='bbox 813 2244 866 2297; x_wconf 91' lang='lat' dir='ltr'><strong>id</strong></span> <span class='ocrx_word' id='word_1_275' title='bbox 918 2250 1036 2305; x_wconf 87' lang='lat' dir='ltr'><strong>est,</strong></span> <span class='ocrx_word' id='word_1_276' title='bbox 1115 2248 1175 2292; x_wconf 94' lang='lat' dir='ltr'><strong>ut</strong></span> <span class='ocrx_word' id='word_1_277' title='bbox 1223 2237 1392 2292; x_wconf 90' lang='lat' dir='ltr'><strong>Deum</strong></span> <span class='ocrx_word' id='word_1_278' title='bbox 1445 2235 1990 2298; x_wconf 86' lang='lat' dir='ltr'><strong>consubstantialem,</strong></span> 
     </span>
    </p>
   </div>
   <div class='ocr_carea' id='block_1_39' title="bbox 421 2323 1990 2411">
    <p class='ocr_par' dir='ltr' id='par_1_39' title="bbox 421 2323 1990 2411">
     <span class='ocr_line' id='line_1_40' title="bbox 421 2323 1990 2411; baseline -0.013 -16"><span class='ocrx_word' id='word_1_279' title='bbox 421 2333 888 2411; x_wconf 86' lang='lat' dir='ltr'><strong>quemadmodum</strong></span> <span class='ocrx_word' id='word_1_280' title='bbox 921 2341 974 2386; x_wconf 93' lang='lat' dir='ltr'><strong>et</strong></span> <span class='ocrx_word' id='word_1_281' title='bbox 1025 2331 1140 2400; x_wconf 89' lang='lat' dir='ltr'><strong>ipse</strong></span> <span class='ocrx_word' id='word_1_282' title='bbox 1182 2329 1427 2399; x_wconf 82' lang='lat' dir='ltr'><strong>ejusdem</strong></span> <span class='ocrx_word' id='word_1_283' title='bbox 1473 2341 1600 2380; x_wconf 91' lang='lat' dir='ltr'><strong>cum</strong></span> <span class='ocrx_word' id='word_1_284' title='bbox 1651 2323 1812 2378; x_wconf 86' lang='lat' dir='ltr'><strong>Patre</strong></span> <span class='ocrx_word' id='word_1_285' title='bbox 1866 2337 1990 2377; x_wconf 91' lang='lat' dir='ltr'><strong>sum</strong></span> 
     </span>
    </p>
   </div>
   <div class='ocr_carea' id='block_1_40' title="bbox 421 2411 1994 2486">
    <p class='ocr_par' dir='ltr' id='par_1_40' title="bbox 421 2411 1994 2486">
     <span class='ocr_line' id='line_1_41' title="bbox 421 2411 1994 2486; baseline -0.015 0"><span class='ocrx_word' id='word_1_286' title='bbox 421 2427 767 2486; x_wconf 65' lang='lat' dir='ltr'><strong>substantiae.</strong></span> <span class='ocrx_word' id='word_1_287' title='bbox 807 2423 922 2478; x_wconf 84' lang='lat' dir='ltr'><strong>[loc</strong></span> <span class='ocrx_word' id='word_1_288' title='bbox 967 2422 1111 2477; x_wconf 91' lang='lat' dir='ltr'><strong>enim</strong></span> <span class='ocrx_word' id='word_1_289' title='bbox 1164 2416 1476 2486; x_wconf 84' lang='lat' dir='ltr'><strong>signiﬁcant</strong></span> <span class='ocrx_word' id='word_1_290' title='bbox 1524 2416 1637 2469; x_wconf 84' lang='lat' dir='ltr'><strong>haec</strong></span> <span class='ocrx_word' id='word_1_291' title='bbox 1671 2414 1834 2468; x_wconf 87' lang='lat' dir='ltr'><strong>verba</strong></span> <span class='ocrx_word' id='word_1_292' title='bbox 1871 2433 1880 2464; x_wconf 92' lang='lat'>:</span> <span class='ocrx_word' id='word_1_293' title='bbox 1923 2411 1994 2464; x_wconf 84' lang='lat' dir='ltr'><strong>In</strong></span> 
     </span>
    </p>
   </div>
   <div class='ocr_carea' id='block_1_41' title="bbox 421 2500 1991 2584">
    <p class='ocr_par' dir='ltr' id='par_1_41' title="bbox 421 2500 1991 2584">
     <span class='ocr_line' id='line_1_42' title="bbox 421 2500 1991 2584; baseline -0.014 -8"><span class='ocrx_word' id='word_1_294' title='bbox 421 2520 631 2576; x_wconf 85' lang='lat' dir='ltr'><strong>nomine</strong></span> <span class='ocrx_word' id='word_1_295' title='bbox 665 2515 798 2584; x_wconf 86' lang='lat' dir='ltr'><strong>meo)</strong></span> <span class='ocrx_word' id='word_1_296' title='bbox 823 2529 837 2579; x_wconf 92' lang='lat'><strong>;</strong></span> <span class='ocrx_word' id='word_1_297' title='bbox 863 2515 964 2567; x_wconf 91' lang='lat' dir='ltr'><strong>hoc</strong></span> <span class='ocrx_word' id='word_1_298' title='bbox 990 2520 1174 2565; x_wconf 89' lang='lat' dir='ltr'><strong>autem</strong></span> <span class='ocrx_word' id='word_1_299' title='bbox 1208 2508 1455 2570; x_wconf 88' lang='lat' dir='ltr'><strong>verbum,</strong></span> <span class='ocrx_word' id='word_1_300' title='bbox 1479 2503 1718 2575; x_wconf 86' lang='lat' dir='ltr'><strong>Rogabo,</strong></span> <span class='ocrx_word' id='word_1_301' title='bbox 1753 2500 1991 2571; x_wconf 85' lang='lat' dir='ltr'><strong>nonjam</strong></span> 
     </span>
    </p>
   </div>
   <div class='ocr_carea' id='block_1_42' title="bbox 423 2595 1996 2683">
    <p class='ocr_par' dir='ltr' id='par_1_42' title="bbox 423 2595 1996 2683">
     <span class='ocr_line' id='line_1_43' title="bbox 423 2595 1996 2683; baseline -0.009 -21"><span class='ocrx_word' id='word_1_302' title='bbox 423 2613 644 2683; x_wconf 76' lang='lat' dir='ltr'><strong>adjecit.</strong></span> <span class='ocrx_word' id='word_1_303' title='bbox 677 2608 882 2662; x_wconf 81' lang='lat' dir='ltr'><strong>Deinde</strong></span> <span class='ocrx_word' id='word_1_304' title='bbox 912 2605 1051 2675; x_wconf 75' lang='lat' dir='ltr'><strong>dixit</strong></span> <span class='ocrx_word' id='word_1_305' title='bbox 1086 2621 1098 2656; x_wconf 93' lang='lat'><strong>:</strong></span> <span class='ocrx_word' id='word_1_306' title='bbox 1134 2599 1246 2670; x_wconf 84' lang='lat' dir='ltr'><strong>Ego</strong></span> <span class='ocrx_word' id='word_1_307' title='bbox 1291 2600 1521 2664; x_wconf 87' lang='lat' dir='ltr'><strong>mittam,</strong></span> <span class='ocrx_word' id='word_1_308' title='bbox 1556 2612 1707 2651; x_wconf 88' lang='lat' dir='ltr'><strong>suam</strong></span> <span class='ocrx_word' id='word_1_309' title='bbox 1746 2595 1996 2649; x_wconf 86' lang='lat' dir='ltr'><strong>videlicet</strong></span> 
     </span>
    </p>
   </div>
   <div class='ocr_carea' id='block_1_43' title="bbox 423 2685 1994 2774">
    <p class='ocr_par' dir='ltr' id='par_1_43' title="bbox 423 2685 1994 2774">
     <span class='ocr_line' id='line_1_44' title="bbox 423 2685 1994 2774; baseline -0.011 -17"><span class='ocrx_word' id='word_1_310' title='bbox 423 2703 738 2774; x_wconf 83' lang='lat' dir='ltr'><strong>dignitatem</strong></span> <span class='ocrx_word' id='word_1_311' title='bbox 771 2706 826 2752; x_wconf 87' lang='lat' dir='ltr'><strong>et</strong></span> <span class='ocrx_word' id='word_1_312' title='bbox 871 2693 1251 2750; x_wconf 86' lang='lat' dir='ltr'><strong>auctoritatem</strong></span> <span class='ocrx_word' id='word_1_313' title='bbox 1289 2691 1629 2760; x_wconf 83' lang='lat' dir='ltr'><strong>perspicuam</strong></span> <span class='ocrx_word' id='word_1_314' title='bbox 1657 2687 1886 2742; x_wconf 86' lang='lat' dir='ltr'><strong>faciens.</strong></span> <span class='ocrx_word' id='word_1_315' title='bbox 1916 2685 1994 2740; x_wconf 82' lang='lat' dir='ltr'><strong>Ac</strong></span> 
     </span>
    </p>
   </div>
   <div class='ocr_carea' id='block_1_44' title="bbox 425 2780 1992 2862">
    <p class='ocr_par' dir='ltr' id='par_1_44' title="bbox 425 2780 1992 2862">
     <span class='ocr_line' id='line_1_45' title="bbox 425 2780 1992 2862; baseline -0.008 -16"><span class='ocrx_word' id='word_1_316' title='bbox 425 2803 705 2862; x_wconf 84' lang='lat' dir='ltr'><strong>p0st-rcmo</strong></span> <span class='ocrx_word' id='word_1_317' title='bbox 726 2791 799 2842; x_wconf 85' lang='lat' dir='ltr'><strong>ita</strong></span> <span class='ocrx_word' id='word_1_318' title='bbox 827 2788 1036 2841; x_wconf 88' lang='lat' dir='ltr'><strong>locutus</strong></span> <span class='ocrx_word' id='word_1_319' title='bbox 1057 2793 1140 2840; x_wconf 90' lang='lat' dir='ltr'><strong>est</strong></span> <span class='ocrx_word' id='word_1_320' title='bbox 1163 2802 1178 2839; x_wconf 84' lang='lat'><strong>:</strong></span> <span class='ocrx_word' id='word_1_321' title='bbox 1205 2783 1376 2838; x_wconf 82' lang='lat' dir='ltr'><strong>Veniet</strong></span> <span class='ocrx_word' id='word_1_322' title='bbox 1403 2782 1656 2852; x_wconf 80' lang='lat' dir='ltr'><strong>Spiritus,</strong></span> <span class='ocrx_word' id='word_1_323' title='bbox 1687 2791 1745 2836; x_wconf 91' lang='lat' dir='ltr'><strong>ut</strong></span> <span class='ocrx_word' id='word_1_324' title='bbox 1766 2780 1992 2836; x_wconf 84' lang='lat' dir='ltr'><strong>liberam</strong></span> 
     </span>
    </p>
   </div>
   <div class='ocr_carea' id='block_1_45' title="bbox 425 2873 1994 2952">
    <p class='ocr_par' dir='ltr' id='par_1_45' title="bbox 425 2873 1994 2952">
     <span class='ocr_line' id='line_1_46' title="bbox 425 2873 1994 2952; baseline -0.006 -16"><span class='ocrx_word' id='word_1_325' title='bbox 425 2882 666 2952; x_wconf 82' lang='lat' dir='ltr'><strong>Spiritus</strong></span> <span class='ocrx_word' id='word_1_326' title='bbox 723 2879 1018 2947; x_wconf 89' lang='lat' dir='ltr'><strong>potentiam</strong></span> <span class='ocrx_word' id='word_1_327' title='bbox 1071 2877 1401 2930; x_wconf 87' lang='lat' dir='ltr'><strong>ostenderet.</strong></span> <span class='ocrx_word' id='word_1_328' title='bbox 1457 2873 1616 2930; x_wconf 84' lang='lat' dir='ltr'><strong>Vides</strong></span> <span class='ocrx_word' id='word_1_329' title='bbox 1673 2887 1782 2941; x_wconf 94' lang='lat' dir='ltr'><strong>quo</strong></span> <span class='ocrx_word' id='word_1_330' title='bbox 1837 2881 1994 2942; x_wconf 84' lang='lat' dir='ltr'><strong>pacto</strong></span> 
     </span>
    </p>
   </div>
   <div class='ocr_carea' id='block_1_46' title="bbox 425 2962 1993 3042">
    <p class='ocr_par' dir='ltr' id='par_1_46' title="bbox 425 2962 1993 3042">
     <span class='ocr_line' id='line_1_47' title="bbox 425 2962 1993 3042; baseline -0.007 -15"><span class='ocrx_word' id='word_1_331' title='bbox 425 2971 746 3042; x_wconf 85' lang='lat' dir='ltr'><strong>splendores</strong></span> <span class='ocrx_word' id='word_1_332' title='bbox 769 2968 926 3021; x_wconf 88' lang='lat' dir='ltr'><strong>nobis</strong></span> <span class='ocrx_word' id='word_1_333' title='bbox 960 2976 1109 3020; x_wconf 92' lang='lat' dir='ltr'><strong>certo</strong></span> <span class='ocrx_word' id='word_1_334' title='bbox 1135 2966 1327 3019; x_wconf 90' lang='lat' dir='ltr'><strong>ordine</strong></span> <span class='ocrx_word' id='word_1_335' title='bbox 1357 2963 1671 3034; x_wconf 81' lang='lat' dir='ltr'><strong>alIulgeant.</strong></span> <span class='ocrx_word' id='word_1_336' title='bbox 1708 2962 1799 3016; x_wconf 94' lang='lat' dir='ltr'><strong>Sic</strong></span> <span class='ocrx_word' id='word_1_337' title='bbox 1830 2963 1882 3016; x_wconf 92' lang='lat' dir='ltr'><strong>iu</strong></span> <span class='ocrx_word' id='word_1_338' title='bbox 1912 2964 1993 3017; x_wconf 92' lang='lat' dir='ltr'><strong>lu-</strong></span> 
     </span>
    </p>
   </div>
   <div class='ocr_carea' id='block_1_47' title="bbox 427 3051 1992 3120">
    <p class='ocr_par' dir='ltr' id='par_1_47' title="bbox 427 3051 1992 3120">
     <span class='ocr_line' id='line_1_48' title="bbox 427 3051 1992 3120; baseline -0.006 -6"><span class='ocrx_word' id='word_1_339' title='bbox 427 3061 573 3115; x_wconf 91' lang='lat' dir='ltr'><strong>mine</strong></span> <span class='ocrx_word' id='word_1_340' title='bbox 604 3058 787 3110; x_wconf 90' lang='lat' dir='ltr'><strong>lumen</strong></span> <span class='ocrx_word' id='word_1_341' title='bbox 823 3054 1118 3107; x_wconf 88' lang='lat' dir='ltr'><strong>invenitur.</strong></span> <span class='ocrx_word' id='word_1_342' title='bbox 1154 3051 1311 3106; x_wconf 82' lang='lat' dir='ltr'><strong>Hunc</strong></span> <span class='ocrx_word' id='word_1_343' title='bbox 1354 3051 1619 3120; x_wconf 84' lang='lat' dir='ltr'><strong>Theologi</strong></span> <span class='ocrx_word' id='word_1_344' title='bbox 1662 3052 1912 3106; x_wconf 86' lang='lat' dir='ltr'><strong>ordinem</strong></span> <span class='ocrx_word' id='word_1_345' title='bbox 1947 3051 1992 3106; x_wconf 89' lang='lat' dir='ltr'><strong>si</strong></span> 
     </span>
    </p>
   </div>
   <div class='ocr_carea' id='block_1_48' title="bbox 428 3143 2000 3220">
    <p class='ocr_par' dir='ltr' id='par_1_48' title="bbox 428 3143 2000 3220">
     <span class='ocr_line' id='line_1_49' title="bbox 428 3143 2000 3220; baseline -0.004 -15"><span class='ocrx_word' id='word_1_346' title='bbox 428 3167 528 3205; x_wconf 88' lang='lat' dir='ltr'><strong>nos</strong></span> <span class='ocrx_word' id='word_1_347' title='bbox 547 3163 766 3220; x_wconf 86' lang='lat' dir='ltr'><strong>quoque</strong></span> <span class='ocrx_word' id='word_1_348' title='bbox 787 3146 1146 3210; x_wconf 83' lang='lat' dir='ltr'><strong>tenuerimus,</strong></span> <span class='ocrx_word' id='word_1_349' title='bbox 1169 3153 1310 3198; x_wconf 87' lang='lat' dir='ltr'><strong>recte</strong></span> <span class='ocrx_word' id='word_1_350' title='bbox 1330 3143 1643 3208; x_wconf 78' lang='lat' dir='ltr'><strong>fecerimus,</strong></span> <span class='ocrx_word' id='word_1_351' title='bbox 1666 3143 1924 3196; x_wconf 88' lang='lat' dir='ltr'><strong>nimirum</strong></span> <span class='ocrx_word' id='word_1_352' title='bbox 1943 3155 2000 3198; x_wconf 92' lang='lat' dir='ltr'><strong>ut</strong></span> 
     </span>
    </p>
   </div>
   <div class='ocr_carea' id='block_1_49' title="bbox 431 3236 2002 3308">
    <p class='ocr_par' dir='ltr' id='par_1_49' title="bbox 431 3236 2002 3308">
     <span class='ocr_line' id='line_1_50' title="bbox 431 3236 2002 3308; baseline -0.003 -13"><span class='ocrx_word' id='word_1_353' title='bbox 431 3257 528 3296; x_wconf 88' lang='lat' dir='ltr'><strong>nec</strong></span> <span class='ocrx_word' id='word_1_354' title='bbox 556 3240 842 3295; x_wconf 88' lang='lat' dir='ltr'><strong>confertim</strong></span> <span class='ocrx_word' id='word_1_355' title='bbox 871 3253 934 3291; x_wconf 88' lang='lat' dir='ltr'><strong>ac</strong></span> <span class='ocrx_word' id='word_1_356' title='bbox 956 3245 1177 3308; x_wconf 87' lang='lat' dir='ltr'><strong>repente</strong></span> <span class='ocrx_word' id='word_1_357' title='bbox 1200 3238 1479 3291; x_wconf 73' lang='lat' dir='ltr'><strong>cmlestem</strong></span> <span class='ocrx_word' id='word_1_358' title='bbox 1517 3236 1823 3292; x_wconf 88' lang='lat' dir='ltr'><strong>doctrinam</strong></span> <span class='ocrx_word' id='word_1_359' title='bbox 1855 3248 2002 3306; x_wconf 86' lang='lat' dir='ltr'><strong>pate-</strong></span> 
     </span>
    </p>
   </div>
   <div class='ocr_carea' id='block_1_50' title="bbox 434 3324 2002 3393">
    <p class='ocr_par' dir='ltr' id='par_1_50' title="bbox 434 3324 2002 3393">
     <span class='ocr_line' id='line_1_51' title="bbox 434 3324 2002 3393; baseline -0.006 -8"><span class='ocrx_word' id='word_1_360' title='bbox 434 3331 728 3392; x_wconf 87' lang='lat' dir='ltr'><strong>faciamus,</strong></span> <span class='ocrx_word' id='word_1_361' title='bbox 749 3342 815 3379; x_wconf 79' lang='lat' dir='ltr'><strong>ue</strong></span> <span class='ocrx_word' id='word_1_362' title='bbox 846 3327 1056 3380; x_wconf 89' lang='lat' dir='ltr'><strong>alienos</strong></span> <span class='ocrx_word' id='word_1_363' title='bbox 1084 3339 1111 3376; x_wconf 87' lang='lat' dir='ltr'><strong>a</strong></span> <span class='ocrx_word' id='word_1_364' title='bbox 1137 3325 1239 3378; x_wconf 90' lang='lat' dir='ltr'><strong>lide</strong></span> <span class='ocrx_word' id='word_1_365' title='bbox 1265 3324 2002 3393; x_wconf 75' lang='lat' dir='ltr'><strong>vuiuerctnus,graviterque</strong></span> 
     </span>
    </p>
   </div>
   <div class='ocr_carea' id='block_1_51' title="bbox 431 3414 2000 3489">
    <p class='ocr_par' dir='ltr' id='par_1_51' title="bbox 431 3414 2000 3489">
     <span class='ocr_line' id='line_1_52' title="bbox 431 3414 2000 3489; baseline -0.005 -13"><span class='ocrx_word' id='word_1_366' title='bbox 431 3423 712 3486; x_wconf 70' lang='lat' dir='ltr'><strong>lmdamus,</strong></span> <span class='ocrx_word' id='word_1_367' title='bbox 735 3417 1196 3489; x_wconf 86' lang='lat' dir='ltr'><strong>quemadmodum</strong></span> <span class='ocrx_word' id='word_1_368' title='bbox 1236 3419 1326 3483; x_wconf 89' lang='lat' dir='ltr'><strong>qui</strong></span> <span class='ocrx_word' id='word_1_369' title='bbox 1364 3416 1628 3469; x_wconf 89' lang='lat' dir='ltr'><strong>obscuros</strong></span> <span class='ocrx_word' id='word_1_370' title='bbox 1666 3425 1719 3469; x_wconf 90' lang='lat' dir='ltr'><strong>et</strong></span> <span class='ocrx_word' id='word_1_371' title='bbox 1755 3414 2000 3468; x_wconf 90' lang='lat' dir='ltr'><strong>inlirmos</strong></span> 
     </span>
    </p>
   </div>
   <div class='ocr_carea' id='block_1_52' title="bbox 433 3507 1998 3577">
    <p class='ocr_par' dir='ltr' id='par_1_52' title="bbox 433 3507 1998 3577">
     <span class='ocr_line' id='line_1_53' title="bbox 433 3507 1998 3577; baseline -0.006 -10"><span class='ocrx_word' id='word_1_372' title='bbox 433 3513 620 3568; x_wconf 87' lang='lat' dir='ltr'><strong>oculos</strong></span> <span class='ocrx_word' id='word_1_373' title='bbox 639 3512 927 3565; x_wconf 86' lang='lat' dir='ltr'><strong>immodica</strong></span> <span class='ocrx_word' id='word_1_374' title='bbox 943 3510 1063 3564; x_wconf 91' lang='lat' dir='ltr'><strong>luce</strong></span> <span class='ocrx_word' id='word_1_375' title='bbox 1076 3509 1258 3564; x_wconf 86' lang='lat' dir='ltr'><strong>subito</strong></span> <span class='ocrx_word' id='word_1_376' title='bbox 1273 3507 1487 3577; x_wconf 87' lang='lat' dir='ltr'><strong>explere</strong></span> <span class='ocrx_word' id='word_1_377' title='bbox 1500 3507 1998 3572; x_wconf 74' lang='lat' dir='ltr'><strong>conantur,l‘outem</strong></span> 
     </span>
    </p>
   </div>
   <div class='ocr_carea' id='block_1_53' title="bbox 433 3598 2002 3668">
    <p class='ocr_par' dir='ltr' id='par_1_53' title="bbox 433 3598 2002 3668">
     <span class='ocr_line' id='line_1_54' title="bbox 433 3598 2002 3668; baseline -0.005 -12"><span class='ocrx_word' id='word_1_378' title='bbox 433 3602 570 3656; x_wconf 89' lang='lat' dir='ltr'><strong>lucis</strong></span> <span class='ocrx_word' id='word_1_379' title='bbox 641 3602 959 3664; x_wconf 81' lang='lat' dir='ltr'><strong>debilitant;</strong></span> <span class='ocrx_word' id='word_1_380' title='bbox 1022 3615 1120 3654; x_wconf 91' lang='lat' dir='ltr'><strong>nec</strong></span> <span class='ocrx_word' id='word_1_381' title='bbox 1172 3613 1366 3653; x_wconf 90' lang='lat' dir='ltr'><strong>rursus</strong></span> <span class='ocrx_word' id='word_1_382' title='bbox 1423 3610 1687 3668; x_wconf 88' lang='lat' dir='ltr'><strong>perpetuo</strong></span> <span class='ocrx_word' id='word_1_383' title='bbox 1762 3598 2002 3652; x_wconf 81' lang='lat' dir='ltr'><strong>abditam</strong></span> 
     </span>
    </p>
   </div>
   <div class='ocr_carea' id='block_1_54' title="bbox 436 3685 2003 3758">
    <p class='ocr_par' dir='ltr' id='par_1_54' title="bbox 436 3685 2003 3758">
     <span class='ocr_line' id='line_1_55' title="bbox 436 3685 2003 3758; baseline -0.006 -11"><span class='ocrx_word' id='word_1_384' title='bbox 436 3695 862 3758; x_wconf 83' lang='lat' dir='ltr'><strong>abstrusamquc</strong></span> <span class='ocrx_word' id='word_1_385' title='bbox 887 3697 1189 3749; x_wconf 90' lang='lat' dir='ltr'><strong>teneamus,</strong></span> <span class='ocrx_word' id='word_1_386' title='bbox 1221 3700 1321 3740; x_wconf 89' lang='lat' dir='ltr'><strong>nec</strong></span> <span class='ocrx_word' id='word_1_387' title='bbox 1355 3695 1571 3740; x_wconf 91' lang='lat' dir='ltr'><strong>nostros</strong></span> <span class='ocrx_word' id='word_1_388' title='bbox 1598 3687 1665 3740; x_wconf 87' lang='lat' dir='ltr'><strong>ab</strong></span> <span class='ocrx_word' id='word_1_389' title='bbox 1696 3685 2003 3738; x_wconf 85' lang='lat' dir='ltr'><strong>orthodoxa</strong></span> 
     </span>
    </p>
   </div>
   <div class='ocr_carea' id='block_1_55' title="bbox 436 3777 2004 3846">
    <p class='ocr_par' dir='ltr' id='par_1_55' title="bbox 436 3777 2004 3846">
     <span class='ocr_line' id='line_1_56' title="bbox 436 3777 2004 3846; baseline -0.006 -6"><span class='ocrx_word' id='word_1_390' title='bbox 436 3785 542 3840; x_wconf 82' lang='lat' dir='ltr'><strong>ﬁde</strong></span> <span class='ocrx_word' id='word_1_391' title='bbox 567 3791 877 3836; x_wconf 84' lang='lat' dir='ltr'><strong>avertamus</strong></span> <span class='ocrx_word' id='word_1_392' title='bbox 903 3789 1067 3846; x_wconf 82' lang='lat' dir='ltr'><strong>atque</strong></span> <span class='ocrx_word' id='word_1_393' title='bbox 1106 3777 1402 3846; x_wconf 86' lang='lat' dir='ltr'><strong>perdamus</strong></span> <span class='ocrx_word' id='word_1_394' title='bbox 1432 3792 1447 3830; x_wconf 85' lang='lat'><strong>:</strong></span> <span class='ocrx_word' id='word_1_395' title='bbox 1481 3793 1667 3830; x_wconf 88' lang='lat' dir='ltr'><strong>verum</strong></span> <span class='ocrx_word' id='word_1_396' title='bbox 1708 3778 2004 3846; x_wconf 86' lang='lat' dir='ltr'><strong>prudenter</strong></span> 
     </span>
    </p>
   </div>
   <div class='ocr_carea' id='block_1_56' title="bbox 435 3867 2004 3930">
    <p class='ocr_par' dir='ltr' id='par_1_56' title="bbox 435 3867 2004 3930">
     <span class='ocr_line' id='line_1_57' title="bbox 435 3867 2004 3930; baseline -0.006 0"><span class='ocrx_word' id='word_1_397' title='bbox 435 3885 488 3930; x_wconf 92' lang='lat' dir='ltr'><strong>et</strong></span> <span class='ocrx_word' id='word_1_398' title='bbox 523 3873 724 3928; x_wconf 85' lang='lat' dir='ltr'><strong>sensim</strong></span> <span class='ocrx_word' id='word_1_399' title='bbox 756 3885 820 3924; x_wconf 89' lang='lat' dir='ltr'><strong>ac</strong></span> <span class='ocrx_word' id='word_1_400' title='bbox 879 3870 1073 3923; x_wconf 90' lang='lat' dir='ltr'><strong>leniter</strong></span> <span class='ocrx_word' id='word_1_401' title='bbox 1134 3867 1341 3921; x_wconf 87' lang='lat' dir='ltr'><strong>alienos</strong></span> <span class='ocrx_word' id='word_1_402' title='bbox 1380 3869 1446 3922; x_wconf 82' lang='lat' dir='ltr'><strong>ad</strong></span> <span class='ocrx_word' id='word_1_403' title='bbox 1501 3871 1781 3925; x_wconf 82' lang='lat' dir='ltr'><strong>veritatem</strong></span> <span class='ocrx_word' id='word_1_404' title='bbox 1828 3868 2004 3921; x_wconf 84' lang='lat' dir='ltr'><strong>addu-</strong></span> 
     </span>
    </p>
   </div>
   <div class='ocr_carea' id='block_1_57' title="bbox 434 3959 2006 4034">
    <p class='ocr_par' dir='ltr' id='par_1_57' title="bbox 434 3959 2006 4034">
     <span class='ocr_line' id='line_1_58' title="bbox 434 3959 2006 4034; baseline -0.003 -15"><span class='ocrx_word' id='word_1_405' title='bbox 434 3980 664 4020; x_wconf 84' lang='lat' dir='ltr'><strong>camus:</strong></span> <span class='ocrx_word' id='word_1_406' title='bbox 694 3963 838 4034; x_wconf 88' lang='lat' dir='ltr'><strong>quod</strong></span> <span class='ocrx_word' id='word_1_407' title='bbox 876 3962 1117 4015; x_wconf 91' lang='lat' dir='ltr'><strong>nondum</strong></span> <span class='ocrx_word' id='word_1_408' title='bbox 1147 3970 1364 4029; x_wconf 83' lang='lat' dir='ltr'><strong>tempus</strong></span> <span class='ocrx_word' id='word_1_409' title='bbox 1403 3960 1472 4014; x_wconf 88' lang='lat' dir='ltr'><strong>sit</strong></span> <span class='ocrx_word' id='word_1_410' title='bbox 1515 3961 1856 4030; x_wconf 85' lang='lat' dir='ltr'><strong>perfectioris</strong></span> <span class='ocrx_word' id='word_1_411' title='bbox 1903 3959 2006 4015; x_wconf 74' lang='lat' dir='ltr'><strong>d0—</strong></span> 
     </span>
    </p>
   </div>
   <div class='ocr_carea' id='block_1_58' title="bbox 437 4051 2004 4123">
    <p class='ocr_par' dir='ltr' id='par_1_58' title="bbox 437 4051 2004 4123">
     <span class='ocr_line' id='line_1_59' title="bbox 437 4051 2004 4123; baseline -0.004 -10"><span class='ocrx_word' id='word_1_412' title='bbox 437 4057 630 4112; x_wconf 67' lang='lat' dir='ltr'><strong>ctrina:</strong></span> <span class='ocrx_word' id='word_1_413' title='bbox 659 4055 971 4120; x_wconf 72' lang='lat' dir='ltr'><strong>fundendae,</strong></span> <span class='ocrx_word' id='word_1_414' title='bbox 1021 4069 1142 4123; x_wconf 74' lang='lat' dir='ltr'><strong>qua:</strong></span> <span class='ocrx_word' id='word_1_415' title='bbox 1179 4051 1504 4121; x_wconf 68' lang='lat' dir='ltr'><strong>promiscum</strong></span> <span class='ocrx_word' id='word_1_416' title='bbox 1553 4051 1726 4120; x_wconf 83' lang='lat' dir='ltr'><strong>plebis</strong></span> <span class='ocrx_word' id='word_1_417' title='bbox 1759 4051 2004 4106; x_wconf 82' lang='lat' dir='ltr'><strong>auditum</strong></span> 
     </span>
    </p>
   </div>
   <div class='ocr_carea' id='block_1_59' title="bbox 440 4155 1060 4219">
    <p class='ocr_par' dir='ltr' id='par_1_59' title="bbox 440 4155 1060 4219">
     <span class='ocr_line' id='line_1_60' title="bbox 440 4155 1060 4219; baseline -0.01 -13"><span class='ocrx_word' id='word_1_418' title='bbox 440 4159 773 4219; x_wconf 88' lang='lat' dir='ltr'><strong>captumque</strong></span> <span class='ocrx_word' id='word_1_419' title='bbox 813 4155 1060 4216; x_wconf 88' lang='lat' dir='ltr'><strong>superat.</strong></span> 
     </span>
    </p>
   </div>
   <div class='ocr_carea' id='block_1_60' title="bbox 506 4239 2002 4308">
    <p class='ocr_par' dir='ltr' id='par_1_60' title="bbox 506 4239 2002 4308">
     <span class='ocr_line' id='line_1_61' title="bbox 506 4239 2002 4308; baseline -0.001 -12"><span class='ocrx_word' id='word_1_420' title='bbox 506 4243 623 4296; x_wconf 79' lang='lat' dir='ltr'><strong>Col.</strong></span> <span class='ocrx_word' id='word_1_421' title='bbox 658 4243 762 4295; x_wconf 74' lang='grc'><strong>458</strong></span> <span class='ocrx_word' id='word_1_422' title='bbox 792 4241 849 4296; x_wconf 86' lang='grc' dir='ltr'><strong>Β.</strong></span> <span class='ocrx_word' id='word_1_423' title='bbox 887 4241 947 4294; x_wconf 82' lang='lat' dir='ltr'><strong>Si</strong></span> <span class='ocrx_word' id='word_1_424' title='bbox 979 4239 1217 4308; x_wconf 83' lang='lat' dir='ltr'><strong>quidem,</strong></span> <span class='ocrx_word' id='word_1_425' title='bbox 1243 4240 1408 4305; x_wconf 85' lang='lat' dir='ltr'><strong>oriri,</strong></span> <span class='ocrx_word' id='word_1_426' title='bbox 1440 4256 1530 4293; x_wconf 86' lang='lat' dir='ltr'><strong>nec</strong></span> <span class='ocrx_word' id='word_1_427' title='bbox 1556 4239 1872 4306; x_wconf 82' lang='lat' dir='ltr'><strong>increatum,</strong></span> <span class='ocrx_word' id='word_1_428' title='bbox 1897 4250 2002 4296; x_wconf 90' lang='lat' dir='ltr'><strong>etc.</strong></span> 
     </span>
    </p>
   </div>
   <div class='ocr_carea' id='block_1_61' title="bbox 439 4329 2005 4400">
    <p class='ocr_par' dir='ltr' id='par_1_61' title="bbox 439 4329 2005 4400">
     <span class='ocr_line' id='line_1_62' title="bbox 439 4329 2005 4400; baseline -0.001 -12"><span class='ocrx_word' id='word_1_429' title='bbox 439 4334 714 4388; x_wconf 84' lang='lat' dir='ltr'><strong>Adversus</strong></span> <span class='ocrx_word' id='word_1_430' title='bbox 754 4332 1058 4385; x_wconf 80' lang='lat' dir='ltr'><strong>contrarias</strong></span> <span class='ocrx_word' id='word_1_431' title='bbox 1103 4331 1170 4384; x_wconf 92' lang='lat' dir='ltr'><strong>de</strong></span> <span class='ocrx_word' id='word_1_432' title='bbox 1213 4329 1415 4400; x_wconf 87' lang='lat' dir='ltr'><strong>Spiritu</strong></span> <span class='ocrx_word' id='word_1_433' title='bbox 1473 4345 1662 4387; x_wconf 87' lang='lat' dir='ltr'><strong>sancto</strong></span> <span class='ocrx_word' id='word_1_434' title='bbox 1707 4333 2005 4387; x_wconf 87' lang='lat' dir='ltr'><strong>sententias</strong></span> 
     </span>
    </p>
   </div>
   <div class='ocr_carea' id='block_1_62' title="bbox 2093 1857 3659 1927">
    <p class='ocr_par' dir='ltr' id='par_1_62' title="bbox 2093 1857 3659 1927">
     <span class='ocr_line' id='line_1_63' title="bbox 2093 1857 3659 1927; baseline -0.011 -3"><span class='ocrx_word' id='word_1_435' title='bbox 2093 1885 2217 1924; x_wconf 91' lang='lat' dir='ltr'><strong>cum</strong></span> <span class='ocrx_word' id='word_1_436' title='bbox 2250 1878 2633 1922; x_wconf 88' lang='lat' dir='ltr'><strong>creaturarum</strong></span> <span class='ocrx_word' id='word_1_437' title='bbox 2695 1862 2971 1926; x_wconf 88' lang='lat' dir='ltr'><strong>ordinem,</strong></span> <span class='ocrx_word' id='word_1_438' title='bbox 3020 1859 3072 1912; x_wconf 91' lang='lat' dir='ltr'><strong>id</strong></span> <span class='ocrx_word' id='word_1_439' title='bbox 3110 1857 3254 1927; x_wconf 94' lang='lat' dir='ltr'><strong>quod</strong></span> <span class='ocrx_word' id='word_1_440' title='bbox 3286 1867 3520 1911; x_wconf 88' lang='lat' dir='ltr'><strong>creatmu</strong></span> <span class='ocrx_word' id='word_1_441' title='bbox 3551 1870 3659 1908; x_wconf 88' lang='lat' dir='ltr'><strong>non</strong></span> 
     </span>
    </p>
   </div>
   <div class='ocr_carea' id='block_1_63' title="bbox 2089 1946 3661 2022">
    <p class='ocr_par' dir='ltr' id='par_1_63' title="bbox 2089 1946 3661 2022">
     <span class='ocr_line' id='line_1_64' title="bbox 2089 1946 3661 2022; baseline -0.01 -8"><span class='ocrx_word' id='word_1_442' title='bbox 2089 1968 2196 2022; x_wconf 87' lang='lat' dir='ltr'><strong>cst,</strong></span> <span class='ocrx_word' id='word_1_443' title='bbox 2251 1954 2651 2010; x_wconf 83' lang='lat' dir='ltr'><strong>contumeliose</strong></span> <span class='ocrx_word' id='word_1_444' title='bbox 2702 1949 3086 2020; x_wconf 82' lang='lat' dir='ltr'><strong>deprimeutis.</strong></span> <span class='ocrx_word' id='word_1_445' title='bbox 3150 1946 3361 2000; x_wconf 86' lang='lat' dir='ltr'><strong>Dabitis</strong></span> <span class='ocrx_word' id='word_1_446' title='bbox 3396 1947 3538 1999; x_wconf 90' lang='lat' dir='ltr'><strong>enim</strong></span> <span class='ocrx_word' id='word_1_447' title='bbox 3569 1960 3661 1998; x_wconf 80' lang='lat' dir='ltr'><strong>ve-</strong></span> 
     </span>
    </p>
   </div>
   <div class='ocr_carea' id='block_1_64' title="bbox 2093 2035 3658 2110">
    <p class='ocr_par' dir='ltr' id='par_1_64' title="bbox 2093 2035 3658 2110">
     <span class='ocr_line' id='line_1_65' title="bbox 2093 2035 3658 2110; baseline -0.01 -8"><span class='ocrx_word' id='word_1_448' title='bbox 2093 2047 2260 2108; x_wconf 87' lang='lat' dir='ltr'><strong>niam,</strong></span> <span class='ocrx_word' id='word_1_449' title='bbox 2296 2045 2345 2100; x_wconf 91' lang='lat' dir='ltr'><strong>si</strong></span> <span class='ocrx_word' id='word_1_450' title='bbox 2377 2058 2474 2098; x_wconf 86' lang='lat' dir='ltr'><strong>vos</strong></span> <span class='ocrx_word' id='word_1_451' title='bbox 2503 2041 2694 2096; x_wconf 90' lang='lat' dir='ltr'><strong>divino</strong></span> <span class='ocrx_word' id='word_1_452' title='bbox 2724 2041 2839 2095; x_wconf 80' lang='lat' dir='ltr'><strong>zelo</strong></span> <span class='ocrx_word' id='word_1_453' title='bbox 2863 2048 3143 2110; x_wconf 91' lang='lat' dir='ltr'><strong>permotus</strong></span> <span class='ocrx_word' id='word_1_454' title='bbox 3174 2039 3458 2106; x_wconf 89' lang='lat' dir='ltr'><strong>aliquanto</strong></span> <span class='ocrx_word' id='word_1_455' title='bbox 3482 2035 3658 2090; x_wconf 83' lang='lat' dir='ltr'><strong>acrio-</strong></span> 
     </span>
    </p>
   </div>
   <div class='ocr_carea' id='block_1_65' title="bbox 2093 2128 3658 2203">
    <p class='ocr_par' dir='ltr' id='par_1_65' title="bbox 2093 2128 3658 2203">
     <span class='ocr_line' id='line_1_66' title="bbox 2093 2128 3658 2203; baseline -0.01 -9"><span class='ocrx_word' id='word_1_456' title='bbox 2093 2140 2244 2194; x_wconf 93' lang='lat' dir='ltr'><strong>ribus</strong></span> <span class='ocrx_word' id='word_1_457' title='bbox 2269 2136 2450 2191; x_wconf 87' lang='lat' dir='ltr'><strong>verbis</strong></span> <span class='ocrx_word' id='word_1_458' title='bbox 2470 2135 2763 2198; x_wconf 91' lang='lat' dir='ltr'><strong>incessam,</strong></span> <span class='ocrx_word' id='word_1_459' title='bbox 2786 2144 2950 2203; x_wconf 92' lang='lat' dir='ltr'><strong>atque</strong></span> <span class='ocrx_word' id='word_1_460' title='bbox 2976 2147 3042 2186; x_wconf 88' lang='lat' dir='ltr'><strong>eo</strong></span> <span class='ocrx_word' id='word_1_461' title='bbox 3062 2131 3303 2185; x_wconf 79' lang='lat' dir='ltr'><strong>audacia:</strong></span> <span class='ocrx_word' id='word_1_462' title='bbox 3327 2128 3658 2198; x_wconf 83' lang='lat' dir='ltr'><strong>progrediar,</strong></span> 
     </span>
    </p>
   </div>
   <div class='ocr_carea' id='block_1_66' title="bbox 2093 2226 3655 2296">
    <p class='ocr_par' dir='ltr' id='par_1_66' title="bbox 2093 2226 3655 2296">
     <span class='ocr_line' id='line_1_67' title="bbox 2093 2226 3655 2296; baseline -0.009 -10"><span class='ocrx_word' id='word_1_463' title='bbox 2093 2242 2149 2286; x_wconf 91' lang='lat' dir='ltr'><strong>ut</strong></span> <span class='ocrx_word' id='word_1_464' title='bbox 2186 2247 2284 2286; x_wconf 87' lang='lat' dir='ltr'><strong>vos</strong></span> <span class='ocrx_word' id='word_1_465' title='bbox 2319 2231 2372 2284; x_wconf 92' lang='lat' dir='ltr'><strong>in</strong></span> <span class='ocrx_word' id='word_1_466' title='bbox 2407 2237 2614 2284; x_wconf 82' lang='lat' dir='ltr'><strong>tantam</strong></span> <span class='ocrx_word' id='word_1_467' title='bbox 2647 2226 3043 2296; x_wconf 80' lang='lat' dir='ltr'><strong>blasphemiam</strong></span> <span class='ocrx_word' id='word_1_468' title='bbox 3087 2233 3499 2293; x_wconf 86' lang='lat' dir='ltr'><strong>prorumpentes</strong></span> <span class='ocrx_word' id='word_1_469' title='bbox 3523 2236 3655 2274; x_wconf 85' lang='lat' dir='ltr'><strong>con-</strong></span> 
     </span>
    </p>
   </div>
   <div class='ocr_carea' id='block_1_67' title="bbox 2095 2297 3661 2388">
    <p class='ocr_par' dir='ltr' id='par_1_67' title="bbox 2095 2297 3661 2388">
     <span class='ocr_line' id='line_1_68' title="bbox 2095 2297 3661 2388; baseline -0.01 -13"><span class='ocrx_word' id='word_1_470' title='bbox 2095 2320 2262 2376; x_wconf 90' lang='lat' dir='ltr'><strong>trario</strong></span> <span class='ocrx_word' id='word_1_471' title='bbox 2297 2319 2493 2388; x_wconf 89' lang='lat' dir='ltr'><strong>spiritu</strong></span> <span class='ocrx_word' id='word_1_472' title='bbox 2527 2316 2699 2372; x_wconf 87' lang='lat' dir='ltr'><strong>alllari</strong></span> <span class='ocrx_word' id='word_1_473' title='bbox 2735 2317 2933 2371; x_wconf 90' lang='lat' dir='ltr'><strong>dicam.</strong></span> <span class='ocrx_word' id='word_1_474' title='bbox 2971 2297 3026 2367; x_wconf 86' lang='lat' dir='ltr'><strong>Si</strong></span> <span class='ocrx_word' id='word_1_475' title='bbox 3063 2322 3244 2367; x_wconf 88' lang='lat' dir='ltr'><strong>autem</strong></span> <span class='ocrx_word' id='word_1_476' title='bbox 3293 2321 3519 2367; x_wconf 85' lang='lat' dir='ltr'><strong>eatenus</strong></span> <span class='ocrx_word' id='word_1_477' title='bbox 3544 2311 3661 2365; x_wconf 88' lang='lat' dir='ltr'><strong>sani</strong></span> 
     </span>
    </p>
   </div>
   <div class='ocr_carea' id='block_1_68' title="bbox 2093 2401 3663 2478">
    <p class='ocr_par' dir='ltr' id='par_1_68' title="bbox 2093 2401 3663 2478">
     <span class='ocr_line' id='line_1_69' title="bbox 2093 2401 3663 2478; baseline -0.008 -11"><span class='ocrx_word' id='word_1_478' title='bbox 2093 2413 2248 2478; x_wconf 88' lang='lat' dir='ltr'><strong>estis,</strong></span> <span class='ocrx_word' id='word_1_479' title='bbox 2290 2421 2347 2466; x_wconf 91' lang='lat' dir='ltr'><strong>ut</strong></span> <span class='ocrx_word' id='word_1_480' title='bbox 2380 2411 2726 2465; x_wconf 81' lang='lat' dir='ltr'><strong>manifestam</strong></span> <span class='ocrx_word' id='word_1_481' title='bbox 2757 2408 3087 2475; x_wconf 88' lang='lat' dir='ltr'><strong>impietatem</strong></span> <span class='ocrx_word' id='word_1_482' title='bbox 3129 2404 3376 2474; x_wconf 83' lang='lat' dir='ltr'><strong>fugiatis,</strong></span> <span class='ocrx_word' id='word_1_483' title='bbox 3419 2418 3514 2457; x_wconf 90' lang='lat' dir='ltr'><strong>nec</strong></span> <span class='ocrx_word' id='word_1_484' title='bbox 3539 2401 3663 2470; x_wconf 87' lang='lat' dir='ltr'><strong>Spi-</strong></span> 
     </span>
    </p>
   </div>
   <div class='ocr_carea' id='block_1_69' title="bbox 2096 2491 3668 2570">
    <p class='ocr_par' dir='ltr' id='par_1_69' title="bbox 2096 2491 3668 2570">
     <span class='ocr_line' id='line_1_70' title="bbox 2096 2491 3668 2570; baseline -0.01 -10"><span class='ocrx_word' id='word_1_485' title='bbox 2096 2507 2262 2560; x_wconf 87' lang='lat' dir='ltr'><strong>ritum</strong></span> <span class='ocrx_word' id='word_1_486' title='bbox 2294 2519 2514 2559; x_wconf 85' lang='lat' dir='ltr'><strong>servum</strong></span> <span class='ocrx_word' id='word_1_487' title='bbox 2541 2502 2759 2566; x_wconf 87' lang='lat' dir='ltr'><strong>dicatis,</strong></span> <span class='ocrx_word' id='word_1_488' title='bbox 2789 2500 2881 2570; x_wconf 93' lang='lat' dir='ltr'><strong>qui</strong></span> <span class='ocrx_word' id='word_1_489' title='bbox 2912 2513 3011 2553; x_wconf 91' lang='lat' dir='ltr'><strong>nos</strong></span> <span class='ocrx_word' id='word_1_490' title='bbox 3037 2512 3256 2568; x_wconf 89' lang='lat' dir='ltr'><strong>quoque</strong></span> <span class='ocrx_word' id='word_1_491' title='bbox 3287 2495 3488 2549; x_wconf 90' lang='lat' dir='ltr'><strong>liberos</strong></span> <span class='ocrx_word' id='word_1_492' title='bbox 3510 2491 3668 2546; x_wconf 83' lang='lat' dir='ltr'><strong>ellicit</strong></span> 
     </span>
    </p>
   </div>
   <div class='ocr_carea' id='block_1_70' title="bbox 2095 2586 3663 2665">
    <p class='ocr_par' dir='ltr' id='par_1_70' title="bbox 2095 2586 3663 2665">
     <span class='ocr_line' id='line_1_71' title="bbox 2095 2586 3663 2665; baseline -0.01 -13"><span class='ocrx_word' id='word_1_493' title='bbox 2095 2598 2203 2665; x_wconf 81' lang='lat' dir='ltr'><strong>(lex</strong></span> <span class='ocrx_word' id='word_1_494' title='bbox 2227 2597 2373 2652; x_wconf 90' lang='lat' dir='ltr'><strong>enim</strong></span> <span class='ocrx_word' id='word_1_495' title='bbox 2401 2595 2657 2665; x_wconf 86' lang='lat' dir='ltr'><strong>Spiritus.</strong></span> <span class='ocrx_word' id='word_1_496' title='bbox 2704 2593 2808 2647; x_wconf 87' lang='lat' dir='ltr'><strong>hoc</strong></span> <span class='ocrx_word' id='word_1_497' title='bbox 2832 2602 2937 2657; x_wconf 88' lang='lat' dir='ltr'><strong>est,</strong></span> <span class='ocrx_word' id='word_1_498' title='bbox 2983 2598 3224 2661; x_wconf 89' lang='lat' dir='ltr'><strong>potestas</strong></span> <span class='ocrx_word' id='word_1_499' title='bbox 3260 2586 3498 2657; x_wconf 86' lang='lat' dir='ltr'><strong>Spiritus</strong></span> <span class='ocrx_word' id='word_1_500' title='bbox 3518 2587 3663 2644; x_wconf 60' lang='lat' dir='ltr'><strong>vitae,</strong></span> 
     </span>
    </p>
   </div>
   <div class='ocr_carea' id='block_1_71' title="bbox 2097 2678 3668 2759">
    <p class='ocr_par' dir='ltr' id='par_1_71' title="bbox 2097 2678 3668 2759">
     <span class='ocr_line' id='line_1_72' title="bbox 2097 2678 3668 2759; baseline -0.011 -15"><span class='ocrx_word' id='word_1_501' title='bbox 2097 2687 2526 2759; x_wconf 86' lang='lat' dir='ltr'><strong>inquitPanlus,</strong></span> <span class='ocrx_word' id='word_1_502' title='bbox 2557 2685 2810 2738; x_wconf 78' lang='lat' dir='ltr'><strong>Lberavit</strong></span> <span class='ocrx_word' id='word_1_503' title='bbox 2847 2697 2933 2736; x_wconf 91' lang='lat' dir='ltr'><strong>me</strong></span> <span class='ocrx_word' id='word_1_504' title='bbox 2968 2697 2998 2735; x_wconf 89' lang='lat' dir='ltr'><strong>a</strong></span> <span class='ocrx_word' id='word_1_505' title='bbox 3047 2682 3164 2750; x_wconf 77' lang='lat' dir='ltr'><strong>lege</strong></span> <span class='ocrx_word' id='word_1_506' title='bbox 3194 2678 3399 2748; x_wconf 78' lang='lat' dir='ltr'><strong>peccati</strong></span> <span class='ocrx_word' id='word_1_507' title='bbox 3427 2689 3480 2732; x_wconf 89' lang='lat' dir='ltr'><strong>et</strong></span> <span class='ocrx_word' id='word_1_508' title='bbox 3520 2691 3668 2730; x_wconf 87' lang='lat' dir='ltr'><strong>mor-</strong></span> 
     </span>
    </p>
   </div>
   <div class='ocr_carea' id='block_1_72' title="bbox 2099 2765 3668 2848">
    <p class='ocr_par' dir='ltr' id='par_1_72' title="bbox 2099 2765 3668 2848">
     <span class='ocr_line' id='line_1_73' title="bbox 2099 2765 3668 2848; baseline -0.013 -10"><span class='ocrx_word' id='word_1_509' title='bbox 2099 2783 2170 2838; x_wconf 91' lang='lat' dir='ltr'><strong>tis</strong></span> <span class='ocrx_word' id='word_1_510' title='bbox 2195 2783 2265 2834; x_wconf 80' lang='lat'><strong>&quot;.</strong></span> <span class='ocrx_word' id='word_1_511' title='bbox 2300 2783 2482 2848; x_wconf 86' lang='lat' dir='ltr'><strong>Atque</strong></span> <span class='ocrx_word' id='word_1_512' title='bbox 2512 2778 2676 2830; x_wconf 85' lang='lat' dir='ltr'><strong>etiam</strong></span> <span class='ocrx_word' id='word_1_513' title='bbox 2699 2775 2840 2829; x_wconf 86' lang='lat' dir='ltr'><strong>idem</strong></span> <span class='ocrx_word' id='word_1_514' title='bbox 2864 2773 3157 2841; x_wconf 84' lang='lat' dir='ltr'><strong>Apostolus</strong></span> <span class='ocrx_word' id='word_1_515' title='bbox 3185 2770 3267 2825; x_wconf 90' lang='lat' dir='ltr'><strong>sic</strong></span> <span class='ocrx_word' id='word_1_516' title='bbox 3304 2768 3505 2822; x_wconf 86' lang='lat' dir='ltr'><strong>Galatis</strong></span> <span class='ocrx_word' id='word_1_517' title='bbox 3533 2765 3668 2821; x_wconf 86' lang='lat' dir='ltr'><strong>scri-</strong></span> 
     </span>
    </p>
   </div>
   <div class='ocr_carea' id='block_1_73' title="bbox 2099 2864 3665 2938">
    <p class='ocr_par' dir='ltr' id='par_1_73' title="bbox 2099 2864 3665 2938">
     <span class='ocr_line' id='line_1_74' title="bbox 2099 2864 3665 2938; baseline -0.012 -7"><span class='ocrx_word' id='word_1_518' title='bbox 2099 2878 2214 2933; x_wconf 90' lang='lat' dir='ltr'><strong>bit:</strong></span> <span class='ocrx_word' id='word_1_519' title='bbox 2246 2872 2395 2928; x_wconf 75' lang='lat' dir='ltr'><strong>Misit</strong></span> <span class='ocrx_word' id='word_1_520' title='bbox 2429 2872 2566 2926; x_wconf 78' lang='lat' dir='ltr'><strong>Deus</strong></span> <span class='ocrx_word' id='word_1_521' title='bbox 2595 2868 2852 2938; x_wconf 73' lang='lat' dir='ltr'><strong>Spiritum</strong></span> <span class='ocrx_word' id='word_1_522' title='bbox 2886 2866 3017 2919; x_wconf 71' lang='lat' dir='ltr'><strong>Filii</strong></span> <span class='ocrx_word' id='word_1_523' title='bbox 3045 2866 3129 2918; x_wconf 77' lang='lat' dir='ltr'><strong>sui</strong></span> <span class='ocrx_word' id='word_1_524' title='bbox 3168 2866 3225 2917; x_wconf 83' lang='lat' dir='ltr'><strong>in</strong></span> <span class='ocrx_word' id='word_1_525' title='bbox 3263 2864 3422 2917; x_wconf 85' lang='lat' dir='ltr'><strong>corda</strong></span> <span class='ocrx_word' id='word_1_526' title='bbox 3463 2872 3665 2924; x_wconf 76' lang='lat' dir='ltr'><strong>nostra,</strong></span> 
     </span>
    </p>
   </div>
   <div class='ocr_carea' id='block_1_74' title="bbox 2099 2956 3656 3028">
    <p class='ocr_par' dir='ltr' id='par_1_74' title="bbox 2099 2956 3656 3028">
     <span class='ocr_line' id='line_1_75' title="bbox 2099 2956 3656 3028; baseline -0.012 -6"><span class='ocrx_word' id='word_1_527' title='bbox 2099 2969 2418 3023; x_wconf 83' lang='lat' dir='ltr'><strong>clamantem</strong></span> <span class='ocrx_word' id='word_1_528' title='bbox 2449 2981 2466 3016; x_wconf 92' lang='lat'><strong><em>:</em></strong></span> <span class='ocrx_word' id='word_1_529' title='bbox 2500 2963 2669 3028; x_wconf 77' lang='lat' dir='ltr'><strong>Abba,</strong></span> <span class='ocrx_word' id='word_1_530' title='bbox 2701 2960 2881 3014; x_wconf 82' lang='lat' dir='ltr'><strong>Pater.</strong></span> <span class='ocrx_word' id='word_1_531' title='bbox 2911 2957 3097 3027; x_wconf 82' lang='lat' dir='ltr'><strong>Itaque</strong></span> <span class='ocrx_word' id='word_1_532' title='bbox 3123 2974 3223 3010; x_wconf 85' lang='lat' dir='ltr'><strong>non</strong></span> <span class='ocrx_word' id='word_1_533' title='bbox 3241 2956 3353 3026; x_wconf 87' lang='lat' dir='ltr'><strong>jam</strong></span> <span class='ocrx_word' id='word_1_534' title='bbox 3379 2971 3428 3008; x_wconf 79' lang='lat' dir='ltr'><strong>es</strong></span> <span class='ocrx_word' id='word_1_535' title='bbox 3445 2969 3609 3006; x_wconf 71' lang='lat' dir='ltr'><strong>servus</strong></span> <span class='ocrx_word' id='word_1_536' title='bbox 3639 2991 3656 3013; x_wconf 88' lang='lat'><strong>,</strong></span> 
     </span>
    </p>
   </div>
   <div class='ocr_carea' id='block_1_75' title="bbox 2022 3045 3657 3134">
    <p class='ocr_par' dir='ltr' id='par_1_75' title="bbox 2022 3045 3657 3134">
     <span class='ocr_line' id='line_1_76' title="bbox 2022 3045 3657 3134; baseline -0.012 -17"><span class='ocrx_word' id='word_1_537' title='bbox 2022 3079 2065 3134; x_wconf 76' lang='grc' dir='ltr'><strong>ο</strong></span> <span class='ocrx_word' id='word_1_538' title='bbox 2099 3063 2187 3116; x_wconf 82' lang='lat' dir='ltr'><strong>sed</strong></span> <span class='ocrx_word' id='word_1_539' title='bbox 2224 3061 2370 3130; x_wconf 77' lang='lat' dir='ltr'><strong>ﬁlius</strong></span> <span class='ocrx_word' id='word_1_540' title='bbox 2412 3059 2480 3111; x_wconf 78' lang='grc'><strong>⁸⁸.</strong></span> <span class='ocrx_word' id='word_1_541' title='bbox 2523 3057 2694 3110; x_wconf 85' lang='lat' dir='ltr'><strong>Porro</strong></span> <span class='ocrx_word' id='word_1_542' title='bbox 2735 3055 2972 3122; x_wconf 84' lang='lat' dir='ltr'><strong>Spiritus</strong></span> <span class='ocrx_word' id='word_1_543' title='bbox 3017 3050 3140 3124; x_wconf 73' lang='lat' dir='ltr'><strong>Filii</strong></span> <span class='ocrx_word' id='word_1_544' title='bbox 3182 3051 3376 3105; x_wconf 89' lang='lat' dir='ltr'><strong>dicitur</strong></span> <span class='ocrx_word' id='word_1_545' title='bbox 3421 3045 3657 3114; x_wconf 76' lang='lat' dir='ltr'><strong>Spiriltll</strong></span> 
     </span>
    </p>
   </div>
   <div class='ocr_carea' id='block_1_76' title="bbox 2102 3135 3671 3218">
    <p class='ocr_par' dir='ltr' id='par_1_76' title="bbox 2102 3135 3671 3218">
     <span class='ocr_line' id='line_1_77' title="bbox 2102 3135 3671 3218; baseline -0.012 -10"><span class='ocrx_word' id='word_1_546' title='bbox 2102 3161 2348 3215; x_wconf 89' lang='lat' dir='ltr'><strong>sanctus,</strong></span> <span class='ocrx_word' id='word_1_547' title='bbox 2383 3157 2565 3218; x_wconf 88' lang='lat' dir='ltr'><strong>utpote</strong></span> <span class='ocrx_word' id='word_1_548' title='bbox 2603 3146 2845 3216; x_wconf 79' lang='lat' dir='ltr'><strong>ejusdem</strong></span> <span class='ocrx_word' id='word_1_549' title='bbox 2892 3157 3014 3198; x_wconf 90' lang='lat' dir='ltr'><strong>cum</strong></span> <span class='ocrx_word' id='word_1_550' title='bbox 3064 3140 3201 3194; x_wconf 84' lang='lat' dir='ltr'><strong>Filio</strong></span> <span class='ocrx_word' id='word_1_551' title='bbox 3251 3135 3559 3195; x_wconf 64' lang='lat' dir='ltr'><strong>substantia:</strong></span> <span class='ocrx_word' id='word_1_552' title='bbox 3599 3149 3671 3189; x_wconf 83' lang='lat' dir='ltr'><strong>ac</strong></span> 
     </span>
    </p>
   </div>
   <div class='ocr_carea' id='block_1_77' title="bbox 2103 3235 3670 3315">
    <p class='ocr_par' dir='ltr' id='par_1_77' title="bbox 2103 3235 3670 3315">
     <span class='ocr_line' id='line_1_78' title="bbox 2103 3235 3670 3315; baseline -0.012 -16"><span class='ocrx_word' id='word_1_553' title='bbox 2103 3240 2448 3315; x_wconf 85' lang='lat' dir='ltr'><strong>potestatis):</strong></span> <span class='ocrx_word' id='word_1_554' title='bbox 2499 3241 2565 3305; x_wconf 92' lang='lat' dir='ltr'><strong>si,</strong></span> <span class='ocrx_word' id='word_1_555' title='bbox 2599 3239 2843 3309; x_wconf 64' lang='lat' dir='ltr'><strong>irquam,</strong></span> <span class='ocrx_word' id='word_1_556' title='bbox 2877 3235 3138 3305; x_wconf 87' lang='lat' dir='ltr'><strong>Spiritum</strong></span> <span class='ocrx_word' id='word_1_557' title='bbox 3179 3242 3424 3287; x_wconf 88' lang='lat' dir='ltr'><strong>sanctum</strong></span> <span class='ocrx_word' id='word_1_558' title='bbox 3457 3242 3670 3284; x_wconf 86' lang='lat' dir='ltr'><strong>servum</strong></span> 
     </span>
    </p>
   </div>
   <div class='ocr_carea' id='block_1_78' title="bbox 2102 3319 3672 3398">
    <p class='ocr_par' dir='ltr' id='par_1_78' title="bbox 2102 3319 3672 3398">
     <span class='ocr_line' id='line_1_79' title="bbox 2102 3319 3672 3398; baseline -0.013 -5"><span class='ocrx_word' id='word_1_559' title='bbox 2102 3338 2285 3393; x_wconf 86' lang='lat' dir='ltr'><strong>dicere</strong></span> <span class='ocrx_word' id='word_1_560' title='bbox 2316 3351 2424 3388; x_wconf 90' lang='lat' dir='ltr'><strong>non</strong></span> <span class='ocrx_word' id='word_1_561' title='bbox 2466 3332 2702 3395; x_wconf 86' lang='lat' dir='ltr'><strong>audetis,</strong></span> <span class='ocrx_word' id='word_1_562' title='bbox 2732 3329 2874 3398; x_wconf 85' lang='lat' dir='ltr'><strong>quod</strong></span> <span class='ocrx_word' id='word_1_563' title='bbox 2907 3326 3175 3397; x_wconf 88' lang='lat' dir='ltr'><strong>sequitur,</strong></span> <span class='ocrx_word' id='word_1_564' title='bbox 3207 3333 3369 3394; x_wconf 88' lang='lat' dir='ltr'><strong>atque</strong></span> <span class='ocrx_word' id='word_1_565' title='bbox 3412 3323 3537 3377; x_wconf 89' lang='lat' dir='ltr'><strong>hinc</strong></span> <span class='ocrx_word' id='word_1_566' title='bbox 3563 3319 3672 3375; x_wconf 87' lang='lat' dir='ltr'><strong>col-</strong></span> 
     </span>
    </p>
   </div>
   <div class='ocr_carea' id='block_1_79' title="bbox 2103 3413 3672 3497">
    <p class='ocr_par' dir='ltr' id='par_1_79' title="bbox 2103 3413 3672 3497">
     <span class='ocr_line' id='line_1_80' title="bbox 2103 3413 3672 3497; baseline -0.011 -15"><span class='ocrx_word' id='word_1_567' title='bbox 2103 3429 2310 3497; x_wconf 83' lang='lat' dir='ltr'><strong>ligitur,</strong></span> <span class='ocrx_word' id='word_1_568' title='bbox 2343 3427 2624 3480; x_wconf 90' lang='lat' dir='ltr'><strong>nobiscum</strong></span> <span class='ocrx_word' id='word_1_569' title='bbox 2666 3432 2720 3476; x_wconf 92' lang='lat' dir='ltr'><strong>et</strong></span> <span class='ocrx_word' id='word_1_570' title='bbox 2749 3437 2872 3476; x_wconf 91' lang='lat' dir='ltr'><strong>cum</strong></span> <span class='ocrx_word' id='word_1_571' title='bbox 2905 3418 3108 3488; x_wconf 89' lang='lat' dir='ltr'><strong>Spiritu</strong></span> <span class='ocrx_word' id='word_1_572' title='bbox 3151 3426 3340 3472; x_wconf 92' lang='lat' dir='ltr'><strong>sancto</strong></span> <span class='ocrx_word' id='word_1_573' title='bbox 3367 3413 3672 3484; x_wconf 85' lang='lat' dir='ltr'><strong>expendite.</strong></span> 
     </span>
    </p>
   </div>
   <div class='ocr_carea' id='block_1_80' title="bbox 2094 3508 3676 3591">
    <p class='ocr_par' dir='ltr' id='par_1_80' title="bbox 2094 3508 3676 3591">
     <span class='ocr_line' id='line_1_81' title="bbox 2094 3508 3676 3591; baseline -0.012 -16"><span class='ocrx_word' id='word_1_574' title='bbox 2094 3522 2466 3591; x_wconf 74' lang='lat' dir='ltr'><strong>.Aliquatenus</strong></span> <span class='ocrx_word' id='word_1_575' title='bbox 2503 3518 2648 3572; x_wconf 91' lang='lat' dir='ltr'><strong>enim</strong></span> <span class='ocrx_word' id='word_1_576' title='bbox 2701 3515 2870 3584; x_wconf 88' lang='lat' dir='ltr'><strong>ipsius</strong></span> <span class='ocrx_word' id='word_1_577' title='bbox 2912 3511 3200 3581; x_wconf 82' lang='lat' dir='ltr'><strong>participes</strong></span> <span class='ocrx_word' id='word_1_578' title='bbox 3253 3508 3421 3571; x_wconf 89' lang='lat' dir='ltr'><strong>estis,</strong></span> <span class='ocrx_word' id='word_1_579' title='bbox 3449 3518 3676 3571; x_wconf 88' lang='lat' dir='ltr'><strong>eamque</strong></span> 
     </span>
    </p>
   </div>
   <div class='ocr_carea' id='block_1_81' title="bbox 2103 3594 3678 3686">
    <p class='ocr_par' dir='ltr' id='par_1_81' title="bbox 2103 3594 3678 3686">
     <span class='ocr_line' id='line_1_82' title="bbox 2103 3594 3678 3686; baseline -0.015 -17"><span class='ocrx_word' id='word_1_580' title='bbox 2103 3615 2173 3669; x_wconf 91' lang='lat' dir='ltr'><strong>ob</strong></span> <span class='ocrx_word' id='word_1_581' title='bbox 2217 3625 2582 3686; x_wconf 57' lang='lat' dir='ltr'><strong>causanrsos</strong></span> <span class='ocrx_word' id='word_1_582' title='bbox 2631 3623 2741 3662; x_wconf 89' lang='lat' dir='ltr'><strong>non</strong></span> <span class='ocrx_word' id='word_1_583' title='bbox 2781 3605 3010 3659; x_wconf 79' lang='lat' dir='ltr'><strong>omnino</strong></span> <span class='ocrx_word' id='word_1_584' title='bbox 3057 3619 3087 3656; x_wconf 88' lang='lat' dir='ltr'><strong>a</strong></span> <span class='ocrx_word' id='word_1_585' title='bbox 3132 3612 3277 3656; x_wconf 77' lang='lat' dir='ltr'><strong>cmtu</strong></span> <span class='ocrx_word' id='word_1_586' title='bbox 3323 3608 3377 3653; x_wconf 89' lang='lat' dir='ltr'><strong>et</strong></span> <span class='ocrx_word' id='word_1_587' title='bbox 3407 3594 3678 3664; x_wconf 89' lang='lat' dir='ltr'><strong>colloquio</strong></span> 
     </span>
    </p>
   </div>
   <div class='ocr_carea' id='block_1_82' title="bbox 2105 3688 3678 3771">
    <p class='ocr_par' dir='ltr' id='par_1_82' title="bbox 2105 3688 3678 3771">
     <span class='ocr_line' id='line_1_83' title="bbox 2105 3688 3678 3771; baseline -0.015 -12"><span class='ocrx_word' id='word_1_588' title='bbox 2105 3715 2296 3759; x_wconf 88' lang='lat' dir='ltr'><strong>nostro</strong></span> <span class='ocrx_word' id='word_1_589' title='bbox 2329 3702 2512 3771; x_wconf 89' lang='lat' dir='ltr'><strong>ejicio,</strong></span> <span class='ocrx_word' id='word_1_590' title='bbox 2541 3697 3006 3770; x_wconf 88' lang='lat' dir='ltr'><strong>quemadmodum</strong></span> <span class='ocrx_word' id='word_1_591' title='bbox 3042 3695 3162 3748; x_wconf 87' lang='lat' dir='ltr'><strong>illos</strong></span> <span class='ocrx_word' id='word_1_592' title='bbox 3195 3704 3425 3763; x_wconf 88' lang='lat' dir='ltr'><strong>prorsus</strong></span> <span class='ocrx_word' id='word_1_593' title='bbox 3448 3688 3678 3745; x_wconf 85' lang='lat' dir='ltr'><strong>alienus,</strong></span> 
     </span>
    </p>
   </div>
   <div class='ocr_carea' id='block_1_83' title="bbox 2105 3777 3678 3864">
    <p class='ocr_par' dir='ltr' id='par_1_83' title="bbox 2105 3777 3678 3864">
     <span class='ocr_line' id='line_1_84' title="bbox 2105 3777 3678 3864; baseline -0.013 -15"><span class='ocrx_word' id='word_1_594' title='bbox 2105 3795 2198 3864; x_wconf 93' lang='lat' dir='ltr'><strong>qui</strong></span> <span class='ocrx_word' id='word_1_595' title='bbox 2230 3794 2540 3848; x_wconf 76' lang='lat' dir='ltr'><strong>dmmonum</strong></span> <span class='ocrx_word' id='word_1_596' title='bbox 2592 3787 2930 3857; x_wconf 88' lang='lat' dir='ltr'><strong>intemperiis</strong></span> <span class='ocrx_word' id='word_1_597' title='bbox 2979 3785 3271 3854; x_wconf 79' lang='lat' dir='ltr'><strong>agitantur,</strong></span> <span class='ocrx_word' id='word_1_598' title='bbox 3310 3796 3373 3835; x_wconf 93' lang='lat' dir='ltr'><strong>ac</strong></span> <span class='ocrx_word' id='word_1_599' title='bbox 3411 3777 3678 3849; x_wconf 86' lang='lat' dir='ltr'><strong>Spiritum</strong></span> 
     </span>
    </p>
   </div>
   <div class='ocr_carea' id='block_1_84' title="bbox 2107 3868 3679 3948">
    <p class='ocr_par' dir='ltr' id='par_1_84' title="bbox 2107 3868 3679 3948">
     <span class='ocr_line' id='line_1_85' title="bbox 2107 3868 3679 3948; baseline -0.013 -7"><span class='ocrx_word' id='word_1_600' title='bbox 2107 3896 2414 3942; x_wconf 88' lang='lat' dir='ltr'><strong>creaturam</strong></span> <span class='ocrx_word' id='word_1_601' title='bbox 2443 3898 2564 3938; x_wconf 89' lang='lat' dir='ltr'><strong>esse</strong></span> <span class='ocrx_word' id='word_1_602' title='bbox 2592 3881 2861 3935; x_wconf 77' lang='lat' dir='ltr'><strong>aﬂirmant</strong></span> <span class='ocrx_word' id='word_1_603' title='bbox 2887 3896 2904 3945; x_wconf 85' lang='lat'><strong>;</strong></span> <span class='ocrx_word' id='word_1_604' title='bbox 2928 3877 3057 3948; x_wconf 91' lang='lat' dir='ltr'><strong>quin</strong></span> <span class='ocrx_word' id='word_1_605' title='bbox 3093 3875 3273 3945; x_wconf 89' lang='lat' dir='ltr'><strong>potius</strong></span> <span class='ocrx_word' id='word_1_606' title='bbox 3301 3886 3396 3926; x_wconf 87' lang='lat' dir='ltr'><strong>vos</strong></span> <span class='ocrx_word' id='word_1_607' title='bbox 3423 3868 3679 3930; x_wconf 85' lang='lat' dir='ltr'><strong>admitto,</strong></span> 
     </span>
    </p>
   </div>
   <div class='ocr_carea' id='block_1_85' title="bbox 2107 3963 3684 4050">
    <p class='ocr_par' dir='ltr' id='par_1_85' title="bbox 2107 3963 3684 4050">
     <span class='ocr_line' id='line_1_86' title="bbox 2107 3963 3684 4050; baseline -0.012 -16"><span class='ocrx_word' id='word_1_608' title='bbox 2107 3995 2172 4050; x_wconf 89' lang='lat' dir='ltr'><strong>ac</strong></span> <span class='ocrx_word' id='word_1_609' title='bbox 2217 3977 2525 4040; x_wconf 89' lang='lat' dir='ltr'><strong>vobiscum,</strong></span> <span class='ocrx_word' id='word_1_610' title='bbox 2575 3973 2726 4027; x_wconf 88' lang='lat' dir='ltr'><strong>velut</strong></span> <span class='ocrx_word' id='word_1_611' title='bbox 2767 3985 2892 4026; x_wconf 90' lang='lat' dir='ltr'><strong>cum</strong></span> <span class='ocrx_word' id='word_1_612' title='bbox 2941 3972 3008 4024; x_wconf 90' lang='lat' dir='ltr'><strong>iis</strong></span> <span class='ocrx_word' id='word_1_613' title='bbox 3056 3966 3150 4037; x_wconf 91' lang='lat' dir='ltr'><strong>qui</strong></span> <span class='ocrx_word' id='word_1_614' title='bbox 3188 3966 3298 4034; x_wconf 83' lang='lat' dir='ltr'><strong>jam</strong></span> <span class='ocrx_word' id='word_1_615' title='bbox 3344 3963 3410 4018; x_wconf 90' lang='lat' dir='ltr'><strong>ad</strong></span> <span class='ocrx_word' id='word_1_616' title='bbox 3460 3970 3684 4015; x_wconf 86' lang='lat' dir='ltr'><strong>nostras</strong></span> 
     </span>
    </p>
   </div>
   <div class='ocr_carea' id='block_1_86' title="bbox 2108 4057 3685 4142">
    <p class='ocr_par' dir='ltr' id='par_1_86' title="bbox 2108 4057 3685 4142">
     <span class='ocr_line' id='line_1_87' title="bbox 2108 4057 3685 4142; baseline -0.013 -15"><span class='ocrx_word' id='word_1_617' title='bbox 2108 4081 2290 4142; x_wconf 87' lang='lat' dir='ltr'><strong>partes</strong></span> <span class='ocrx_word' id='word_1_618' title='bbox 2329 4067 2574 4139; x_wconf 88' lang='lat' dir='ltr'><strong>adjuncti</strong></span> <span class='ocrx_word' id='word_1_619' title='bbox 2619 4075 2767 4128; x_wconf 90' lang='lat' dir='ltr'><strong>sunt,</strong></span> <span class='ocrx_word' id='word_1_620' title='bbox 2801 4073 2918 4130; x_wconf 86' lang='lat' dir='ltr'><strong>aut,</strong></span> <span class='ocrx_word' id='word_1_621' title='bbox 2968 4071 3027 4115; x_wconf 95' lang='lat' dir='ltr'><strong>ut</strong></span> <span class='ocrx_word' id='word_1_622' title='bbox 3073 4073 3254 4129; x_wconf 87' lang='lat' dir='ltr'><strong>spero,</strong></span> <span class='ocrx_word' id='word_1_623' title='bbox 3290 4057 3685 4127; x_wconf 77' lang='lat' dir='ltr'><strong>adjungentur,</strong></span> 
     </span>
    </p>
   </div>
   <div class='ocr_carea' id='block_1_87' title="bbox 2107 4155 3686 4231">
    <p class='ocr_par' dir='ltr' id='par_1_87' title="bbox 2107 4155 3686 4231">
     <span class='ocr_line' id='line_1_88' title="bbox 2107 4155 3686 4231; baseline -0.01 -7"><span class='ocrx_word' id='word_1_624' title='bbox 2107 4167 2414 4224; x_wconf 84' lang='lat' dir='ltr'><strong>doctrinam</strong></span> <span class='ocrx_word' id='word_1_625' title='bbox 2462 4164 2530 4219; x_wconf 88' lang='lat' dir='ltr'><strong>de</strong></span> <span class='ocrx_word' id='word_1_626' title='bbox 2581 4162 2790 4231; x_wconf 89' lang='lat' dir='ltr'><strong>Spiritu</strong></span> <span class='ocrx_word' id='word_1_627' title='bbox 2840 4168 3030 4214; x_wconf 89' lang='lat' dir='ltr'><strong>sancto</strong></span> <span class='ocrx_word' id='word_1_628' title='bbox 3081 4155 3246 4211; x_wconf 91' lang='lat' dir='ltr'><strong>simul</strong></span> <span class='ocrx_word' id='word_1_629' title='bbox 3294 4155 3569 4210; x_wconf 88' lang='lat' dir='ltr'><strong>discutere</strong></span> <span class='ocrx_word' id='word_1_630' title='bbox 3616 4167 3686 4208; x_wconf 84' lang='lat' dir='ltr'><strong>ac</strong></span> 
     </span>
    </p>
   </div>
   <div class='ocr_carea' id='block_1_88' title="bbox 2097 4247 3687 4330">
    <p class='ocr_par' dir='ltr' id='par_1_88' title="bbox 2097 4247 3687 4330">
     <span class='ocr_line' id='line_1_89' title="bbox 2097 4247 3687 4330; baseline -0.009 -15"><span class='ocrx_word' id='word_1_631' title='bbox 2097 4259 2441 4330; x_wconf 78' lang='lat' dir='ltr'><strong>perpendere</strong></span> <span class='ocrx_word' id='word_1_632' title='bbox 2466 4255 2613 4310; x_wconf 88' lang='lat' dir='ltr'><strong>volo.</strong></span> <span class='ocrx_word' id='word_1_633' title='bbox 2636 4254 2895 4319; x_wconf 78' lang='lat' dir='ltr'><strong>Quaenam</strong></span> <span class='ocrx_word' id='word_1_634' title='bbox 2921 4260 3102 4306; x_wconf 89' lang='lat' dir='ltr'><strong>autem</strong></span> <span class='ocrx_word' id='word_1_635' title='bbox 3129 4259 3212 4304; x_wconf 88' lang='lat' dir='ltr'><strong>est</strong></span> <span class='ocrx_word' id='word_1_636' title='bbox 3238 4251 3349 4302; x_wconf 77' lang='lat' dir='ltr'><strong>[uec</strong></span> <span class='ocrx_word' id='word_1_637' title='bbox 3376 4247 3687 4302; x_wconf 78' lang='lat' dir='ltr'><strong>discussio!</strong></span> 
     </span>
    </p>
   </div>
   <div class='ocr_carea' id='block_1_89' title="bbox 2111 4341 3685 4408">
    <p class='ocr_par' dir='ltr' id='par_1_89' title="bbox 2111 4341 3685 4408">
     <span class='ocr_line' id='line_1_90' title="bbox 2111 4341 3685 4408; baseline -0.01 -3"><span class='ocrx_word' id='word_1_638' title='bbox 2111 4350 2520 4406; x_wconf 81' lang='lat' dir='ltr'><strong>Contrariorum</strong></span> <span class='ocrx_word' id='word_1_639' title='bbox 2574 4349 2677 4402; x_wconf 90' lang='lat' dir='ltr'><strong>alia</strong></span> <span class='ocrx_word' id='word_1_640' title='bbox 2731 4345 2909 4400; x_wconf 83' lang='lat' dir='ltr'><strong>medio</strong></span> <span class='ocrx_word' id='word_1_641' title='bbox 2963 4351 3153 4398; x_wconf 87' lang='lat' dir='ltr'><strong>carent</strong></span> <span class='ocrx_word' id='word_1_642' title='bbox 3204 4350 3262 4394; x_wconf 93' lang='lat' dir='ltr'><strong>ut</strong></span> <span class='ocrx_word' id='word_1_643' title='bbox 3315 4341 3581 4408; x_wconf 84' lang='lat' dir='ltr'><strong>integrum</strong></span> <span class='ocrx_word' id='word_1_644' title='bbox 3627 4348 3685 4392; x_wconf 84' lang='lat' dir='ltr'><strong>et</strong></span> 
     </span>
    </p>
   </div>
   <div class='ocr_carea' id='block_1_90' title="bbox 443 4423 1993 4512">
    <p class='ocr_par' dir='ltr' id='par_1_90' title="bbox 443 4423 1993 4495">
     <span class='ocr_line' id='line_1_91' title="bbox 443 4423 1993 4495; baseline 0 -14"><span class='ocrx_word' id='word_1_645' title='bbox 443 4425 756 4481; x_wconf 87' lang='lat' dir='ltr'><strong>accuratius</strong></span> <span class='ocrx_word' id='word_1_646' title='bbox 818 4426 1176 4494; x_wconf 81' lang='lat' dir='ltr'><strong>exactiusque</strong></span> <span class='ocrx_word' id='word_1_647' title='bbox 1248 4426 1300 4477; x_wconf 94' lang='lat' dir='ltr'><strong>in</strong></span> <span class='ocrx_word' id='word_1_648' title='bbox 1368 4423 1616 4478; x_wconf 89' lang='lat' dir='ltr'><strong>oratione</strong></span> <span class='ocrx_word' id='word_1_649' title='bbox 1668 4425 1734 4479; x_wconf 89' lang='lat' dir='ltr'><strong>de</strong></span> <span class='ocrx_word' id='word_1_650' title='bbox 1798 4426 1993 4495; x_wconf 85' lang='lat' dir='ltr'><strong>Spiritu</strong></span> 
     </span>
    </p>
   </div>
   <div class='ocr_carea' id='block_1_91' title="bbox 2096 4423 3686 4512">
    <p class='ocr_par' dir='ltr' id='par_1_91' title="bbox 2109 4429 3686 4512">
     <span class='ocr_line' id='line_1_92' title="bbox 2109 4429 3686 4512; baseline -0.01 -14"><span class='ocrx_word' id='word_1_651' title='bbox 2109 4441 2462 4512; x_wconf 82' lang='lat' dir='ltr'><strong>superfluum,</strong></span> <span class='ocrx_word' id='word_1_652' title='bbox 2496 4441 2588 4494; x_wconf 87' lang='lat' dir='ltr'><strong>lux</strong></span> <span class='ocrx_word' id='word_1_653' title='bbox 2631 4449 2684 4494; x_wconf 93' lang='lat' dir='ltr'><strong>et</strong></span> <span class='ocrx_word' id='word_1_654' title='bbox 2727 4437 2963 4492; x_wconf 62' lang='lat' dir='ltr'><strong>tenebrae</strong></span> <span class='ocrx_word' id='word_1_655' title='bbox 2990 4435 3207 4503; x_wconf 80' lang='lat' dir='ltr'><strong>(horum</strong></span> <span class='ocrx_word' id='word_1_656' title='bbox 3253 4431 3397 4485; x_wconf 89' lang='lat' dir='ltr'><strong>enim</strong></span> <span class='ocrx_word' id='word_1_657' title='bbox 3445 4429 3686 4485; x_wconf 82' lang='lat' dir='ltr'><strong>medium</strong></span> 
     </span>
    </p>
   </div>
   <div class='ocr_carea' id='block_1_92' title="bbox 441 4515 2012 4588">
    <p class='ocr_par' dir='ltr' id='par_1_92' title="bbox 441 4515 2012 4588">
     <span class='ocr_line' id='line_1_93' title="bbox 441 4515 2012 4588; baseline 0.001 -15"><span class='ocrx_word' id='word_1_658' title='bbox 441 4528 631 4575; x_wconf 89' lang='lat' dir='ltr'><strong>sancto</strong></span> <span class='ocrx_word' id='word_1_659' title='bbox 667 4517 982 4587; x_wconf 84' lang='lat' dir='ltr'><strong>Theologus</strong></span> <span class='ocrx_word' id='word_1_660' title='bbox 1034 4518 1352 4588; x_wconf 80' lang='lat' dir='ltr'><strong>diSputavit.</strong></span> <span class='ocrx_word' id='word_1_661' title='bbox 1405 4515 1516 4572; x_wconf 87' lang='lat' dir='ltr'><strong>Hac</strong></span> <span class='ocrx_word' id='word_1_662' title='bbox 1546 4518 1708 4586; x_wconf 82' lang='lat' dir='ltr'><strong>igitur</strong></span> <span class='ocrx_word' id='word_1_663' title='bbox 1743 4519 2012 4574; x_wconf 86' lang='lat' dir='ltr'><strong>divisione</strong></span> 
     </span>
    </p>
   </div>
   <div class='ocr_carea' id='block_1_93' title="bbox 451 4611 2011 4680">
    <p class='ocr_par' dir='ltr' id='par_1_93' title="bbox 451 4611 2011 4680">
     <span class='ocr_line' id='line_1_94' title="bbox 451 4611 2011 4680; baseline -0.001 -13"><span class='ocrx_word' id='word_1_664' title='bbox 451 4613 624 4667; x_wconf 85' lang='lat' dir='ltr'><strong>utitur</strong></span> <span class='ocrx_word' id='word_1_665' title='bbox 654 4629 668 4665; x_wconf 90' lang='lat'><strong>:</strong></span> <span class='ocrx_word' id='word_1_666' title='bbox 699 4611 935 4680; x_wconf 85' lang='lat' dir='ltr'><strong>Spiritus</strong></span> <span class='ocrx_word' id='word_1_667' title='bbox 967 4621 1214 4675; x_wconf 87' lang='lat' dir='ltr'><strong>sanctus,</strong></span> <span class='ocrx_word' id='word_1_668' title='bbox 1248 4619 1342 4662; x_wconf 87' lang='lat' dir='ltr'><strong>aut</strong></span> <span class='ocrx_word' id='word_1_669' title='bbox 1387 4625 1480 4678; x_wconf 90' lang='lat' dir='ltr'><strong>per</strong></span> <span class='ocrx_word' id='word_1_670' title='bbox 1517 4625 1574 4663; x_wconf 91' lang='lat' dir='ltr'><strong>se</strong></span> <span class='ocrx_word' id='word_1_671' title='bbox 1626 4611 1895 4676; x_wconf 84' lang='lat' dir='ltr'><strong>subsistit,</strong></span> <span class='ocrx_word' id='word_1_672' title='bbox 1931 4620 2011 4665; x_wconf 86' lang='lat' dir='ltr'><strong>at--</strong></span> 
     </span>
    </p>
   </div>
   <div class='ocr_carea' id='block_1_94' title="bbox 442 4705 2008 4779">
    <p class='ocr_par' dir='ltr' id='par_1_94' title="bbox 442 4705 2008 4779">
     <span class='ocr_line' id='line_1_95' title="bbox 442 4705 2008 4779; baseline -0.003 -16"><span class='ocrx_word' id='word_1_673' title='bbox 442 4725 549 4779; x_wconf 89' lang='lat' dir='ltr'><strong>que</strong></span> <span class='ocrx_word' id='word_1_674' title='bbox 577 4717 661 4763; x_wconf 90' lang='lat' dir='ltr'><strong>est</strong></span> <span class='ocrx_word' id='word_1_675' title='bbox 694 4707 929 4762; x_wconf 89' lang='lat' dir='ltr'><strong>essentia</strong></span> <span class='ocrx_word' id='word_1_676' title='bbox 965 4723 978 4759; x_wconf 90' lang='lat'>:</span> <span class='ocrx_word' id='word_1_677' title='bbox 1007 4716 1101 4759; x_wconf 89' lang='lat' dir='ltr'><strong>aut</strong></span> <span class='ocrx_word' id='word_1_678' title='bbox 1124 4707 1177 4758; x_wconf 91' lang='lat' dir='ltr'><strong>in</strong></span> <span class='ocrx_word' id='word_1_679' title='bbox 1199 4708 1368 4760; x_wconf 85' lang='lat' dir='ltr'><strong>altero</strong></span> <span class='ocrx_word' id='word_1_680' title='bbox 1385 4705 1784 4770; x_wconf 57' lang='lat' dir='ltr'><strong>consideratur,</strong></span> <span class='ocrx_word' id='word_1_681' title='bbox 1808 4722 1873 4761; x_wconf 90' lang='lat' dir='ltr'><strong>ac</strong></span> <span class='ocrx_word' id='word_1_682' title='bbox 1896 4714 2008 4759; x_wconf 90' lang='lat' dir='ltr'><strong>tum</strong></span> 
     </span>
    </p>
   </div>
   <div class='ocr_carea' id='block_1_95' title="bbox 440 4797 2009 4868">
    <p class='ocr_par' dir='ltr' id='par_1_95' title="bbox 440 4797 2009 4868">
     <span class='ocr_line' id='line_1_96' title="bbox 440 4797 2009 4868; baseline -0.003 -14"><span class='ocrx_word' id='word_1_683' title='bbox 440 4801 720 4856; x_wconf 90' lang='lat' dir='ltr'><strong>accidens.</strong></span> <span class='ocrx_word' id='word_1_684' title='bbox 747 4799 1140 4852; x_wconf 88' lang='lat' dir='ltr'><strong>nominabitur.</strong></span> <span class='ocrx_word' id='word_1_685' title='bbox 1175 4797 1230 4851; x_wconf 91' lang='lat' dir='ltr'><strong>Si</strong></span> <span class='ocrx_word' id='word_1_686' title='bbox 1259 4797 1508 4852; x_wconf 91' lang='lat' dir='ltr'><strong>accidens</strong></span> <span class='ocrx_word' id='word_1_687' title='bbox 1554 4808 1655 4861; x_wconf 92' lang='lat' dir='ltr'><strong>est,</strong></span> <span class='ocrx_word' id='word_1_688' title='bbox 1691 4799 1880 4868; x_wconf 91' lang='lat' dir='ltr'><strong>utique</strong></span> <span class='ocrx_word' id='word_1_689' title='bbox 1915 4797 2009 4852; x_wconf 88' lang='lat' dir='ltr'><strong>Dei</strong></span> 
     </span>
    </p>
   </div>
   <div class='ocr_carea' id='block_1_96' title="bbox 445 4889 2005 4958">
    <p class='ocr_par' dir='ltr' id='par_1_96' title="bbox 445 4889 2005 4958">
     <span class='ocr_line' id='line_1_97' title="bbox 445 4889 2005 4958; baseline -0.003 -12"><span class='ocrx_word' id='word_1_690' title='bbox 445 4903 602 4946; x_wconf 89' lang='lat' dir='ltr'><strong>actus</strong></span> <span class='ocrx_word' id='word_1_691' title='bbox 629 4893 753 4946; x_wconf 83' lang='lat' dir='ltr'><strong>erit.</strong></span> <span class='ocrx_word' id='word_1_692' title='bbox 801 4889 976 4944; x_wconf 90' lang='lat' dir='ltr'><strong>Porro</strong></span> <span class='ocrx_word' id='word_1_693' title='bbox 1027 4891 1072 4944; x_wconf 92' lang='lat' dir='ltr'><strong>si</strong></span> <span class='ocrx_word' id='word_1_694' title='bbox 1129 4899 1284 4944; x_wconf 80' lang='lat' dir='ltr'><strong>artus</strong></span> <span class='ocrx_word' id='word_1_695' title='bbox 1354 4899 1458 4954; x_wconf 88' lang='lat' dir='ltr'><strong>est,</strong></span> <span class='ocrx_word' id='word_1_696' title='bbox 1517 4901 1707 4958; x_wconf 87' lang='lat' dir='ltr'><strong>agetur</strong></span> <span class='ocrx_word' id='word_1_697' title='bbox 1742 4889 2005 4958; x_wconf 87' lang='lat' dir='ltr'><strong>profecto,</strong></span> 
     </span>
    </p>
   </div>
   <div class='ocr_carea' id='block_1_97' title="bbox 442 4979 2004 5048">
    <p class='ocr_par' dir='ltr' id='par_1_97' title="bbox 442 4979 2004 5048">
     <span class='ocr_line' id='line_1_98' title="bbox 442 4979 2004 5048; baseline -0.003 -14"><span class='ocrx_word' id='word_1_698' title='bbox 442 4992 767 5046; x_wconf 80' lang='lat' dir='ltr'><strong>nouantem</strong></span> <span class='ocrx_word' id='word_1_699' title='bbox 811 4987 930 5047; x_wconf 83' lang='lat' dir='ltr'><strong>aget</strong></span> <span class='ocrx_word' id='word_1_700' title='bbox 986 4998 1000 5034; x_wconf 89' lang='lat'><strong>:</strong></span> <span class='ocrx_word' id='word_1_701' title='bbox 1072 4996 1136 5032; x_wconf 88' lang='lat' dir='ltr'><strong>ac</strong></span> <span class='ocrx_word' id='word_1_702' title='bbox 1191 4979 1354 5032; x_wconf 91' lang='lat' dir='ltr'><strong>simul</strong></span> <span class='ocrx_word' id='word_1_703' title='bbox 1419 4990 1580 5048; x_wconf 90' lang='lat' dir='ltr'><strong>atque</strong></span> <span class='ocrx_word' id='word_1_704' title='bbox 1619 4989 1771 5032; x_wconf 81' lang='lat' dir='ltr'><strong>artus</strong></span> <span class='ocrx_word' id='word_1_705' title='bbox 1821 4979 2004 5043; x_wconf 86' lang='lat' dir='ltr'><strong>fuerit,</strong></span> 
     </span>
    </p>
   </div>
   <div class='ocr_carea' id='block_1_98' title="bbox 443 5072 2007 5140">
    <p class='ocr_par' dir='ltr' id='par_1_98' title="bbox 443 5072 2007 5140">
     <span class='ocr_line' id='line_1_99' title="bbox 443 5072 2007 5140; baseline -0.002 -14"><span class='ocrx_word' id='word_1_706' title='bbox 443 5075 604 5127; x_wconf 78' lang='lat' dir='ltr'><strong>tinem</strong></span> <span class='ocrx_word' id='word_1_707' title='bbox 641 5073 884 5128; x_wconf 87' lang='lat' dir='ltr'><strong>habebit.</strong></span> <span class='ocrx_word' id='word_1_708' title='bbox 921 5072 1244 5140; x_wconf 79' lang='lat' dir='ltr'><strong>Hujusmodi</strong></span> <span class='ocrx_word' id='word_1_709' title='bbox 1276 5072 1422 5124; x_wconf 86' lang='lat' dir='ltr'><strong>enim</strong></span> <span class='ocrx_word' id='word_1_710' title='bbox 1460 5082 1542 5124; x_wconf 90' lang='lat' dir='ltr'><strong>est</strong></span> <span class='ocrx_word' id='word_1_711' title='bbox 1596 5079 1749 5124; x_wconf 80' lang='lat' dir='ltr'><strong>actus</strong></span> <span class='ocrx_word' id='word_1_712' title='bbox 1787 5079 2007 5123; x_wconf 89' lang='lat' dir='ltr'><strong>natura.</strong></span> 
     </span>
    </p>
   </div>
   <div class='ocr_carea' id='block_1_99' title="bbox 441 5162 2004 5236">
    <p class='ocr_par' dir='ltr' id='par_1_99' title="bbox 441 5162 2004 5236">
     <span class='ocr_line' id='line_1_100' title="bbox 441 5162 2004 5236; baseline -0.003 -17"><span class='ocrx_word' id='word_1_713' title='bbox 441 5167 604 5236; x_wconf 81' lang='lat' dir='ltr'><strong>Atqui</strong></span> <span class='ocrx_word' id='word_1_714' title='bbox 643 5166 878 5236; x_wconf 89' lang='lat' dir='ltr'><strong>Spiritus</strong></span> <span class='ocrx_word' id='word_1_715' title='bbox 909 5163 1039 5233; x_wconf 82' lang='lat' dir='ltr'><strong>agit,</strong></span> <span class='ocrx_word' id='word_1_716' title='bbox 1071 5172 1124 5216; x_wconf 90' lang='lat' dir='ltr'><strong>et</strong></span> <span class='ocrx_word' id='word_1_717' title='bbox 1157 5162 1404 5231; x_wconf 81' lang='lat' dir='ltr'><strong>quaedam</strong></span> <span class='ocrx_word' id='word_1_718' title='bbox 1452 5163 1604 5228; x_wconf 90' lang='lat' dir='ltr'><strong>dicit,</strong></span> <span class='ocrx_word' id='word_1_719' title='bbox 1637 5173 1689 5216; x_wconf 91' lang='lat' dir='ltr'><strong>et</strong></span> <span class='ocrx_word' id='word_1_720' title='bbox 1729 5172 2004 5233; x_wconf 80' lang='lat' dir='ltr'><strong>segregat,</strong></span> 
     </span>
    </p>
   </div>
   <div class='ocr_carea' id='block_1_100' title="bbox 447 5252 2006 5322">
    <p class='ocr_par' dir='ltr' id='par_1_100' title="bbox 447 5252 2006 5322">
     <span class='ocr_line' id='line_1_101' title="bbox 447 5252 2006 5322; baseline -0.002 -13"><span class='ocrx_word' id='word_1_721' title='bbox 447 5269 502 5309; x_wconf 87' lang='lat' dir='ltr'><strong>et</strong></span> <span class='ocrx_word' id='word_1_722' title='bbox 526 5272 756 5310; x_wconf 75' lang='lat' dir='ltr'><strong>trrmrore</strong></span> <span class='ocrx_word' id='word_1_723' title='bbox 782 5255 1034 5318; x_wconf 84' lang='lat' dir='ltr'><strong>aﬂicitur,</strong></span> <span class='ocrx_word' id='word_1_724' title='bbox 1059 5263 1109 5307; x_wconf 87' lang='lat' dir='ltr'><strong>et</strong></span> <span class='ocrx_word' id='word_1_725' title='bbox 1128 5252 1395 5317; x_wconf 82' lang='lat' dir='ltr'><strong>irritatur,</strong></span> <span class='ocrx_word' id='word_1_726' title='bbox 1417 5262 1468 5305; x_wconf 89' lang='lat' dir='ltr'><strong>et</strong></span> <span class='ocrx_word' id='word_1_727' title='bbox 1494 5262 1688 5306; x_wconf 72' lang='lat' dir='ltr'><strong>caetera</strong></span> <span class='ocrx_word' id='word_1_728' title='bbox 1708 5254 1824 5318; x_wconf 81' lang='lat' dir='ltr'><strong>ejus</strong></span> <span class='ocrx_word' id='word_1_729' title='bbox 1845 5267 2006 5322; x_wconf 69' lang='lat' dir='ltr'><strong>gene-</strong></span> 
     </span>
    </p>
   </div>
   <div class='ocr_carea' id='block_1_101' title="bbox 447 5344 2006 5416">
    <p class='ocr_par' dir='ltr' id='par_1_101' title="bbox 447 5344 2006 5416">
     <span class='ocr_line' id='line_1_102' title="bbox 447 5344 2006 5416; baseline -0.002 -15"><span class='ocrx_word' id='word_1_730' title='bbox 447 5350 542 5411; x_wconf 80' lang='lat' dir='ltr'><strong>ris,</strong></span> <span class='ocrx_word' id='word_1_731' title='bbox 567 5363 688 5416; x_wconf 67' lang='lat' dir='ltr'><strong>qum</strong></span> <span class='ocrx_word' id='word_1_732' title='bbox 713 5363 817 5401; x_wconf 92' lang='lat' dir='ltr'><strong>non</strong></span> <span class='ocrx_word' id='word_1_733' title='bbox 850 5348 1043 5410; x_wconf 89' lang='lat' dir='ltr'><strong>motui,</strong></span> <span class='ocrx_word' id='word_1_734' title='bbox 1097 5347 1188 5400; x_wconf 89' lang='lat' dir='ltr'><strong>sed</strong></span> <span class='ocrx_word' id='word_1_735' title='bbox 1223 5346 1270 5400; x_wconf 90' lang='lat' dir='ltr'><strong>ei</strong></span> <span class='ocrx_word' id='word_1_736' title='bbox 1323 5347 1468 5414; x_wconf 86' lang='lat' dir='ltr'><strong>quod</strong></span> <span class='ocrx_word' id='word_1_737' title='bbox 1517 5355 1722 5398; x_wconf 88' lang='lat' dir='ltr'><strong>motum</strong></span> <span class='ocrx_word' id='word_1_738' title='bbox 1755 5344 2006 5412; x_wconf 79' lang='lat' dir='ltr'><strong>habebat,</strong></span> 
     </span>
    </p>
   </div>
   <div class='ocr_carea' id='block_1_102' title="bbox 445 5436 2008 5506">
    <p class='ocr_par' dir='ltr' id='par_1_102' title="bbox 445 5436 2008 5506">
     <span class='ocr_line' id='line_1_103' title="bbox 445 5436 2008 5506; baseline 0 -14"><span class='ocrx_word' id='word_1_739' title='bbox 445 5439 797 5502; x_wconf 87' lang='lat' dir='ltr'><strong>conveniunt,</strong></span> <span class='ocrx_word' id='word_1_740' title='bbox 847 5438 950 5492; x_wconf 92' lang='lat' dir='ltr'><strong>hoc</strong></span> <span class='ocrx_word' id='word_1_741' title='bbox 985 5448 1090 5501; x_wconf 88' lang='lat' dir='ltr'><strong>est,</strong></span> <span class='ocrx_word' id='word_1_742' title='bbox 1139 5439 1340 5506; x_wconf 78' lang='lat' dir='ltr'><strong>agenti,</strong></span> <span class='ocrx_word' id='word_1_743' title='bbox 1378 5453 1440 5490; x_wconf 90' lang='lat' dir='ltr'><strong>ac</strong></span> <span class='ocrx_word' id='word_1_744' title='bbox 1475 5452 1583 5489; x_wconf 92' lang='lat' dir='ltr'><strong>non</strong></span> <span class='ocrx_word' id='word_1_745' title='bbox 1641 5436 1804 5490; x_wconf 84' lang='lat' dir='ltr'><strong>actui.</strong></span> <span class='ocrx_word' id='word_1_746' title='bbox 1841 5437 2008 5492; x_wconf 87' lang='lat' dir='ltr'><strong>Actus</strong></span> 
     </span>
    </p>
   </div>
   <div class='ocr_carea' id='block_1_103' title="bbox 446 5527 2000 5598">
    <p class='ocr_par' dir='ltr' id='par_1_103' title="bbox 446 5527 2000 5598">
     <span class='ocr_line' id='line_1_104' title="bbox 446 5527 2000 5598; baseline 0.003 -19"><span class='ocrx_word' id='word_1_747' title='bbox 446 5530 624 5597; x_wconf 61' lang='lat' dir='ltr'><strong>itaque</strong></span> <span class='ocrx_word' id='word_1_748' title='bbox 656 5545 761 5581; x_wconf 89' lang='lat' dir='ltr'><strong>non</strong></span> <span class='ocrx_word' id='word_1_749' title='bbox 797 5541 877 5584; x_wconf 86' lang='lat' dir='ltr'><strong>est</strong></span> <span class='ocrx_word' id='word_1_750' title='bbox 907 5529 1144 5598; x_wconf 71' lang='lat' dir='ltr'><strong>Spiritus</strong></span> <span class='ocrx_word' id='word_1_751' title='bbox 1176 5541 1419 5583; x_wconf 80' lang='lat' dir='ltr'><strong>sanctus.</strong></span> <span class='ocrx_word' id='word_1_752' title='bbox 1447 5527 1565 5582; x_wconf 81' lang='lat' dir='ltr'><strong>Jam</strong></span> <span class='ocrx_word' id='word_1_753' title='bbox 1604 5531 1647 5583; x_wconf 89' lang='lat' dir='ltr'><strong>si</strong></span> <span class='ocrx_word' id='word_1_754' title='bbox 1697 5530 2000 5584; x_wconf 86' lang='lat' dir='ltr'><strong>substantia</strong></span> 
     </span>
    </p>
   </div>
   <div class='ocr_carea' id='block_1_104' title="bbox 511 5701 1579 5770">
    <p class='ocr_par' dir='ltr' id='par_1_104' title="bbox 511 5701 1579 5770">
     <span class='ocr_line' id='line_1_105' title="bbox 511 5701 1579 5770; baseline 0.003 -15"><span class='ocrx_word' id='word_1_755' title='bbox 511 5704 558 5736; x_wconf 74' lang='grc'>⁸⁵</span> <span class='ocrx_word' id='word_1_756' title='bbox 599 5701 743 5757; x_wconf 76' lang='lat' dir='ltr'><strong>Psal.</strong></span> <span class='ocrx_word' id='word_1_757' title='bbox 791 5719 870 5769; x_wconf 88' lang='lat' dir='ltr'><strong>m,</strong></span> <span class='ocrx_word' id='word_1_758' title='bbox 911 5705 963 5757; x_wconf 83' lang='grc'><strong>5.</strong></span> <span class='ocrx_word' id='word_1_759' title='bbox 1038 5705 1086 5736; x_wconf 73' lang='grc'><strong>⁵⁸</strong></span> <span class='ocrx_word' id='word_1_760' title='bbox 1117 5702 1274 5760; x_wconf 79' lang='lat' dir='ltr'><strong>Joan.</strong></span> <span class='ocrx_word' id='word_1_761' title='bbox 1331 5721 1438 5770; x_wconf 74' lang='lat' dir='ltr'><strong>XIV,</strong></span> <span class='ocrx_word' id='word_1_762' title='bbox 1497 5707 1579 5763; x_wconf 83' lang='grc'><strong>16.</strong></span> 
     </span>
    </p>
   </div>
   <div class='ocr_carea' id='block_1_105' title="bbox 1659 5705 2187 5773">
    <p class='ocr_par' dir='ltr' id='par_1_105' title="bbox 1659 5705 2187 5773">
     <span class='ocr_line' id='line_1_106' title="bbox 1659 5705 2187 5773; baseline -0.002 -15"><span class='ocrx_word' id='word_1_763' title='bbox 1659 5707 1700 5736; x_wconf 64' lang='grc'><strong>⁵⁷</strong></span> <span class='ocrx_word' id='word_1_764' title='bbox 1758 5705 1915 5759; x_wconf 82' lang='lat' dir='ltr'><strong>Rom.</strong></span> <span class='ocrx_word' id='word_1_765' title='bbox 1961 5720 2080 5773; x_wconf 88' lang='lat' dir='ltr'><strong>vltt,</strong></span> <span class='ocrx_word' id='word_1_766' title='bbox 2133 5707 2187 5757; x_wconf 72' lang='lat'><strong>2.</strong></span> 
     </span>
    </p>
   </div>
   <div class='ocr_carea' id='block_1_106' title="bbox 2107 4521 3685 4603">
    <p class='ocr_par' dir='ltr' id='par_1_106' title="bbox 2107 4521 3685 4603">
     <span class='ocr_line' id='line_1_107' title="bbox 2107 4521 3685 4603; baseline -0.01 -15"><span class='ocrx_word' id='word_1_767' title='bbox 2107 4534 2315 4588; x_wconf 84' lang='lat' dir='ltr'><strong>nullum</strong></span> <span class='ocrx_word' id='word_1_768' title='bbox 2365 4532 2494 4603; x_wconf 82' lang='lat' dir='ltr'><strong>est),</strong></span> <span class='ocrx_word' id='word_1_769' title='bbox 2529 4533 2636 4586; x_wconf 89' lang='lat' dir='ltr'><strong>alia</strong></span> <span class='ocrx_word' id='word_1_770' title='bbox 2678 4529 2914 4585; x_wconf 87' lang='lat' dir='ltr'><strong>mediutn</strong></span> <span class='ocrx_word' id='word_1_771' title='bbox 2966 4527 3184 4581; x_wconf 88' lang='lat' dir='ltr'><strong>habent.</strong></span> <span class='ocrx_word' id='word_1_772' title='bbox 3232 4521 3444 4577; x_wconf 80' lang='lat' dir='ltr'><strong>Rursus</strong></span> <span class='ocrx_word' id='word_1_773' title='bbox 3490 4536 3685 4575; x_wconf 86' lang='lat' dir='ltr'><strong>eorum</strong></span> 
     </span>
    </p>
   </div>
   <div class='ocr_carea' id='block_1_107' title="bbox 2108 4610 3686 4691">
    <p class='ocr_par' dir='ltr' id='par_1_107' title="bbox 2108 4610 3686 4691">
     <span class='ocr_line' id='line_1_108' title="bbox 2108 4610 3686 4691; baseline -0.01 -15"><span class='ocrx_word' id='word_1_774' title='bbox 2108 4636 2230 4691; x_wconf 73' lang='lat' dir='ltr'><strong>qua:</strong></span> <span class='ocrx_word' id='word_1_775' title='bbox 2265 4621 2504 4674; x_wconf 88' lang='lat' dir='ltr'><strong>mediutn</strong></span> <span class='ocrx_word' id='word_1_776' title='bbox 2556 4619 2776 4683; x_wconf 86' lang='lat' dir='ltr'><strong>habent,</strong></span> <span class='ocrx_word' id='word_1_777' title='bbox 2809 4617 2914 4671; x_wconf 82' lang='lat' dir='ltr'><strong>alia</strong></span> <span class='ocrx_word' id='word_1_778' title='bbox 2962 4614 3198 4668; x_wconf 89' lang='lat' dir='ltr'><strong>medium</strong></span> <span class='ocrx_word' id='word_1_779' title='bbox 3248 4627 3412 4665; x_wconf 91' lang='lat' dir='ltr'><strong>unum</strong></span> <span class='ocrx_word' id='word_1_780' title='bbox 3461 4610 3686 4670; x_wconf 86' lang='lat' dir='ltr'><strong>habent,</strong></span> 
     </span>
    </p>
   </div>
   <div class='ocr_carea' id='block_1_108' title="bbox 2111 4706 3684 4785">
    <p class='ocr_par' dir='ltr' id='par_1_108' title="bbox 2111 4706 3684 4785">
     <span class='ocr_line' id='line_1_109' title="bbox 2111 4706 3684 4785; baseline -0.011 -14"><span class='ocrx_word' id='word_1_781' title='bbox 2111 4726 2170 4770; x_wconf 85' lang='lat' dir='ltr'><strong>ut</strong></span> <span class='ocrx_word' id='word_1_782' title='bbox 2194 4715 2406 4785; x_wconf 90' lang='lat' dir='ltr'><strong>justum</strong></span> <span class='ocrx_word' id='word_1_783' title='bbox 2438 4724 2492 4768; x_wconf 91' lang='lat' dir='ltr'><strong>et</strong></span> <span class='ocrx_word' id='word_1_784' title='bbox 2538 4711 2804 4780; x_wconf 88' lang='lat' dir='ltr'><strong>injustum</strong></span> <span class='ocrx_word' id='word_1_785' title='bbox 2852 4712 3068 4780; x_wconf 89' lang='lat' dir='ltr'><strong>(horum</strong></span> <span class='ocrx_word' id='word_1_786' title='bbox 3105 4706 3252 4761; x_wconf 91' lang='lat' dir='ltr'><strong>enim</strong></span> <span class='ocrx_word' id='word_1_787' title='bbox 3303 4706 3542 4760; x_wconf 88' lang='lat' dir='ltr'><strong>medium</strong></span> <span class='ocrx_word' id='word_1_788' title='bbox 3580 4713 3684 4761; x_wconf 90' lang='lat' dir='ltr'><strong>est.</strong></span> 
     </span>
    </p>
   </div>
   <div class='ocr_carea' id='block_1_109' title="bbox 2110 4796 3683 4878">
    <p class='ocr_par' dir='ltr' id='par_1_109' title="bbox 2110 4796 3683 4878">
     <span class='ocr_line' id='line_1_110' title="bbox 2110 4796 3683 4878; baseline -0.012 -15"><span class='ocrx_word' id='word_1_789' title='bbox 2110 4808 2253 4878; x_wconf 90' lang='lat' dir='ltr'><strong>quod</strong></span> <span class='ocrx_word' id='word_1_790' title='bbox 2303 4813 2559 4860; x_wconf 88' lang='lat' dir='ltr'><strong>neutrum</strong></span> <span class='ocrx_word' id='word_1_791' title='bbox 2593 4802 2740 4871; x_wconf 87' lang='lat' dir='ltr'><strong>est);</strong></span> <span class='ocrx_word' id='word_1_792' title='bbox 2791 4802 2896 4854; x_wconf 91' lang='lat' dir='ltr'><strong>alia</strong></span> <span class='ocrx_word' id='word_1_793' title='bbox 2939 4809 3142 4860; x_wconf 90' lang='lat' dir='ltr'><strong>autem,</strong></span> <span class='ocrx_word' id='word_1_794' title='bbox 3191 4797 3347 4866; x_wconf 88' lang='lat' dir='ltr'><strong>plura</strong></span> <span class='ocrx_word' id='word_1_795' title='bbox 3396 4796 3595 4857; x_wconf 87' lang='lat' dir='ltr'><strong>media,</strong></span> <span class='ocrx_word' id='word_1_796' title='bbox 3631 4805 3683 4846; x_wconf 87' lang='lat' dir='ltr'><strong>ut</strong></span> 
     </span>
    </p>
   </div>
   <div class='ocr_carea' id='block_1_110' title="bbox 2115 4888 3686 4965">
    <p class='ocr_par' dir='ltr' id='par_1_110' title="bbox 2115 4888 3686 4965">
     <span class='ocr_line' id='line_1_111' title="bbox 2115 4888 3686 4965; baseline -0.011 -12"><span class='ocrx_word' id='word_1_797' title='bbox 2115 4899 2296 4953; x_wconf 88' lang='lat' dir='ltr'><strong>album</strong></span> <span class='ocrx_word' id='word_1_798' title='bbox 2337 4906 2390 4951; x_wconf 88' lang='lat' dir='ltr'><strong>et</strong></span> <span class='ocrx_word' id='word_1_799' title='bbox 2424 4896 2672 4965; x_wconf 77' lang='lat' dir='ltr'><strong>nigrum:</strong></span> <span class='ocrx_word' id='word_1_800' title='bbox 2717 4895 2910 4948; x_wconf 89' lang='lat' dir='ltr'><strong>horum</strong></span> <span class='ocrx_word' id='word_1_801' title='bbox 2943 4893 3084 4945; x_wconf 89' lang='lat' dir='ltr'><strong>enim</strong></span> <span class='ocrx_word' id='word_1_802' title='bbox 3121 4891 3296 4943; x_wconf 89' lang='lat' dir='ltr'><strong>media</strong></span> <span class='ocrx_word' id='word_1_803' title='bbox 3332 4888 3500 4940; x_wconf 82' lang='lat' dir='ltr'><strong>multa</strong></span> <span class='ocrx_word' id='word_1_804' title='bbox 3529 4899 3686 4944; x_wconf 72' lang='lat' dir='ltr'><strong>suur,</strong></span> 
     </span>
    </p>
   </div>
   <div class='ocr_carea' id='block_1_111' title="bbox 2116 4980 3686 5059">
    <p class='ocr_par' dir='ltr' id='par_1_111' title="bbox 2116 4980 3686 5059">
     <span class='ocr_line' id='line_1_112' title="bbox 2116 4980 3686 5059; baseline -0.009 -15"><span class='ocrx_word' id='word_1_805' title='bbox 2116 4991 2363 5057; x_wconf 88' lang='lat' dir='ltr'><strong>fuscum,</strong></span> <span class='ocrx_word' id='word_1_806' title='bbox 2422 4989 2715 5059; x_wconf 86' lang='lat' dir='ltr'><strong>pallidum,</strong></span> <span class='ocrx_word' id='word_1_807' title='bbox 2772 4987 3033 5048; x_wconf 89' lang='lat' dir='ltr'><strong>rubrum,</strong></span> <span class='ocrx_word' id='word_1_808' title='bbox 3095 4983 3312 5037; x_wconf 84' lang='lat' dir='ltr'><strong>flavum.</strong></span> <span class='ocrx_word' id='word_1_809' title='bbox 3370 4980 3686 5033; x_wconf 68' lang='lat' dir='ltr'><strong>caeruleum.</strong></span> 
     </span>
    </p>
   </div>
   <div class='ocr_carea' id='block_1_112' title="bbox 2117 5071 3685 5151">
    <p class='ocr_par' dir='ltr' id='par_1_112' title="bbox 2117 5071 3685 5151">
     <span class='ocr_line' id='line_1_113' title="bbox 2117 5071 3685 5151; baseline -0.01 -15"><span class='ocrx_word' id='word_1_810' title='bbox 2117 5081 2322 5136; x_wconf 86' lang='lat' dir='ltr'><strong>Eodem</strong></span> <span class='ocrx_word' id='word_1_811' title='bbox 2372 5080 2534 5151; x_wconf 82' lang='lat' dir='ltr'><strong>igitur</strong></span> <span class='ocrx_word' id='word_1_812' title='bbox 2565 5077 2726 5132; x_wconf 90' lang='lat' dir='ltr'><strong>modo</strong></span> <span class='ocrx_word' id='word_1_813' title='bbox 2770 5076 3072 5131; x_wconf 85' lang='lat' dir='ltr'><strong>dominium</strong></span> <span class='ocrx_word' id='word_1_814' title='bbox 3099 5083 3150 5128; x_wconf 91' lang='lat' dir='ltr'><strong>et</strong></span> <span class='ocrx_word' id='word_1_815' title='bbox 3177 5073 3431 5127; x_wconf 88' lang='lat' dir='ltr'><strong>servitus.</strong></span> <span class='ocrx_word' id='word_1_816' title='bbox 3464 5085 3587 5123; x_wconf 89' lang='lat' dir='ltr'><strong>eum</strong></span> <span class='ocrx_word' id='word_1_817' title='bbox 3621 5071 3685 5121; x_wconf 85' lang='lat' dir='ltr'><strong>de</strong></span> 
     </span>
    </p>
   </div>
   <div class='ocr_carea' id='block_1_113' title="bbox 2114 5162 3685 5236">
    <p class='ocr_par' dir='ltr' id='par_1_113' title="bbox 2114 5162 3685 5236">
     <span class='ocr_line' id='line_1_114' title="bbox 2114 5162 3685 5236; baseline -0.01 -11"><span class='ocrx_word' id='word_1_818' title='bbox 2114 5173 2282 5226; x_wconf 85' lang='lat' dir='ltr'><strong>rebus</strong></span> <span class='ocrx_word' id='word_1_819' title='bbox 2331 5169 2574 5225; x_wconf 85' lang='lat' dir='ltr'><strong>fortuitis</strong></span> <span class='ocrx_word' id='word_1_820' title='bbox 2621 5168 2820 5236; x_wconf 81' lang='lat' dir='ltr'><strong>agitur,</strong></span> <span class='ocrx_word' id='word_1_821' title='bbox 2877 5166 3108 5219; x_wconf 90' lang='lat' dir='ltr'><strong>medium</strong></span> <span class='ocrx_word' id='word_1_822' title='bbox 3162 5164 3362 5216; x_wconf 86' lang='lat' dir='ltr'><strong>habent</strong></span> <span class='ocrx_word' id='word_1_823' title='bbox 3407 5162 3572 5227; x_wconf 78' lang='lat' dir='ltr'><strong>(inter</strong></span> <span class='ocrx_word' id='word_1_824' title='bbox 3623 5177 3685 5210; x_wconf 84' lang='lat' dir='ltr'><strong>ea</strong></span> 
     </span>
    </p>
   </div>
   <div class='ocr_carea' id='block_1_114' title="bbox 2117 5251 3686 5328">
    <p class='ocr_par' dir='ltr' id='par_1_114' title="bbox 2117 5251 3686 5328">
     <span class='ocr_line' id='line_1_115' title="bbox 2117 5251 3686 5328; baseline -0.011 -12"><span class='ocrx_word' id='word_1_825' title='bbox 2117 5251 2258 5316; x_wconf 75' lang='lat' dir='ltr'><strong>enim</strong></span> <span class='ocrx_word' id='word_1_826' title='bbox 2295 5262 2518 5315; x_wconf 89' lang='lat' dir='ltr'><strong>libertas</strong></span> <span class='ocrx_word' id='word_1_827' title='bbox 2557 5259 2839 5328; x_wconf 90' lang='lat' dir='ltr'><strong>interjecta</strong></span> <span class='ocrx_word' id='word_1_828' title='bbox 2869 5260 3009 5324; x_wconf 84' lang='lat' dir='ltr'><strong>est);</strong></span> <span class='ocrx_word' id='word_1_829' title='bbox 3043 5271 3166 5310; x_wconf 92' lang='lat' dir='ltr'><strong>cum</strong></span> <span class='ocrx_word' id='word_1_830' title='bbox 3207 5263 3385 5307; x_wconf 88' lang='lat' dir='ltr'><strong>autem</strong></span> <span class='ocrx_word' id='word_1_831' title='bbox 3421 5252 3490 5306; x_wconf 92' lang='lat' dir='ltr'><strong>de</strong></span> <span class='ocrx_word' id='word_1_832' title='bbox 3526 5262 3686 5302; x_wconf 86' lang='lat' dir='ltr'><strong>natu-</strong></span> 
     </span>
    </p>
   </div>
   <div class='ocr_carea' id='block_1_115' title="bbox 2118 5343 3686 5414">
    <p class='ocr_par' dir='ltr' id='par_1_115' title="bbox 2118 5343 3686 5414">
     <span class='ocr_line' id='line_1_116' title="bbox 2118 5343 3686 5414; baseline -0.009 -8"><span class='ocrx_word' id='word_1_833' title='bbox 2118 5352 2326 5406; x_wconf 88' lang='lat' dir='ltr'><strong>ralibus</strong></span> <span class='ocrx_word' id='word_1_834' title='bbox 2390 5365 2573 5405; x_wconf 86' lang='lat' dir='ltr'><strong>sermo</strong></span> <span class='ocrx_word' id='word_1_835' title='bbox 2642 5349 2891 5411; x_wconf 88' lang='lat' dir='ltr'><strong>habetur,</strong></span> <span class='ocrx_word' id='word_1_836' title='bbox 2959 5362 3184 5414; x_wconf 86' lang='lat' dir='ltr'><strong>prorsus</strong></span> <span class='ocrx_word' id='word_1_837' title='bbox 3245 5343 3420 5397; x_wconf 85' lang='lat' dir='ltr'><strong>medio</strong></span> <span class='ocrx_word' id='word_1_838' title='bbox 3476 5353 3686 5394; x_wconf 87' lang='lat' dir='ltr'><strong>carent.</strong></span> 
     </span>
    </p>
   </div>
   <div class='ocr_carea' id='block_1_116' title="bbox 2120 5436 3688 5510">
    <p class='ocr_par' dir='ltr' id='par_1_116' title="bbox 2120 5436 3688 5510">
     <span class='ocr_line' id='line_1_117' title="bbox 2120 5436 3688 5510; baseline -0.006 -16"><span class='ocrx_word' id='word_1_839' title='bbox 2120 5443 2272 5510; x_wconf 83' lang='lat' dir='ltr'><strong>Quod</strong></span> <span class='ocrx_word' id='word_1_840' title='bbox 2314 5443 2358 5496; x_wconf 92' lang='lat' dir='ltr'><strong>si</strong></span> <span class='ocrx_word' id='word_1_841' title='bbox 2395 5442 2632 5495; x_wconf 89' lang='lat' dir='ltr'><strong>medium</strong></span> <span class='ocrx_word' id='word_1_842' title='bbox 2667 5440 2924 5509; x_wconf 87' lang='lat' dir='ltr'><strong>quiddam</strong></span> <span class='ocrx_word' id='word_1_843' title='bbox 2973 5439 3112 5492; x_wconf 90' lang='lat' dir='ltr'><strong>inter</strong></span> <span class='ocrx_word' id='word_1_844' title='bbox 3147 5436 3446 5492; x_wconf 86' lang='lat' dir='ltr'><strong>dominium</strong></span> <span class='ocrx_word' id='word_1_845' title='bbox 3479 5443 3534 5487; x_wconf 89' lang='lat' dir='ltr'><strong>et</strong></span> <span class='ocrx_word' id='word_1_846' title='bbox 3565 5447 3688 5486; x_wconf 90' lang='lat' dir='ltr'><strong>ser-</strong></span> 
     </span>
    </p>
   </div>
   <div class='ocr_carea' id='block_1_117' title="bbox 2118 5523 3690 5596">
    <p class='ocr_par' dir='ltr' id='par_1_117' title="bbox 2118 5523 3690 5596">
     <span class='ocr_line' id='line_1_118' title="bbox 2118 5523 3690 5596; baseline -0.007 -7"><span class='ocrx_word' id='word_1_847' title='bbox 2118 5539 2344 5589; x_wconf 89' lang='lat' dir='ltr'><strong>vitutem</strong></span> <span class='ocrx_word' id='word_1_848' title='bbox 2391 5548 2512 5588; x_wconf 89' lang='lat' dir='ltr'><strong>esse</strong></span> <span class='ocrx_word' id='word_1_849' title='bbox 2555 5531 2903 5596; x_wconf 89' lang='lat' dir='ltr'><strong>contenditis,</strong></span> <span class='ocrx_word' id='word_1_850' title='bbox 2956 5531 3189 5585; x_wconf 87' lang='lat' dir='ltr'><strong>medium</strong></span> <span class='ocrx_word' id='word_1_851' title='bbox 3245 5529 3372 5582; x_wconf 87' lang='lat' dir='ltr'><strong>illud</strong></span> <span class='ocrx_word' id='word_1_852' title='bbox 3421 5523 3690 5595; x_wconf 86' lang='lat' dir='ltr'><strong>proferte,</strong></span> 
     </span>
    </p>
   </div>
   <div class='ocr_carea' id='block_1_118' title="bbox 2264 5701 2815 5770">
    <p class='ocr_par' dir='ltr' id='par_1_118' title="bbox 2264 5701 2815 5770">
     <span class='ocr_line' id='line_1_119' title="bbox 2264 5701 2815 5770; baseline 0 -12"><span class='ocrx_word' id='word_1_853' title='bbox 2264 5705 2309 5736; x_wconf 77' lang='lat'>&quot;</span> <span class='ocrx_word' id='word_1_854' title='bbox 2358 5701 2533 5758; x_wconf 84' lang='lat' dir='ltr'><strong>Galat.</strong></span> <span class='ocrx_word' id='word_1_855' title='bbox 2571 5719 2643 5770; x_wconf 80' lang='lat' dir='ltr'><strong>tv,</strong></span> <span class='ocrx_word' id='word_1_856' title='bbox 2677 5704 2728 5769; x_wconf 83' lang='grc'>6,</span> <span class='ocrx_word' id='word_1_857' title='bbox 2767 5705 2815 5758; x_wconf 91' lang='grc'><strong>7.</strong></span> 
     </span>
    </p>
   </div>
  </div>
