3996 6206
382 324 519 389 1459

1791 319 2176 382 ΑυῡΕΝῡΑ.

3479 312 3671 375 1461)

374 437 644 493 diabolica
690 434 1101 492 contradicendi
1135 435 1381 500 libidine,
1412 432 1764 503 cupientibus
1792 432 1941 488 scili-
1972 438 2018 492 Α
2048 447 2154 486 non
2213 432 2503 488 dubitem:
2562 433 2823 502 Optabam
2872 427 3152 484 anathema
3214 440 3325 477 esse
3378 440 3410 475 a
3464 420 3674 475 Chri—

376 542 463 586 t'et
490 531 643 601 vobis
683 530 963 600 proprium
1019 529 1218 601 dogma
1260 529 1638 594 conscribere,
1687 527 1944 596 quamvis

376 625 651 679 infirmum
687 623 757 678 sit
785 631 838 676 et
890 621 1149 675 vanitatis
1186 620 1429 690 plenum.
1458 620 1658 689 Atque,
1708 627 1767 672 ut
1795 632 1946 672 enm-

378 717 694 787 pendiosius
733 716 948 783 loquar,
982 715 1061 770 sic
1105 714 1247 768 inter
1298 728 1397 768 nos
1438 728 1687 783 agamus,
1733 721 1791 765 ut
1844 726 1946 766 nec

379 823 474 863 vos
508 806 844 861 sublimioris
876 806 1024 861 vocis
1061 820 1192 874 ergo
1233 819 1334 858 nos
1363 803 1657 867 accusetis,
1687 802 1793 858 hoc
1838 812 1944 867 est,

376 900 501 968 quia
537 913 733 968 magna
782 897 1029 968 quaedam
1064 897 1134 952 de
1168 896 1377 966 Spiritu
1425 904 1618 953 sancto
1663 896 1950 965 proloqui—

379 1007 517 1057 mur,
551 1002 716 1061 atque
744 992 809 1044 ad
842 990 1098 1060 perfectae
1130 990 1419 1059 theologite
1459 989 1722 1044 verticem
1753 1003 1949 1043 ascen-

374 1083 581 1145 (limus,
623 1081 790 1136 Deum
826 1083 1000 1151 ipsum
1031 1097 1153 1137 esse
1194 1081 1615 1151 pronuntiantes
1647 1080 1768 1149 (nec
1799 1079 1946 1134 enim

374 1174 638 1227 invidiam
696 1183 750 1228 ot
801 1174 1286 1243 reprehensionem
1330 1181 1575 1228 meri-tur
1630 1169 1945 1240 huiusmodi

376 1264 718 1332 theologicus
773 1261 1063 1333 ascensus)
1103 1280 1119 1319 :
1153 1278 1256 1318 nec
1319 1277 1418 1317 nos
1475 1261 1716 1317 vicissim
1796 1261 1949 1315 vobis

376 1351 608 1409 inﬁrmis
628 1361 684 1408 et
713 1353 941 1407 rudibus
957 1368 1075 1407 eam
1106 1368 1315 1418 vocem,
1340 1352 1500 1422 cujus
1527 1352 1700 1407 solum
1721 1367 1949 1422 capaces

378 1448 559 1504 adhuc
591 1449 747 1513 estis,
792 1448 1038 1503 criminis
1069 1463 1235 1504 causa
1286 1447 1653 1519 proferemus.
1691 1448 1951 1514 Quamvis

377 1539 523 1591 cnim
585 1538 850 1608 Spiritum
909 1549 1161 1594 sanctum
1217 1539 1540 1601 nominatim
1608 1539 1776 1593 Deum
1839 1553 1950 1593 non

379 1628 652 1695 dixeritis,
705 1629 867 1684 modo
916 1627 1077 1683 aliam
1129 1630 1423 1700 quamdam
1478 1644 1667 1684 vocem
1697 1631 1948 1684 eamdem

380 1720 490 1772 vim
521 1719 811 1774 habentem
840 1714 1094 1775 in'altero
1121 1723 1411 1777 verborum
1451 1737 1587 1777 sono
1618 1721 1950 1787 extuleritis,

384 1810 806 1881 haudquaquam
865 1828 930 1867 eo
990 1813 1214 1868 nomine
1279 1829 1377 1869 vos
1441 1815 1824 1869 accusabitnns
1889 1831 1952 1869 ac

384 1900 848 1969 reprehendemus
879 1891 1107 1973 :‘quoad
1137 1904 1271 1958 velut
1305 1905 1528 1973 quidam
1573 1905 1816 1959 viatores
1856 1920 1953 1975 per

381 1991 503 2043 alia:
542 1992 763 2045 nemina
815 2002 869 2047 et
910 1995 1076 2048 verba
1110 1997 1267 2066 quasi
1303 2011 1398 2066 per
1444 1997 1605 2051 aliam
1656 1998 1949 2067 quamdam

382 2082 653 2148 orbitam,
706 2087 770 2137 ad
829 2085 969 2139 idem
1012 2087 1374 2143 diversorium
1416 2098 1584 2158 atque
1652 2088 1950 2158 hospitium

388 2174 552 2241 hujus
577 2176 745 2241 vocis,
776 2176 915 2230 Deus
936 2220 952 2244 ,
989 2178 1244 2233 veniatis.
1279 2177 1462 2248 Neque
1515 2179 1661 2233 enim
1694 2179 1763 2234 de
1795 2179 1952 2234 vobis

386 2264 671 2319 victoriam
727 2265 935 2322 referre
987 2267 1346 2333 aﬁeetamus,
1381 2276 1440 2322 ut
1498 2268 1533 2321 ii
1588 2267 1765 2322 solent
1814 2283 1953 2338 quos

384 2366 540 2405 amor
592 2354 677 2408 sui
732 2354 1042 2424 praecipites
1096 2354 1246 2424 agit:
1303 2368 1495 2408 verum
1567 2362 1627 2408 ut
1686 2352 1954 2408 charitate

392 2444 602 2510 praediti
661 2444 859 2501 fratres
908 2460 1193 2501 assumere
1256 2447 1510 2516 cupimus
1563 2444 1689 2500 ﬁdei
1745 2446 1953 2500 unitate

387 2534 516 2589 uobi
550 2551 675 2591 cum
712 2537 1066 2607 coniunctos,
1096 2552 1331 2608 quorum
1368 2537 1680 2594 secessione
1707 2553 1814 2593 non
1847 2539 1955 2593 mi-

391 2641 495 2681 nus
548 2628 745 2683 acerbe
802 2628 1205 2685 discruciamur
1236 2670 1253 2697 ,
1317 2645 1483 2701 quam
1533 2630 1581 2686 si
1633 2646 1661 2685 a
1720 2629 1957 2700 prepriis

391 2717 652 2772 membris
684 2718 1093 2775 divelleremur.

459 2805 594 2860 Ibid.
645 2809 817 2878 Atque
859 2809 971 2864 haec
1022 2813 1090 2864 ad
1121 2826 1210 2864 vos
1239 2810 1387 2865 dicta
1439 2811 1567 2877 sint,
1620 2821 1727 2867 etc.
1776 2811 1955 2882 Atque

391 2897 526 2959 haec,
563 2895 763 2965 inquit.
817 2899 973 2954 vobis
1019 2901 1367 2965 disserimus,
1415 2904 1556 2972 apud
1608 2918 1748 2970 quos
1790 2902 1956 2957 vitale

385 2986 666 3057 quidpiam
718 2989 1044 3058 reperimus.
1105 2989 1248 3056 Quid
1283 2992 1428 3047 hoc?
1480 2992 1682 3046 Sanam
1715 2993 1783 3046 de
1813 2992 1956 3048 Filio

387 3078 694 3132 doctrinam
733 3089 787 3134 et
817 3079 1002 3135 ﬁdem.
1036 3078 1413 3135 Macedoniani
1437 3082 1585 3136 enim
1625 3082 1849 3137 dimidia
1886 3098 1950 3140 ex

391 3179 545 3237 parte
603 3181 750 3226 recte
794 3172 1137 3239 sentiebant,
1192 3183 1353 3244 atque
1405 3175 1567 3230 etiam
1630 3175 1957 3232 S.-miariani

389 3264 839 3329 nominabantur,
874 3276 931 3318 ut
955 3264 1046 3335 qui
1095 3265 1149 3319 in
1181 3264 1443 3335 Spiritum
1491 3277 1741 3323 sanetum
1776 3270 1957 3324 solum

390 3354 852 3424 blasphemarent,
880 3371 994 3412 non
1034 3357 1162 3412 item
1207 3358 1259 3412 in
1292 3356 1517 3413 Filium.
1541 3359 1785 3426 Quorum
1815 3377 1958 3427 prae-

387 3446 596 3500 claram
655 3455 711 3501 et
761 3449 981 3517 pietatis
1031 3449 1272 3505 colendae
1323 3452 1508 3507 studio
1551 3453 1801 3509 devotam
1836 3456 1960 3510 vita:

390 3539 656 3593 rationem
681 3541 1069 3609 suspicientes,
1086 3542 1393 3599 doctrinam
1418 3553 1594 3599 tamen
1616 3562 1958 3617 nequaquam

388 3631 860 3700 comprobamus,
929 3641 1117 3701 utpote
1178 3650 1286 3689 non
1349 3645 1497 3691 recte
1554 3647 1759 3692 sectam
1821 3638 1958 3712 (50).

389 3722 690 3789 Quocirca,
741 3738 867 3778 cum
930 3724 1166 3794 Spiritus
1227 3727 1465 3783 fructum
1514 3728 1757 3785 habeatis
1787 3731 1857 3796 '°,
1908 3732 1960 3785 id

391 3825 476 3868 cst
529 3814 803 3883 spiritales
860 3816 1132 3881 actiones,
1185 3819 1452 3887 Spiritum
1481 3836 1703 3890 quoque
1735 3823 1963 3893 insuper

392 3907 678 3969 a~sntuite,
740 3906 807 3960 de
859 3907 1032 3975 ipsius
1076 3908 1407 3975 divinitate,
1459 3921 1519 3965 ut
1575 3914 1800 3982 dignum
1855 3926 1959 3983 est,

392 3998 761 4059 disserentes:
795 4010 851 4053 ut
882 3999 1163 4071 (quoniam
1182 4001 1335 4072 juxta
1365 3988 1685 4072 apostolum
1706 4005 1773 4070 ",
1798 4007 1959 4062 etiam

396 4090 441 4142 si
470 4090 595 4158 quis
613 4100 806 4158 certet,
832 4106 940 4145 non
974 4100 1156 4149 tamen
1191 4094 1565 4160 coronabitur,
1596 4096 1699 4152 nisi
1726 4097 1965 4168 legitime

396 4178 586 4250 certet)
619 4196 715 4236 vos
749 4195 859 4235 non
888 4181 1064 4237 solum
1111 4184 1356 4248 certetis,
1386 4185 1483 4241 sed
1514 4188 1678 4241 etiam
1704 4188 1962 4258 legitime.

397 4271 530 4323 Nam
588 4273 715 4326 hinc
761 4288 983 4328 corona:
1015 4277 1185 4329 decus
1242 4290 1627 4346 comparatur,
1668 4298 1861 4351 nempe
1899 4298 1966 4336 ex

396 4362 644 4431 legitimo
695 4366 1016 4420 certamine.
1061 4366 1225 4423 Stulti
1277 4370 1423 4423 enim
1456 4386 1521 4426 ac
1567 4373 1748 4427 stolidi
1796 4375 1963 4429 animi

1981 3125 2028 3189 C

2050 524 2203 590 sto“,
2234 522 2287 578 id
2317 534 2423 588 est,
2456 523 2762 593 disiunctus
2792 531 2845 576 et
2888 529 3192 589 separauIS-
3226 512 3432 566 Paulus
3472 511 3665 563 enim

2051 614 2254 670 Mosen)
2306 616 2660 679 imitabatur,
2720 622 3079 683 cognatorum
3132 622 3196 661 ac
3248 602 3674 659 contribulum

2051 721 2271 763 suorum
2303 707 2475 762 vicem
2506 706 2800 768 dolentem,
2831 703 3110 770 Deumque
3155 698 3241 751 his
3276 695 3459 749 verbis
3486 694 3675 748 allo-

2049 808 2305 869 quentem
2341 817 2356 854 :
2390 797 2451 854 Si
2481 807 2755 869 peccatum
2788 797 2917 865 ipsis
2942 792 3233 857 dimiseris,
3264 790 3472 843 dimitte
3503 806 3521 843 :
3554 788 3675 838 sin

2049 893 2243 957 minus,
2280 892 2344 946 de
2376 892 2533 958 libro,
2563 906 2715 962 quem
2738 886 3021 956 scripsisti,
3054 900 3131 937 me
3160 897 3364 953 quoque
3385 878 3503 932 dele
3527 877 3670 930 ⁸⁸⁸.

2050 983 2228 1054 Atque
2266 985 2563 1038 multorum
2608 984 2843 1038 salutem
2902 993 3003 1035 sua
3065 975 3234 1031 unius
3273 973 3455 1028 salute
3509 969 3671 1023 fru-

2058 1073 2390 1128 ctuosiorem
2439 1072 3006 1142 prrestabilioremque
3053 1063 3336 1121 ducebat:
3378 1062 3430 1115 id
3479 1057 3674 1128 quod

2049 1168 2134 1216 est
2175 1160 2433 1226 hominis,
2467 1171 2582 1216 tum
2637 1159 2946 1231 proximum
2985 1164 3044 1211 ut
3097 1154 3340 1223 seipsum
3391 1149 3678 1221 diligen-

2052 1252 2168 1316 tis,
2230 1260 2343 1308 tum
2394 1253 2631 1307 maxime
2683 1250 2962 1306 Christum
3036 1244 3315 1308 amantis,
3386 1258 3452 1297 ac
3525 1242 3675 1295 duo

2051 1341 2225 1412 prima
2255 1351 2312 1396 et
2355 1357 2552 1412 magna
2582 1351 2848 1411 pmcepta
2899 1338 3064 1391 simul
3094 1332 3384 1404 explentis.
3418 1331 3670 1385 Eodem

2052 1431 2218 1501 igitur
2262 1431 2425 1486 modo
2481 1433 2594 1500 ipse
2622 1445 2841 1500 quoque
2890 1425 3165 1491 nonnihil,
3203 1433 3261 1478 ut
3306 1423 3668 1481 damnatus.

2051 1525 2263 1593 perpeti
2300 1538 2410 1578 non
2444 1537 2661 1588 recuso,
2692 1521 2800 1575 hac
2831 1519 3177 1581 conditione,
3229 1524 3292 1569 ut
3337 1515 3667 1568 nobiscum

2053 1614 2208 1668 stetis
2240 1629 2302 1667 ac
2331 1611 2716 1667 communibus
2763 1609 2963 1665 animis
2990 1606 3316 1661 Trinitatem
3372 1604 3699 1658 concele--

2056 1703 2297 1759 bremus.
2362 1704 2498 1759 Nam
2543 1704 2673 1773 quid
2717 1702 2785 1757 de
2823 1702 2945 1755 aliis
2999 1700 3221 1776 dicam,
3286 1696 3355 1750 de
3409 1694 3667 1749 Arianis

2058 1796 2265 1852 scilicet
2294 1810 2348 1849 et
2376 1793 2758 1860 Eunomianis,
2795 1793 2886 1860 qui
2918 1805 3026 1843 non
3056 1788 3232 1843 solum
3264 1788 3320 1841 in
3359 1784 3664 1854 Spiritum

2062 1887 2409 1957 blaspltemos
2467 1900 2753 1940 sermones
2787 1890 3072 1943 evomunt,
3126 1894 3317 1932 verum
3366 1877 3539 1930 etiam
3591 1878 3661 1928 in

2059 1977 2253 2031 Filium
2284 2016 2298 2041 ,
2335 1990 2398 2030 ac
2418 1985 2731 2046 preptetea.
2767 1981 3029 2043 quantum
3060 1972 3126 2025 ad
3147 1970 3386 2023 animam
3418 1968 3661 2032 attinet,

2059 2084 2285 2142 prorsus
2316 2068 2516 2122 mortui
2547 2077 2711 2135 atque
2737 2063 2986 2120 exstincti
3010 2057 3164 2116 suutl
3192 2062 3402 2114 Anima:
3430 2059 3661 2127 quippe

2060 2176 2209 2217 mors
2239 2161 2509 2229 separatio
2534 2168 2616 2213 est
2644 2172 2675 2211 a
2702 2156 2833 2223 Deo,
2886 2154 3345 2226 quemadmodum
3385 2152 3660 2219 corporis

2061 2269 2209 2310 mors
2233 2260 2318 2308 est
2355 2252 2530 2322 ipsius
2560 2248 2630 2305 ab
2661 2250 2840 2304 anima
2866 2244 3179 2315 disjunctio.
3206 2242 3316 2296 llos
3342 2241 3487 2297 enim
3548 2256 3656 2309 per

2064 2346 2505 2401 incredulitatem
2566 2353 2620 2398 et
2671 2340 2955 2411 perﬁdiam
3019 2348 3265 2391 mortuos
3328 2336 3395 2388 ad
3465 2335 3651 2386 vitam

2061 2452 2341 2501 revocare,
2368 2436 2574 2491 Christi
2620 2434 2790 2489 solius
2822 2443 2905 2487 est
2927 2431 3067 2502 (qui,
3102 2438 3165 2484 ut
3198 2436 3285 2482 est
3311 2426 3455 2496 apud
3490 2424 3649 2479 Pau-

2064 2528 2261 2593 lunt”,
2321 2527 2558 2581 virificat
2613 2536 2899 2591 mortuos,
2941 2524 3244 2577 secundum
3306 2516 3649 2571 iucﬁabilcm

2063 2618 2370 2673 divinitatis
2399 2632 2514 2671 sua:
2548 2613 2893 2686 potentiam).
2945 2609 3086 2678 Quid
3119 2608 3340 2679 quidem
3392 2605 3586 2658 Ariani
3621 2603 3650 2657 2

2062 2713 2326 2768 Pietatem
2346 2710 2693 2772 simulantes,
2713 2707 2831 2763 loco
2851 2705 3068 2776 quidem
3091 2718 3121 2756 a
3140 2702 3366 2771 reliquis
3386 2696 3639 2770 ejusdem

2062 2800 2325 2854 doctrinae
2372 2797 2739 2854 assertoribus
2770 2835 2785 2860 ,
2835 2794 3094 2848 nimirum
3132 2791 3201 2846 ab
3258 2787 3636 2847 Eunomianis,

2064 2892 2262 2948 callide
2311 2903 2474 2962 atque
2522 2899 2702 2945 astute
2747 2896 3098 2959 separantur,
3130 2898 3467 2954 nequaquam
3502 2893 3631 2932 cum

2064 2983 2174 3038 illis
2212 2983 2363 3038 velut
2388 2983 2458 3037 ab
2496 2997 2685 3036 eorum
2731 2980 2987 3050 dogmate
3033 2975 3460 3034 abhorrentibus,
3492 2984 3623 3022 ver-

2064 3085 2246 3131 sautes
2279 3091 2295 3130 :
2328 3083 2583 3129 caeterum
2607 3082 2872 3142 quantunt
2904 3070 2971 3125 ad
3001 3068 3301 3124 doctrinam
3326 3078 3387 3117 ac
3408 3068 3619 3115 sectam

2063 3165 2274 3232 attinet,
2321 3163 2673 3233 inseparabili
2709 3179 2850 3217 nexu
2899 3176 3027 3216 cum
3066 3160 3177 3213 illis
3216 3157 3505 3216 cohaerent,
3561 3163 3633 3202 ac

2067 3260 2284 3317 tametsi
2312 3259 2379 3314 de
2405 3258 2527 3314 ﬁdei
2557 3258 2804 3314 doctrina
2835 3256 2978 3309 inter
3010 3268 3069 3307 se
3108 3250 3376 3304 dissidere
3407 3245 3637 3297 videan-

2067 3360 2176 3418 tur,
2214 3352 2345 3422 quia
2395 3350 2637 3406 locorum
2690 3345 2992 3402 intervallis
3025 3342 3271 3397 distincti
3317 3347 3481 3398 sunt.
3525 3350 3641 3388 usu

2067 3454 2251 3500 tamen
2304 3443 2620 3507 dissident,
2672 3437 3119 3512 quandoquidem
3170 3436 3236 3488 ad
3269 3446 3433 3487 uuam
3486 3443 3647 3483 eam-

2064 3537 2301 3606 demque
2366 3552 2480 3591 rem
2547 3533 2912 3589 concordibus
2964 3529 3164 3583 animis
3234 3523 3508 3578 feruntur.
3572 3518 3648 3572 Et

2065 3628 2526 3699 quemadmodum
2560 3627 2670 3680 duo
2697 3624 2839 3680 oculi
2869 3623 3112 3685 distorti,
3147 3616 3365 3673 tametsi
3420 3614 3490 3667 ob
3518 3628 3651 3682 pcr-

2067 3737 2282 3778 versum
2312 3731 2365 3776 et
2405 3720 2725 3789 ina'qnalem
2759 3718 2924 3772 situm
2966 3716 3069 3770 sibi
3098 3711 3329 3767 invicem
3361 3705 3646 3761 adversari

2067 3815 2373 3876 rideantur,
2430 3812 2653 3865 minime
2706 3820 2888 3863 tamen
2942 3807 3328 3866 adversantur,
3375 3798 3645 3871 quoniam

2069 3922 2181 3962 rem
2215 3904 2461 3961 eatndem
2500 3907 2782 3957 intuentur
2812 3904 3011 3969 (neque
3051 3898 3196 3952 enim
3248 3903 3498 3965 aspectu,
3539 3889 3647 3944 sed

2063 4000 2171 4055 situ
2225 3997 2528 4060 dissident;
2566 4009 2665 4048 nec
2697 4004 2968 4064 quantum
3031 3991 3096 4044 ad
3151 3998 3335 4043 actum
3395 3987 3536 4039 inter
3577 3998 3648 4040 se

2067 4086 2333 4144 contrarii
2380 4084 2547 4157 sunt)
2583 4103 2598 4145 ;
2635 4085 2716 4141 sic
2768 4087 2931 4140 etiam
2965 4081 3153 4136 Ariani
3211 4077 3645 4147 haudquaquam

2069 4180 2211 4235 inter
2237 4194 2317 4243 se,
2349 4189 2616 4250 quantum
2649 4178 2717 4232 ad
2749 4176 2874 4232 fidei
2924 4175 3229 4229 doctrinam
3264 4180 3530 4242 pugnant,
3573 4167 3649 4221 ad

2068 4270 2314 4324 eamdem
2373 4269 2575 4323 etenim
2641 4268 2973 4338 impietatem
3040 4264 3366 4327 collimant,
3436 4273 3638 4313 verum

2068 4373 2336 4430 quantum
2389 4361 2457 4415 ad
2524 4360 2732 4425 locum,
2773 4373 2881 4428 quo
2917 4357 3060 4412 inter
3115 4369 3176 4408 se
3226 4352 3641 4422 disiunguntur.

396 4463 485 4507 est
532 4455 585 4509 itt
619 4454 997 4524 spiritualibus
1031 4457 1333 4524 elaborare,
1367 4460 1570 4516 laboris
1599 4470 1778 4517 autent
1809 4480 1957 4522 coro-

2074 4454 2221 4519 Quin
2252 4455 2415 4532 etiam
2444 4451 2548 4506 hoc
2598 4452 2652 4506 in
2684 4451 2791 4506 ista
2838 4448 3255 4518 comparatione
3302 4439 3642 4499 discriminis

396 4560 523 4599 nam
558 4546 679 4601 ideo
711 4561 819 4601 nou
856 4548 1124 4617 accipere,
1155 4549 1280 4619 quia
1314 4550 1626 4621 hujusmodi
1657 4554 1807 4610 labor
1829 4572 1961 4623 non,

398 4645 454 4690 ut
516 4647 768 4709 oportet,
829 4639 1147 4709 suscipitur.
1199 4641 1252 4698 is
1305 4658 1468 4712 porro
1502 4646 1741 4715 legitime
1774 4659 1965 4715 certat,

397 4729 493 4798 qui
529 4745 636 4784 non
669 4731 834 4785 modo
860 4732 927 4786 ad
951 4741 1226 4789 certamen
1260 4736 1539 4792 accinctus
1565 4749 1672 4804 est,
1703 4749 1866 4811 atque
1907 4743 1958 4797 in

400 4836 622 4875 arenam
685 4822 933 4891 prodiit,
985 4824 1081 4879 sed
1147 4826 1311 4881 etiam
1369 4831 1687 4887 certaminis
1754 4834 1968 4904 legibus

399 4911 687 4978 satisfecit,
714 4920 882 4984 atque
913 4914 1289 4972 adversarium
1319 4922 1615 4990 superavit.
1641 4922 1760 4993 Ipse
1789 4925 1969 4979 enim-
2011 4929 2015 4933 ’

406 5018 537 5058 vero
600 5006 755 5061 vobis
809 5008 949 5065 hanc
997 5008 1284 5065 laudabilis
1317 5012 1443 5068 vitae
1491 5018 1797 5071 mercedem
1849 5017 1965 5072 dari

404 5102 552 5160 opto,
593 5106 646 5148 ut
688 5096 955 5167 Spiritum
1004 5100 1221 5170 egregie
1267 5102 1663 5161 conﬁteamini.
1720 5108 1797 5161 Ac
1838 5123 1963 5162 cum

407 5193 601 5239 eaitera
633 5197 811 5242 vestra
840 5198 989 5246 recte
1017 5188 1181 5259 facta,
1234 5201 1347 5249 tum
1368 5254 1371 5257 ν
1393 5195 1652 5263 pallorem
1681 5198 1847 5254 istum
1900 5214 1964 5255 ex

402 5272 528 5326 vitae
561 5274 896 5330 continentia
945 5285 999 5333 et
1030 5278 1340 5349 frugalitate
1380 5281 1615 5338 aﬁ'usum
1664 5286 1965 5351 amplector

403 5373 459 5419 et
489 5369 799 5431 exoscuiur,
841 5379 898 5422 ut
930 5385 1030 5439 pro
1076 5373 1231 5428 vobis
1266 5373 1397 5430 illud
1430 5375 1675 5445 Apostnli
1722 5377 1969 5446 proierre

2070 4554 2176 4609 est,
2206 4544 2352 4612 quod
2377 4542 2526 4612 pravi
2557 4557 2622 4597 ac
2645 4541 2861 4596 distorti
2883 4540 3027 4595 oeuli
3052 4547 3335 4604 utcunque
3367 4539 3639 4587 cernunt:

2070 4637 2124 4691 hi
2159 4644 2368 4703 autem,
2397 4643 2458 4690 ut
2507 4635 2689 4704 aptius
2718 4633 2937 4703 loquar,
2991 4628 3161 4684 animi
3192 4627 3368 4682 oculis
3419 4634 3634 4693 prorsus

2071 4729 2331 4799 ealigant.
2361 4731 2563 4798 Atque,
2600 4735 2660 4781 ut
2706 4726 2815 4779 alio
2845 4724 3095 4793 exemplo
3130 4729 3374 4782 utamur,
3405 4715 3547 4786 quod
3583 4715 3637 4765 iu

2068 4822 2173 4875 viis
2203 4830 2256 4874 et
2281 4818 2463 4874 ﬁuviis
2492 4817 2730 4887 reperire
2765 4824 2870 4879 est,
2900 4822 3007 4868 uta
3037 4827 3095 4866 se
3123 4811 3353 4865 invicem
3373 4813 3644 4864 secentur,

2076 4929 2141 4969 ac
2188 4928 2381 4969 rursus
2432 4913 2486 4966 in
2519 4924 2688 4965 unum
2736 4915 2953 4973 coeant,
3014 4906 3153 4959 idem
3214 4900 3481 4957 haereticis
3514 4910 3648 4949 usu-

2077 5007 2245 5061 venit.
2276 5003 2411 5059 Nam
2454 5003 2508 5058 'tn
2541 5001 2870 5074 quibusdam
2897 4997 3309 5056 dissentientes,
3338 4991 3393 5045 in
3416 4987 3649 5060 quibus-

2074 5097 2202 5154 dam
2250 5110 2441 5152 rursus
2489 5093 2882 5149 cousentiunt:
2915 5089 3054 5144 adeo
3099 5094 3162 5140 ut
3208 5085 3367 5154 plane
3415 5076 3648 5150 perspici

2075 5197 2331 5260 nequeat,
2350 5189 2405 5242 in
2439 5202 2551 5257 quo
2576 5185 2660 5241 vel
2682 5184 2955 5249 diﬁ‘erant,
2988 5182 3069 5238 vel
3096 5181 3362 5237 doctrinm
3392 5189 3642 5233 commu-

2075 5284 2236 5338 nione
2265 5284 2586 5353 iungantur.
2613 5279 2725 5353 (3i)
2757 5280 2879 5335 llaec
2909 5279 3271 5347 verbaatque
3329 5276 3443 5330 hace
3492 5268 3650 5323 vobis

2078 5376 2427 5441 disserimus,
2484 5376 2552 5430 ad
2613 5372 2916 5429 Macedonii
2946 5380 3249 5429 sectatores
3312 5366 3645 5424 referuntur.

477 5526 522 5558 ⁸ο
547 5523 721 5582 Galat.
756 5541 809 5588 v,
835 5522 926 5579 22.
1001 5524 1047 5556 "
1078 5520 1129 5580 ll
1153 5526 1294 5583 Tim.
1324 5546 1386 5595 ll,
1419 5529 1471 5586 5.
1545 5532 1590 5565 ³⁸
1620 5530 1777 5586 Rom.
1810 5547 1883 5594 Ix,
1916 5530 1949 5586 5

2062 5533 2105 5565 ³·
2130 5531 2300 5587 Exod.
2330 5547 2504 5599 χχιιι,
2535 5528 2626 5587 52.
2702 5528 2750 5563 ⁸⁸
2779 5530 2939 5584 llom.
2972 5540 3048 5588 tv,
3085 5523 3174 5579 l7.

484 5666 598 5739 (30)
638 5661 1319 5739 ’0900royoupéqu.__ﬂnc
1359 5667 1588 5739 dictione
1630 5668 1798 5722 utitur
1834 5667 1951 5723 Pau

2098 5669 2158 5724 II
2192 5669 2327 5725 Tim.
2383 5686 2500 5739 cap.
2544 5685 2606 5735 tt,
2676 5663 3117 5738 Ὀρθοτομοῦντα
3177 5661 3268 5714 τὸν
3313 5656 3470 5726 λόγον
3537 5646 3645 5721 τῆς

411 5732 666 5803 ἁληηέίας
699 5732 832 5789 recte
869 5732 1150 5802 secantem,
1180 5732 1403 5804 Vulgata
1443 5738 1633 5801 versio.
1664 5748 1996 5795 tractantem.
