4050 6198
337 289 468 355 1461

1275 285 1593 347 NICETAS
1636 284 1717 346 IN
1760 285 1980 345 ORAT.
2023 285 2206 346 XLIV
2245 285 2305 344 S.
2349 283 2557 344 GREG

3426 268 3601 335 146?"

335 403 523 458 Ariani
543 400 689 457 enim
720 404 775 455 et
806 396 1131 454 Eunomiani
1163 405 1313 454 tanta
1333 398 1645 454 animorum
1674 409 1903 453 conten-
1932 399 1977 455 Α
2005 397 2103 453 lltc
2129 397 2274 453 enim
2306 395 2540 467 primum
2568 391 2807 465 Spiritus
2831 389 3008 448 sancti
3046 385 3328 449 meminit,
3372 384 3571 439 deimte

338 496 490 549 tione
539 491 682 546 inter
716 502 775 545 se
819 488 1155 559 pugnabant,
1195 495 1257 542 ut
1310 502 1380 544 ne
1408 496 1657 543 mutuum
1682 487 1900 559 quidem

341 590 626 654 aspectum
660 589 712 635 et
736 593 1091 649 congressum
1118 578 1260 634 ferre
1280 590 1525 650 possent.
1562 577 1715 646 Quos
1737 578 1904 632 etiam

343 674 486 730 haud
509 672 672 727 dubie
702 677 951 726 mortuos
978 686 1099 727 esse
1126 671 1277 738 dicit,
1315 679 1500 742 utpote
1525 687 1592 727 eo
1619 671 1905 741 impuden-

2010 488 2153 554 lt‘ilii,
2182 496 2457 558 postremo
2488 485 2581 542 Dei
2612 493 2670 541 et
2691 484 2888 539 Patris.
2920 481 3042 538 Jam
3071 494 3171 535 nec
3193 492 3256 535 ea
3288 476 3401 533 sola
3439 488 3573 528 con.
3630 490 3637 504 ·

2007 591 2390 647 numerantur,
2423 597 2545 656 qum
2600 578 2903 637 substantia
2953 575 3141 632 eadem
3182 579 3334 633 sunt.
3384 568 3480 625 sed
3510 582 3573 621 ea

2006 680 2195 738 etiam.
2220 690 2339 747 qua:
2363 676 2635 732 diversam
2664 670 3026 728 substantiam
3056 667 3276 722 habent.
3311 663 3397 717 Ait
3424 660 3570 716 enim

344 767 429 819 tite
451 770 891 833 prorumpentes,
926 771 1064 817 utet
1110 761 1332 829 Filium,
1380 771 1436 818 et
1464 763 1726 833 Spiritum
1776 778 1908 817 san-

2031 771 2246 825 Voannes
2275 785 2289 821 :
2330 766 2456 821 Tres
2482 771 2643 827 sunt,
2675 762 2766 834 qui
2802 759 3165 816 testimonium
3214 754 3367 819 dant,
3397 748 3573 820 Spiris

342 864 491 910 ctum
546 854 731 923 impiis
763 854 1022 910 convitiis
1077 855 1498 911 insectarentur.
1529 854 1695 926 Optat
1725 865 1907 910 autem

341 947 636 1018 Gregorius
672 947 812 1003 hanc
862 947 1264 1017 probatissimae
1288 948 1414 1003 vitze
1457 948 1761 1005 mercedem
1798 949 1911 1004 Ma-

340 1039 662 1096 cedonianis
689 1039 833 1105 dari,
870 1049 930 1094 ut
960 1038 1223 1110 Spiritum
1248 1051 1497 1096 sanctum
1531 1042 1698 1096 Deum
1738 1040 1912 1096 contio

343 1141 582 1198 teantur,
621 1146 856 1202 eumque
882 1146 1007 1188 cum
1040 1132 1368 1189 Christianis
1402 1133 1569 1189 Deum
1593 1135 1911 1204 praedicent;

345 1224 460 1277 imo
506 1222 671 1277 etiam
700 1232 827 1277 ante
856 1236 980 1285 nos,
1028 1220 1082 1276 id
1128 1231 1233 1288 est,
1266 1224 1496 1279 seorsim
1534 1237 1567 1278 a
1607 1223 1796 1288 nobis;
1831 1222 1912 1276 vel

346 1314 511 1367 etiam
547 1312 650 1366 hoc
682 1312 819 1376 vult,
858 1320 917 1364 ut
943 1312 1264 1381 priusquam
1310 1312 1379 1366 ad
1422 1312 1564 1366 hanc
1610 1310 1915 1367 confessio-

350 1420 472 1460 nem
525 1403 771 1467 veniant,
825 1417 946 1471 qute
1003 1400 1270 1472 Spiritum
1320 1413 1571 1459 sanctum
1630 1403 1917 1473 perspicue

351 1496 517 1551 Deum
549 1494 827 1564 praedicat,
881 1508 978 1563 per
1025 1495 1164 1549 alias
1204 1496 1476 1551 dictiones
1528 1496 1669 1551 idem
1705 1497 1917 1567 signiﬁ-

350 1593 541 1640 cantes
594 1585 984 1639 confiteantur.
1040 1584 1178 1641 Nam
1230 1587 1347 1642 haec
1394 1590 1557 1641 verba
1590 1606 1603 1642 :
1639 1587 1915 1653 Quantum

350 1678 526 1745 ipsius
577 1677 817 1746 dignitas
880 1678 1148 1748 postulat,
1194 1680 1564 1749 exprimenda:
1616 1682 1918 1737 divinitatis

2012 870 2117 922 tus.
2152 874 2312 929 aqua,
2365 866 2413 911 et
2456 853 2745 926 sanguis“.
2797 851 2925 906 Haec
2974 862 3139 919 porro
3187 853 3457 915 quantum
3506 838 3573 894 ad

2012 949 2374 1006 substantiam
2411 947 2599 1001 eadem
2634 959 2740 998 non
2767 951 2915 999 sunt.
2949 938 3115 995 Vides
3145 935 3419 1006 quomodo
3451 946 3575 987 cor-

2013 1049 2136 1097 ruat
2196 1038 2477 1094 haereticis
2539 1037 2630 1091 illa
2687 1030 3197 1091 connumeratlonis
3252 1022 3573 1096 disputatio.

2015 1131 2254 1202 Spiritus
2305 1128 2470 1199 igitur
2519 1126 2713 1182 eodem
2746 1124 2938 1179 ordine
2968 1135 3091 1174 cum
3146 1117 3305 1171 Patre
3343 1122 3398 1169 et
3445 1110 3579 1202 Pilio

2013 1200 2267 1280 censetur
2318 1236 2384 1274 ac
2439 1217 2775 1287 gloriﬁcatur
2804 1255 2819 1278 ,
2874 1221 3060 1282 utpote
3111 1223 3206 1280 per
3239 1219 3403 1275 quem
3464 1200 3578 1268 ipsa

2014 1329 2233 1385 quoque
2295 1312 2480 1367 divina
2527 1308 2775 1378 operatio
2808 1296 3138 1374 expleatur:
3184 1296 3374 1354 Gratia
3434 1292 3579 1349 enim

2015 1406 2227 1462 Domini
2267 1403 2433 1458 nostri
2472 1401 2602 1456 Iesu
2661 1398 2887 1461 Christi,
2930 1394 3106 1463 inquit
3158 1387 3458 1460 Apostolus
3483 1425 3498 1449 ,
3534 1392 3582 1434 et

2016 1500 2248 1554 charitas
2289 1494 2385 1549 Dei
2417 1493 2616 1554 Patris,
2651 1498 2701 1545 et
2738 1486 3077 1559 participatio
3109 1481 3281 1537 sancti
3319 1476 3580 1548 Spiritus,

2015 1594 2085 1647 sit
2113 1605 2232 1644 cum
2266 1586 2510 1643 omnibus
2540 1582 2768 1639 vobis".
2808 1578 2872 1633 Et
2922 1585 3122 1631 nostrae
3173 1569 3369 1625 salutis
3399 1572 3586 1636 caput,

2019 1696 2081 1736 ac
2115 1679 2355 1751 perfecta
2399 1679 2466 1733 de
2514 1674 2805 1729 divinitate
2840 1668 3064 1725 traditio
3111 1666 3227 1720 haec
3269 1668 3374 1725 est,
3402 1654 3587 1726 utqui

350 1754 482 1821 mihi
523 1768 631 1821 vim
675 1768 880 1824 habere
933 1769 1213 1825 videntur.
1241 1768 1341 1826 Vel
1365 1772 1531 1825 etiam
1569 1789 1583 1825 :
1618 1774 1759 1825 Ante
1790 1788 1915 1832 nos.
1952 1749 1984 1802 Β
2022 1749 2273 1843 baptismi
2305 1785 2447 1840 aqua
2500 1770 2811 1837 tinguntur,
2862 1762 2931 1816 ad
2965 1753 3409 1826 consequendam
3438 1763 3592 1843 san-

350 1859 511 1922 disit,
538 1859 591 1914 id
626 1870 733 1926 est,
760 1860 816 1915 in
858 1863 1107 1917 omnium
1135 1872 1431 1933 conspectu
1467 1873 1522 1918 et
1545 1863 1824 1933 prOpalant
1854 1878 1917 1917 ac

353 1952 552 2008 libere.

420 2045 541 2101 Col.
591 2045 720 2101 ΗΞ.
753 2045 1045 2116 Postquam
1085 2057 1261 2102 autem
1307 2048 1378 2102 ad
1398 2063 1487 2103 tios
1511 2060 1792 2119 utcunque,
1810 2059 1917 2106 etc.

351 2135 669 2203 Postquam,
722 2136 920 2205 inquit,
953 2137 1022 2190 ad
1055 2150 1153 2192 vos
1201 2146 1484 2204 utcunque
1532 2139 1791 2200 disserui,
1824 2141 1916 2208 qui

351 2224 653 2281 Macedonii
676 2236 873 2297 dogma
894 2226 1233 2296 proﬁtentes,
1259 2228 1406 2282 circa
1432 2227 1553 2282 Filii
1582 2231 1917 2284 divinitatem

354 2324 508 2372 recto
531 2317 738 2388 judicio
771 2317 1073 2382 ducimini,
1124 2317 1357 2388 agedum
1405 2319 1473 2372 ad
1516 2334 1824 2374 sermonem
1855 2322 1923 2375 t'e

353 2408 556 2479 Spiritu
583 2418 779 2464 sancto
804 2424 866 2465 se
897 2408 1100 2464 referat
1123 2412 1323 2467 oratio.
1360 2411 1436 2465 Ac
1463 2426 1563 2466 vos
1587 2427 1831 2481 quoque,
1863 2422 1922 2466 ut

353 2501 573 2570 opinor,
618 2500 725 2559 his.
755 2514 881 2570 quae
910 2500 1218 2565 attulimus,
1256 2502 1549 2571 persuasi,
1572 2502 1924 2557 contentione

258 2616 277 2633 ι
352 2593 563 2663 abiecta
585 2594 852 2649 dicentem
882 2594 1211 2663 sequemini,
1247 2609 1311 2648 ae
1336 2594 1574 2665 benigne
1612 2603 1669 2649 et
1693 2595 1923 2649 candide

354 2686 519 2740 verba
544 2695 733 2741 nostra
763 2686 1023 2742 audietis.
1067 2684 1209 2741 Hinc
1242 2695 1426 2742 autem
1461 2687 1766 2742 ordiemur.
1799 2689 1923 2757 Spi-

354 2778 496 2833 ritus
526 2788 770 2843 sanctus,
808 2792 909 2834 nec
957 2779 1125 2848 cmpit
1157 2794 1281 2834 esse
1318 2778 1557 2851 (semper
1592 2780 1737 2834 enim
1784 2781 1924 2849 erat)

357 2883 460 2924 nec
489 2883 615 2924 esse
637 2869 889 2936 desinet;
923 2886 1111 2925 verum
1136 2880 1242 2938 est,
1269 2879 1327 2925 et
1365 2873 1491 2938 erit,
1520 2879 1575 2926 et
1605 2887 1727 2927 cum
1764 2871 1926 2926 Patre

358 2957 590 3015 achilio
619 2960 973 3031 coniungitur
1014 2971 1072 3016 et
1111 2971 1570 3026 connumeratur,
1599 2978 1708 3016 non
1741 2972 1922 3017 autem

2016 1840 2441 1929 etiiicationem,
2471 1861 2525 1916 in
2557 1860 2781 1914 nomine
2813 1853 2990 1909 Patris
3013 1860 3068 1905 et
3115 1847 3239 1902 Filii
3269 1853 3322 1900 et
3355 1840 3593 1912 Spiritus

2020 1959 2196 2015 sancti
2239 1956 2611 2025 baptizentur.
2660 1948 2796 2004 Nam
2827 1946 2975 2016 quod
3037 1943 3093 1997 in
3148 1940 3340 1995 iisdem
3392 1932 3595 1989 divinis

2019 2049 2277 2118 operibus
2305 2055 2494 2103 sancta
2536 2042 2782 2098 Trinitas
2809 2036 3174 2109 gloriﬁcetur,
3218 2025 3589 2085 certissimum

2019 2140 2329 2196 divinitatis
2414 2138 2578 2192 unius
2639 2138 3023 2202 argumentum
3091 2133 3196 2180 est.
3264 2121 3340 2175 Ac
3406 2129 3596 2172 rursus

2018 2232 2315 2303 Apostolus
2348 2230 2401 2284 in
2432 2229 2577 2283 hunc
2610 2226 2828 2282 modum
2854 2220 3093 2291 loquitur
3125 2235 3138 2272 :
3173 2213 3319 2270 Unus
3351 2210 3508 2271 Deus,
3534 2220 3597 2260 ea:
3678 2264 3683 2269 ~

2020 2342 2123 2397 quo
2167 2323 2370 2386 omnia,
2410 2328 2458 2374 et
2491 2334 2626 2373 unus
2678 2316 2935 2371 Dominus
2974 2310 3131 2365 Jesus
3190 2305 3464 2364 Christus,
3509 2312 3600 2367 per

2018 2432 2173 2487 quem
2206 2413 2406 2476 omnia,
2445 2420 2493 2464 et
2525 2425 2659 2462 unus
2692 2405 2928 2475 Spiritus
2959 2408 3194 2463 sanctus,
3227 2397 3282 2448 iu
3327 2408 3428 2463 quo
3480 2405 3601 2487 am-

2026 2478 2113 2559 itia
2143 2506 2209 2561 “.
2251 2503 2327 2558 En
2358 2503 2461 2557 hoc
2497 2512 2715 2569 quoque
2744 2498 2862 2549 locu
2894 2491 3128 2563 Spiritus
3158 2494 3382 2544 sanctus
3406 2478 3596 2535 eodem

2022 2596 2217 2650 ordine
2276 2608 2340 2647 ac
2363 2605 2594 2646 numero
2645 2602 2769 2641 cum
2831 2585 2994 2639 Patre
3051 2588 3107 2635 et
3167 2575 3304 2631 Filio
3356 2572 3596 2642 ponitur.

2024 2685 2211 2755 Neque
2248 2685 2393 2738 enim
2453 2680 2657 2749 alioqui
2697 2676 2936 2731 Trinitas
2987 2671 3172 2731 fuerit,
3207 2667 3312 2722 nisi
3361 2662 3602 2734 Spiritus

2025 2799 2245 2854 quoque
2273 2787 2729 2837 connumeretnr.
2785 2774 2848 2828 Et
2873 2766 3336 2854 quemadmodum
3382 2758 3607 2854 tradidit

2027 2850 2260 2943 magnus
2320 2870 2435 2934 ille,
2484 2878 2540 2923 et
2583 2882 2611 2920 a
2649 2863 2934 2920 miraculis
2985 2858 3151 2917 editis
3208 2850 3604 2943 Thaumaturgi

2028 2937 2451 3033 cognomentum
2517 2960 2748 3029 adeptus
2800 2952 3139 3022 Gregorius,
3186 2957 3466 3014 nunquam
3522 2937 3619 3033 vel

360 3027 749 3121 subiungitur,
800 3027 896 3106 aut
954 3053 1377 3108 subuumeratur
1403 3090 1421 3116 ,
1464 3054 1923 3122 quemadmodum
1952 3079 1995 3138 ρ
2031 3027 2179 3111 Ρθῖτί
2228 3052 2404 3107 Filius
2446 3027 2644 3116 defuit,
2684 3045 2768 3101 vel
2803 3041 2943 3098 Filio
2971 3039 3208 3111 Spiritus
3250 3040 3517 3138 sanctus,
3551 3027 3605 3132 id

365 3140 634 3195 haereticis
666 3142 846 3210 placet
897 3142 1073 3212 ipsius
1105 3144 1427 3212 dignitatem
1468 3142 1799 3197 imminuere
1826 3158 1924 3197 cu-

361 3230 663 3301 pientibus.
694 3231 862 3286 Aiunt
891 3232 1040 3287 enim
1069 3232 1375 3302 aequalibus
1421 3240 1476 3286 et
1523 3233 1769 3286 eamdem
1802 3232 1932 3286 sub-

363 3324 619 3379 stantiam
700 3326 1057 3390 habentibus,
1141 3324 1627 3379 connumerationis
1700 3322 1928 3377 verbum

361 3417 702 3473 convenire:
755 3417 1112 3473 inferioribus
1160 3427 1344 3472 autem
1371 3416 1759 3489 diversamque
1796 3413 1932 3468 sub-

332 3512 622 3566 ~stantiam
696 3510 1021 3566 habentibus
1050 3549 1067 3575 ,
1175 3508 1664 3564 subnumerationis
1738 3521 1934 3561 nomen

368 3604 661 3673 quadrare,
697 3604 786 3659 vel
825 3603 1124 3674 singularis
1167 3602 1578 3658 declarationis.
1612 3603 1691 3655 Ac
1727 3615 1938 3655 connu-

368 3697 727 3751 merationem
779 3696 1001 3766 quidem
1057 3702 1258 3750 vicant
1318 3693 1746 3749 contractionem
1794 3706 1935 3757 eam,

370 3804 490 3858 qua:
536 3791 591 3843 in
628 3804 796 3844 ttnum
841 3804 1135 3845 numerum
1172 3788 1254 3855 iit,
1299 3797 1361 3842 ut
1397 3802 1524 3842 cum
1556 3785 1796 3841 dicimus
1830 3794 1940 3838 tres

372 3880 503 3936 deos
527 3890 624 3935 aut
654 3891 770 3937 tres
799 3881 1051 3936 homines
1084 3896 1100 3935 :
1134 3894 1247 3935 non
1272 3890 1457 3935 autem
1490 3876 1936 3933 connumeratio-

375 3989 516 4040 nem,
545 3977 640 4030 sed
672 3975 1009 4045 singularem
1037 3973 1501 4036 enuntiationem,
1530 3986 1656 4027 cum
1683 3970 1939 4035 dicimus,

375 4074 542 4121 unum
566 4077 620 4122 ct
650 4076 818 4122 unum
845 4084 860 4122 :
895 4066 1444 4122 subnnmerationem
1471 4064 1705 4132 denique
1726 4072 1941 4132 postre-

376 4172 525 4210 mum
557 4159 612 4212 in
661 4159 1082 4214 enumeratione
1111 4158 1366 4229 gradum,
1425 4164 1487 4210 ut
1511 4152 1695 4218 Pater,
1748 4152 1943 4217 Filius,

378 4258 435 4303 et
495 4245 730 4319 Spiritus
786 4258 1054 4309 sanctus:
1089 4248 1167 4303 En
1200 4288 1216 4315 ,
1281 4246 1583 4318 inquiunt,
1634 4253 1945 4316 postremus

378 4352 693 4398 recensetur
726 4358 793 4399 ac
834 4343 1222 4412 pronuntiatur
1275 4340 1553 4409 Spiritus,
1605 4352 1670 4393 ac
1699 4336 1847 4391 Patri
1891 4341 1948 4390 et

2032 3146 2177 3217 quod
2223 3154 2401 3199 tamen
2456 3141 2694 3210 Spiritus
2719 3139 2904 3191 hostes
2931 3139 3206 3188 astruunt.
3250 3127 3303 3181 Id
3354 3125 3499 3179 enim
3554 3121 3607 3174 in

2033 3239 2327 3293 maximam
2359 3232 2715 3303 ignominiam
2745 3228 2839 3283 Dei
2872 3225 3107 3282 cederet.
3135 3220 3276 3274 Ilinc
3303 3218 3447 3272 enim
3473 3229 3605 3269 con-

2037 3328 2312 3391 ﬁceretur,
2339 3324 2505 3379 Deum
2538 3336 2568 3376 a
2601 3316 2873 3390 principio
2904 3313 3205 3383 perfectum
3254 3322 3364 3362 non
3411 3303 3603 3366 fuisse,

2037 3434 2225 3475 verum
2260 3426 2473 3486 postea,
2506 3411 2663 3482 quasi
2687 3404 3010 3480 poenitentia
3057 3411 3288 3464 motum,
3316 3409 3608 3470 personam

2038 3526 2161 3582 quae
2199 3506 2632 3571 desiderabatur,
2697 3503 2803 3557 hoc
2835 3508 2942 3564 est,
3000 3495 3264 3567 Spiritum
3336 3497 3611 3582 sanctum.

2040 3581 2428 3671 assumpsisse,
2457 3607 2621 3667 atque
2651 3594 2727 3649 ita
2759 3592 2826 3647 ad
2858 3589 3035 3645 modis
3064 3584 3318 3642 omnibus
3363 3581 3609 3636 cumulu~

2043 3705 2150 3752 tam
2216 3670 2273 3750 et
2323 3670 2623 3765 perfectam
2671 3684 3008 3743 divinitatem
3077 3676 3412 3751 pervenisse.
3483 3671 3616 3765 Erat

2042 3788 2209 3859 igitur
2231 3786 2288 3842 in
2325 3764 2591 3855 principio
2624 3778 2882 3849 Spiritus,
2918 3786 3081 3844 atque
3119 3770 3188 3826 ab
3218 3767 3368 3824 omni
3393 3764 3613 3836 quidem

2041 3891 2293 3938 creatura
2354 3875 2694 3948 percipitur,
2739 3870 2808 3926 ad
2838 3868 2921 3926 sui
2990 3860 3514 3936 coagmentationem
3564 3862 3623 3909 et

2042 3972 2511 4030 conversationem
2536 3982 2602 4022 eo
2638 3979 2776 4035 opus
2818 3956 3217 4025 habentczipse
3265 3960 3446 4006 autem
3490 3948 3616 4002 nul.-

2044 4067 2153 4123 lius
2191 4066 2270 4122 rei
2308 4062 2578 4133 particeps
2623 4055 2873 4111 edicitur.
2909 4048 3122 4103 Nullius
3173 4044 3317 4100 enim
3381 4041 3615 4133 indiget,

2047 4170 2216 4225 seque
2249 4130 2368 4222 ipso
2399 4158 2692 4206 contentus
2704 4152 2807 4200 est.
2831 4138 3048 4195 Perllcit
3079 4135 3263 4192 omnia
3281 4140 3441 4201 atque
3470 4130 3626 4198 ipsos

2048 4248 2212 4304 etiam
2260 4242 2480 4313 angelos
2543 4254 2639 4311 per
2692 4232 3177 4292 sanctiﬁcationem
3215 4246 3230 4284 :
3264 4228 3377 4297 ipse
3436 4231 3625 4278 autem

2051 4355 2161 4395 non
2191 4335 2490 4406 perﬁcitur,
2529 4330 2728 4402 quippe
2777 4336 2969 4383 natura
3002 4320 3280 4394 perfectus
3320 4327 3484 4387 atque
3528 4313 3615 4367 in.-

378 4433 520 4489 Ftlio
552 4409 1001 4489 subnumeratur.
1035 4434 1216 4502 Atque
1243 4431 1361 4487 haec
1378 4429 1485 4500 ipsi
1506 4428 1716 4493 dicunt,
1745 4426 1950 4483 doctri-
1980 4431 2026 4486 D
2053 4438 2392 4488 crementum
2426 4424 2694 4481 nesciens.
2738 4418 2933 4490 implet
2961 4416 3145 4473 omnia
3188 4428 3289 4470 sua
3335 4409 3574 4466 essentia
3602 4422 3618 4460 :

382 4542 508 4580 nam
555 4542 712 4582 suam
744 4528 904 4598 quasi
945 4527 1052 4581 lata
1084 4525 1203 4594 lege
1230 4524 1665 4593 promulgantes,
1695 4531 1953 4577 caeterum

381 4631 411 4670 a
439 4618 664 4672 veritate
691 4619 1030 4673 recedentes.
1062 4616 1199 4671 Nam
1231 4628 1418 4669 revera
1452 4614 1688 4682 Spiritus
1714 4622 1939 4669 sanctus

384 4711 439 4764 in
473 4710 758 4783 Scriptura
803 4728 910 4766 non
962 4725 1180 4781 semper
1217 4720 1497 4780 postremo
1533 4707 1654 4761 loco
1704 4706 1948 4776 ponitur,

383 4808 478 4860 sed
527 4806 804 4861 interdum
836 4807 1002 4861 etiam
1035 4804 1203 4875 priori
1244 4804 1365 4858 loco
1397 4806 1739 4866 numeratur;
1788 4797 1950 4853 Pater

385 4908 566 4953 autem
601 4899 914 4967 posteriori,
947 4906 1145 4951 utcum
1176 4896 1253 4950 ait
1289 4890 1626 4963 Apostolus:
1657 4890 1951 4944 Divisioues

385 4992 682 5059 gratiarum
714 5000 862 5055 sunt,
900 4989 1039 5043 idem
1081 4998 1254 5042 autent
1294 4985 1555 5053 Spiritus,
1584 4983 1675 5052 qui
1703 4991 1953 5051 aperatur

386 5082 669 5137 divisiones
730 5085 1022 5154 gratiarum
1064 5080 1184 5154 (pro
1236 5082 1468 5140 ratione,
1521 5085 1581 5130 ut
1613 5075 1844 5145 opinor,
1897 5081 1954 5129 et

390 5178 588 5229 merito
619 5192 835 5243 eorum,
889 5177 984 5247 qui
1032 5190 1128 5231 eas
1160 5173 1467 5243 suscipiunt
1501 5169 1560 5240 );
1586 5178 1635 5224 et
1666 5167 1954 5221 divisiones

391 5269 846 5323 ministrationum
903 5276 1064 5332 sunt,
1123 5266 1261 5319 idem
1320 5272 1497 5317 autem
1568 5259 1858 5321 Dominus;
1903 5264 1953 5310 et

391 5361 673 5416 divisiones
724 5361 1088 5431 operationum
1126 5369 1269 5424 sunt,
1316 5356 1455 5410 idem
1498 5363 1678 5410 autem
1706 5348 1953 5407 Deus'”.

2034 4526 2266 4597 Spiritus
2313 4521 2459 4577 enim
2496 4517 2709 4574 Domini
2743 4514 2957 4586 replevit
3023 4510 3198 4564 orbem
3253 4515 3514 4559 terrarum

2050 4592 2231 4688 inquit
2249 4614 2545 4677 Salomon;
2575 4617 2632 4664 et
2660 4607 2829 4663 David
2853 4624 2866 4660 :
2894 4603 3011 4669 Quo
3033 4602 3115 4655 ibo
3142 4617 3176 4654 ιι
3205 4596 3412 4667 Spiritu
3438 4592 3624 4688 tua"?

2051 4682 2174 4779 Ipse
2218 4713 2401 4762 autem
2451 4717 2557 4757 non
2595 4698 2878 4769 impletur.
2928 4701 3113 4765 utpote
3159 4690 3349 4758 plenus
3391 4700 3456 4740 ac
3505 4682 3625 4752 plus

2050 4815 2214 4872 quam
2264 4798 2500 4867 plenus:
2540 4791 2611 4846 Et
2652 4791 2717 4845 de
2746 4787 3075 4859 plenitudine
3128 4781 3244 4850 ejus
3295 4793 3388 4831 nos
3446 4789 3634 4872 omnes

2053 4865 2350 4961 accepimus
2394 4889 2465 4950 δ’.
2492 4896 2548 4940 et
2592 4881 2913 4953 accipimus,
2958 4885 3125 4949 atque
3164 4870 3476 4942 implentur.
3559 4865 3628 4916 At

2057 4985 2180 5056 ipse
2204 4997 2308 5037 nec
2338 4979 2415 5036 rei
2451 4977 2612 5034 ullius
2650 4972 2878 5043 indiget,
2904 4984 3005 5024 nec
3041 4964 3306 5021 minuitur
3339 4974 3485 5056 :no‘n

2059 5048 2160 5132 c-us
2199 5089 2266 5129 ae
2293 5071 2375 5128 sol
2403 5067 2730 5138 corporibus
2767 5062 3058 5133 aﬂulgens,
3109 5055 3365 5124 varieque
3409 5050 3478 5104 ab
3523 5048 3630 5102 illis

2058 5177 2371 5239 perceptus,
2444 5161 2866 5230 haudquaquam
2908 5168 2940 5209 a
2987 5146 3413 5239 percipientibus
3451 5138 3632 5239 immi-

2062 5229 2275 5310 nuitur.
2301 5229 2639 5312 sanctiﬁcat,
2676 5252 2736 5300 ut
2767 5252 2958 5298 natura
2987 5245 3212 5296 sanctus
3238 5252 3253 5290 :
3284 5231 3462 5287 Abiuti
3485 5229 3631 5285 enim

2061 5349 2209 5412 estis,
2237 5343 2435 5416 inquit,
2458 5351 2509 5398 et
2536 5337 2857 5409 sanetiﬁcati
2903 5333 3027 5389 estis
3076 5333 3128 5387 in
3174 5327 3381 5383 nomine
3421 5320 3632 5387 Domini
3717 5338 3721 5343 η

462 5477 561 5529 ⁸⁸⁵1
589 5478 718 5532 Cor.
748 5491 849 5546 χιι,
876 5475 996 5530 ινδ.
1071 5472 1116 5508 ⁵⁵
1146 5471 1342 5528 IJoan.
1371 5488 1423 5537 v,
1445 5470 1500 5526 8.
1575 5469 1621 5502 "
1646 5466 1690 5521 ll
1714 5465 1929 5522 Cor-XII

2031 5463 2112 5519 l3.
2184 5459 2233 5492 ³⁸
2259 5458 2425 5513 Ηίοτ.
2457 5469 2575 5520 vttt,
2598 5451 2651 5507 6.
2724 5450 2771 5484 ³⁷
2800 5451 2928 5519 Sap.
2950 5446 3061 5514 t,7.
3136 5445 3183 5477 ⁸⁸
3204 5441 3347 5499 Psal.
3373 5450 3637 5500 csuvttt,

396 5544 450 5604 7.
526 5552 571 5583 ⁸³
603 5549 760 5606 Joan.
791 5544 841 5616 t,
871 5547 959 5602 l6.

470 5710 582 5777 (5|)
626 5709 745 5765 "1m:
774 5710 828 5765 in
864 5725 986 5764 meo
1034 5704 1215 5760 Niu-ta
1250 5720 1353 5758 non
1398 5699 1690 5763 habentur,
1742 5704 1794 5750 ct
1828 5692 1965 5748 alius
2007 5687 2312 5760 quUspiam
2353 5683 2671 5756 interpretis
2706 5694 2826 5738 esse
2854 5677 3129 5735 videntur.
