4050 6198
631 255 656 316 1
671 251 770 314 163

1999 283 2008 291 ·
2065 256 2320 319 ADDEN
2328 260 2445 320 DA.

3669 277 3763 342 ιιιι

626 366 793 419 nostri
823 363 952 418 Iesu
986 364 1208 430 Christi,
1243 374 1292 419 et
1324 365 1380 419 in
1418 363 1624 434 Spiritu
1671 364 1764 419 Dei
1808 366 1978 420 nostri
2003 367 2072 435 ⁶⁰;
2096 367 2209 438 ipse
2233 369 2284 430 Α
2312 371 2366 427 id
2398 379 2505 438 est,
2540 381 2732 428 natura
2759 382 2814 430 et
2843 388 2940 445 per
2967 374 3202 448 seipsum
3242 381 3515 449 potentiam
3550 385 3695 454 habet,
3721 410 3765 449 ac

627 467 809 512 autem
839 455 1078 526 Spiritus
1105 455 1330 512 minime
1375 458 1791 523 sanetiﬂcatur;
1822 472 1999 529 neque
2057 460 2206 515 enim

627 548 777 620 quod
835 549 1073 604 essentia
1121 560 1373 604 sanctum
1421 559 1506 606 est
1557 550 2053 607 sanctiﬁcationem
2116 567 2207 608 re-

629 639 819 710 quirit.
852 637 1179 696 Hominibus
1207 641 1546 696 divinitatem
1593 641 1768 706 aﬂert,
1804 658 1902 713 per
1949 643 2206 714 adoptio-

624 747 747 788 nem
789 741 843 788 et
884 732 1112 804 gratiam
1148 752 1163 789 :
1195 735 1313 805 ipse
1365 747 1546 790 autem
1601 735 1744 792 Deus
1787 752 1893 790 non
1953 737 2202 793 edicitur.

622 822 758 879 Nam
807 825 956 894 quod
999 825 1124 881 aliis
1156 826 1494 881 divinitatem
1526 827 1776 898 largitur,
1806 838 2002 883 natura
2061 830 2203 886 Dens

620 926 726 974 cst.
756 919 959 974 Adhaec
999 919 1088 973 ille
1134 919 1237 974 sibi
1280 919 1382 989 ipsi
1409 935 1626 992 semper
1684 922 1910 989 aequalis
1953 931 2006 978 et
2058 923 2200 977 idem

619 1023 724 1075 est,
769 1011 975 1066 nullam
1020 1014 1435 1068 conversionem
1495 1029 1560 1069 ac
1586 1016 1944 1070 mutationem
1998 1016 2200 1072 admit-

619 1112 776 1168 tens,
823 1104 1282 1172 quemadmodum
1329 1120 1429 1160 nec
1484 1107 1646 1161 Pater
1675 1121 1776 1162 nec
1826 1106 2022 1174 Filius,
2073 1124 2199 1164 cum

618 1195 822 1263 quibus
878 1194 1118 1266 Spiritus
1183 1197 1516 1266 conjunctus
1582 1208 1686 1254 est.
1751 1198 2200 1257 lnvisibilis:sic

616 1288 764 1342 enim
814 1289 890 1344 ait
927 1289 1180 1346 Christus
1215 1308 1229 1346 :
1268 1290 1529 1361 Spiritum
1569 1293 1795 1349 mundus
1829 1296 2063 1364 accipere
2095 1313 2198 1350 non

613 1391 798 1447 potest,
828 1385 949 1448 quia
981 1402 1083 1438 non
1117 1386 1256 1440 videt
1286 1403 1403 1440 eum
1420 1386 1788 1456 “.Temporis
1824 1403 2040 1458 expers,
2061 1405 2198 1460 quo-

613 1473 761 1527 niam
793 1483 848 1528 et
873 1474 1174 1532 increatus.
1202 1475 1398 1532 Creata
1432 1479 1577 1532 enim
1614 1489 1760 1546 sunt,
1792 1495 1912 1550 qum
1951 1481 2008 1536 in
2054 1493 2196 1536 tem-

613 1580 747 1634 pore
777 1577 924 1622 sunt.
962 1567 1538 1638 lncomprehensibilis
1569 1572 1793 1639 mundo,
1834 1583 2099 1644 quantum
2127 1573 2196 1628 ad

612 1658 914 1725 potentiam
952 1667 1006 1713 ct
1047 1661 1502 1730 magnitudinem,
1550 1672 1770 1734 propter
1796 1665 2095 1720 bonitatem
2130 1683 2193 1720 ac

614 1750 1028 1806 beneficentiam
1062 1767 1291 1823 capaces
1332 1757 1417 1811 sui
1461 1755 1713 1812 homines
1747 1757 1895 1813 facit.
1932 1757 2193 1814 lntmula-

611 1841 758 1908 bilis,
791 1845 918 1913 quia
962 1854 1013 1900 et
1054 1846 1372 1917 ingenitus;
1408 1864 1530 1919 quae
1574 1850 1718 1905 enim
1767 1861 1885 1906 orta
1926 1861 1980 1906 et
2029 1868 2194 1923 gene-

611 1943 730 1989 rata
804 1949 958 2004 sunt,
1007 1940 1299 1996 mutationi
1345 1941 1579 1997 obnoxia
1661 1951 1806 1998 sunt.
1886 1942 2193 2012 Qualitate,

607 2029 936 2096 quantitate,
967 2029 1165 2087 forma.
1199 2041 1252 2087 et
1285 2041 1430 2088 tactu
1459 2048 1679 2101 carens,
1715 2035 1842 2104 quia
1875 2036 2104 2106 simplex
2140 2046 2194 2091 et

608 2121 987 2192 incorporeus.
1033 2125 1416 2182 Accidentium
1469 2127 1616 2182 enim
1673 2129 1938 2184 rationem
1990 2129 2194 2184 habent

607 2211 864 2279 qualitas,
905 2215 1211 2283 quantitas,
1258 2225 1458 2285 tactus,
1510 2225 1564 2272 et
1609 2217 1806 2283 forma,
1858 2235 1952 2276 seu
1995 2221 2187 2290 figura,

610 2317 730 2370 qum
768 2303 989 2373 quidem
1035 2306 1089 2361 in
1138 2309 1458 2378 compositis
1505 2309 1948 2365 considerantur.
1971 2312 2041 2364 At
2082 2311 2190 2366 Deo

609 2392 842 2460 qualitas
875 2395 1021 2450 nulla
1055 2397 1342 2454 tribuenda
1381 2409 1466 2455 est
1487 2401 1580 2469 (ne
1611 2402 1976 2471 compositum
2009 2403 2186 2471 ipsum

609 2492 940 2552 statuamus,
999 2489 1260 2544 nimirum
1309 2506 1376 2545 ex
1431 2493 1742 2548 substantia
1789 2502 1842 2549 et
1879 2494 2186 2565 qualitate),

610 2589 707 2629 nec
751 2575 922 2632 ullum
976 2580 1202 2635 omnino
1269 2582 1546 2638 accidens.
1591 2583 1732 2637 Nihil
1777 2586 1920 2640 enim
1964 2585 2018 2640 in
2066 2586 2186 2656 ipso

609 2668 856 2723 nascitur
901 2680 1066 2740 atque
1119 2672 1536 2744 exstinguitur:
1570 2691 1759 2731 verum
1828 2677 2186 2736 immutabilis

606 2766 690 2811 est
723 2769 777 2813 et
807 2760 1186 2829 inalterabilis,
1225 2780 1578 2836 semperque,
1612 2778 1671 2822 ut
1705 2767 1968 2834 diximus,
1996 2771 2186 2826 eodem

607 2850 770 2905 modo
805 2867 864 2906 se
911 2853 1097 2910 habet.
1129 2853 1249 2910 Jam
1296 2874 1427 2913 vero
1483 2871 1679 2915 caetera
1729 2862 1915 2916 omnia
1967 2861 2187 2917 aliunde

605 2950 816 2996 motum
845 2943 1066 3008 habent,
1099 2947 1204 3001 hoc
1247 2958 1350 3011 est,
1381 2965 1412 3004 a
1440 2949 1572 3014 Deo,
1605 2966 1636 3005 a
1667 2967 1777 3020 quo
1822 2953 1964 3008 facta
2007 2965 2136 3008 sunt
2169 2972 2183 3009 :

605 3046 662 3088 at
689 3033 927 3102 Spiritus
953 3049 1200 3105 sanctus,
1224 3039 1316 3109 qui
1363 3040 1508 3096 Deus
1547 3051 1652 3104 εει,
1693 3058 1794 3097 nec
1833 3061 1862 3098 a
1903 3061 2181 3115 quoquam
2212 3068 2257 3128 ρ

603 3138 823 3182 ιιι-ειιιιιε
849 3136 954 3189 est.
988 3145 1087 3184 nec
1125 3143 1404 3200 movetur,
1435 3149 1623 3189 verum
1654 3146 1847 3206 suopte
1880 3148 2030 3192 motu
2068 3141 2181 3193 cie-

606 3230 720 3285 tur,
749 3235 814 3274 ac
845 3221 1075 3291 proinde
1126 3235 1451 3294 pcrpeluurn
1494 3237 1702 3281 motum
1750 3228 1931 3283 habet.
1959 3229 2182 3299 Insuper

604 3314 817 3368 arbitrii
846 3329 1064 3384 quoque
1093 3315 1249 3371 liberi
1296 3331 1378 3372 est
1410 3317 1650 3388 Spiritus
1678 3332 1922 3376 sanctus.
1957 3321 2181 3378 Diversa

603 3415 784 3461 autem
815 3407 1214 3478 signiﬁcatione
1249 3409 1460 3464 arbitrii
1484 3409 1708 3467 libertas
1739 3416 1954 3482 capitur
1974 3452 1988 3476 ,
2024 3414 2181 3468 aliter

602 3513 730 3552 eum
762 3498 828 3554 de
853 3499 964 3554 Deo
999 3515 1182 3556 sermo
1207 3501 1458 3566 habetur,
1489 3502 1646 3557 aliter
1677 3518 1802 3556 cum
1841 3504 1910 3559 de
1948 3506 2177 3573 angelis.

602 3591 763 3646 aliter
795 3592 1032 3663 denique
1065 3609 1188 3649 eum
1223 3595 1290 3650 de
1325 3595 1658 3651 hominibus.
1706 3596 1764 3651 In
1813 3595 1922 3651 Deo
1957 3605 2043 3653 est
2083 3613 2180 3652 sn-

601 3679 1095 3748 peressentialitcr;
1123 3683 1176 3735 in
1208 3683 1435 3752 angelis,
1472 3684 1599 3752 quia
1628 3695 1860 3743 conatus
1889 3689 2180 3758 operisque

599 3771 944 3839 expromptio
987 3785 1110 3826 cum
1153 3775 1340 3829 habitu
1370 3779 1670 3844 concurrit,
1708 3795 1812 3834 nec
1841 3779 2006 3835 ullam
2033 3790 2178 3836 tem-

599 3860 750 3928 poris
789 3862 1254 3932 intercapedinem
1299 3866 1560 3922 admittit.
1595 3868 1732 3923 Nam
1785 3886 1908 3924 eum
1954 3871 2179 3939 angelus

599 3955 811 4011 arbitrii
861 3955 1166 4012 libertatem
1214 3966 1410 4013 natura
1446 3959 1664 4022 habeat.
1702 3961 1824 4016 sine
1853 3963 1964 4016 ullo
1996 3963 2171 4033 impe-

597 4046 847 4103 dimento
875 4063 939 4103 ea
972 4050 1166 4116 utitur,
1200 4051 1647 4122 quandoquidem
1673 4069 1774 4110 nec
1810 4057 2058 4126 corporis
2088 4074 2174 4113 re-

595 4138 952 4195 luctationem
987 4142 1226 4210 patitur,
1259 4158 1362 4199 nec
1391 4145 1717 4215 cujusquam
1763 4149 2176 4218 oppugnatione

594 4232 885 4296 premitur.
918 4230 1094 4286 Simul
1125 4235 1272 4287 enim
1299 4251 1422 4289 cum
1455 4247 1649 4292 natura
1677 4247 1731 4292 et
1762 4239 2043 4295 creatione
2072 4255 2170 4296 sua

595 4321 824 4376 liberam
888 4323 1100 4377 arbitrii
1158 4324 1470 4381 facultatem
1527 4330 1771 4399 accepit,
1825 4346 2170 4402 nequaquam

2309 473 2597 535 propterea
2649 469 2873 532 omnia,
2925 485 3042 539 quae
3074 472 3216 535 vult,
3265 482 3461 543 potest;
3508 493 3600 532 non
3636 493 3765 538 autem

2309 557 2494 611 omnia
2526 558 2662 622 vult,
2699 574 2821 629 quae
2864 569 3057 629 potest.
3091 560 3340 617 Mundum
3379 565 3510 618 enim
3549 567 3692 623 delere
3725 588 3769 628 ac

2307 649 2535 717 perdere
2566 660 2765 720 potest,
2803 667 2909 705 non
2959 660 3136 705 tamen
3164 653 3294 708 vult.
3325 655 3467 720 Quod
3494 657 3534 710 si
3563 659 3668 728 quid
3700 661 3770 715 hu-

2309 739 2494 793 milius
2523 750 2576 794 et
2601 741 2868 808 abiectius
2895 741 2961 796 de
3007 755 3075 796 eo
3107 743 3303 796 dictum
3341 744 3576 812 invenias,
3601 752 3769 819 exempli

2305 839 2474 881 causa
2510 845 2523 881 :
2556 828 2710 894 Quod
2742 845 2769 882 a
2799 828 2962 885 Patre
2996 831 3248 895 mittitur.
3277 843 3366 887 aut
3393 836 3551 901 datur,
3578 847 3652 890 aut
3673 841 3770 892 divi-

2305 919 2473 984 ditur,
2495 931 2590 973 ant
2616 922 2927 987 intercedit,
2955 933 3048 977 aut
3081 924 3223 978 aliud
3267 926 3521 996 quidpiam
3550 929 3680 997 hujus
3702 948 3767 1000 ge-

2305 1011 2473 1073 neris,
2507 1013 2646 1066 scito
2685 1013 2798 1068 haec
2821 1015 3006 1068 omnia
3035 1014 3101 1069 ad
3131 1015 3349 1085 primam
3380 1033 3573 1073 causam
3610 1021 3762 1085 referri.

2306 1101 2407 1155 hoc
2445 1111 2549 1165 εει,
2582 1102 2648 1157 ad
2680 1102 2920 1167 Patrem,
2955 1107 3400 1175 quemadmodum
3434 1118 3481 1162 ct
3500 1109 3557 1162 ad
3585 1113 3768 1166 eumdem

2302 1208 2398 1246 sua
2433 1193 2602 1252 Filius
2634 1196 2818 1252 refert.
2856 1197 2946 1252 Sic
2975 1199 3121 1252 enim
3152 1201 3270 1256 Vita
3293 1201 3398 1270 ipsa
3438 1200 3672 1271 loquitur:
3695 1204 3770 1274 Ego

2301 1286 2413 1338 vivo
2444 1298 2654 1356 propter
2683 1288 2899 1344 Patrem
2924 1292 2992 1345 ".
3025 1291 3089 1346 Et
3113 1293 3227 1362 ipsa
3259 1292 3632 1349 PotentiazNon
3654 1308 3769 1364 potest

2303 1380 2477 1435 Filius
2515 1380 2688 1449 facere
2713 1399 2745 1435 a
2776 1385 2946 1452 seipso
2975 1383 3260 1454 quidquam
3299 1385 3360 1438 “.
3397 1385 3455 1440 Et
3490 1388 3684 1456 perlecta
3704 1390 3772 1443 Sa-

2300 1475 2547 1544 pientia:
2589 1473 2900 1529 Mandatum
2943 1479 3144 1546 accepi,
3183 1478 3305 1548 quid
3351 1479 3529 1544 dicam,
3571 1484 3771 1549 autqaid

2299 1566 2492 1636 loquar
2525 1566 2619 1621 "‘i
2649 1568 2728 1620 Ac
2765 1586 2997 1625 rursus:
3026 1572 3065 1622 Α
3103 1573 3296 1640 nteipso
3330 1587 3422 1625 non
3461 1589 3561 1626 sum
3601 1574 3770 1635 locutu.

2299 1659 2387 1713 sed
2398 1659 2855 1729 quemadmodum
2881 1661 3015 1717 dixit
3046 1664 3172 1716 nti/ti
3201 1663 3375 1726 Pater,
3400 1666 3469 1718 sic
3498 1665 3613 1732 {ucio
3634 1666 3683 1716 “.
3705 1665 3770 1718 His

2302 1761 2484 1806 autem
2516 1753 2698 1808 verbis
2729 1769 2835 1808 non
2863 1769 2929 1809 eo
2953 1755 3143 1820 utitur,
3172 1755 3576 1826 qnod,voluntate
3601 1772 3650 1809 ar.
3667 1766 3766 1808 motu

2300 1853 2503 1909 careat,
2537 1854 2591 1898 ct
2626 1845 2771 1900 velut
2823 1846 3160 1916 imperialem
3225 1855 3471 1902 tesseram
3521 1857 3764 1916 exspectet;

2300 1936 2395 1990 sed
2428 1945 2488 1990 ut
2503 1939 2826 1992 sententiam
2852 1952 3007 1992 suam
3028 1939 3357 2008 conjunctim
3375 1949 3423 1992 et
3439 1938 3767 2008 inseparabiliter

2300 2043 2330 2082 a
2365 2027 2523 2083 Patre
2549 2028 2876 2099 pendentem
2925 2031 3206 2094 ostendat,
3238 2047 3299 2085 ac
3327 2047 3415 2101 per
3444 2032 3542 2085 hac
3565 2030 3703 2084 omnia
3721 2027 3765 2081 ad

2298 2117 2479 2174 Patris
2519 2122 2883 2190 cognitionem
2941 2122 3108 2175 nobis
3144 2131 3339 2190 praaeat
3363 2140 3376 2176 :
3398 2121 3458 2174 ad
3481 2135 3616 2190 quem
3643 2133 3764 2171 rerum

2310 2226 2526 2277 earum,
2557 2227 2680 2282 qua:
2719 2211 2788 2266 ab
2817 2226 2882 2266 eo
2919 2210 3183 2274 eduntur,
3225 2213 3520 2266 miraculum
3556 2210 3697 2266 refert.
3726 2218 3764 2261 ut

2298 2318 2394 2372 per
2429 2317 2554 2356 eum
2603 2303 2672 2356 ad
2719 2301 2895 2357 Patris
2940 2303 3306 2373 cognitionem
3361 2303 3632 2358 evehamur.
3669 2298 3763 2363 Quia

2297 2394 2459 2449 etiam
2495 2393 2734 2462 Spiritus
2767 2395 2872 2447 vita
2912 2404 3013 2459 est,
3050 2404 3110 2449 et
3157 2395 3444 2459 viviﬁcans;
3474 2396 3542 2448 sic
3572 2391 3683 2446 enim
3715 2388 3765 2440 ait

2297 2485 2590 2554 Apostolus
2645 2501 2659 2539 :
2701 2482 2934 2554 Spiritus
2987 2489 3099 2540 vita
3153 2496 3231 2541 est
3273 2502 3360 2556 per
3386 2484 3620 2554 justitiam
3636 2481 3686 2533 “.
3725 2477 3764 2529 Et

2297 2593 2494 2634 rursus
2527 2596 2541 2632 :
2575 2576 2778 2632 Littera
2807 2579 3028 2644 occidit,
3065 2580 3304 2648 Spiritus
3339 2588 3497 2632 autem
3525 2571 3761 2642 ririﬁcot“.

2295 2671 2362 2725 Et
2417 2670 2682 2728 Dominus
2718 2670 2837 2740 ipse
2885 2671 2990 2727 hoc
3027 2671 3341 2727 testimonio
3391 2686 3480 2725 suo
3511 2667 3762 2722 continuat:

2294 2761 2554 2832 Spiritus,
2588 2762 2788 2832 inquit,
2821 2771 2897 2816 est
2927 2764 3018 2832 qui
3056 2763 3319 2834 viuificat;
3347 2777 3460 2816 caro
3494 2775 3579 2812 non
3606 2753 3763 2825 prodest

2293 2855 2579 2925 quidquam
2603 2854 2670 2907 ⁸⁸.
2721 2851 2968 2908 Viviticat
2998 2870 3165 2923 porro
3197 2870 3319 2909 cum
3348 2854 3450 2907 Deo
3478 2852 3606 2905 Patre
3629 2846 3763 2901 omnia

2294 2944 2622 3008 viviﬁcante,
2658 2952 2713 2999 et
2745 2959 2869 2998 cum
2904 2944 3042 3000 Filio
3080 2946 3250 3000 vitam
3283 2946 3451 3000 dante.
3479 2943 3549 2997 Sic
3571 2939 3682 2993 enim
3704 2937 3763 2987 ait

2291 3037 2590 3106 Apostolus
2622 3053 2636 3091 :
2670 3036 2774 3101 Qui
2813 3038 3088 3090 suscitavit
3125 3037 3387 3092 Christum
3429 3052 3453 3088 a
3477 3029 3675 3093 mortuis,
3699 3026 3764 3078 si-

2295 3130 2522 3200 riﬁcabit
2550 3140 2598 3183 et
2631 3145 2854 3200 corpora
2902 3138 3089 3184 nostra
3135 3131 3379 3184 mortalia
3422 3143 3504 3198 per
3537 3120 3764 3178 inhabitan-

2294 3229 2397 3273 tem
2422 3218 2679 3289 Spiritum
2733 3236 2888 3274 suum
2917 3219 2974 3272 in
3007 3219 3163 3275 nobis
3199 3221 3266 3275 “.
3300 3220 3363 3274 Et
3404 3215 3647 3272 Christus:
3671 3209 3762 3261 0m

2295 3328 2422 3366 mea:
2453 3327 2623 3364 vocem
2659 3327 2826 3365 meam
2863 3311 3091 3364 audiunt
3117 3351 3133 3377 ,
3176 3320 3223 3366 et
3268 3326 3356 3381 ego
3406 3309 3547 3362 vitam
3580 3310 3763 3356 attrita!

2291 3411 2359 3456 a‘o
2389 3403 2464 3457 eis
2497 3403 2566 3454 ⁷ο.
2596 3402 2664 3456 Ει
2691 3414 2749 3455 ιιι
2779 3419 2888 3458 ιιιιο
2930 3403 3101 3458 verbo
3154 3404 3453 3461 absolvam,
3493 3392 3762 3468 quemadmo-

2290 3493 2419 3549 dum
2457 3508 2556 3548 nec
2585 3493 2654 3548 ab
2682 3493 2804 3560 igne
2838 3495 3009 3558 calor,
3047 3509 3156 3550 nec
3195 3511 3226 3548 a
3256 3495 3372 3547 luce
3411 3489 3631 3560 splendor
3657 3492 3761 3548 sepe:

2290 3587 2400 3640 rari
2435 3595 2635 3656 potest,
2660 3585 2740 3640 sic
2767 3601 2868 3641 nec
2894 3601 2923 3640 a
2956 3586 3170 3656 Spiritu
3203 3583 3559 3643 sanctiﬁcatio,
3589 3575 3761 3631 viviﬁca-

2289 3679 2388 3746 tio,
2427 3678 2662 3744 bonitas,
2698 3679 2988 3734 rcctitudo.
3035 3677 3154 3734 Nec
3199 3681 3482 3750 quidquam
3521 3674 3678 3728 borum
3701 3664 3764 3720 ati-

2288 3770 2576 3825 ventitium
2623 3771 2725 3840 ipsi
2762 3779 2848 3827 est
2879 3781 2971 3825 ant
3015 3775 3293 3840 posterius
3329 3770 3587 3825 accedens.
3617 3762 3762 3816 Lumen

2285 3873 2446 3920 estet
2474 3865 2698 3920 luminis
2720 3865 2966 3933 largitor.
2992 3862 3058 3919 In
3091 3865 3294 3919 lumine
3325 3864 3462 3918 enirn
3506 3871 3599 3924 tuo,
3623 3849 3762 3923 inqnil.

2285 3956 2569 4010 videbimus
2616 3956 2882 4022 lumen“,
2911 3956 2964 4010 id
3007 3965 3114 4020 est,
3158 3957 3212 4010 in
3250 3955 3444 4026 Spiritu
3483 3949 3666 4005 Filium.
3692 3940 3763 3994 Hoc

2287 4061 2450 4116 porro
2497 4047 2716 4103 Davidis
2755 4047 3038 4102 oraculum
3090 4056 3208 4102 tum
3253 4045 3516 4116 impletum
3553 4047 3642 4101 est,
3679 4042 3762 4086 cum

2283 4140 2559 4211 baptizata
2592 4140 2828 4211 Jesu,[ut
2860 4151 2944 4196 est
2967 4140 3112 4210 apud
3140 4139 3426 4204 Joannem,
3463 4133 3664 4224 Spiritus
3685 4137 3766 4224 sati-

2284 4242 2406 4288 ctus
2483 4232 2621 4286 Filio
2673 4231 2973 4287 divinitatis
3037 4232 3411 4288 testimonium
3461 4222 3764 4316 praemitti“

2283 4322 2550 4379 columba:
2591 4321 2766 4376 forma
2804 4322 3182 4388 descendens;
3210 4338 3334 4376 nam
3375 4331 3481 4374 tum
3529 4315 3575 4370 in
3617 4309 3764 4379 Spiritu

596 4421 785 4480 postea
827 4413 931 4484 ipsi
976 4416 1348 4480 accedentem,
1403 4428 1498 4474 aut
1536 4397 1930 4476 intermedium.
1961 4397 2176 4492 tempus
2204 4425 2255 4486 ι)
2283 4421 2477 4468 sancto
2509 4410 2706 4467 Filium
2735 4413 3116 4483 cognovimus.
3161 4413 3373 4466 Lumen
3395 4416 3564 4464 autem
3599 4397 3764 4470 Spiritus

597 4507 910 4563 habentem.
962 4507 1018 4563 ld
1057 4521 1234 4565 autent
1301 4512 1585 4580 proposito
1655 4513 1906 4583 exemplo
1965 4513 2172 4568 clarius

593 4601 718 4657 erit.
774 4599 918 4657 Puer
962 4601 1146 4668 enim,
1191 4604 1295 4659 etsi
1347 4612 1543 4658 natura
1601 4605 1832 4660 liberum
1881 4606 2170 4661 arbitrium

593 4693 783 4759 habet,
817 4703 998 4750 tamen
1030 4697 1102 4751 ob
1135 4695 1565 4752 imbecillitatem
1601 4698 1654 4752 in
1707 4699 1895 4754 multis
1921 4699 2082 4754 rebus
2109 4713 2172 4753 ea

591 4782 840 4839 libertate
892 4785 969 4840 uti
1012 4785 1356 4856 prohibetur.
1389 4787 1458 4841 At
1501 4787 1554 4842 in
1593 4786 1907 4843 hominibus
1953 4787 2171 4842 habitus

590 4883 722 4929 ante
747 4875 1150 4945 aggressionem
1181 4877 1469 4947 temporali
1499 4878 1662 4932 modo
1690 4878 1838 4947 prior
1873 4877 2167 4947 cogitatur.

591 4964 834 5022 Tametsi
865 4967 1009 5022 enim
1035 4968 1152 5039 ipse
1187 4984 1406 5040 quoque
1437 4970 1650 5026 arbitrii
1673 4970 1938 5033 ,libertate
1971 4968 2166 5038 praedi-

591 5069 680 5113 tus
729 5071 835 5123 est,
881 5074 1115 5130 eamque
1155 5071 1351 5115 natura
1403 5063 1563 5116 habet
1592 5078 1607 5116 :
1635 5069 1813 5116 tamen
1853 5061 1923 5115 ob
1963 5058 2166 5114 diaboli

591 5151 856 5219 impetum
901 5161 956 5207 et
999 5153 1496 5224 oppugnationem,
1548 5162 1602 5208 et
1647 5161 1866 5224 propter
1919 5151 2166 5219 corporis

591 5242 936 5308 gravitatem,
971 5261 1104 5301 usus
1131 5246 1305 5314 ipsius
1339 5255 1392 5300 ct
1446 5246 1728 5300 exsecutio
1758 5244 1944 5298 habitu
1979 5253 2165 5313 poste-

590 5333 765 5388 riores
800 5342 951 5389 sunt.
983 5335 1102 5392 Jam
1132 5337 1368 5408 Spiritus
1408 5353 1627 5408 quoque
1654 5337 2026 5406 αὑτοδύναμος
2054 5342 2157 5400 est,

660 5514 704 5545 ⁸ο
737 5513 755 5565 ι
793 5514 919 5567 Cor.
951 5530 1024 5577 vr,
1051 5515 1135 5569 li.
1213 5515 1252 5548 “
1291 5515 1446 5570 Joan.
1478 5531 1588 5580 xtv,
1636 5516 1720 5568 l7.
1799 5512 2025 5567 “Joan.
2067 5530 2142 5581 vr,
2170 5513 2258 5568 58.
2339 5511 2382 5544 ”
2413 5511 2569 5566 .Inan.
2602 5527 2655 5573 v,
2697 5512 2778 5566 l9.
2857 5511 2903 5542 “
2933 5510 3089 5568 Joan.
3134 5527 3228 5581 an.
3279 5509 3369 5564 49.
3418 5497 3579 5581 1'10

785 5585 828 5614 ⁸⁸
856 5584 1034 5640 Galat.
1069 5602 1140 5652 vr,
1179 5585 1231 5640 8.
1310 5587 1351 5618 "
1389 5585 1431 5638 ll
1471 5585 1599 5640 Cor.
1645 5600 1725 5645 ιιι,
1757 5583 1809 5637 6.
1889 5584 1934 5618 °°
1961 5582 2116 5639 Joan.
2145 5599 2216 5650 vt,
2252 5583 2341 5637 6i.

619 5585 709 5637 51.

619 5603 709 5638 0|.
785 5603 878 5637 "l

588 5667 754 5719 xxxv,
796 5656 878 5710 l0.

2275 4517 2502 4561 sanctus
2564 4508 2892 4578 appellatur,
2939 4507 3070 4577 quia
3118 4521 3338 4561 omnem
3383 4494 3762 4586 ίεηοτ³η¹ί³Ψ,,⁶¹

2275 4612 2520 4652 errorem
2569 4611 2635 4652 ex
2661 4599 2881 4665 animis,
2927 4596 3128 4666 quibus
3175 4595 3394 4650 inlusus
3426 4602 3524 4655 est,
3551 4580 3761 4655 dispellil:

2275 4697 2386 4744 tum
2453 4691 2619 4746 etiam
2682 4691 2811 4760 quia
2872 4690 3092 4756 omnia,
3153 4704 3280 4759 qua:
3328 4685 3494 4756 ipsius
3552 4669 3764 4748 splendore

2273 4784 2642 4847 continentur,
2696 4782 2761 4837 ad
2811 4781 3052 4851 seipsum
3089 4781 3318 4851 colligit.
3372 4776 3574 4831 Bonitas
3613 4767 3700 4835 ipsi
3729 4763 3765 4807 ει

2273 4873 2397 4930 fons
2456 4873 2736 4938 bonitatis,
2793 4873 2844 4928 id
2876 4881 2960 4927 est
3002 4873 3296 4928 essentiale
3330 4870 3543 4929 bonum,
3580 4876 3606 4914 ἃ
3629 4855 3766 4949 ἀνω-⁸⁸

2277 4964 2383 5019 alia
2414 4975 2472 5020 ut
2502 4981 2568 5019 ex
2609 4963 2756 5020 fonte
2800 4964 3096 5020 bonitatem
3151 4962 3430 5018 hauriunt.
3487 4950 3630 5007 David
3664 4949 3763 4996 conn

2273 5051 2536 5123 Spiritum
2565 5053 2769 5109 bonum
2797 5055 2971 5124 ipsum
3005 5053 3290 5116 nominat;
3320 5044 3607 5112 Theologus
3632 5037 3764 5087 δυιεω

2270 5148 2485 5203 laudem
2514 5149 2873 5218 amplificans,
2909 5157 3074 5218 atque
3101 5144 3392 5202 ostendens
3415 5153 3529 5195 eum
3563 5143 3651 5186 non
3675 5133 3765 5192 P3"

2269 5240 2582 5309 ticipatione
2612 5241 2813 5295 bonum
2841 5255 2986 5306 esse,
3020 5239 3314 5294 bonitatem
3350 5235 3511 5302 ipsam
3539 5235 3642 5279 cum
3667 5224 3768 5268 nun-

2269 5332 2507 5401 cupavit,
2563 5331 2725 5402 cujus
2780 5331 3043 5388 beneﬁcio
3105 5331 3210 5384 alia
3265 5337 3479 5396 quoque
3530 5314 3765 5370 honitatcm

3583 5507 3658 5547 an.
3683 5492 3764 5536 ιη’

3595 5560 3630 5593 1t
3657 5550 3767 5610 ρέδι.

2421 5583 2465 5616 ⁸⁸
2500 5572 2655 5635 Rom.
2693 5597 2782 5636 vttt
2806 5623 2818 5648 ,
2846 5581 2932 5638 ll.
3044 5584 3090 5614 ⁷⁰
3125 5579 3282 5637 Joan.
3329 5593 3376 5644 ιι,
3415 5572 3500 5626 28.
