4050 6198
359 284 493 351 1165

1312 299 1629 362 NICETAS
1671 303 1752 364 IN
1792 304 2016 366 ORAT.
2056 306 2237 371 XLIV
2281 310 2343 370 S.
2379 310 2611 370 GREG.

3465 315 3609 382 1466

357 413 783 472 consequuntur.
842 403 1082 476 Spiritus
1131 417 1310 465 rectus
1330 453 1345 476 ,
1401 412 1744 483 principalis.
1797 415 1924 471 "me
1955 421 1998 476 A
2028 416 2245 470 modum
2273 419 2576 475 vaticinans
2606 439 2619 474 :
2661 418 2726 473 Et
2759 421 3078 489 requiescent
3109 438 3269 492 super
3298 440 3415 478 eam
3448 431 3609 496 spiri-

358 509 576 564 quoque
602 497 818 552 Davidis
839 508 968 554 sunt
997 516 1010 553 :
1042 499 1300 570 Spiritum
1317 505 1487 568 enim,
1506 507 1697 576 inquit.
1729 520 1927 562 rectum

357 584 545 638 innova
587 587 641 639 in
675 587 955 642 visceribus
991 591 1116 644 meis
1147 592 1212 645 ν’.
1251 593 1345 647 Et:
1387 592 1594 661 Spiritu
1645 598 1929 667 principali

357 674 612 739 conﬁrma
663 693 745 730 me
793 679 858 730 ⁷³.
917 677 994 734 Ac
1062 691 1240 736 rectus
1303 684 1520 753 quidem
1575 687 1809 752 dicitur,
1867 696 1926 743 ut

356 765 598 821 ﬂexuoso
635 778 689 822 et
733 769 957 838 obliquo
1011 775 1248 841 serpenti
1297 779 1628 833 contrarius.
1661 779 1795 833 Nam
1821 821 1834 842 ,
1867 791 1927 836 ut

355 857 430 910 ait
481 857 761 928 Scriptura
792 859 1077 930 gSpiritus
1125 875 1338 919 sanctus
1385 869 1601 938 eﬁ‘ugiet
1647 870 1828 925 dolum
1857 873 1924 932 ⁷⁸.

355 946 552 1004 Rectus
590 950 750 1004 etiam
787 952 1008 1018 dicitur,
1035 957 1163 1024 quia
1195 958 1309 1027 ipse
1351 959 1561 1029 iustitia
1589 971 1673 1017 est
1704 973 1757 1017 et
1786 966 1925 1018 veri-

355 1044 460 1102 tas,
485 1038 853 1108 digressiones
878 1058 941 1098 ac
961 1044 1288 1103 dcﬂexioues
1319 1049 1372 1104 in
1403 1059 1687 1122 utramque
1715 1064 1923 1123 partem

354 1143 462 1181 non
495 1130 726 1186 habens.
759 1134 1079 1206 Principalis
1109 1148 1314 1205 autem,
1342 1151 1399 1195 ut
1432 1144 1683 1216 princeps
1724 1158 1776 1200 et
1821 1148 1920 1202 do-

352 1221 609 1286 minator,
642 1233 754 1278 tum
786 1228 949 1281 etiam
983 1239 1040 1284 ut
1065 1232 1363 1302 principem
1389 1247 1625 1291 mentem
1663 1240 1920 1310 dirigens.

354 1311 428 1364 Ita
463 1311 753 1368 Dominum
786 1332 907 1370 eum
940 1329 1098 1373 vocat
1131 1323 1446 1391 Apostolus,
1471 1326 1657 1383 dicens
1691 1346 1706 1383 :
1742 1331 1922 1384 Domi-

352 1414 448 1451 nus
479 1409 653 1453 autent
697 1402 892 1472 dirigat
923 1407 1083 1459 corda
1125 1419 1295 1462 vestra
1329 1412 1382 1464 in
1413 1415 1674 1470 charitate
1724 1416 1838 1482 Dei,
1871 1429 1921 1472 et

347 1492 607 1556 patientia
647 1489 846 1548 Christi
880 1496 943 1547 ’⁵.
973 1497 1036 1551 Et
1059 1501 1164 1552 alio
1196 1502 1354 1557 loco:
1389 1504 1486 1558 Vos
1516 1517 1692 1561 autem
1737 1509 1919 1566 Domi-

349 1594 448 1632 nus
505 1581 813 1649 multiplices
863 1593 910 1637 et
955 1586 1227 1644 abundare
1275 1593 1438 1661 faciat
1487 1613 1579 1663 per
1607 1600 1918 1654 charitatem

347 1681 607 1738 mutuam,
631 1682 680 1725 et
711 1675 780 1727 ad
803 1678 1168 1746 conﬁrmanda
1199 1685 1360 1739 corda
1386 1699 1560 1742 vestra
1598 1692 1714 1744 sine
1744 1709 1920 1760 repre-

2031 517 2116 562 tus
2137 521 2350 579 septem,
2375 512 2592 580 spiritus
2627 513 2902 576 sapientia
2933 522 2982 567 et
3020 516 3342 585 prudentiae,
3383 521 3602 587 spiritus

2029 601 2237 655 consilii
2273 611 2322 655 et
2371 603 2723 670 fortitudinis,
2754 605 2975 672 spiritus
3021 608 3254 660 scientia:
3298 619 3346 661 et
3388 612 3601 678 pietatis

2027 693 2244 760 spiritus
2279 693 2479 748 timoris
2513 693 2604 748 Dei
2631 696 2864 764 implebit
2897 713 3015 750 eum
3040 699 3108 753 ”.
3136 697 3227 752 Sic
3273 711 3452 754 autem
3506 717 3602 756 vo-

2025 795 2184 838 catur
2213 785 2452 854 Spiritus
2492 797 2738 850 sanctus,
2787 798 2845 842 ut
2872 804 3062 843 eorum
3111 800 3303 844 auctor
3331 801 3383 844 et
3412 808 3605 862 suppe-

2023 875 2242 930 ditatur.
2293 877 2468 945 Atque
2496 878 2660 931 etiam
2694 878 2850 932 Pater
2884 896 2978 948 per
3012 879 3276 948 Spiritum
3314 883 3602 950 cognosci-

2025 975 2142 1018 tur:
2179 965 2408 1031 Spiritus
2436 970 2606 1030 enim,
2641 978 2699 1023 ut
2729 969 2802 1023 ait
2830 969 3145 1038 Apostolus,
3172 973 3351 1024 omnia
3386 985 3598 1025 scruta-
3639 958 3645 996 ⁷

2025 1067 2133 1119 tur,
2168 1059 2328 1110 etiam
2359 1060 2628 1128 profunda
2661 1061 2754 1114 Dei
2780 1062 2847 1116 “.
2882 1060 2945 1114 Et
2984 1062 3058 1115 ait
3087 1063 3204 1116 loco
3239 1079 3254 1118 :
3297 1062 3424 1127 Quis
3467 1066 3603 1117 enim

2020 1167 2081 1204 ea
2117 1153 2233 1212 scit,
2276 1169 2392 1220 quae
2427 1165 2548 1206 sunt
2569 1154 2817 1219 homims,
2864 1157 2964 1207 nisi
2998 1156 3217 1223 spiritus
3255 1157 3480 1210 Ιιοηιίηιδ
3513 1158 3603 1226 qui

2022 1244 2075 1296 in
2102 1245 2213 1311 ip-o
2243 1248 2372 1299 est.’
2406 1246 2478 1297 sic
2508 1247 2666 1298 etiam
2707 1265 2768 1300 ea
2807 1263 2925 1316 qua:
2964 1248 3060 1300 Dei
3104 1258 3244 1308 sunt,
3292 1264 3438 1300 nemo
3479 1249 3600 1313 scit,

2022 1331 2127 1383 nisi
2160 1329 2392 1398 Spiritus
2423 1331 2517 1384 Dei
2543 1333 2613 1387 ”.
2642 1330 2744 1386 Per
2776 1333 3040 1402 Spiritum
3073 1332 3240 1387 Filius
3272 1335 3598 1387 eeleliratur.

2020 1418 2139 1489 Ipse
2171 1421 2316 1474 enim
2352 1420 2674 1491 Unigenitus
2714 1422 2766 1475 in
2797 1421 3026 1477 Joannis
3075 1424 3366 1492 Evangelia
3403 1425 3469 1477 de
3501 1425 3602 1476 Pa-

2021 1510 2220 1565 raclcto
2258 1511 2339 1565 sic
2371 1512 2648 1579 loquitur:
2675 1511 2778 1566 Ille
2805 1529 2884 1566 me
2917 1514 3237 1581 glori/icabit
3267 1515 3332 1567 “.
3359 1513 3598 1582 Spiritus

2017 1601 2161 1655 enim
2214 1601 2502 1656 Dominum
2544 1603 2702 1672 digne
2741 1603 3028 1673 gloriﬁcat,
3063 1619 3169 1656 non
3224 1613 3281 1658 ut
3327 1612 3596 1668 creatura,

2019 1691 2111 1745 sed
2155 1700 2214 1745 ut
2243 1691 2479 1760 Spiritus
2518 1694 2796 1758 veritatis,
2831 1694 3070 1748 dilucide
3111 1709 3175 1748 ac
3209 1695 3498 1763 perspicue
3545 1696 3598 1747 in

343 1760 593 1816 hensione
638 1765 692 1817 in
737 1771 1020 1824 sanctitate
1067 1788 1244 1826 coram
1291 1789 1338 1830 et
1397 1778 1498 1832 Deo
1559 1791 1606 1834 et
1651 1780 1814 1836 Patre
1861 1783 1918 1838 in
1952 1766 1991 1819 Β
2022 1783 2204 1852 seipso
2239 1782 2518 1838 veritatem
2548 1785 2864 1846 ostendens.
2895 1792 3056 1852 atque
3086 1786 3247 1838 etiam
3282 1795 3341 1839 ut
3368 1784 3602 1854 Spiriius

349 1854 576 1908 adventu
619 1855 832 1912 Domini
867 1864 1032 1916 nostri
1069 1863 1197 1918 Iesu
1241 1867 1438 1922 Christi
1463 1872 1528 1923 ⁷⁸.
1564 1873 1628 1926 Ει
1654 1873 1780 1927 alibi
1825 1890 1916 1929 ex~

343 1958 532 2012 presse
562 1947 850 2004 Dominum
885 1969 1008 2006 eum
1047 1967 1224 2019 vocat,
1261 1959 1345 2013 his
1385 1963 1565 2016 verbis
1601 1980 1614 2017 :
1662 1963 1916 2020 Dominus

340 2045 519 2089 autem
575 2037 812 2108 Spiritus
857 2053 934 2097 est
967 2046 1032 2098 "'.
1066 2047 1133 2100 Et
1162 2064 1354 2105 rursus
1390 2068 1403 2104 :
1443 2051 1715 2124 Tanquam
1747 2073 1778 2109 a
1817 2057 1920 2110 Do-

340 2128 482 2181 mino
534 2128 766 2199 Spiritus
803 2132 872 2188 ’⁸.
925 2135 1102 2207 Atque
1155 2141 1317 2194 etiam
1378 2142 1616 2213 Spiritus
1693 2160 1918 2205 sanctus

342 2220 505 2275 mittit
532 2232 586 2277 et
623 2235 888 2295 segregat.
921 2226 1009 2282 Ait
1042 2231 1184 2284 enim
1212 2231 1380 2290 Isaias
1408 2254 1424 2290 :
1479 2237 1730 2294 Dominus
1771 2243 1917 2296 misit

341 2328 444 2375 me,
475 2323 524 2366 et
560 2313 795 2383 Spiritus
847 2319 1013 2385 ipsius
1043 2321 1113 2376 ".
1146 2321 1418 2392 Scriptum
1469 2329 1631 2382 etiam
1687 2334 1916 2387 habetur

341 2404 395 2457 in
442 2405 668 2463 Actibus
724 2412 1144 2478 apostolorum:
1179 2414 1246 2468 Et
1292 2418 1375 2470 illi
1415 2421 1623 2488 quidem
1660 2425 1837 2478 emissi
1884 2443 1916 2480 a

341 2495 543 2563 Spiritu
594 2498 971 2556 descenderunt
1037 2503 1336 2560 Seleuciam
1383 2509 1451 2563 ⁸ο.
1515 2510 1575 2566 Et
1623 2514 1673 2566 in
1722 2516 1910 2568 eodem

341 2588 476 2640 libro
508 2605 523 2641 :
554 2588 702 2644 Dixit
744 2591 973 2660 Spiritus
1001 2608 1216 2652 sanctus
1243 2616 1262 2654 :
1299 2601 1584 2672 Segregate
1617 2607 1744 2659 mihi
1771 2605 1913 2659 Pau-

338 2678 456 2767 lum
511 2691 559 2732 et
608 2680 914 2738 Barnabam
958 2689 1010 2740 in
1055 2704 1184 2756 opus
1224 2691 1294 2743 ad
1335 2696 1476 2762 quod
1520 2711 1606 2749 eos
1645 2701 1820 2767 accepi
1844 2701 1911 2754 ⁸¹.

339 2761 623 2842 Templum
678 2775 782 2830 sibi
813 2788 1124 2835 exstruens.
1162 2782 1278 2837 Hoc
1309 2761 1527 2855 quoque
1560 2789 1628 2842 ab
1658 2761 1913 2858 Apostolo

337 2876 615 2932 sumptum
653 2878 777 2922 est:
815 2867 1038 2924 Nescitis
1063 2873 1203 2941 quod
1245 2879 1494 2937 templum
1539 2878 1631 2932 Dei
1663 2882 1823 2947 estis,
1862 2891 1911 2935 et

337 2954 572 3024 Spiritus
607 2958 702 3012 Dei
725 2960 930 3014 habitat
967 2965 1019 3016 in
1055 2965 1197 3020 vobis
1221 2967 1304 3020 εει
1335 2967 1398 3021 Ει
1431 2971 1910 3043 rursuszCorpora

2023 1875 2324 1942 sapientiai,
2374 1874 2680 1940 Christum,
2710 1877 2801 1944 qui
2836 1875 2930 1928 Dei
2965 1876 3228 1944 sapientia
3260 1887 3365 1942 est,
3412 1879 3464 1929 in
3501 1892 3601 1932 sua

2024 1966 2401 2035 magnitudine
2463 1968 2818 2036 patefaciens.
2862 1965 3002 2020 Tum
3052 1969 3218 2021 etiam
3274 1968 3473 2036 duplex
3519 1977 3603 2021 cst

2021 2057 2218 2127 gloria,
2255 2059 2359 2113 alia
2389 2060 2676 2124 naturalis,
2713 2069 2773 2114 ut
2826 2059 2999 2130 gloria
3047 2061 3180 2114 solis
3214 2060 3306 2113 lux
3343 2068 3448 2123 cst,
3494 2059 3602 2114 alia

2019 2158 2267 2212 externa,
2294 2164 2399 2218 qua
2434 2166 2500 2203 ex
2539 2150 2709 2203 animi
2765 2151 3048 2220 proposito
3095 2159 3149 2204 et
3196 2151 3480 2204 voluntate
3536 2164 3602 2203 ac

2015 2241 2244 2310 judicio,
2295 2244 2387 2312 qui
2421 2258 2482 2297 ea
2515 2245 2664 2313 digni
2716 2253 2864 2307 sunt,
2907 2243 3236 2298 afﬁciuntur.
3268 2243 3440 2309 Cujus
3489 2242 3598 2295 duo

2019 2351 2238 2404 quoque
2263 2347 2389 2390 sunt
2421 2351 2614 2406 genera
2642 2355 2654 2391 :
2685 2337 2853 2389 Filius
2877 2337 3042 2398 enim,
3073 2335 3251 2404 inquit
3289 2335 3397 2395 illc,
3432 2334 3600 2403 glori-

2021 2428 2143 2480 licat
2168 2437 2375 2496 patrem
2407 2443 2586 2491 suum,
2619 2437 2672 2482 et
2703 2443 2897 2482 servus
2927 2427 3207 2479 dominum
3241 2441 3423 2479 suum.
3453 2425 3601 2488 Quo-

2025 2521 2168 2574 circa
2211 2520 2380 2588 gloria
2439 2521 2654 2574 servilis
2699 2535 2728 2573 a
2777 2521 3043 2572 creaturis
3076 2528 3403 2588 praestatur:
3434 2528 3481 2570 at
3517 2515 3600 2570 ia-

2018 2613 2244 2666 miliaris
2273 2621 2326 2665 et
2360 2612 2576 2680 propria
2598 2650 2613 2673 ,
2641 2626 2670 2664 a
2709 2611 2902 2679 spiritu
2969 2611 3245 2665 tribuitur.
3282 2609 3371 2662 Sic
3413 2608 3597 2676 igitur,

2017 2712 2071 2758 ct
2104 2703 2268 2759 Pater
2295 2720 2390 2773 per
2427 2705 2691 2774 Spiritum
2744 2704 3112 2772 cognoscitur,
3148 2712 3200 2756 et
3232 2701 3400 2754 Filius
3431 2699 3599 2768 glori-

2016 2797 2232 2852 ﬁcatur.
2270 2796 2480 2850 Rursus
2509 2807 2686 2852 autem
2721 2797 2958 2866 Spiritus
2991 2797 3059 2849 ab
3092 2797 3174 2847 his
3217 2793 3352 2849 solis
3395 2805 3598 2860 cogno-

2017 2891 2208 2952 scitur,
2253 2892 2356 2942 hoc
2405 2898 2488 2943 est
2516 2929 2530 2953 ,
2564 2907 2591 2942 a
2634 2888 2794 2942 Patre
2845 2889 2962 2942 solo
2995 2896 3047 2941 et
3077 2886 3234 2939 Filio.
3269 2887 3444 2951 Atque
3491 2899 3596 2936 una

2015 2993 2217 3036 sanctae
2252 2979 2538 3035 Trinitatis
2565 2981 2758 3034 classis
2780 2988 2882 3043 est,
2909 2980 2962 3033 id
2986 2988 3086 3038 est.
3112 2979 3245 3033 unio
3270 2983 3325 3031 et
3351 2976 3599 3030 adoratio

337 3060 508 3103 vestra
565 3056 812 3120 templum
844 3065 966 3108 sunt
1012 3055 1249 3126 Spiritus
1298 3065 1492 3126 sancti,
1523 3065 1614 3133 qui
1668 3067 1721 3118 in
1767 3068 1908 3122 vobis
1934 3100 1980 3162 Ο
2013 3074 2220 3127 eadem.
2258 3071 2369 3127 Nec
2399 3073 2544 3126 enim
2587 3073 2746 3126 aliter
2795 3072 3016 3126 Patrem
3055 3086 3118 3125 ac
3155 3069 3352 3124 Filium
3379 3107 3394 3131 ,
3445 3067 3601 3121 aliter

336 3153 415 3195 cst
444 3142 510 3195 ⁵³.
545 3143 724 3213 Atque
759 3147 919 3201 etiam
956 3150 1192 3218 Spiritus
1221 3161 1449 3208 sanctus
1477 3155 1580 3210 iter
1619 3172 1904 3212 common-

335 3241 512 3287 strat:
542 3234 818 3291 Descendit
847 3241 1014 3306 enim,
1035 3241 1231 3309 inquit,
1260 3239 1492 3312 Spiritus
1526 3265 1559 3299 a
1588 3246 1830 3310 Domino,
1859 3259 1907 3302 et

332 3327 537 3393 prreivit
564 3330 636 3381 eis
667 3329 732 3383 “.
769 3330 830 3386 Et
863 3331 1027 3387 David
1059 3352 1072 3388 :
1099 3335 1330 3404 Spiritus
1363 3347 1482 3391 tuus
1507 3339 1670 3392 bonus
1693 3341 1910 3394 deducet

333 3433 416 3472 me
455 3419 512 3472 in
544 3421 683 3474 viam
729 3433 931 3477 rectam
973 3427 1040 3480 ⁸⁵.
1078 3427 1146 3482 Et
1185 3430 1449 3485 Dominus
1483 3446 1498 3483 :
1532 3432 1666 3485 Cum
1715 3436 1910 3487 venerit

331 3507 672 3576 Paracletus,
707 3513 938 3582 Spiritus
969 3519 1233 3584 veritatis,
1267 3520 1357 3574 ille
1396 3536 1482 3574 vos
1515 3523 1835 3585 admonebit,
1861 3535 1912 3578 et

333 3600 549 3656 deducet
599 3605 652 3658 in
702 3622 910 3660 omnem
949 3611 1222 3665 veritatem
1251 3612 1322 3665 ⁸⁸.
1351 3617 1427 3666 Ac
1467 3630 1534 3667 ne
1584 3615 1716 3668 mihi
1770 3615 1911 3670 hanc

332 3693 669 3760 prmitionem
706 3702 759 3749 tu
787 3700 1136 3767 ahjectiorem
1157 3718 1377 3758 sensum
1397 3705 1788 3774 interpreteris,
1810 3709 1911 3763 hoc

331 3801 551 3855 quoque
608 3806 745 3859 opus
793 3790 1077 3861 Scriptura
1138 3793 1250 3849 Deo
1310 3798 1598 3852 attribuit:
1637 3799 1910 3854 Deduxisti

331 3879 501 3945 enim,
544 3881 742 3951 inquit,
774 3885 925 3954 quasi
959 3901 1074 3940 oves
1101 3889 1349 3957 populum
1394 3898 1543 3944 tuum
1574 3892 1640 3946 ⁸⁷.
1673 3891 1737 3947 Et
1767 3912 1781 3947 :
1809 3892 1913 3958 Qui

333 3971 550 4026 deducis
581 3973 716 4028 velut
752 3993 895 4031 ovem
939 3977 1132 4046 Ioseph
1157 3980 1222 4036 ⁸³.
1252 3980 1316 4034 Et
1346 3999 1361 4035 :
1398 3981 1679 4037 Deduxisti
1717 4001 1803 4038 eos
1857 3987 1912 4040 in

332 4077 446 4128 spe,
478 4073 526 4116 et
576 4080 680 4117 non
725 4068 1008 4123 timuerunt
1037 4070 1102 4124 ⁸⁸.
1131 4069 1394 4125 Praeterea
1433 4073 1704 4141 Spiritus.
1750 4087 1912 4145 prout

338 4151 488 4213 vult,
543 4164 802 4222 operatur
845 4172 911 4212 ac
962 4159 1156 4214 dividit
1199 4163 1424 4229 gratias,
1453 4164 1910 4232 quemadmodum

332 4251 388 4295 ct
423 4242 622 4300 Paulus
647 4253 902 4315 teStatur,
931 4251 1118 4305 dicens
1154 4269 1169 4306 :
1204 4255 1332 4307 llwc
1364 4263 1540 4307 autem
1583 4257 1762 4310 omnia
1789 4273 1913 4327 ope-

333 4345 492 4387 ratur
521 4351 657 4390 unus
693 4349 850 4406 atque
887 4340 1024 4394 idem
1057 4340 1323 4411 Spiritus,
1364 4343 1599 4400 dividens
1634 4347 1915 4415 unicuique

2015 3167 2276 3235 Spiritum
2309 3175 2558 3220 sanctum
2591 3167 2824 3220 colimus
2854 3174 2907 3218 et
2938 3165 3252 3223 adoramus,
3287 3162 3379 3215 sed
3404 3161 3594 3215 eodem

2018 3272 2250 3325 prorsus
2274 3258 2456 3312 modo.
2490 3257 2607 3310 Una
2638 3255 2906 3317 adoratio,
2942 3263 2992 3305 et
3027 3269 3168 3306 unus
3203 3253 3376 3306 honor
3406 3266 3600 3304 serun-

2011 3347 2140 3402 dum
2179 3349 2406 3412 cultum,
2454 3363 2558 3401 non
2605 3348 2902 3401 secundum
2955 3347 3293 3399 relationem.
3331 3341 3449 3396 Una
3502 3359 3599 3410 po-

2015 3442 2182 3494 tentia
2208 3440 2369 3494 trium
2402 3453 2754 3507 personarum
2782 3440 3043 3491 immensa
3066 3446 3119 3490 et
3155 3435 3384 3490 inﬁnita.
3417 3433 3599 3487 Potest

2013 3531 2155 3584 enim
2187 3540 2372 3584 sancta
2399 3528 2637 3583 Trinitas
2669 3527 2932 3598 quidquid
2961 3527 3098 3582 vult.
3118 3525 3231 3582 Una
3261 3525 3521 3595 perfectio
3544 3535 3596 3579 ct

2014 3619 2398 3684 sanctiﬁcatio,
2424 3635 2545 3690 qua:
2581 3635 2610 3674 a
2643 3619 2820 3674 tribus
2849 3619 3098 3688 personis
3128 3618 3352 3673 aﬂertur
3378 3616 3510 3686 (52).

2088 3712 2176 3765 14.
2218 3711 2361 3776 Quid
2389 3711 2628 3780 pluribus
2675 3711 2842 3766 verbis
2886 3727 3016 3781 opus
3051 3713 3172 3766 est?
3211 3708 3428 3772 Omnia,
3487 3717 3595 3759 ctc.

2017 3802 2198 3867 Pater,
2231 3802 2422 3865 Filius,
2459 3802 2695 3872 Spiritus
2732 3815 2976 3867 sanctus,
3002 3802 3348 3880 lingenitura,
3378 3815 3602 3871 genera-

2017 3896 2129 3959 tio,
2195 3895 2476 3965 processio
2528 3912 2542 3948 :
2601 3893 2688 3950 fac
2743 3894 3107 3965 proprietates
3175 3894 3276 3948 bas
3336 3892 3599 3946 memoria

2017 3993 2226 4042 teneas.
2259 3986 2420 4052 Quid,
2455 3987 2648 4054 inquit,
2682 3997 2878 4040 caetera
2905 3999 3338 4038 commemorare
3363 3983 3598 4036 attinet?

2017 4078 2213 4130 Omnia
2249 4092 2590 4145 qumcunque
2627 4075 2786 4128 Pater
2828 4075 3012 4138 habet,
3039 4081 3169 4127 sunt
3209 4072 3353 4134 Filii,
3376 4081 3600 4142 praeter-

2014 4178 2178 4234 quam
2219 4165 2362 4232 quod
2400 4163 2674 4231 ingenitus
2707 4177 2813 4216 non
2845 4171 2950 4224 est,
2980 4162 3136 4232 juxta
3178 4161 3389 4216 Domini
3425 4163 3596 4228 ipsius

2014 4271 2226 4317 vocem,
2275 4255 2548 4308 dicentis:
2582 4254 2798 4318 Omnia,
2846 4271 3166 4325 quaecunque
3209 4255 3361 4308 habet
3413 4255 3596 4317 Pater,

2017 4363 2131 4399 mea
2160 4355 2283 4400 sunt
2320 4346 2466 4400 ⁸⁷⁸⁸³.
2498 4343 2632 4400 Nam
2669 4345 2909 4416 perfecto
2963 4360 3303 4416 quascunque
3365 4345 3598 4414 principi

331 4427 467 4480 sicut
497 4429 611 4482 vult
641 4431 956 4502 ".Spiritus
991 4433 1320 4504 adoptionis.
1360 4437 1450 4490 Sic
1484 4453 1676 4493 rursus
1712 4437 1913 4495 Paulus
1947 4437 1990 4490 D
2021 4437 2212 4490 fortnas
2258 4435 2492 4502 adsunt,
2541 4437 2731 4492 eadem
2779 4437 3036 4506 imaginis
3080 4453 3300 4506 quoque
3349 4447 3497 4492 sunt.
3540 4437 3599 4489 Et

332 4519 512 4586 ipsum
544 4532 721 4588 vocat,
754 4524 836 4578 sic
863 4525 1092 4594 loquens
1122 4547 1137 4580 :
1170 4525 1294 4580 Non
1318 4529 1456 4580 enim
1499 4530 1771 4598 accepistis
1804 4529 1916 4599 spi-

333 4609 496 4664 ritum
537 4615 803 4668 servitutis
855 4615 909 4668 in
956 4617 1180 4682 timore,
1227 4617 1318 4670 sed
1357 4616 1614 4686 Spiritum
1671 4619 1915 4689 adoptio-

334 4703 416 4755 nis
442 4703 510 4756 ⁹¹.
553 4703 818 4773 Spiritum
863 4715 1046 4762 autem
1083 4709 1326 4763 veritatis
1361 4709 1623 4764 Dominus
1649 4710 1763 4779 ipse
1788 4727 1912 4766 eum

335 4795 681 4860 nominavit,
725 4795 914 4853 dicens
957 4816 972 4852 :
1016 4797 1150 4853 Cum
1205 4800 1399 4854 venerit
1432 4799 1765 4868 Paracletus,
1794 4801 1916 4871 Spi-

339 4886 475 4940 ritus
509 4889 754 4943 veritatis
779 4891 848 4944 ⁹².
877 4888 1110 4946 Nomina
1139 4901 1345 4957 autem,
1379 4907 1500 4962 qua:
1528 4893 1784 4964 deinceps
1830 4910 1918 4949 se-

335 4989 580 5049 quuntur
607 5022 624 5048 ,
662 4983 830 5038 Isaias
883 4995 1201 5051 enumerat,
1241 4986 1308 5041 de
1344 4986 1567 5042 Christo
1619 4987 1688 5042 ad
1771 4987 1919 5043 hunc

409 5132 830 5209 ergatam.
939 5137 986 5209 τι
1012 5138 1147 5209 ibid.
1180 5139 1266 5194 is.
1377 5142 1425 5174 τι
1460 5139 1586 5209 Sap.
1635 5157 1672 5206 ι.
1706 5141 1760 5196 5.

334 5203 383 5274 τε
420 5202 465 5274 ll
500 5205 624 5259 Cor.
656 5223 740 5272 ιιι,
776 5209 863 5262 18.
939 5208 986 5241 ⁷⁵
1010 5207 1112 5263 lsa.
1149 5225 1340 5274 XLVIII,
1376 5212 1442 5266 16

335 5271 386 5303 ⁸⁵
419 5272 519 5327 lsa.
558 5291 688 5330 LXIII
711 5271 733 5342 ,ί
762 5278 847 5332 14.

337 5358 542 5409 Lxxvn,
565 5346 653 5400 53.
730 5348 775 5379 ⁹⁰
802 5348 820 5401 l
855 5348 982 5406 Cor.
1004 5365 1118 5411 xm.
1151 5351 1238 5404 11.

1341 5353 1384 5384 ⁹¹
1415 5350 1571 5405 Rom.
1608 5367 1722 5415 vni,
1757 5353 1844 5407 15.

339 5413 386 5444 ⁸⁵
419 5412 550 5468 ibid.
586 5415 673 5470 11.

747 5419 794 5450 "
826 5417 984 5474 Joan.
1021 5435 1132 5484 xvr,
1168 5421 1253 5475 14.
1330 5422 1448 5458 ⁹²·⁹⁹
1481 5419 1638 5477 Joan.
1671 5438 1780 5487 xvr,
1813 5422 1895 5478 15.

415 5573 528 5640 ('52)
562 5576 676 5630 l-loc
719 5576 837 5651 loco
869 5578 921 5632 in
959 5579 1178 5651 Regina}
1220 5581 1404 5636 codice
1427 5581 1670 5651 quaedam
1707 5581 1910 5638 inserta

343 5653 522 5714 erant,
555 5662 675 5714 quae
730 5648 859 5702 nihil
903 5650 966 5701 ad
1004 5648 1113 5702 rem
1148 5648 1573 5713 faciebant,'ncc
1623 5654 1673 5704 in
1726 5663 1911 5707 nostro

346 5708 532 5769 Niccta
572 5708 920 5785 legebantur.
947 5718 1127 5786 Quare
1165 5736 1227 5776 ea
1256 5721 1374 5776 loco
1422 5708 1712 5788 movimus,
1751 5733 1911 5791 atque

1560 5160 1586 5193 ι.
1635 5157 1672 5206 ι,
1706 5141 1760 5196 5.
1856 5141 1901 5173 ⁷⁸
1929 5141 2120 5198 Thess.
2171 5160 2254 5205 In.
2288 5144 2344 5198 5.

1560 5211 1608 5243 ιο
1645 5212 1735 5245 Ant
1799 5227 1890 5245 nn
1953 5214 1980 5245 ι
2076 5213 2119 5245 οι
2155 5214 2262 5245 inhi
2320 5215 2344 5245 α

956 5212 986 5238 "
1010 5212 1112 5263 lsa.
1149 5225 1340 5274 XLVIII,
1376 5212 1442 5266 16
1560 5212 1608 5243 ⁸ο
1638 5212 1758 5266 Act.
1799 5227 1914 5272 χιιι.
1949 5214 2001 5268 4.
2076 5213 2119 5245 ⁸¹
2154 5214 2285 5267 ibid.
2320 5215 2377 5267 2.
2479 5215 2526 5246 θ’
2559 5213 2598 5267 ll
2627 5215 2694 5269 Cu

956 5279 1004 5310 ⁸⁸
1034 5279 1175 5335 Psal.
1205 5295 1369 5339 csLn,
1403 5281 1491 5334 10.
1566 5283 1612 5313 “
1637 5281 1794 5338 Joan.
1836 5298 1944 5349 xw,
1977 5283 2064 5337 15.
2143 5283 2186 5316 ⁸⁷
2223 5282 2367 5338 Psal.
2398 5299 2578 5348 Lxxw,
2604 5285 2694 5338 21.

956 5366 982 5406 ’.
1004 5365 1118 5408 xm.
1151 5351 1238 5404 11.
1341 5353 1384 5384 ⁸³
1415 5350 1571 5405 Rom.
1608 5367 1722 5408 vni.
1757 5353 1844 5407 15.
1953 5354 1998 5386 "
2025 5352 2183 5408 Joan.
2217 5369 2329 5408 xvi.
2357 5354 2442 5408 15.
2556 5355 2602 5388 ’⁸
2634 5355 2694 5408 Is:

2060 5367 2183 5408 oan.
2217 5369 2329 5419 xvi,
2357 5367 2442 5409 to.

2036 4527 2219 4582 omnia
2263 4544 2385 4594 qum
2438 4527 2610 4583 Filius
2667 4527 2851 4592 habet,
2903 4525 3140 4596 Spiritus
3189 4528 3368 4580 sancti
3452 4535 3600 4591 sunt,

2025 4630 2248 4690 excepta
2279 4621 2653 4690 generatione.
2691 4617 2881 4689 Neque
2927 4619 3076 4673 enim
3118 4619 3336 4688 genitus
3366 4629 3450 4672 est
3479 4616 3601 4684 Spi-

2026 4716 2188 4778 ritus,
2221 4713 2316 4768 sed
2367 4713 2689 4783 procedens.
2736 4710 2974 4781 Spiritus
3017 4727 3210 4766 rursus
3259 4707 3380 4763 Filii
3426 4710 3602 4778 imago

2022 4814 2124 4860 est.
2153 4803 2277 4859 llaec
2302 4816 2482 4858 autem
2514 4802 2756 4867 nomina,
2783 4802 3038 4856 nimirum
3070 4801 3416 4872 ingenitum,
3445 4815 3600 4869 gene-

2023 4898 2342 4964 rationis,et
2370 4898 2761 4966 processionis,
2784 4894 2910 4950 licet
2929 4895 3372 4965 pronuntiatione
3389 4894 3602 4947 diversa

2023 4989 2172 5054 sint,
2239 4991 2661 5060 haudquaquam
2719 4999 2900 5043 tamen
2961 4989 3209 5042 diversas
3272 4987 3602 5041 substantias

2455 5144 2502 5184 τε
2539 5142 2556 5196 l
2598 5142 2794 5199 Thess.
2851 5158 2933 5206 Ill.
2987 5143 3074 5198 15.
3111 5141 3344 5196 "'Joail.
3395 5156 3469 5203 IV,
3500 5141 3598 5200 21.

2479 5215 2526 5246 δ’
2559 5213 2598 5267 ll
2627 5215 2752 5269 Cor.
2785 5230 2867 5270 ιιι.
2909 5214 2995 5266 16.
3103 5212 3148 5244 ⁸³
3177 5210 3192 5263 I
3219 5211 3326 5266 Cor
3386 5226 3437 5263 vr
3460 5249 3475 5272 .
3519 5211 3602 5264 15.

2773 5284 2820 5316 ⁸⁸
2854 5284 2997 5338 Psal.
3028 5296 3211 5344 usus,
3247 5283 3298 5336 1.
3375 5283 3420 5315 "
3459 5280 3600 5334 Psal.

2556 5355 2602 5388 "
2634 5355 2738 5411 lsa.
2778 5370 2855 5420 si,
2881 5358 2940 5420 ‘2,
2967 5353 3022 5408 '5.
3125 5351 3172 5385 ”
3205 5350 3381 5408 lCor.
3414 5368 3474 5415 ιι.
3519 5351 3601 5409 10.

2022 5583 2074 5638 in
2113 5597 2211 5637 sua
2242 5582 2370 5637 sedc
2395 5581 2824 5646 collocavimus.
2867 5583 3125 5639 nimirum
3172 5583 3260 5637 nhi
3311 5581 3464 5635 locus
3507 5579 3598 5632 ille

2025 5653 2544 5722 Davidisdirofertur
2587 5672 2599 5708 :
2643 5653 2708 5710 In
2752 5655 2948 5710 lumine
2982 5665 3070 5708 tuo
3103 5653 3388 5708 videbimus
3422 5651 3598 5704 lumen

2022 5721 2189 5787 (Psal.
2220 5721 2384 5792 xxxv,
2422 5723 2534 5794 10).
