4050 6198
495 268 626 330 ιιδι

1912 271 2168 332 ADDEN
2176 272 2269 332 DA
2280 314 2301 331 .

3603 273 3733 338 H88

491 375 778 441 inducunt,
812 382 908 431 aut
935 390 1031 432 eas
1066 376 1338 447 dividunt,
1367 379 1524 449 quasi
1576 377 1894 435 essentiales
1936 396 2082 451 qua.»-
2111 391 2155 446 Α
2186 389 2434 446 sanctus,
2474 381 2655 451 prius,
2685 382 2736 438 id
2770 391 2874 447 est,
2911 389 3200 452 antequam
3245 383 3517 439 sensibilis
3547 395 3744 439 natura

492 468 616 522 dum
674 467 1028 534 dill'erentite,
1089 469 1234 524 sicut
1278 469 1468 525 Ariani
1529 481 1693 540 atque
1738 469 2064 526 Euuoutiani

493 560 759 615 h’utertmt
785 576 800 615 :
833 576 1044 626 verum,
1077 570 1136 614 ut
1165 561 1282 631 ipse
1310 576 1528 627 censeo,
1553 563 1696 621 circa
1729 547 1891 617 uuam
1915 579 2069 618 eam-

492 655 723 719 demque
752 652 1109 707 substantiam
1146 654 1485 721 dividuntur,
1524 656 1671 710 velut
1711 656 2067 727 proprietates

457 742 461 746 ’
496 744 873 797 distinetur-um
908 758 1265 812 personarum
1304 745 1633 802 indistincta:
1668 747 1990 803 substantiae
2013 755 2070 803 et

495 842 701 887 natura:
728 850 793 888 ac
824 834 1142 891 divinitatis.
1169 836 1644 902 Quemadmodum
1670 840 1815 894 enim
1849 842 2068 911 propria

494 925 745 989 nomina,
771 928 926 980 verbi
956 928 1151 996 gratia,
1185 926 1379 984 Petrus
1401 969 1414 994 ,
1444 927 1670 994 Paulus,
1707 940 1761 985 et
1807 930 2070 998 Joannes,

495 1034 604 1071 non
646 1027 869 1073 naturas
899 1020 1188 1084 dividunt,
1223 1021 1316 1076 sed
1348 1024 1495 1076 circa
1537 1034 1785 1079 naturam
1823 1024 2068 1079 eamdem

494 1109 855 1176 dividuntur,
912 1126 976 1165 ac
1041 1128 1303 1181 personas
1369 1114 1713 1185 distinguunt
1768 1116 2070 1187 (quamvis

492 1202 637 1255 enim
669 1202 882 1257 diversa
915 1204 1024 1258 sint
1068 1206 1287 1260 nomina
1315 1246 1330 1270 ,
1378 1218 1571 1262 natura
1614 1215 1793 1262 tamen
1827 1208 2069 1278 ipsorum

496 1309 601 1348 una
627 1306 730 1359 est,
768 1294 1025 1349 nimirum
1053 1297 1412 1369 humanitas);
1438 1300 1629 1354 eodem
1655 1301 1817 1356 modo
1836 1312 1883 1355 et
1917 1300 2070 1371 inge-

495 1388 702 1449 nitura,
735 1389 1016 1457 generatio
1051 1400 1105 1444 et
1130 1391 1431 1460 processio,
1463 1392 1567 1447 tria
1601 1392 1822 1449 nomina
1849 1393 1989 1447 inter
2010 1407 2073 1448 se

493 1479 714 1548 quidem
746 1480 1073 1536 eademnon
1109 1492 1262 1548 sunt,
1298 1498 1488 1539 verum
1522 1499 1589 1540 ea
1628 1484 1828 1554 quibus
1859 1485 2069 1551 insunt,

497 1567 691 1621 cadent
740 1581 869 1624 sunt
904 1588 917 1624 :
954 1585 1054 1626 nec
1100 1573 1460 1639 substantiam
1504 1574 1779 1639 scindunt,
1811 1576 1904 1631 sed
1925 1575 2073 1631 circa

490 1660 740 1712 eumdem
789 1661 1148 1715 substantiam
1195 1663 1539 1730 scinduntur,
1586 1680 1649 1720 ac
1683 1681 1946 1735 personas
1983 1681 2074 1722 se-

2177 484 2459 543 procreata
2510 485 2678 540 esset,
2726 475 2780 530 in
2829 475 3041 545 angelis
3077 475 3187 531 vim
3223 491 3379 532 suam
3433 478 3745 531 exercebat.

2174 564 2361 634 Ipsius
2401 566 2553 621 enim
2616 567 2880 623 beneﬁcio
2929 566 3318 638 perfectionem
3376 567 3450 621 illi
3500 568 3702 622 habent
3732 584 3751 620 :

2177 659 2447 727 perfectio
2500 667 2681 714 autem
2759 661 3076 729 angelorum
3167 658 3529 714 sanctiﬁcatio
3615 670 3707 713 cst
3739 703 3753 723 ,

2179 757 2549 817 constansque
2596 748 2653 802 in
2699 762 2762 803 ea
2808 747 3143 817 permansio.
3184 748 3262 803 Ac
3303 762 3497 803 rursus
3543 747 3757 802 illumi-

2178 838 2457 907 nationem
2507 838 2733 903 habent,
2788 854 3022 908 catnque
3059 838 3464 908 praestantiam,
3512 848 3573 893 ut
3615 854 3752 892 cum

2181 929 2334 999 prius
2387 930 2454 984 ad
2511 930 2713 984 malum
2759 944 2902 1001 aegre
2954 930 3419 1000 impellerentur,
3479 944 3624 984 nunc
3682 944 3758 982 ne

2180 1023 2291 1078 ullo
2329 1023 2549 1092 quidem
2584 1021 2694 1096 (55)
2724 1025 2883 1078 modo
2925 1022 3134 1093 impelli
3162 1031 3391 1092 queant,
3420 1023 3589 1091 idque
3636 1036 3756 1075 non

2181 1124 2401 1179 natura,
2444 1115 2536 1169 sed
2581 1115 2778 1184 gratia,
2814 1130 2911 1183 per
2957 1130 3124 1184 quam
3159 1128 3375 1169 summo
3406 1112 3551 1167 bono
3601 1111 3758 1166 indi-

2181 1208 2335 1262 vulse
2366 1207 2632 1263 assident.
2672 1205 2920 1272 Quonam
2969 1206 3116 1261 enim
3160 1207 3324 1261 modo
3363 1203 3535 1276 angeli
3565 1204 3761 1258 dicere

2179 1308 2415 1369 queant:
2448 1297 2635 1354 Gloria
2670 1301 2723 1353 in
2757 1299 3032 1353 altissimis
3058 1298 3165 1351 Deo
3191 1298 3235 1365 ³,
3272 1297 3380 1352 nisi
3409 1297 3515 1349 vim
3553 1308 3679 1348 eam
3726 1309 3759 1345 a

2181 1391 2386 1460 Spiritu
2422 1391 2776 1459 acceperint?
2809 1388 2978 1445 Nemo
3013 1389 3159 1445 enim
3186 1399 3356 1458 potest
3394 1390 3563 1444 dicere
3584 1427 3600 1452 ,
3643 1385 3765 1439 Do-

2183 1486 2384 1539 minum
2430 1481 2639 1547 Iesum,
2691 1482 2795 1536 nisi
2834 1483 2887 1535 in
2942 1491 3128 1536 sancto
3171 1479 3379 1551 Spiritu
3400 1480 3444 1534 ⁸.
3501 1479 3763 1546 Quonam

2182 1584 2314 1632 item
2349 1576 2512 1630 modo
2548 1577 2735 1645 prima!
2781 1576 2885 1629 illae
2914 1583 3039 1645 post
3067 1574 3236 1627 Deum
3268 1582 3566 1643 potestates
3596 1574 3761 1624 licata

2184 1672 2294 1724 vita
2329 1668 2668 1729 (tuerentur.
2721 1669 2824 1723 nisi
2873 1667 3066 1722 faciem
3111 1665 3310 1729 Patris,
3352 1666 3445 1735 qui
3492 1665 3544 1718 in
3597 1664 3764 1717 uelis

492 1760 748 1807 cernunt.
779 1752 913 1808 Nam
939 1758 1302 1826 proprietates
1332 1760 1470 1822 istae,
1491 1760 1636 1814 velut
1661 1771 1802 1815 notat
1830 1760 2077 1828 quaedam
2113 1751 2154 1809 Β
2181 1772 2267 1817 est
2293 1802 2307 1825 ,
2362 1770 2580 1829 semper
2629 1760 2881 1813 viderent
2903 1759 2969 1812 '?
3038 1758 3203 1827 Atqui
3268 1758 3407 1811 visio
3463 1760 3575 1809 haec
3634 1759 3762 1809 sine

494 1845 552 1900 iu
580 1847 885 1903 substantia
921 1851 1298 1925 consideratur,
1332 1855 1567 1922 pr0priis
1583 1854 1802 1922 quidem
1836 1863 1889 1908 et
1914 1869 2080 1924 pecu-

496 1937 728 1994 liaribus
758 1941 900 1996 notis
931 1956 1045 1995 rem
1074 1956 1420 1997 communem
1462 1944 1733 2010 dividunt,
1759 1945 2083 2001 substantiae

496 2043 629 2083 vero
717 2031 1054 2086 identitatem
1145 2035 1373 2089 minime
1421 2035 1760 2105 disiungunt.
1835 2035 2081 2104 Exempli

495 2138 685 2187 causa,
710 2126 1017 2178 communis
1047 2126 1262 2194 quidem
1294 2135 1377 2179 est
1405 2127 1659 2181 divinitus
1680 2145 1693 2181 :
1715 2127 2083 2196 proprietates

497 2222 701 2275 autem,
747 2214 1044 2279 paternitas
1090 2223 1144 2268 ct
1189 2214 1401 2282 liliatio,
1450 2232 1516 2269 ex
1567 2217 1858 2287 utriusque
1915 2230 2081 2286 porro

498 2306 847 2357 connexione
878 2305 1131 2361 veritatis
1173 2308 1412 2376 cognitio
1452 2317 1619 2378 atque
1654 2310 2083 2379 comprehensio

495 2396 658 2449 nobis
686 2396 1060 2463 ingeneratur.

571 2489 693 2540 Col.
729 2488 837 2542 442
882 2489 943 2543 υ.
988 2489 1241 2542 I’arturis
1288 2488 1644 2558 objectioues?
1687 2490 1757 2542 At
1809 2506 1902 2558 ego
1953 2507 2081 2545 ora-

500 2580 662 2633 tionis
710 2595 945 2645 cursum,
1003 2592 1107 2634 etc.
1144 2580 1458 2634 Orationem
1501 2581 1567 2633 ad
1605 2579 1846 2650 Spiritus
1893 2583 2081 2638 hostes

497 2670 807 2736 convertit,
839 2671 1026 2739 aitque
1063 2687 1077 2725 :
1112 2671 1364 2727 Parturis
1416 2671 1757 2742 obiectiones
1782 2711 1797 2736 ,
1833 2688 1899 2727 ac
1957 2688 2083 2727 rur-

498 2774 594 2813 sus
626 2761 680 2812 iu
733 2761 1104 2816 contentiosas
1146 2761 1551 2833 disputationes
1593 2763 1884 2833 erumpis?
1915 2762 2084 2819 Paras

496 2864 765 2918 qumrerc,
804 2852 1084 2919 quomodo
1125 2853 1365 2923 Spiritus
1411 2863 1659 2918 sanctus,
1693 2870 1817 2908 cum
1862 2872 1890 2907 ιι
1925 2855 2083 2911 Patre

498 2941 593 3003 sit,
657 2954 766 2993 non
836 2944 1211 3009 generationis
1274 2945 1458 3008 modo,
1526 2945 1622 3000 sed
1682 2946 2079 3013 processionis,

496 3031 645 3088 Deus
695 3032 787 3087 sit.
834 3037 904 3088 At
945 3050 1048 3104 ego
1096 3036 1361 3089 institutae
1404 3037 1674 3097 orationis
1727 3052 1951 3091 cursum
1993 3052 2082 3093 se-

497 3126 751 3196 riemque
784 3128 1055 3197 pat'lurio.
1086 3127 1328 3199 Tempus
1361 3130 1505 3184 enim
1556 3130 1662 3186 hoc
1691 3130 1898 3185 festiva:
1936 3133 2081 3187 cele-

497 3220 718 3275 britatis
777 3231 861 3275 est
925 3236 1032 3276 non
1105 3225 1501 3281 contentionis.
1560 3224 1790 3282 Prohibe
1841 3228 2080 3300 linguam

502 3322 651 3366 tuum
691 3331 723 3367 a
753 3314 892 3368 malo
923 3316 975 3382 ¹;
1006 3316 1288 3385 paululum
1323 3308 1445 3371 eam
1489 3320 1813 3388 comprime.
1853 3320 1925 3375 De
1958 3322 2081 3378 aliis

502 3404 714 3473 linguis
744 3407 905 3462 nobis
937 3411 1210 3478 agendum
1239 3420 1347 3466 est.
1378 3411 1490 3467 llas
1532 3428 1657 3468 cum
1697 3415 1822 3483 igne
1853 3417 2080 3486 conspi-

500 3511 635 3552 cuas
678 3513 983 3562 venerare.
1045 3502 1174 3571 quia
1227 3503 1569 3559 divinitatem
1620 3508 1901 3561 indicant:
1940 3508 2079 3571 Deus

499 3589 646 3644 enim
695 3600 876 3645 noster
942 3594 1079 3664 ignis
1147 3610 1459 3650 consumens
1493 3598 1656 3658 est';
1720 3597 1803 3652 vel
1856 3612 2077 3664 metue,

500 3692 724 3750 propter
778 3684 884 3737 vim
944 3685 1293 3752 adustivam,
1347 3704 1516 3756 quam
1584 3690 1844 3746 divinitas
1897 3692 2079 3749 habet.

500 3771 677 3826 llodie
726 3774 1048 3839 doceamus,
1101 3778 1153 3831 id
1202 3790 1308 3842 est,
1366 3782 1599 3837 ﬁdeliter
1653 3793 1707 3837 et
1758 3786 2084 3855 simpliciter

501 3860 753 3916 doctrina
783 3864 851 3919 de
884 3863 1094 3934 Spiritu
1140 3878 1353 3931 sancto,
1398 3886 1564 3939 quam
1600 3871 1882 3943 Scriptura
1925 3879 2083 3934 nobis

500 3952 684 4017 ulIert,
717 3964 982 4012 utamur:
1013 3973 1139 4014 cras
1171 3972 1353 4016 autem
1380 3962 1682 4020 artiliciose
1710 3965 2082 4034 disseremus,

499 4057 556 4100 et
585 4048 654 4103 ab
686 4049 918 4105 honesto
947 4065 1010 4130 ac
1037 4052 1245 4108 decoro
1281 4056 1628 4121 recedemus,
1667 4058 1718 4112 id
1761 4067 1866 4122 est,
1890 4070 2083 4130 argute

499 4150 558 4196 et
605 4143 907 4212 sophistice
964 4128 1020 4200 et
1074 4162 1139 4201 ex
1195 4146 1500 4205 dialecticae
1559 4152 1699 4207 artis
1758 4128 1976 4223 legibus
2028 4161 2084 4209 ct

503 4234 762 4288 Inethodo
785 4234 1216 4303 disputationem
1237 4238 1610 4297 instituemus.
1631 4241 1791 4297 Enim
1811 4258 1941 4298 vero
1966 4244 2083 4299 haec

502 4326 670 4380 verba
703 4342 718 4379 :
756 4327 1082 4391 Doceamus,
1116 4338 1172 4383 et
1202 4330 1424 4386 Festum
1457 4346 1708 4402 agamus,
1755 4337 2081 4391 consulendi

2110 3088 2152 3145 ϐ

2185 1854 2432 1924 Spiritus
2506 1852 2681 1922 gratia
2751 1866 2858 1904 non
2922 1850 3213 1920 contingit.
3284 1848 3760 1914 Quemadmodum

2182 1947 2332 2000 enim
2397 1946 2443 1999 si
2504 1952 2670 1998 noctu
2722 1943 2908 1996 lumen
2971 1959 3002 1996 a
3065 1942 3229 1996 domo
3282 1940 3595 2001 sustuleris,
3660 1956 3763 1993 nec

2183 2034 2359 2090 oculis
2408 2041 2639 2102 aspectu
2688 2031 2987 2095 constabit,
3045 2047 3146 2085 nec
3197 2029 3550 2083 materiarum
3583 2029 3763 2096 pretia

2183 2137 2240 2182 et
2294 2127 2595 2195 dignitates
2662 2125 2882 2196 agnosci
2938 2131 3196 2193 poterunt
3255 2130 3408 2192 (tum
3459 2120 3606 2175 enim
3666 2134 3764 2188 per

2184 2218 2555 2289 ignorantiam
2611 2232 2766 2287 teque
2805 2232 3005 2271 aurum
3043 2231 3108 2270 ac
3167 2225 3311 2269 terra
3362 2214 3702 2280 calcabitur)
3743 2230 3758 2265 :

2183 2312 2267 2367 sic
2328 2312 2495 2366 etiam
2543 2309 2598 2363 in
2655 2309 2929 2379 spirituali
2978 2309 3301 2377 angelorum
3332 2309 3532 2361 ordine
3576 2306 3763 2361 divina

2183 2404 2296 2458 vita
2337 2402 2458 2458 sine
2514 2399 2721 2471 Spiritu
2772 2416 3100 2471 permanere
3158 2414 3266 2453 non
3319 2409 3525 2469 potest,
3584 2398 3762 2451 nihilo

2182 2504 2334 2550 certe
2362 2494 2538 2565 magis
2560 2508 2726 2564 quam
2755 2493 3038 2549 exercitus
3059 2492 3195 2546 ordo
3222 2500 3276 2545 et
3302 2491 3619 2559 disciplina,
3652 2489 3761 2542 nisi

2183 2588 2441 2643 ordinum
2472 2587 2768 2657 praefectus
2796 2585 2965 2650 adsit,
2989 2594 3084 2640 aut
3111 2583 3265 2638 chori
3295 2593 3620 2645 euocentus,
3656 2581 3765 2635 nisi

2183 2681 2338 2737 chori
2387 2679 2649 2751 magister
2696 2690 2984 2734 cantorum
3039 2692 3205 2732 voces
3256 2685 3551 2746 componat
3597 2683 3767 2744 atque

2184 2772 2505 2829 concinnet.
2554 2770 2806 2837 Quonam
2859 2785 3055 2826 rursus
3095 2769 3256 2824 modo
3298 2767 3481 2822 dicere
3534 2775 3767 2836 possent

2185 2862 2477 2933 Seraphim
2522 2860 2843 2926 :Sanctus,
2897 2870 3153 2924 sanctus,
3207 2867 3421 2912 sanctus
3449 2858 3492 2923 ',
3557 2857 3667 2910 nisi
3728 2872 3763 2908 ει

2188 2956 2397 3027 Spiritu
2456 2953 2802 3019 didicissent,
2851 2955 3072 3023 quoties
3129 2951 3435 3021 huiusmodi
3487 2950 3604 3002 laus
3665 2948 3762 3014 pie

2189 3059 2467 3116 repetatur
2493 3049 2517 3102 ?
2548 3048 2629 3104 lla
2655 3048 2735 3114 lit,
2772 3057 2831 3101 ut
2853 3045 3157 3114 spiritualis
3183 3046 3273 3099 ille
3295 3050 3606 3103 concentus,
3637 3040 3766 3093 nisi

2187 3142 2430 3213 Spiritus
2457 3144 2774 3213 magisterio
2800 3149 2857 3195 et
2884 3139 3199 3209 disciplina,
3249 3134 3466 3191 retineri
3496 3140 3767 3202 nequeat.

2187 3238 2378 3293 Postea
2413 3246 2597 3290 autem
2636 3234 2898 3303 Spiritum
2936 3233 2991 3287 in
3024 3232 3271 3302 patribus
3312 3238 3368 3284 et
3399 3230 3453 3283 in
3483 3225 3771 3296 prophetis

2185 3331 2539 3402 Operabatur.
2574 3326 3022 3383 Patriarcharum
3059 3325 3207 3378 enim
3240 3320 3677 3381 benedictiones,
3713 3326 3771 3371 et

2187 3425 2392 3494 ﬁgurae,
2428 3437 2493 3476 ac
2516 3420 2801 3483 vaticinia,
2833 3433 2932 3488 per
2957 3417 3201 3487 Spiritus
3234 3416 3467 3487 gratiam
3499 3411 3765 3468 conﬁcie-

2185 3516 2408 3572 bantur.
2454 3513 2666 3568 Etenim
2702 3527 2767 3567 es
2794 3511 2962 3581 iustis
2991 3510 3083 3564 alii
3120 3508 3289 3563 Deum
3333 3522 3432 3577 per
3466 3504 3766 3576 imaginem

2186 3616 2601 3678 conspexerunt
2667 3615 2762 3661 aut
2815 3611 3222 3675 cognoverunt.
3295 3600 3397 3654 Per
3466 3598 3767 3668 imaginem

2187 3702 2483 3758 obscuram
2539 3699 2633 3755 Dei
2695 3697 3245 3768 comprehensionem
3303 3691 3546 3761 intellige
3597 3707 3613 3743 :
3673 3704 3773 3759 per

2186 3793 2561 3864 cegnitionem
2609 3798 2819 3850 autem.
2874 3804 2995 3843 eam
3029 3802 3157 3857 quae
3211 3784 3478 3840 illustrior
3523 3790 3611 3838 est
3654 3797 3774 3836 ma-

2187 3888 2385 3960 girque
2423 3886 2737 3956 perspicua.
2789 3882 2887 3939 Vel
2929 3881 3118 3943 etiam,
3161 3879 3425 3950 quoniam
3468 3875 3771 3946 phantasia

2187 3996 2330 4050 saepe
2387 3981 2750 4050 imposturam
2806 3976 2993 4031 animo
3048 3976 3217 4037 facit,
3286 3972 3494 4028 idcirco
3554 3968 3773 4038 adjecit

2188 4071 2526 4142 Theologus,
2549 4071 2962 4141 Cognoverunt,
2999 4076 3061 4123 ut
3090 4066 3363 4121 visionem
3399 4064 3541 4117 hanc
3580 4074 3772 4114 verant

2187 4181 2308 4222 esse
2352 4168 2569 4220 credas.
2603 4163 2748 4232 Ergo
2775 4162 3109 4233 patriarchae
3145 4158 3317 4213 Deum
3344 4171 3442 4226 per
3467 4155 3774 4224 imaginem

2187 4265 2596 4325 conspexerunt
2649 4254 3008 4324 :-'prophette
3062 4260 3243 4307 autem
3305 4249 3490 4304 futura
3547 4261 3777 4317 quoque

2187 4356 2316 4404 ante
2360 4348 2579 4417 cognita
2628 4347 2963 4407 habuerunt,
3023 4344 3350 4413 impressam
3403 4340 3585 4395 instar
3627 4354 3778 4394 cera

503 4414 691 4470 animo
719 4416 1002 4473 dicuntur.
1052 4418 1180 4475 Haec
1225 4431 1433 4491 autem,
1484 4424 1802 4482 Artiﬁciosa
1826 4430 2085 4485 ,dissere-
2115 4431 2161 4490 ιι
2189 4414 2493 4493 ιιιθιιιθιιιήιι
2527 4446 2720 4492 sancto
2749 4437 2957 4507 Spiritu
2991 4435 3278 4497 habentes,
3303 4447 3369 4486 ac
3392 4430 3580 4486 futura
3608 4429 3776 4498 quasi

503 4523 650 4572 mus,
703 4519 779 4575 et,
818 4510 903 4565 Ab
946 4511 1180 4569 honesto
1224 4524 1281 4569 et
1307 4517 1510 4573 decoro
1559 4520 1904 4588 recedemus,
1953 4532 2085 4577 sunt

503 4599 717 4656 ironice
748 4602 1046 4672 loquentis,
1078 4617 1245 4675 atque
1273 4606 1591 4678 huiusmodi
1623 4625 1714 4666 res
1749 4615 2079 4672 aversantis.

502 4690 658 4747 Unde
687 4702 743 4747 et
787 4696 1194 4763 turpitudinem
1238 4707 1294 4754 et
1339 4701 1721 4756 temulentiam
1767 4716 1863 4758 eas
1896 4714 2079 4772 vocat,

503 4791 669 4853 atque
698 4784 765 4839 ad
800 4784 980 4841 forum
1020 4796 1077 4841 et
1110 4789 1328 4844 theatra
1360 4790 1555 4859 reiicit.

574 4875 709 4932 Ibid.
754 4877 1109 4951 Posteaquam
1131 4893 1308 4937 autem
1333 4884 1534 4940 alienos
1561 4887 1943 4955 submouimus,
1966 4899 2076 4945 etc.

504 4970 877 5042 Posteaquam
948 4976 1157 5032 alienos
1208 4988 1265 5032 et
1330 4979 1621 5038 hwmticos
1696 4982 2080 5039 submovimus

506 5076 670 5137 atque
709 5069 1072 5145 extrusimus,
1104 5085 1202 5139 age
1247 5070 1360 5141 iam
1414 5082 1634 5129 nostros
1666 5084 1720 5129 et
1752 5075 1943 5129 eadem
1979 5077 2083 5130 lide

504 5157 767 5228 praeditos
823 5160 1083 5217 meliores
1131 5165 1427 5219 faciamus.
1482 5165 1582 5222 llic
1636 5167 1802 5235 igitur
1843 5166 2085 5236 Spiritus

582 5339 599 5370 ³
622 5338 773 5395 Psal.
807 5353 1003 5407 sunt,
1043 5340 1132 5398 Ν.
1207 5348 1228 5379 ¹
1251 5345 1412 5401 Deut.
1449 5359 1524 5409 tv,
1559 5345 1652 5402 24.
1728 5345 1904 5400 'Luc.
1937 5352 2035 5412 vti,
2076 5345 2163 5401 Μ.

584 5527 698 5595 ('53)
740 5523 983 5598 Nuncne
1002 5527 1110 5598 ulla
1134 5528 1362 5598 quidem.
1412 5546 1429 5578 t
1450 5510 1815 5598 Postlapsum
1847 5527 2080 5598 Satanze,

514 5593 693 5667 inquit
733 5598 872 5667 Aug.
912 5597 1011 5651 lib.
1055 5593 1376 5667 De'Eccles.
1422 5597 1635 5665 dogm.,
1662 5593 1804 5665 cap.
1851 5595 1951 5660 62,
2009 5600 2082 5654 ita

514 5666 839 5723 coulirmati
868 5676 995 5723 sunt
1037 5667 1213 5736 angeli
1247 5666 1338 5735 qui
1372 5666 1745 5735 perstiterunt,
1788 5677 1846 5723 ut
1886 5668 2082 5725 cadere

2189 4530 2482 4602 prasentia
2542 4541 2829 4586 cernentes
2893 4538 3058 4597 atque
3112 4527 3420 4582 audientes.
3482 4523 3775 4590 Quocirca

2188 4622 2533 4693 praphetiam
2582 4636 2807 4691 quoque
2853 4620 3121 4676 visionem
3173 4616 3546 4687 appellabant,
3605 4623 3776 4682 atque

2189 4714 2296 4784 ipsi
2355 4714 2606 4768 videntes
2655 4711 3103 4767 nominabantur.
3173 4708 3497 4779 Huiusmodi
3558 4707 3773 4776 quippe

2191 4804 2430 4875 Spiritus
2476 4804 2558 4859 vis
2603 4812 2726 4869 est;
2777 4802 3136 4858 illuminatrix
3183 4801 3415 4861 scilicet.
3462 4800 3530 4854 ad
3560 4800 3776 4853 summi

2191 4896 2323 4953 boui
2364 4896 2739 4965 cognitionem
2772 4895 2957 4949 omnia
2990 4895 3349 4950 collustrans.
3388 4892 3604 4946 Etenim
3649 4904 3780 4944 om-

2193 4991 2380 5054 nibus,
2406 5004 2528 5059 quae
2576 4974 2793 5044 ratione
2841 4997 2899 5043 et
2942 4987 3299 5058 intelligentia
3332 4983 3562 5055 praedita
3613 4993 3782 5049 sunt,

2193 5081 2260 5137 ad
2294 5080 2540 5136 veritatis
2567 5079 2937 5134 inventionem
2973 5078 3277 5149 spiritualis
3318 5076 3406 5131 lux
3443 5083 3549 5138 est,
3590 5074 3784 5145 iisque

2194 5171 2341 5226 velut
2367 5169 2813 5241 perspicuitatem
2839 5169 3135 5241 quamdam
3162 5182 3261 5239 per
3292 5181 3350 5223 se
3371 5165 3548 5222 all‘ert.

2239 5345 2305 5399 ⁸1
2336 5345 2469 5402 Cor.
2509 5360 2606 5413 stt,
2643 5347 2700 5403 3.
2775 5350 2798 5382 ⁵
2822 5346 3023 5403 Matth.
3054 5362 3213 5414 xvm,
3251 5350 3340 5403 10.
3414 5346 3566 5402 ‘lsa.
3606 5360 3683 5404 vr.
3718 5343 3784 5400 3.

2193 5523 2421 5581 otnnino
2455 5539 2561 5580 non
2594 5526 2826 5595 possint,
2858 5526 2950 5594 qui
2987 5541 3054 5581 ne
3079 5524 3307 5580 omnino
3336 5525 3449 5595 iam
3478 5524 3788 5591 caderent,

2196 5596 2450 5652 virtutem
2489 5595 3057 5653 incommutabilitatis
3090 5606 3439 5666 acceperunt.
3473 5614 3492 5648 ι
