4050 6198
233 321 372 387 14(29

1222 323 1542 385 NICETAS
1585 325 1663 385 IN
1704 324 1930 386 ORAT.
1974 323 2156 384 XLIV
2199 322 2262 382 S.
2301 318 2533 381 GREG.

3352 307 3487 373 1470

304 441 436 496 Tum
492 441 548 495 in
589 439 791 495 Christi
840 438 1116 508 discipulis
1137 476 1152 501 ,
1210 448 1316 492 etc.
1342 420 1345 421 ν
1373 436 1535 504 Tum,
1599 438 1774 508 inquit
1795 480 1809 502 .
1839 438 1889 500 Α
1915 439 2049 493 nihil
2078 453 2187 492 non
2216 430 2494 501 poterant,
2523 428 2811 499 sanctique
2840 425 3080 496 Spiritus
3102 420 3486 491 cxpletionem,

229 533 471 603 Spiritus
500 539 724 589 sanctus
760 529 813 584 in
848 529 1054 586 Clu-isti
1101 528 1391 598 discipulis
1438 529 1627 584 ellicax
1658 539 1797 585 erat.

227 624 338 679 Nec
370 624 513 679 enim
550 622 732 677 dicere
764 637 1010 691 possunt,
1047 622 1194 691 quod
1245 622 1299 676 in
1334 621 1554 677 Christo
1583 638 1801 693 quoque

225 716 577 785 operabatur.
625 713 845 768 Christo
891 713 1157 782 siquidem
1208 713 1421 779 aderat,
1467 730 1574 770 non
1618 729 1680 769 ut
1718 715 1802 769 ai-

225 809 384 868 ﬂans.
417 806 879 877 quemadmodum
914 806 968 860 in
1001 806 1123 862 aliis
1167 806 1503 869 hominibus,
1540 808 1633 876 qui
1677 808 1803 878 Spi-

224 901 333 954 ritu
385 907 577 953 sancto
624 896 899 962 aiilantur,
939 897 1032 953 sed
1089 906 1147 951 ut
1202 912 1327 951 cum
1383 899 1580 968 aequali
1633 898 1799 955 simul

228 992 491 1047 incedens
545 997 711 1060 atque
761 990 1054 1055 exsistens,
1107 999 1330 1059 prepter
1381 987 1799 1059 inseparabilem

224 1086 428 1131 sanetae
463 1074 748 1131 Trinitatis
776 1076 1237 1145 conjunctionetu.
1271 1076 1344 1131 De
1370 1094 1476 1148 qua
1503 1093 1561 1133 re
1596 1079 1650 1132 in
1690 1078 1803 1133 haec

226 1170 393 1223 verba
422 1169 668 1238 loquitur
698 1166 933 1223 Basilius
968 1186 981 1223 :
1014 1166 1115 1223 Ubi
1142 1170 1357 1238 propria
1382 1179 1434 1224 et
1469 1177 1805 1224 connatura-

225 1260 296 1315 lis
327 1267 493 1329 atque
546 1259 929 1328 inseparabilis
977 1267 1062 1314 est
1091 1258 1348 1324 societas,
1395 1260 1504 1314 illic
1534 1260 1711 1329 aptior
1750 1267 1804 1313 et

225 1348 626 1420 signiiicantior
672 1364 774 1423 vox
821 1357 905 1402 est
951 1350 1345 1420 συνυπάρχειν,
1380 1350 1430 1404 id
1485 1359 1568 1404 cst
1595 1388 1610 1412 ,
1642 1347 1807 1403 simu!

226 1441 510 1500 exsistere,
543 1437 685 1506 quod
722 1438 825 1492 hoc
863 1437 1089 1493 verbum
1128 1439 1508 1508 inseparabilis
1538 1439 1801 1493 consortii

224 1531 608 1601 cogitationem
674 1530 860 1583 attimo
914 1528 1166 1584 oii‘erat:
1224 1540 1276 1583 at
1340 1531 1430 1585 ubi
1492 1545 1583 1585 res
1635 1531 1803 1585 unitas

224 1624 466 1689 separari
505 1626 760 1688 possunt,
795 1620 908 1674 illic
959 1622 1306 1676 commodior
1335 1632 1385 1676 et
1416 1623 1804 1691 congruentior

222 1727 327 1766 vos
355 1719 437 1766 est
464 1711 823 1780 ἐνυπάρχειν,
852 1711 958 1767 hoc
984 1722 1086 1777 est,
1121 1713 1308 1769 inesse.
1329 1713 1798 1780 Quemadmodum

222 1803 391 1855 vitam
425 1805 622 1856 animae
650 1803 1027 1873 συνυπάρχειν
1071 1804 1332 1868 dicimus,
1368 1806 1418 1859 id
1461 1813 1566 1868 est,
1604 1822 1799 1871 coesse,

222 1895 445 1958 corpori
504 1904 714 1956 autem,
763 1894 1125 1965 ἐνυπάρχειν,
1171 1897 1360 1950 inesse.
1412 1898 1491 1951 Ab
1536 1912 1602 1950 eo
1653 1898 1797 1950 enim

222 1986 468 2055 stiparari
507 1995 706 2055 potest.
745 1986 948 2041 Eodem
980 1987 1144 2057 igitur
1187 1990 1351 2042 modo
1385 1988 1621 2058 Spiritus
1668 2004 1799 2043 san-

224 2089 348 2133 ctus
412 2079 695 2147 unigenito
748 2078 889 2132 Filio
937 2094 1127 2134 coesse
1172 2081 1413 2135 dicitur:
1449 2081 1571 2135 aliis
1618 2092 1797 2136 autem

227 2173 431 2227 sanctis
493 2172 672 2226 inesse
733 2171 992 2239 Spiritus.
1065 2168 1249 2241 Itaque
1301 2174 1496 2242 triplici
1548 2175 1709 2228 modo
1743 2173 1798 2227 in

227 2264 495 2333 apostolis
528 2264 634 2316 vim
661 2277 816 2318 suam
846 2262 1061 2328 edebat,
1103 2275 1262 2332 prout
1311 2264 1566 2318 nimirum
1601 2274 1655 2318 et
1695 2264 1798 2332 ipsi

226 2373 457 2425 capaces
510 2366 688 2415 erant,
728 2363 782 2410 et
827 2356 994 2409 trium
1033 2365 1337 2425 temporum
1388 2358 1529 2411 ratio
1569 2356 1796 2411 ferebat.

224 2448 494 2513 Primum,
538 2447 589 2501 id
624 2455 727 2511 est,
765 2456 892 2501 ante
940 2445 1144 2501 Christi
1176 2447 1508 2517 passionem,
1543 2449 1801 2514 obscure,

223 2554 351 2593 cum
380 2555 475 2594 eos
502 2539 854 2609 prmdicatum
889 2538 1059 2601 misit,
1092 2550 1145 2593 et
1173 2537 1545 2608 pellendorum
1581 2539 1800 2594 morbo-

224 2645 372 2695 rum,
395 2630 817 2703 daemonttque
833 2631 1295 2703 proﬂigandorum
1319 2640 1639 2703 potestatem
1666 2635 1801 2704 ipsis

225 2722 373 2776 dedit
399 2721 443 2775 ⁷.
474 2720 605 2787 Quae
648 2723 831 2776 omnia
872 2738 1220 2792 nequaquam
1258 2724 1376 2779 sine
1427 2724 1663 2795 Spiritus
1700 2742 1802 2780 utt-

226 2813 373 2867 tnine
403 2814 625 2875 ﬁebant.
661 2813 912 2867 Secundo
937 2824 1060 2883 post
1087 2817 1545 2871 resurrectionem
1573 2833 1799 2886 expres-

224 2907 345 2960 sius
395 2914 449 2959 et
499 2907 725 2960 clarius.
778 2906 1031 2961 Christus
1079 2906 1224 2961 enim
1272 2925 1395 2963 cum
1446 2909 1798 2972 insnﬂlasset,

228 2998 368 3051 dixit
415 3014 430 3052 :
477 3000 712 3065 Arripite
765 2998 1021 3067 Spiritum
1067 3001 1394 3066 sanctum”,
1452 3016 1797 3071 nequaquam

231 3087 380 3143 alius
407 3091 701 3157 exsistens,
729 3107 891 3160 quam
930 3094 1021 3160 qui
1048 3109 1078 3147 a
1109 3095 1283 3163 prima
1320 3108 1499 3147 rerum
1526 3092 1801 3146 creatione
1830 3132 1872 3190 ο

227 3179 623 3249 insumaverat,
673 3183 767 3238 sed
810 3184 949 3239 idem
996 3186 1131 3253 ipse,
1157 3198 1250 3253 per
1297 3199 1456 3252 quem
1506 3182 1800 3236 insnﬂlatio

226 3274 358 3327 data
397 3273 595 3338 fuerat,
645 3283 776 3330 tunc
824 3277 1042 3345 quidem
1078 3276 1191 3345 (54)
1237 3289 1359 3327 eum
1409 3273 1612 3339 anima,
1656 3288 1805 3328 nunc

226 3374 415 3421 autem
469 3366 521 3420 iu
559 3367 824 3421 animam.
867 3365 1054 3422 Tertio
1100 3374 1282 3421 autem
1312 3365 1628 3435 perfectius,
1675 3379 1800 3418 eunt

225 3455 482 3510 Christus
531 3455 586 3509 in
632 3456 830 3511 ratium
888 3456 1153 3521 ascendit,
1218 3456 1303 3509 vel
1365 3455 1562 3508 divina:
1614 3453 1803 3523 gloria:

231 3549 522 3603 restitutus
556 3557 661 3611 est.
693 3548 779 3604 vel
807 3563 925 3619 quo
951 3549 1175 3604 nomine
1200 3546 1255 3601 id
1291 3547 1675 3617 appellandum
1710 3545 1801 3610 sit,

228 3640 441 3695 nescio.
495 3640 770 3695 Addubito
806 3642 950 3695 enim
991 3637 1133 3710 quod
1169 3652 1366 3694 nomen
1418 3632 1677 3692 ineffabili
1725 3638 1802 3691 illi

228 3729 302 3783 ad
334 3730 568 3799 priorem
599 3738 801 3785 statum
835 3728 1161 3803 ascensioni
1192 3728 1539 3783 tribuendum
1573 3729 1662 3783 sit.
1697 3726 1805 3782 Sed

229 3823 514 3891 quomodo
554 3822 799 3892 Spiritus
844 3822 1134 3891 discipulis
1162 3804 1461 3891 perfectius
1506 3822 1560 3875 in
1593 3820 1808 3894 lingua-

235 3928 360 3967 rum
411 3914 679 3968 divisione
716 3914 824 3968 vim
862 3928 1017 3970 suam
1068 3912 1315 3967 exeruit?
1364 3912 1630 3967 Nimirum
1678 3914 1807 3983 quia

233 4006 473 4075 Spiritus
511 4017 737 4061 sanctus
771 4022 877 4060 non
908 4006 1042 4074 iam,
1077 4015 1137 4060 ut
1181 4006 1431 4069 antehac,
1484 4020 1578 4074 per
1612 4020 1806 4073 opera-

232 4102 443 4153 tionem
469 4096 676 4163 aderat,
707 4097 826 4161 sed,
854 4105 912 4152 ut
941 4098 1021 4152 sic
1043 4097 1257 4167 loquar,
1291 4095 1653 4151 essentiaiiter
1680 4107 1806 4149 cum

230 4190 376 4259 ipsis
413 4201 525 4245 erat
547 4207 610 4246 ac
640 4190 975 4245 vervahatur.
1013 4190 1164 4256 Quod
1192 4197 1372 4242 autem
1409 4187 1586 4241 dixit:
1627 4184 1693 4240 Ut
1729 4186 1809 4242 sic

233 4284 456 4350 loquar,
486 4283 552 4338 ad
584 4282 1049 4353 praemolliendum
1088 4281 1228 4335 hanc
1263 4290 1471 4341 vocem,
1514 4274 1810 4331 essentiali-

232 4387 341 4435 ter,
369 4376 531 4437 dixit,
553 4384 610 4427 nt
640 4373 820 4429 minus
852 4372 1071 4443 proprie
1098 4379 1260 4441 atque
1292 4380 1479 4424 exacte
1517 4368 1808 4438 prolatam,

1903 531 2083 585 dicere
2114 527 2388 598 quispiam
2423 533 2611 595 posset
2642 534 2768 576 eum
2799 515 3169 572 essentiatiter
3193 526 3318 567 cum
3347 509 3485 579 ipsis

1900 638 2020 679 esse
2061 637 2126 677 ac
2155 619 2384 675 versari.
2423 616 2555 671 Nam
2595 628 2722 669 cum
2751 611 2926 665 Filius
2963 620 3197 676 corpore
3228 602 3485 659 sensibili

1900 719 2064 782 atque
2097 707 2393 778 conspicuo
2432 703 2722 758 nobiscum
2755 694 3212 753 consuetudinem
3254 689 3485 744 habuis-

1901 781 2004 865 set,
2072 818 2171 872 par
2227 809 2367 863 erat,
2432 804 2490 850 ut
2542 793 2779 863 Spiritus
2843 801 3064 859 quoque
3127 781 3489 853 corporaliter

1900 902 2214 966 appareret,
2247 886 2712 963 quemadmodum
2751 884 2912 937 etiam
2943 877 3219 949 apparuit,
3249 875 3486 946 primum

1908 988 1963 1043 in
1994 986 2167 1061 forma
2226 983 2515 1042 columbas,
2568 991 2715 1032 nunc
2760 983 2945 1029 autem
2981 973 3032 1025 in
3068 970 3245 1024 forma
3275 967 3488 1036 lingua-

1899 1089 2022 1130 rum
2054 1057 2357 1144 ignearum.
2390 1070 2453 1124 Et
2490 1082 2614 1121 cum
2644 1064 2901 1120 Christus
2926 1061 2995 1115 ab
3029 1063 3098 1115 iis
3129 1075 3250 1129 quae
3296 1057 3490 1111 buma-

1902 1166 2059 1223 nitati
2114 1173 2408 1231 assumpta:
2461 1158 2882 1217 conveniebant,
2946 1162 3071 1221 post.
3126 1148 3488 1206 resurrectio-

1902 1274 2050 1320 nem,
2088 1255 2239 1309 adea
2272 1267 2395 1323 quae
2424 1252 2534 1305 Deo
2569 1247 2992 1323 conveniebant,
3028 1256 3285 1297 reversus
3318 1248 3488 1297 esset.

1901 1364 2126 1421 sineque
2192 1346 2423 1419 gloriae,
2486 1358 2652 1413 quam
2722 1320 2849 1396 ante
2923 1347 3238 1406 susceptum
3294 1333 3490 1388 salutis

1908 1450 2114 1498 nostra:
2149 1437 2423 1511 negotium
2453 1433 2710 1497 habebat,
2743 1430 3036 1486 restitutus
3066 1436 3212 1481 esset
3252 1427 3399 1492 (nam
3423 1438 3486 1476 ea

1901 1536 1953 1591 in
2005 1535 2167 1589 breve
2212 1541 2426 1599 tempus
2479 1534 2701 1597 propter
2747 1537 2848 1577 nos
2895 1519 3213 1575 exinanitus
3258 1516 3479 1578 fuerat;

1901 1629 2115 1686 dicebat
2165 1627 2361 1681 enim:
2411 1621 2669 1689 Ciariﬁca
2713 1633 2816 1680 me,
2857 1615 3040 1674 Pater,
3103 1610 3245 1680 apud
3300 1618 3490 1661 temet-

1906 1724 2079 1793 ipsum
2110 1718 2379 1778 claritate,
2411 1728 2568 1783 qttaut
2601 1709 2855 1763 [rubebant
2889 1705 3030 1771 apud
3079 1714 3146 1765 te,
3176 1702 3487 1771 priusquam

1839 1786 1884 1842 Β
1912 1786 2137 1867 mundus
2188 1807 2383 1872 esset’)
2416 1821 2431 1858 :
2468 1803 2740 1880 8μίι·ἰιιιιη⁶
2762 1799 2826 1852 ad
2874 1812 2973 1851 nos
3030 1804 3154 1865 post
3209 1790 3486 1845 Christum

1905 1903 2239 1959 descendere
2268 1896 2578 1961 Oportebat.
2635 1891 2791 1959 Quod
2825 1890 2871 1944 si
2924 1886 3169 1940 audit-ris
3203 1883 3485 1938 Christum

1902 1998 1957 2051 in
2004 1991 2298 2063 Evangelia
2348 1990 2624 2043 dicentem
2658 2003 2671 2039 :
2702 1984 2834 2038 Cum
2889 1979 3085 2035 venerit
3149 1973 3486 2032 Paracletus,

1902 2104 2055 2159 quem
2113 2101 2205 2154 ego
2266 2084 2474 2137 mittam
2498 2079 2578 2142 ¹⁶,
2643 2088 2805 2144 atque
2859 2072 3038 2128 illud:
3084 2068 3221 2123 Nisi
3269 2065 3484 2123 abiero.

1908 2179 2222 2235 Paraclctus
2262 2191 2368 2229 non
2408 2173 2575 2227 reuiet
2615 2168 2685 2223 ad
2725 2184 2813 2222 vos
2836 2166 2904 2230 υ,
2934 2164 3006 2218 ita
3055 2161 3150 2215 tibi
3182 2160 3303 2241 .hoe
3344 2154 3488 2209 arci-

1902 2272 2159 2344 piendum
2191 2279 2294 2329 est.
2334 2274 2393 2320 ttt
2435 2263 2624 2320 venire
2659 2260 2880 2330 quidem
2932 2252 3191 2324 Spiritum
3237 2255 3484 2300 sanctum

1904 2336 2173 2431 intelligas
2214 2357 2492 2419 heriliter,
2533 2361 2695 2420 atque
2742 2356 2800 2402 ut
2839 2344 3130 2400 Dominum
3173 2336 3359 2392 :mitti
3392 2348 3489 2386 auo

1905 2463 2013 2508 tem
2067 2425 2215 2505 certe
2258 2446 2490 2501 consilio
2556 2457 2621 2496 ac
2673 2434 3107 2508 dispensatione,
3157 2438 3211 2484 et
3270 2437 3330 2480 ut
3378 2425 3488 2478 Deo

1904 2545 2131 2600 minime
2162 2539 2564 2594 adversantem.
2621 2532 2712 2586 lite
2744 2527 3015 2597 siquidem
3049 2514 3231 2582 voces,
3268 2516 3491 2585 πέμπει

1906 2635 2033 2689 σθαι
2085 2641 2138 2687 et
2185 2623 2635 2687 ἀποστέλλεσθαι,
2687 2621 2739 2676 id
2801 2625 2906 2685 est,
2951 2614 3115 2678 mitti,
3162 2625 3226 2664 ac
3279 2618 3488 2662 cratera:

1904 2722 2199 2796 ejusmodi,
2255 2730 2602 2787 nequaquam
2662 2710 2889 2767 oumino
2935 2713 3164 2759 naturas
3211 2699 3484 2760 dividunt,

1905 2812 2364 2887 quemadmodum
2415 2809 2714 2878 opinantur
2765 2798 3009 2856 haeretici
3059 2807 3299 2850 :verum
3355 2804 3491 2844 cou-

1903 2884 2145 2962 eordiam
2190 2902 2505 2963 ostendunt,
2561 2907 2621 2952 ut
2667 2896 2713 2949 si
2762 2894 2888 2962 quis
2918 2891 3110 2944 dicat:
3156 2884 3354 2938 Missus
3404 2889 3489 2935 est

1906 2997 2119 3053 amicus
2154 2996 2223 3050 al)
2271 2997 2474 3055 amico,
2505 3000 2599 3043 aut
2646 2985 2845 3040 littera:
2887 2981 2955 3035 ab
2992 2992 3059 3032 eo
3086 2979 3179 3046 qui
3234 2972 3488 3041 scripsit,

1906 3099 2001 3143 aut
2051 3087 2187 3158 lapis
2242 3085 2311 3140 ab
2372 3099 2436 3137 eo
2504 3079 2597 3149 qui
2648 3075 2889 3146 proiicit.
2953 3068 3323 3135 Quamobrem
3378 3077 3486 3115 non

1904 3155 2123 3248 semper
2173 3186 2405 3230 naturas
2455 3167 2789 3225 distrahunt,
2847 3162 2941 3217 sed
2996 3158 3273 3213 interdum
3322 3155 3487 3207 etiam

1905 3267 2258 3324 concordiam
2315 3272 2464 3318 certo
2519 3255 2867 3317 conﬁrmant,
2915 3258 3079 3317 atque
3132 3259 3286 3311 aeque
3340 3256 3489 3295 nunc

1906 3362 2030 3419 hoc.
2061 3370 2208 3412 nunc
2240 3352 2373 3407 iilttd
2421 3347 2682 3402 etiiciunt.
2739 3339 3001 3402 Proinde,
3050 3334 3195 3404 quod
3246 3331 3489 3400 Spiritus

1904 3446 2046 3503 mitti
2093 3444 2316 3506 dicitur,
2372 3435 2725 3494 concordiam
2760 3428 2934 3498 ipsius
2988 3441 3112 3480 eum
3161 3438 3253 3487 eo,
3303 3436 3335 3474 a
3377 3432 3489 3488 quo

1908 3526 2109 3593 missus
2145 3545 2251 3598 est,
2278 3531 2509 3594 indicat,
2538 3539 2646 3580 non
2678 3531 2859 3577 autem
2886 3514 3139 3572 servilem
3172 3510 3404 3582 gradum
3432 3515 3491 3562 et

1910 3627 2301 3697 suhjeetionem
2346 3621 2482 3683 (³54).

1978 3721 2102 3775 Col.
2153 3716 2259 3771 445
2304 3713 2369 3768 D.
2432 3708 2643 3763 Idcirco
2672 3712 2793 3775 post
2838 3701 3111 3755 Christum
3150 3709 3304 3765 quem
3338 3704 3490 3743 acce—

1909 3814 2009 3878 dit,
2046 3819 2154 3865 etc.
2182 3809 2417 3863 Causam
2454 3801 2690 3868 explicat
2725 3794 3061 3860 Theologus,
3093 3802 3265 3858 quare
3321 3780 3492 3853 Spiri-

1910 3877 2004 3960 tus
2032 3909 2155 3973 post
2181 3897 2386 3955 ChriSti
2418 3886 2711 3949 ascensum
2743 3883 3124 3946 descenderit;
3164 3889 3329 3947 atque
3362 3877 3439 3931 ait
3470 3890 3489 3930 :

1911 3999 1985 4052 Ne
2019 3968 2338 4049 ﬁaracletus
2370 3988 2527 4043 nobis
2566 3985 2726 4038 desit.
2776 3980 2908 4033 Nam
2934 3976 3101 4029 etiam
3133 3971 3385 4025 Christus
3431 3968 3488 4025 in

1910 4090 2087 4160 prima
2145 4082 2374 4138 Joannis
2440 4076 2679 4145 Epistula
2731 4068 3036 4141 peracutus
3125 4062 3378 4116 dicitur:
3429 4059 3491 4115 Si

1909 4150 2049 4250 quis,
2085 4176 2281 4244 inquit,
2312 4166 2625 4239 peccaverit,
2650 4158 2984 4230 paracletum
3045 4154 3295 4243 habemus
3346 4150 3489 4218 apud

1914 4242 2132 4326 i‘atrem
2163 4242 2351 4320 desum
2400 4258 2668 4312 Christum
2690 4255 2900 4323 justum
2925 4248 2991 4301 “.
3032 4242 3282 4326 Abeunte
3326 4242 3492 4312 igitur

1913 4362 2134 4417 Christo
2197 4354 2521 4428 paracieto,
2604 4320 2945 4403 Paracletum
3010 4320 3204 4394 ruisus
3265 4336 3333 4391 ad
3391 4348 3492 4389 nos

231 4466 312 4519 ob
340 4465 568 4533 aptiorls
595 4433 1187 4533 dictionis-penuriam:
1216 4458 1400 4529 Neque
1435 4433 1580 4512 enim
1618 4471 1805 4512 essen-
1842 4460 1882 4517 ι)
1912 4452 2174 4509 accedere
2218 4445 2602 4505 conveniebat,
2660 4450 2855 4505 nempe
2901 4433 3167 4503 Spiritum
3213 4437 3488 4481 sanctum.

235 4556 442 4611 tiaiitcr
488 4574 611 4612 cum
663 4557 803 4612 Filio
863 4555 1098 4635 Spiritus
1153 4560 1376 4607 sanctus
1434 4549 1486 4602 in
1540 4548 1802 4628 apostolis

237 4647 509 4702 habitavit
564 4665 581 4709 ;
640 4662 829 4703 verum
889 4661 986 4715 per
1041 4644 1280 4699 divinam
1359 4638 1809 4693 inhabitatiouem

234 4755 536 4808 igneasque
566 4740 796 4810 linguas,
829 4748 991 4808 atque
1029 4736 1267 4791 adlatum
1311 4733 1485 4795 illum,
1520 4748 1618 4803 per
1652 4742 1811 4800 qut-nt

313 4920 335 4951 "
361 4921 550 4975 Matth.
583 4938 635 4988 κ,
670 4922 720 4975 i.
797 4921 818 4955 ⁸
841 4914 999 4972 Joan.
1036 4932 1131 4978 xx,
1163 4917 1256 4972 22.
1333 4918 1354 4949 ’
1381 4914 1544 4970 Joan.
1579 4928 1711 4979 xvtt,
1745 4912 1798 4966 5.

237 4998 285 5031 ⁸³
314 4993 473 5049 Joau.
513 5008 627 5054 im,
664 4991 753 5046 16.

317 5180 431 5249 (34a
472 5179 618 5249 Tunc
649 5176 879 5247 quidem.
921 5169 1036 5226 Hoc
1065 5179 1169 5249 est,
1199 5173 1254 5224 in
1288 5168 1480 5249 ademi
1532 5165 1814 5221 creatione

240 5239 547 5309 insttﬂlatio
579 5239 721 5302 facta
766 5253 852 5300 est
880 5257 1004 5297 cum
1051 5242 1257 5301 anima,
1292 5239 1343 5293 id
1372 5249 1475 5301 est,
1508 5251 1814 5305 cooperans

243 5321 467 5380 animae.
512 5335 622 5374 non
650 5316 800 5386 quod
814 5314 970 5386 idem
993 5326 1125 5386 cum
1172 5311 1350 5386 anima
1377 5316 1567 5386 esset_:
1603 5313 1818 5386 at_post

244 5374 709 5447 resurrectionem
772 5383 1056 5452 discipulis
1111 5381 1162 5433 in
1230 5380 1466 5452 animam
1522 5374 1817 5432 iusuillatio

248 5464 381 5516 data
432 5469 548 5520 est,
604 5458 710 5511 hoc
768 5465 884 5514 est,
918 5450 1247 5504 viventibus
1285 5450 1470 5520 ipsis,
1529 5462 1639 5520 una
1662 5460 1819 5520 _eutn

251 5514 779 5600 potestate'ligandi
839 5533 892 5577 et
957 5520 1220 5600 soivrndi.
1284 5514 1467 5600 itaque
1527 5514 1821 5600 insnﬂiatio

255 5584 386 5653 cum
418 5584 799 5657 auimafsicut
830 5602 955 5647 ante
982 5591 1183 5644 dictum
1210 5595 1315 5651 est,
1361 5584 1479 5641 haec
1511 5587 1621 5639 duo
1652 5584 1822 5657 signi-

257 5671 406 5730 licat,
437 5654 626 5733 nempe
655 5663 798 5733 quod
828 5676 935 5715 non
970 5671 1026 5713 ut
1056 5676 1083 5711 a
1115 5667 1258 5710 terra
1291 5670 1491 5733 corpus
1527 5654 1763 5733 hominis
1789 5670 1819 5706 a

256 5741 372 5794 Deo
394 5724 686 5803 'acccp'tuni
712 5745 873 5802 atque
905 5741 1144 5787 creatum
1175 5738 1277 5790 cst,
1316 5725 1395 5780 sic
1426 5725 1588 5781 etiam
1615 5724 1819 5789 anima,

1879 4911 1922 4943 ¹⁰
1948 4909 2108 4966 Joan.
2139 4923 2259 4971 nr,
2281 4906 2374 4961 26.

1915 4545 2058 4613 Quin
2114 4543 2230 4610 ipse
2296 4551 2514 4609 quoque
2572 4531 2837 4586 Dominus
2893 4523 3037 4592 apud
3092 4519 3361 4575 Joannem
3419 4516 3492 4569 ita

1921 4608 2167 4705 loquitur
2189 4647 2203 4683 :
2228 4608 2339 4698 Ego
2366 4624 2561 4696 rogabo
2596 4620 2836 4677 Patrem.
2869 4623 2917 4669 et
2944 4612 3112 4667 alium
3145 4608 3493 4663 Paractetam

1921 4698 2069 4782 dabit
2114 4724 2255 4780 vobis
2283 4720 2357 4787 ⁸⁸,
2400 4720 2454 4773 id
2494 4728 2599 4784 est,
2627 4715 2793 4770 alium
2834 4708 2967 4764 mihi
3018 4703 3306 4774 aqualem.
3341 4698 3493 4766 Quo-

2453 4905 2494 4937 ¹¹
2523 4900 2682 4956 Joan.
2718 4913 2830 4959 ιιι,
2868 4895 2954 4950 Η.
3032 4890 3118 4946 ιιι
3151 4886 3310 4944 Joan.
3346 4896 3406 4950 It,
3436 4882 3495 4937 2.

1920 5176 2111 5217 verum
2179 5174 2244 5214 ex
2302 5155 2475 5212 nihilo
2528 5153 2598 5208 ab
2658 5165 2726 5207 eo
2778 5146 3045 5218 producta
3093 5160 3109 5198 :
3159 5151 3274 5197 tum
3331 5139 3495 5195 etiam

1924 5231 2269 5302 iigandorum
2319 5235 2485 5302 atque
2524 5219 3304 5302 solvendorum"peccatorum
3338 5218 3493 5302 pote:

1925 5281 2455 5358 ἕέίὲέιῖίῖέὶυηάή,
2511 5307 2675 5362 quam
2726 5281 3042 5362 apostoli-tt
3094 5281 3497 5362 Domitio-post

1925 5350 2388 5426 resurrectionem
2415 5350 2777 5431 acceperunt;
2794 5360 2870 5431 _Ac
2894 5358 3053 5431 tertio
3073 5353 3241 5431 etiam
3265 5350 3495 5431 indicat,

1931 5421 2246 5509 quodnon
2291 5436 2487 5509 minus
2523 5421 2705 5509 fac_iie_
2724 5429 2905 5481 anima
2943 5422 3183 5509 hominis
3229 5421 3495 5509 prodit'cta

1929 5486 2237 5578 esi—quant
2264 5486 2411 5559 velut
2445 5503 2490 5558 si
2525 5501 2648 5570 quis
2670 5495 3130 5578 ilatum‘emittere
3157 5486 3339 5578 quea-1.
3368 5486 3496 5543 Haec

1931 5561 2059 5648 quia
2075 5561 2290 5631 1Niccttc
2324 5561 2723 5648 commentario
2747 5568 2801 5621 in
2835 5565 3048 5646 Reginae
3079 5561 3495 5648 COleCllelllcrtl

1930 5630 2322 5718 Eli-perturbate
2349 5644 2752 5718 insertaerant,
2779 5652 2879 5692 nec
2905 5630 2957 5690 in
2986 5641 3173 5688 nostro
3200 5630 3491 5690 habentur,

1929 5712 2035 5774 huc
2066 5716 2361 5787 rejicicuda
2392 5712 2720 5784 ptttatimus.
