4050 6198
596 290 732 358 ii'll

1992 284 2370 349 ADDENDA.

3681 288 3837 353 14τῖ

593 407 740 460 circa
792 400 908 457 haec
953 398 1138 464 dictio,
1187 397 1360 462 Alius,
1415 397 1763 467 mqualitatis,
1823 412 1928 453 non
1978 406 2157 452 autem
2187 403 2232 461 Λ
2263 401 2450 472 gratiae
2481 417 2652 473 genus
2674 396 2744 460 ¹⁹.’
2761 402 3082 476 Quanquam
3111 403 3252 460 enim
3280 403 3517 475 Spiritus
3546 404 3667 476 ipse
3700 408 3837 463 sim-

596 492 995 551 imminutionis
1050 505 1215 546 causa
1265 489 1441 560 posita
1493 497 1609 553 est,
1669 504 1733 544 ac
1772 503 1868 558 per
1891 503 2010 544 eam
2057 490 2158 543 do-

595 583 909 640 minationis
943 581 1307 642 consortium,
1338 596 1445 634 non
1479 587 1823 649 contemptus
1864 578 2155 634 indicatur;

595 674 719 730 Haec
774 674 918 729 enim
978 687 1106 738 vox,
1165 672 1344 736 Alius,
1400 671 1470 725 ita
1529 670 1875 739 intelligenda
1930 678 2034 736 est,
2096 678 2157 725 ut

592 766 761 822 alium
819 765 952 819 mihi
1018 763 1280 834 aequalem
1340 761 1628 830 signiﬁcet.
1686 760 1896 815 Etenim
1956 760 2010 816 in
2064 760 2152 826 iis,

590 872 713 926 qua:
767 856 1015 926 ejusdem
1074 862 1285 908 naturae
1336 861 1491 917 sunt,
1547 852 1712 906 alium
1773 861 1937 922 atque
1987 851 2152 906 alium

588 948 847 1010 dicimus,
881 946 1028 1001 velut
1075 945 1218 1001 alius
1264 944 1482 1011 Petrus,
1524 953 1579 998 et
1615 943 1759 998 alius
1807 941 2058 999 Paulus:
2099 952 2155 997 at

587 1054 713 1096 cum
749 1039 816 1094 de
863 1038 932 1093 iis
962 1053 1084 1107 quae
1135 1038 1347 1108 diversa
1393 1046 1587 1091 natura
1635 1043 1784 1099 sunt,
1833 1048 2019 1089 sermo
2060 1035 2155 1088 ha-

590 1136 774 1192 betur,
828 1130 977 1186 aliud
1022 1138 1186 1199 atque
1227 1128 1373 1183 aliud
1414 1125 1687 1189 dicimus,
1730 1132 1830 1190 ut,
1879 1123 2025 1179 aliud
2069 1134 2154 1179 est

588 1225 710 1290 bos,
751 1233 805 1278 et
854 1222 1001 1277 aliud
1058 1236 1259 1291 equus.
1331 1217 1598 1285 Quoniam
1654 1227 1838 1272 autem
1894 1217 1950 1271 in
2003 1217 2153 1272 Actis

589 1315 960 1385 apostolorum
1010 1312 1240 1366 habetur
1263 1310 1329 1376 “,
1386 1309 1535 1378 quod
1586 1323 1710 1362 cum
1767 1307 1819 1361 in
1866 1307 2153 1362 cmnaculo

588 1406 881 1469 sederent,
942 1409 1313 1473 apparuerunt
1384 1400 1520 1469 ipsis
1584 1398 1884 1467 dispertita:
1955 1397 2153 1467 linguae

587 1494 746 1563 quasi
778 1495 941 1563 ignis,
989 1492 1236 1560 seditque
1279 1504 1443 1557 super
1499 1488 1728 1559 singulis
1775 1503 1988 1553 eorum,
2040 1491 2154 1543 hanc

588 1598 805 1652 quoque
825 1580 1154 1650 diSpicienda
1182 1587 1324 1633 sunt.
1355 1581 1431 1632 Ac
1457 1578 1691 1647 primum
1715 1593 1812 1632 cur
1834 1578 1886 1631 in
1912 1577 2153 1648 linguis?

2263 491 2384 561 plex
2406 501 2491 549 est
2547 504 2604 549 et
2645 495 2892 565 partibus
2949 510 3162 556 carens,
3220 503 3386 565 atque
3442 495 3835 551 indivisihilis:

2259 581 2433 652 ipsius
2467 594 2646 639 tamen
2685 584 2871 655 gratiae
2926 584 3262 650 dividuntur,
3309 585 3403 640 ac'
3425 600 3525 654 pro
3567 585 3839 655 cujusque

2258 673 2454 727 merito
2481 683 2535 728 et
2565 673 2824 742 dignitate
2856 674 3273 730 distribuuntur.
3305 674 3478 742 Quam
3521 685 3718 730 autem
3773 677 3840 729 ob

2257 779 2478 819 causam
2510 766 2760 821 sedentes
2786 765 2983 836 lingua:
3010 782 3173 836 super
3202 768 3477 836 apostolos
3503 770 3638 826 visa:
3670 776 3839 828 sunt?

2256 855 2523 923 Quoniam
2548 857 2727 926 regius
2759 857 2984 911 thronus
3013 857 3114 928 ipsi
3145 857 3267 913 facti
3300 868 3429 913 sunt
3456 862 3603 929 regis
3635 874 3697 916 et
3721 863 3838 925 Dei,

2258 945 2362 1000 hoc
2397 955 2506 1011 est,
2535 943 2775 1015 Spiritus
2804 947 2997 1008 sancti,
3035 962 3098 1002 ac
3120 950 3385 1016 requievit
3408 966 3576 1020 super
3596 967 3699 1007 eos
3738 954 3841 1008 Pa-

2254 1038 2505 1092 raclctus.
2535 1035 2624 1092 Sic
2648 1036 2790 1091 enim
2842 1037 3080 1105 loquitur
3116 1037 3277 1092 David
3313 1056 3328 1092 :
3365 1039 3471 1106 Qui
3490 1042 3645 1094 sedes
3685 1058 3843 1110 super

2253 1127 2557 1195 Cherubim,
2587 1126 3011 1197 manifestare".
3044 1129 3112 1182 Et
3136 1144 3370 1186 rursus:
3401 1131 3660 1185 Ascendit
3688 1149 3843 1199 super

2252 1220 2553 1284 Cherubim,
2608 1231 2654 1275 et
2721 1220 2917 1274 volavit
2963 1220 3031 1274 ".
3095 1219 3160 1274 Et
3220 1219 3469 1276 Ezechiel
3517 1218 3842 1291 huiusmodi

2251 1312 2545 1381 quamdam
2595 1311 2859 1366 visionem
2910 1311 3121 1379 habuit,
3170 1328 3367 1383 nempe
3407 1313 3748 1379 Cherubim,
3792 1322 3845 1370 et

2251 1404 2664 1461 similitudinem
2693 1404 3040 1470 thronorum,
3072 1413 3127 1460 et
3158 1419 3323 1476 supra
3345 1421 3468 1461 eum
3513 1407 3843 1461 similitudi-

2252 1509 2372 1549 nem
2418 1493 2572 1564 quasi
2607 1491 2796 1549 formae
2822 1493 3080 1550 hominis.
3137 1496 3212 1550 Ac
3260 1504 3519 1564 praeterea
3549 1496 3637 1552 his
3654 1497 3855 1552 verbis

2250 1588 2424 1642 utitur
2453 1608 2466 1643 :
2499 1586 2727 1658 Egressa
2743 1598 2816 1641 est
2841 1589 3014 1658 gloria
3050 1588 3272 1643 Domini
3303 1591 3368 1642 ab
3398 1590 3584 1660 aprico
3618 1592 3853 1655 domus,

589 1676 759 1743 Cujus
788 1674 862 1728 rei
898 1673 1130 1727 fortasse
1161 1671 1275 1724 haec
1312 1678 1395 1726 est
1426 1669 1589 1736 ratio,
1620 1670 1748 1739 quia
1796 1672 1942 1725 sicut
1969 1670 2150 1741 lingua
2250 1688 2299 1733 ει
2334 1680 2566 1733 ascendit
2585 1694 2743 1747 super
2768 1679 3049 1734 Cherubin.
3071 1682 3138 1735 ιι,
3171 1680 3327 1747 Quod
3354 1682 3398 1736 si
3422 1682 3509 1736 cui
3539 1683 3849 1747 curiosior.

587 1766 865 1835 proprium
901 1771 986 1819 est
1024 1762 1294 1817 sermonis
1347 1776 1609 1830 organum
1642 1777 1656 1815 ε
1691 1762 1765 1815 ila
1810 1761 1974 1815 etiam
2021 1776 2153 1830 apo-
2187 1752 2231 1809 Β
2256 1785 2418 1837 quam
2455 1785 2550 1840 par
2590 1770 2683 1834 sit,
2723 1786 2831 1826 non
2854 1771 3061 1838 videor,
3091 1780 3150 1826 ut
3179 1774 3274 1843 qui
3304 1772 3563 1828 omnibus
3593 1773 3739 1828 locis
3767 1776 3849 1828 sl-

588 1857 713 1913 stoli
773 1856 840 1911 ad
906 1855 1185 1925 Evangelii
1243 1855 1469 1908 verbum
1530 1852 1641 1922 apti
1696 1862 1752 1906 et
1806 1853 2152 1908 accommodi
2256 1859 2517 1928 lcgoriam
2554 1868 2791 1928 captem,
2823 1860 2926 1914 hoc
2959 1874 3178 1930 quoque
3219 1862 3517 1920 excutiam.
3558 1861 3745 1927 Quam
3774 1863 3851 1917 ob

588 1957 746 2003 crant
769 1988 785 2015 ,
834 1964 942 2003 non
983 1963 1140 2003 secus
1187 1957 1349 2016 atque
1381 1961 1586 2016 organa
1612 1986 1626 2012 ,
1672 1947 1849 2016 ipsum
1898 1962 2158 2002 resonan—
2255 1965 2500 2013 causam,
2538 1965 2664 2004 cum
2693 1950 2922 2020 apostoli
2957 1950 3010 2004 in
3039 1951 3324 2006 caenaculo
3351 1960 3559 2015 essent,
3602 1951 3853 2022 Spiritus

588 2051 670 2095 tes
720 2058 735 2095 :
783 2054 849 2095 ac
907 2055 1002 2109 per
1050 2038 1307 2109 linguas,
1378 2041 1735 2107 congruentia
1796 2053 1984 2095 eorum
2017 2078 2033 2103 ,
2102 2048 2156 2094 et
2255 2044 2323 2095 ad
2356 2056 2449 2097 eos
2498 2042 2748 2098 accessit.
2795 2041 3052 2098 Fortasse
3104 2052 3165 2098 ut
3203 2044 3550 2114 perspicuum
3592 2044 3710 2109 list,
3747 2060 3843 2100 eos

585 2131 832 2201 aptitudo
917 2131 985 2186 ad
1081 2130 1405 2185 Christianae
1464 2130 1726 2184 doctrinm
1814 2129 2159 2200 praedicatio-
2255 2132 2675 2202 quispiritualia
2701 2133 2843 2187 dona
2869 2133 3144 2203 accepturi
3168 2141 3317 2199 sunt,
3349 2149 3517 2204 supra
3544 2149 3636 2189 res
3664 2145 3839 2190 terre-

586 2239 707 2279 nent
762 2221 1193 2292 signiﬁcabatur.
1222 2224 1351 2288 Aut,
1414 2223 1461 2278 si
1529 2224 1701 2293 magis
1752 2224 2000 2291 arridet,
2058 2240 2155 2295 per
2256 2239 2353 2278 nas
2373 2223 2545 2278 attolli
2604 2223 2803 2279 debere
2855 2240 2874 2280 :
2920 2224 3358 2295 quandoquidem
3405 2227 3574 2279 etiam
3639 2226 3842 2280 divinis

588 2310 824 2366 Verbum
877 2312 983 2365 hoc
1027 2310 1149 2367 loco
1181 2309 1460 2365 Christum
1492 2310 1756 2381 intellige.
1810 2310 1999 2379 itaque
2027 2326 2152 2365 cum
2256 2318 2413 2387 aquis
2443 2316 2724 2397 caenacula
2756 2316 3005 2387 quaedam
3030 2326 3305 2388 teguntur.
3328 2319 3419 2373 Ait
3446 2320 3595 2374 enim
3632 2319 3838 2374 David:

586 2402 901 2472 huiusmodi
948 2402 1125 2457 Verbo
1181 2400 1419 2472 Spiritus
1479 2410 1709 2457 sanctus
1738 2439 1754 2466 ,
1811 2402 2040 2471 perinde
2087 2416 2155 2457 ac
2258 2406 2362 2473 Qui
2393 2408 2521 2477 tegis
2560 2408 2711 2477 aquis
2738 2408 3011 2462 ctenacula
3036 2408 3150 2478 ejus
3167 2410 3231 2463 ⁸⁸.
3274 2407 3395 2474 Quo
3427 2409 3550 2464 loco
3580 2425 3681 2480 per
3727 2426 3841 2465 cce-

585 2496 767 2564 lingua
834 2493 1122 2563 quadam,
1203 2493 1587 2564 cognationem
1662 2493 2152 2548 necessitudinem-
2259 2499 2751 2563 uacula,homines
2799 2500 3020 2555 sublimi
3050 2510 3103 2555 et
3128 2501 3342 2555 excelsa
3381 2514 3563 2557 meme
3628 2503 3838 2570 υτωάἰιί

584 2604 690 2653 que
742 2587 925 2642 habet.
984 2587 1159 2639 Tanta
1208 2594 1294 2641 est
1339 2587 1484 2640 enim
1525 2584 1763 2655 Spiritus
1813 2586 1988 2642 sancti
2029 2600 2155 2640 cum
2259 2590 2558 2661 significari
2588 2593 2848 2660 possint:
2884 2606 2981 2662 per
3012 2607 3183 2662 aquas
3216 2602 3396 2648 autem
3446 2609 3539 2649 eos
3567 2605 3841 2665 tegentes,

582 2680 804 2735 Christo
856 2680 1217 2749 conjunctio,
1269 2689 1328 2735 ut
1390 2678 1592 2734 Christi
1648 2694 1868 2749 quoque
1921 2678 2159 2748 Spiritus
2257 2680 2515 2753 angelicae
2568 2690 2889 2751 potestates.
2935 2681 3038 2738 Per
3071 2698 3208 2752 quas
3248 2699 3418 2756 aquas
3448 2685 3591 2742 Deus
3619 2703 3851 2757 quoque

582 2773 832 2826 dicatur:
864 2770 923 2825 Si
951 2773 1067 2840 quis
1111 2771 1284 2836 enim,
1320 2770 1519 2839 inquit,
1554 2767 1814 2838 Spiritum
1846 2784 1949 2824 non
1976 2767 2154 2832 habet,

2260 2776 2509 2831 laudibus
2558 2775 2909 2833 celebratur:
2978 2776 3221 2832 Laudate
3253 2762 3585 2846 enim'eum,
3640 2782 3845 2853 inquit,

584 2864 669 2913 hic
702 2878 807 2915 non
845 2872 924 2916 est
971 2864 1086 2931 ejus
1108 2863 1174 2914 ".
1216 2861 1329 2915 Cur
1377 2871 1558 2915 autem
1603 2861 1656 2914 in
1710 2860 1883 2930 igneis
1916 2860 2160 2929 linguis?
2258 2865 2375 2919 cwli
2397 2866 2667 2932 calorum,
2692 2874 2742 2920 et
2775 2883 2926 2937 aquae
2960 2884 3078 2939 quae
3103 2884 3260 2938 super
3284 2868 3437 2924 ctelos
3479 2881 3606 2925 sunt
3632 2872 3702 2928 “.
3745 2875 3852 2927 At-

584 2954 839 3009 Fortasse
861 2955 984 3019 quia
1016 2951 1253 3019 Spiritus
1285 2952 1552 3021 purgandi
1577 2952 1682 3004 vim
1734 2961 1789 3007 et
1844 2951 2156 3006 facultatem
2258 2971 2365 3026 que
2399 2958 2513 3025 ipse
2530 2958 2695 3013 etiam
2729 2957 2981 3014 Christus
3004 2958 3060 3013 in
3095 2961 3374 3016 ctenaculo
3398 2961 3684 3032 mysticam
3715 2977 3854 3018 cus.

588 3046 769 3107 habet,
802 3044 943 3097 Vt‘lul
999 3042 1139 3112 ignis
1193 3041 1301 3106 ille,
1359 3041 1428 3095 de
1473 3056 1583 3110 quo
1631 3041 1883 3098 Christus
1938 3043 2154 3098 aiebat":
2182 3079 2227 3143 ϐ
2264 3060 2388 3099 nam
2414 3045 2699 3115 discipulis
2733 3046 2992 3115 impertit,
3017 3062 3140 3104 cum
3190 3049 3300 3119 jam
3342 3048 3722 3105 divinioribns
3786 3068 3853 3107 ac

585 3134 770 3203 Ignem
799 3135 913 3188 ueni
965 3135 1172 3188 mittere
1229 3134 1285 3187 in
1314 3142 1508 3187 terram
1532 3134 1595 3188 ¹⁶.
1630 3132 1729 3189 Hic
1758 3142 1938 3189 autem
1995 3136 2159 3191 absu-

587 3228 797 3283 menda:
827 3228 1093 3291 materiae,
1126 3225 1446 3295 vitioseque
1484 3225 1719 3281 actionis
1746 3235 1800 3280 et
1826 3226 2165 3283 habitudinis

587 3324 894 3378 facultatem
923 3321 1105 3384 habet,
1136 3334 1297 3389 quem
1322 3320 1484 3373 etiam
1508 3317 1910 3388 quamprimum
1935 3319 2158 3375 accendi

584 3415 757 3485 cupit,
805 3414 911 3468 hoc
958 3419 1063 3477 est,
1117 3410 1483 3482 evangelicam
1537 3409 2006 3480 praedicationem,
2038 3425 2160 3479 qua:

586 3508 728 3574 ignis
746 3507 920 3559 instar
946 3503 1282 3558 credentium
1310 3510 1530 3573 peccata
1563 3509 1756 3572 purgat
1783 3509 1945 3571 atque
1961 3500 2156 3557 abolet.

585 3596 844 3654 Fortasse
872 3597 1037 3652 etiam
1086 3604 1305 3666 propter
1341 3595 1661 3651 essentiam.
1709 3593 1985 3663 Scriptum
2012 3593 2161 3650 enim

584 3692 814 3746 habetur
882 3692 937 3744 in
995 3688 1410 3745 Deuteronomio
1456 3706 1471 3743 :
1520 3686 1776 3742 Dominus
1843 3687 1982 3742 Deus
2039 3696 2160 3744 tuus

584 3783 720 3851 ignis
743 3797 1051 3836 consumens
1078 3791 1179 3847 est,
1201 3780 1335 3834 Deus
1352 3779 1632 3834 aemulator
1648 3779 1787 3833 ηδ’.
1815 3779 1961 3849 Ignis
1994 3778 2160 3850 igitur

584 3875 805 3928 nomine
838 3871 933 3927 Dei
964 3871 1259 3926 essentiam
1285 3870 1625 3938 intelligitur,
1672 3885 1781 3925 non
1830 3871 1975 3940 quod
2018 3870 2160 3940 ignis

586 3967 677 4030 sit,
714 3979 901 4019 verum
936 3962 1229 4033 allegorica
1260 3960 1494 4026 ratione,
1525 3960 1650 4030 quia
1682 3961 1730 4015 vi
1759 3976 1859 4017 sua
1883 3961 2161 4017 consumit

583 4066 748 4125 atque
785 4053 988 4117 abolet,
1025 4067 1089 4107 ac
1122 4051 1259 4105 mira
1289 4047 1626 4105 vehementia
1657 4048 1786 4115 agit.
1818 4047 1961 4104 Deus
1989 4048 2158 4113 enim,

584 4159 645 4202 ut
677 4146 840 4216 iustis
864 4145 954 4198 lus
984 4142 1183 4207 est,ita
1213 4139 1592 4210 peccatoribus
1622 4138 1782 4210 ignis.
1823 4136 2023 4194 Eodem
2059 4139 2160 4211 igi—

584 4250 675 4292 tur
737 4238 901 4291 modo
957 4235 1197 4303 Spiritus
1246 4248 1463 4303 quoque
1516 4233 1658 4303 ignis
1703 4230 2160 4300 dicitur,gutpote

587 4330 750 4391 Deus,
781 4328 847 4381 ad
874 4326 1305 4396 exprimendam,
1344 4326 1400 4379 ni
1447 4323 1630 4389 fallor,
1664 4324 1785 4394 ejus
1817 4338 1942 4378 cum
1996 4320 2159 4377 Patre

2259 3135 2674 3206 perfectioribus
2697 3136 3075 3194 imbuerentur
3098 3148 3263 3209 atque
3287 3140 3730 3196 institueremur.
3762 3141 3848 3207 Et,

2258 3236 2319 3284 ut
2333 3245 2440 3287 uno
2456 3231 2621 3286 verbo
2640 3231 2839 3296 dicam,
2861 3246 2957 3302 per
2985 3232 3133 3286 illum
3152 3231 3541 3303 discipulorum
3565 3234 3623 3288 in
3661 3248 3850 3288 umna-

2257 3324 2441 3378 culum
2488 3338 2775 3380 ascensum
2814 3325 2918 3379 hoc
2958 3324 3239 3389 docemur,
3275 3340 3497 3381 necesse
3531 3340 3685 3392 esse,
3719 3343 3848 3397 par-

2259 3416 2355 3470 tim
2394 3424 2455 3470 ut
2493 3414 2634 3471 Deus
2660 3417 2971 3481 descendat,
3020 3416 3278 3471 nimirum
3310 3431 3408 3487 per
3446 3418 3847 3488 benignitatem

2257 3506 2577 3577 fastigiique
2604 3506 2687 3561 sui
2709 3504 3166 3573 submissionem;
3198 3507 3397 3576 partim
3422 3516 3483 3561 ut
3515 3508 3620 3577 ipsi
3655 3523 3848 3563 ascen-

2259 3598 2472 3661 damus,
2533 3612 2631 3668 per
2699 3605 3042 3653 terrenarum
3109 3611 3293 3652 rerum
3357 3598 3853 3668 contemptionem,

2258 3687 2519 3759 permista
2548 3685 2810 3741 nimirum
2851 3685 3035 3741 divina
3087 3685 3444 3756 amplitudine
3473 3701 3603 3741 cum
3641 3688 3847 3743 vilitate

2258 3784 2445 3832 nostra
2475 3791 2491 3831 :
2526 3774 2985 3845 quemadmodum
3021 3776 3077 3831 in
3103 3775 3252 3833 Mose
3273 3791 3494 3846 quoque
3521 3785 3695 3831 antea
3725 3793 3849 3832 usu-

2258 3868 2429 3923 venit.
2458 3865 2595 3923 Nam
2631 3875 2687 3923 et
2733 3868 2851 3938 ipse
2896 3868 2952 3923 in
3005 3876 3240 3923 montem
3299 3867 3430 3922 Sina
3464 3870 3727 3924 ascendit
3757 3889 3774 3924 :
3800 3879 3848 3924 et

2259 3957 2404 4015 Deus
2448 3958 2727 4014 descendit
2758 3975 2774 4014 :
2824 3967 2986 4029 atque
3030 3958 3104 4014 ita
3136 3961 3472 4014 consortium
3505 3961 3717 4016 initum
3752 3973 3848 4026 e51,

2259 4065 2326 4108 ac
2371 4051 2701 4122 Decalogum
2740 4052 2969 4120 accepit.
3022 4049 3241 4120 Alioqui
3269 4051 3317 4106 si
3355 4050 3500 4106 Deus
3530 4051 3591 4107 in
3626 4051 3845 4124 fastigio

2259 4158 2361 4201 suo
2389 4151 2629 4210 maneat,
2649 4157 2716 4198 ac
2732 4157 2832 4200 nos
2854 4142 2907 4197 in
2933 4141 3239 4198 humilitate
3257 4152 3465 4207 nostra,
3497 4142 3596 4197 Dei
3630 4144 3851 4199 bonitas

2258 4236 2411 4290 nullo
2439 4234 2605 4290 modo
2637 4234 2797 4291 nobis
2821 4234 3043 4290 misceri
3072 4248 3139 4289 ac
3177 4235 3578 4290 communicari
3617 4238 3850 4304 poterit.

2258 4325 2448 4398 Neque
2489 4326 2641 4382 dives
2671 4327 2763 4382 ille
2787 4341 2818 4381 a
2844 4324 3077 4392 Lazaro,
3104 4335 3160 4381 et
3187 4326 3255 4382 ab
3282 4327 3593 4396 expetendo
3611 4330 3854 4382 Abl-aha

580 4429 634 4474 et
664 4417 803 4473 Filio
839 4417 1158 4471 substantiae
1183 4415 1565 4485 aequalitatem,
1618 4412 1992 4485 disrumpatur
2033 4414 2160 4469 licet
2188 4410 2235 4470 D
2259 4419 2406 4481 sinu,
2452 4426 2605 4475 tanto
2643 4418 2790 4474 hiatu
2845 4418 3132 4488 interiecto
3168 4418 3564 4482 dirimebatur,
3610 4430 3682 4474 ut
3730 4437 3853 4489 pro-

586 4512 893 4575 hatreticus,
914 4519 1076 4580 atque
1102 4508 1159 4563 in
1189 4516 1481 4579 angustum
1500 4514 1798 4575 prematur,
1821 4506 1950 4574 quia
1976 4505 2151 4575 Spiri—

585 4615 695 4657 tum
735 4611 984 4658 sanctum
1038 4599 1183 4654 Patri
1214 4610 1268 4655 et
1289 4599 1429 4655 Filio
1471 4598 1993 4654 consubstantialem
2033 4612 2153 4653 esse

582 4693 963 4750 concludimus
978 4698 1272 4761 aperteque
1300 4689 1617 4760 probamus.
1660 4686 1795 4742 Nam
1856 4703 1979 4743 cum
2011 4687 2155 4745 Deus

584 4786 728 4857 ignis
759 4786 851 4849 sit,
883 4784 1026 4854 ignis
1066 4790 1250 4837 autem
1276 4781 1510 4851 Spiritus
1535 4794 1754 4849 quoque
1788 4778 1880 4843 sit,
1905 4777 2155 4849 profecto

581 4895 706 4934 cum
726 4876 973 4948 ejusdem
992 4875 1067 4930 sit
1091 4872 1410 4929 substantiae
1435 4886 1559 4927 cum
1589 4870 1721 4935 Deo,
1750 4868 1920 4924 Deum
1938 4886 2154 4941 quoque

582 4972 760 5042 ipsum
795 4984 918 5025 esse
960 4965 1245 5037 perspicue
1302 4972 1536 5020 constat.
1584 4963 1696 5018 Cur
1739 4971 1920 5017 autem
1956 4962 2153 5032 linguae

580 5060 997 5118 dividebantur?
1017 5060 1154 5125 Quia
1184 5056 1413 5113 diversae
1430 5064 1484 5110 et
1508 5053 1837 5125 multiplices
1865 5062 1995 5110 sunt
2028 5053 2151 5125 Spi-

581 5154 723 5210 ritus
754 5152 962 5225 gratim.
993 5152 1170 5221 Atque
1195 5149 1289 5204 alii
1315 5148 1532 5219 quidem
1561 5149 1723 5201 datur
1774 5147 1999 5215 spiritus
2058 5162 2151 5201 sa-

583 5246 819 5316 pientiae,
840 5244 931 5299 alii
965 5252 1145 5299 autem
1171 5241 1397 5312 spiritus
1427 5239 1686 5299 scientiae.
1706 5237 1796 5291 alii
1821 5247 1998 5290 autem
2028 5252 2156 5305 pro-

583 5337 797 5405 phetiae,
840 5335 933 5391 alii
957 5348 1155 5406 genera
1178 5333 1508 5402 linguarum,
1548 5328 1639 5384 alii
1692 5326 1837 5381 aliud
1875 5327 2147 5383 auoddaut

2252 4520 2433 4565 creata
2456 4520 2642 4568 nostra
2671 4522 2887 4573 natura.
2919 4520 2973 4566 et
2996 4508 3223 4582 proinde
3240 4509 3643 4580 corruptibilis,
3672 4514 3748 4567 ab
3772 4515 3853 4566 in-

2252 4610 2436 4658 creata
2463 4611 2657 4657 natura
2685 4618 2750 4658 ac
2774 4611 3062 4672 propterea
3100 4600 3502 4671 incorruptibili
3519 4640 3538 4667 ,
3572 4603 3854 4674 dirempta

2252 4690 2549 4762 dissitaque
2578 4691 2861 4748 videbitur.

2325 4784 2442 4839 Col.
2469 4783 2575 4839 446
2606 4782 2669 4839 C.
2687 4783 2786 4839 Hic
2812 4802 2845 4837 a
2867 4785 3129 4853 prophetis
3148 4784 3358 4856 quidem
3385 4785 3723 4854 praedicatus
3755 4796 3856 4846 est.

2257 4885 2363 4932 etc.
2384 4875 2482 4931 llic
2494 4874 2729 4946 Spiritus
2739 4884 2963 4931 sanctus
2975 4893 3004 4930 a
3019 4876 3299 4947 pr0phetis
3316 4876 3648 4944 praedicatus
3665 4888 3785 4938 est.
3800 4890 3857 4931 ιιι

2257 4964 2586 5033 cumllsaias
2626 4964 2678 5019 in
2708 4964 2913 5020 Christi
2946 4980 3177 5034 persona
3206 4965 3320 5020 ait:
3352 4964 3591 5034 Spiritus
3630 4966 3859 5022 υωιὶἡ

2255 5069 2413 5120 super
2429 5069 2508 5109 me
2534 5053 2608 5120 ";
2629 5064 2681 5108 et
2700 5068 2891 5109 rursus
2908 5055 2976 5108 de
2990 5054 3179 5110 eodem
3204 5054 3431 5124 loquens
3451 5072 3465 5108 :
3490 5053 3857 5124 Βαφύρα-ιιι

2257 5160 2418 5213 super
2451 5160 2571 5199 eum
2596 5153 2792 5213 septem
2814 5144 3035 5214 spiritus
3090 5146 3158 5211 “,
3188 5145 3292 5200 hoc
3312 5156 3417 5212 est,
3453 5148 3644 5215 gratis
3668 5159 3740 5203 et
3772 5149 3859 5202 vi.

2254 5251 2344 5291 res
2357 5236 2703 5300 etactiones,
2720 5251 2858 5306 quas
2885 5244 3089 5306 septem
3117 5235 3307 5291 oculos
3329 5233 3629 5291 Zacharias
3658 5238 3859 5292 noni-

2255 5328 2407 5384 navit
2428 5328 2494 5381 ".
2538 5327 2751 5384 Dictum
2782 5338 2866 5384 est
2896 5329 3121 5399 insuper
3164 5327 3233 5384 de
3272 5325 3477 5382 ludatis
3508 5347 3524 5383 ε
3551 5326 3859 5383 θέσεσιέῆ

655 5541 698 5572 ³⁵
722 5540 841 5594 Act.
876 5554 949 5603 ιι,
977 5541 1002 5594 l
1040 5553 1193 5607 seqq.
1272 5538 1315 5569 “
1340 5536 1494 5607 italu.
1528 5500 1757 5599 vm,9.‘
1792 5534 1844 5607 _“_
1866 5531 1998 5607 Luc.
2026 5547 2125 5607 su,
2149 5532 2237 5607 ιθ.
2315 5531 2433 5607 "_'°_“
2457 5530 2612 5607 Deut.
2653 5546 2728 5607 tv,
2749 5533 2853 5598 24;
2887 5530 3065 5607 Exod.
3092 5545 3274 5607 ξκιιν,
3304 5528 3386 5585 li.
3467 5531 3555 5607 "_l
3581 5529 3721 5607 Cor.
3744 5548 3855 5607 ⁸ιιι,

584 5611 640 5675 4,
668 5609 718 5665 7.
819 5610 864 5642 ²⁰
892 5609 1038 5668 Psal.
1060 5623 1201 5662 Lxxt:

584 5694 694 5748 ut,
735 5679 798 5749 i;
831 5678 942 5735 Luc
995 5695 1068 5746 tv,
1114 5678 1201 5733 18.

819 5610 864 5642 ³ο
892 5600 1038 5668 Psal.
1060 5600 1319 5673 Lx'x'txﬂ.
1396 5607 1437 5637 “
1462 5604 1605 5659 l’sal.
1635 5619 1739 5657 mn
1784 5603 1873 5673 ii.
1948 5603 1991 5633 ²²
2024 5604 2155 5658 Ezcc

2258 5616 2297 5660 ι,
2332 5600 2419 5657 18.
2496 5602 2541 5635 ³³
2576 5600 2719 5660 Psal.
2751 5618 2867 5671 cut,
2899 5602 2952 5658 3.
3027 5601 3075 5634 “
3098 5601 3238 5658 Psal.
3267 5615 3490 5663 crum,
3516 5602 3569 5657 ι.
3651 5604 3699 5636 ’⁵
3742 5603 3855 5660 la

1301 5678 1348 5710 “
1377 5673 1481 5731 lsa.
1520 5689 1570 5729 st
1595 5712 1610 5733 ,
1640 5673 1694 5727 ἰν..
1770 5674 1814 5705 ¹⁷
1842 5672 2073 5732 Zachar.
2138 5688 2224 5741 tu,
2275 5673 2330 5727 9.
