4050 6198
235 300 372 364 1473

1218 295 1264 354 Ν
1275 291 1533 354 [CETAS
1571 289 1655 354 ΙΝ
1685 289 1906 350 ORAT.
1946 287 2132 352 XLIV
2170 289 2229 350 S.
2271 286 2496 350 GREG.

3346 287 3484 352 1474

239 417 474 486 Spiritus
520 413 751 476 Domini,
800 420 850 464 et
879 411 1094 464 deduxit
1153 425 1240 464 eos
1267 411 1334 462 '°.
1394 410 1471 464 Ac
1516 423 1706 464 rursus
1760 407 1813 460 in
1846 412 1889 468 Α
1917 413 1972 458 et
2015 405 2435 473 separationem.
2487 404 2664 474 Atque
2718 402 2922 460 idcirco
2965 404 3020 460 in
3074 403 3290 460 inferno
3323 421 3483 460 nemo

238 511 405 564 Exodi
433 509 567 562 libro
593 506 852 574 scriptum
888 513 973 557 est
1014 520 1029 556 :
1069 501 1309 572 Implevit
1339 501 1571 572 Spiritus
1594 501 1804 555 divinus

241 599 468 654 Beseleel
515 597 776 666 sapientia
832 605 880 649 et
909 596 1180 648 industria
1232 605 1280 649 et
1325 597 1544 648 scientia
1575 594 1641 646 ”.
1677 594 1808 646 Erat

250 702 431 746 autem
469 689 732 753 Beseleel,
760 687 1093 742 tabernaculi
1123 687 1256 742 Mosi
1299 688 1351 740 in
1385 693 1570 740 monte
1601 683 1808 739 ostensi

239 779 590 832 architectus.
638 774 805 828 Isaias
855 789 1068 838 rursus,
1115 772 1333 826 Judaaos
1365 785 1654 836 accusans,
1684 769 1806 822 ait:

241 867 354 938 Ipsi
383 876 716 920 contumaces
735 865 969 932 fuerunt,
1003 879 1065 916 ac
1089 862 1350 932 Spiritum
1382 873 1621 916 sanctum
1643 861 1808 930 ipsius

239 957 308 1011 ad
339 958 476 1010 irant
510 964 940 1024 properaverant.
975 953 1036 1006 Et
1063 969 1338 1006 conversus
1363 964 1437 1006 est
1468 953 1594 1022 ipsis
1625 954 1678 1007 in
1711 953 1812 1006 ini-

239 1049 497 1101 micitiam
529 1046 597 1098 ³⁸.
623 1044 794 1100 Porro
822 1045 1046 1100 historia
1091 1044 1221 1098 Elia:
1250 1045 1390 1098 libro
1418 1045 1577 1098 tertio
1604 1043 1810 1113 Regum

237 1137 454 1208 prodita
506 1145 610 1198 est,
651 1136 742 1189 ubi
777 1135 1000 1189 disertis
1031 1134 1212 1202 verbis
1247 1134 1479 1188 habetur
1519 1153 1532 1188 :
1585 1132 1812 1203 Spiritus

243 1244 359 1282 cum
396 1227 583 1280 extulit
608 1227 675 1291 ³¹;
717 1241 783 1281 ex
810 1241 920 1294 quo
941 1226 990 1279 id
1025 1227 1186 1280 datur
1230 1225 1477 1297 intelligi,
1508 1226 1651 1295 quod
1672 1225 1812 1281 divi-

247 1333 352 1371 nus
382 1316 623 1386 Spiritus
656 1315 940 1368 hominum
965 1315 1219 1383 Opinione
1247 1317 1451 1384 majora
1470 1317 1523 1368 in
1547 1329 1615 1368 eo
1642 1322 1814 1382 patra-

250 1410 357 1460 bat.
394 1407 593 1459 Eodem
617 1405 756 1457 libro
786 1402 964 1456 Elisaai
996 1419 1211 1472 quoque
1249 1404 1542 1472 postulatio
1572 1403 1815 1458 contine—

248 1505 356 1550 tur.
412 1494 556 1548 Dixit
589 1492 757 1556 enim,
817 1493 1014 1560 inquit,
1061 1491 1288 1547 Elisaeus
1340 1494 1405 1546 ad
1440 1493 1612 1546 Etiam
1645 1491 1815 1546 :Fiat

247 1587 499 1656 Spiritus,
524 1587 612 1656 qui
639 1585 692 1637 in
734 1594 782 1638 te
820 1595 920 1650 est,
943 1583 1138 1650 duplex
1160 1585 1216 1637 in
1245 1600 1324 1637 me
1355 1584 1422 1638 ³’.
1473 1583 1606 1649 Qua:
1633 1593 1814 1637 autem

244 1688 570 1746 sequuntur,
604 1695 634 1732 e
658 1677 887 1732 Psalmis
927 1679 1092 1747 petita
1136 1685 1280 1732 sunt.
1313 1677 1400 1732 Ait
1428 1678 1573 1731 enim
1607 1675 1812 1730 David:

1907 504 1990 548 est
2037 497 2130 565 qui
2169 495 2279 550 Deo
2297 496 2624 550 conﬁteatur
2649 495 2975 564 laudemque
3008 504 3284 550 contexat.
3304 495 3491 564 Neque

1909 583 2056 638 enim
2110 599 2352 655 praesens
2386 585 2493 640 illis
2533 584 2771 655 Spiritus
2805 587 3072 639 auxilium
3123 587 3362 656 aﬁ‘nlget.

1985 673 2105 728 Col.
2138 673 2238 726 M7
2268 674 2333 726 A.
2370 672 2472 726 Hic
2500 676 2730 742 Spiritus
2757 683 2805 728 et
2837 691 2954 728 cum
2982 673 3147 750 Filio,
3179 688 3284 732 etc.
3316 679 3490 750 Spiri-

1912 773 2000 819 tus
2031 776 2250 820 sauctus
2279 766 2334 819 in
2375 765 2641 836 principio
2670 783 2849 821 rerum
2879 744 3212 822 creationem
3240 786 3363 824 cum
3395 773 3490 826 Fi-

1911 856 1983 910 lio
2010 857 2308 911 fabricatus
2343 868 2448 920 est,
2480 859 2938 927 quemadmodum
2961 861 3037 914 ait
3075 863 3238 916 David
3281 881 3294 916 :
3327 863 3493 918 Verbo

1911 947 2129 1000 Domini
2169 948 2286 1000 caeli
2314 948 2516 1016 ﬁrmati
2556 960 2702 1016 sunt,
2742 960 2790 1003 et
2817 949 3020 1016 Spiritu
3049 955 3155 1005 oris
3187 955 3299 1022 ejus
3323 959 3490 1010 omnis

1911 1043 2078 1095 virtus
2108 1057 2288 1094 eorum
2310 1040 2378 1094 “.
2416 1040 2680 1107 Quocirca
2711 1045 2812 1097 hoc
2840 1044 2980 1108 loco,
3015 1060 3112 1099 nec
3135 1061 3230 1114 per
3266 1047 3490 1101 verbum

1915 1131 2060 1186 aeris
2085 1132 2378 1201 impressio
2395 1134 2752 1203 signiﬁcatur,
2789 1150 2910 1204 quae
2943 1150 3038 1204 per
3059 1137 3263 1190 vocalia
3289 1152 3493 1207 organa

1914 1222 2157 1287 eﬁertur,
2190 1238 2290 1278 nec
2325 1238 2421 1293 per
2471 1225 2720 1293 spiritum
2761 1228 2870 1282 oris
2927 1242 3132 1297 vapor,
3180 1229 3273 1298 qui
3328 1230 3397 1284 ab
3427 1231 3496 1285 iis

1921 1315 2191 1383 partibus,
2253 1315 2454 1384 quibus
2520 1318 2878 1386 respiramus,
2932 1321 3493 1376 extruditurnerum

1917 1405 2021 1459 hoc
2059 1402 2297 1459 Verbum
2335 1406 2516 1459 vivum
2554 1415 2717 1462 estet
2759 1411 3086 1476 subsistens,
3136 1413 3271 1466 illud
3335 1413 3496 1466 nitui-

1918 1512 2063 1561 rum,
2088 1499 2232 1566 quod
2261 1499 2314 1550 in
2348 1498 2618 1568 principio
2663 1509 2780 1553 erat
2837 1504 2975 1570 apud
3009 1503 3204 1568 Deum,
3269 1517 3323 1559 et
3356 1507 3498 1559 Deus

1916 1599 2054 1642 erat.
2081 1590 2260 1659 Atque
2295 1591 2479 1644 itidem
2499 1592 2721 1659 spiritus
2760 1593 2873 1647 oris
2899 1593 2992 1647 Dei
3022 1635 3036 1658 ,
3081 1593 3315 1664 Spiritus
3354 1597 3498 1649 veri-

1919 1680 2044 1735 tatis
2084 1691 2188 1743 est,
2226 1680 2372 1750 quia
2404 1680 2562 1735 Patre
2589 1683 2852 1751 procedit.
2885 1683 3009 1737 Tria
3040 1685 3220 1754 itaque
3252 1686 3499 1738 animad-

242 1766 478 1834 Spiritns
506 1779 624 1823 tuus
649 1769 813 1823 bonus
839 1769 1060 1823 deducet
1086 1785 1168 1823 me
1195 1769 1247 1822 in
1275 1771 1411 1822 viam
1441 1777 1637 1822 rectam
1657 1767 1724 1822 ³³.
1753 1766 1818 1822 Ει
1851 1754 1892 1811 Β
1921 1780 2090 1835 verte,
2140 1769 2353 1826 Patrem
2417 1773 2794 1842 imperautem,
2847 1774 3044 1829 Filium
3122 1776 3498 1841 fabricantem,

242 1861 354 1913 alto
384 1861 504 1915 loco
528 1878 540 1914 :
571 1859 638 1913 Et
665 1862 854 1924 spiritu
879 1861 1164 1930 principali
1191 1862 1444 1929 conﬁrma
1471 1876 1550 1914 me
1578 1861 1642 1914 “.

317 1951 774 2009 lbitl.Promissus
813 1964 990 2008 autent
1021 1963 1118 2020 est,
1167 1955 1314 2022 prius
1347 1952 1548 2023 quidem
1585 1969 1617 2005 α
1649 1949 1816 2015 Joele,

246 2057 348 2100 etc.
377 2046 468 2100 Sic
493 2061 522 2099 a
561 2047 838 2115 prophetis
895 2045 1130 2116 Spiritus
1170 2045 1498 2115 praedicatus
1543 2054 1644 2107 est,
1694 2058 1821 2111 pro-

251 2138 450 2192 missus
501 2139 720 2206 quidem
786 2149 945 2191 antea
974 2153 1002 2192 a
1029 2135 1244 2190 Joele"
1277 2147 1393 2206 (per
1442 2137 1618 2206 ipsum
1674 2137 1818 2190 enim

253 2229 393 2282 Deus
423 2231 688 2299 pollicitus
711 2239 795 2284 est
826 2229 962 2293 foro,
997 2239 1057 2284 ut
1076 2229 1312 2300 seipsum
1336 2228 1633 2284 eﬁunderet
1659 2245 1821 2300 super

250 2337 465 2375 onmem
502 2337 742 2376 carnem.
784 2324 853 2376 At
895 2321 1203 2392 Theologus
1237 2321 1526 2376 dictionem
1550 2322 1690 2376 banc
1723 2335 1820 2376 ex-

251 2429 477 2482 ponens,
514 2430 620 2468 uon
647 2415 970 2484 simpliciter
1014 2414 1422 2482 intelligendam
1455 2423 1639 2468 censet
1684 2415 1820 2467 hanc

249 2503 571 2557 effusionem
611 2518 773 2572 super
807 2517 1024 2556 onmem
1061 2518 1306 2568 carnem,
1363 2519 1550 2556 verum
1592 2503 1646 2556 in
1701 2517 1820 2557 cre-

249 2597 488 2648 dentem.
537 2595 669 2649 Nam
701 2596 792 2666 qui
821 2597 910 2666 pia
939 2596 1041 2649 lide
1088 2597 1156 2649 ad
1205 2595 1481 2652 Christum
1521 2600 1819 2660 accedunt,

251 2687 511 2756 Spiritum
539 2689 865 2757 percipiunt,
923 2702 1031 2742 non
1075 2698 1254 2742 autem
1302 2688 1608 2756 increduli).
1642 2689 1823 2742 Poste-

250 2779 368 2834 rius
389 2791 572 2834 aulem
607 2799 634 2834 a
663 2779 881 2834 Christo
913 2782 1218 2850 promissus
1240 2792 1360 2836 est:
1397 2780 1612 2851 Rogabo
1663 2785 1818 2844 enim,

257 2872 458 2940 inquit,
484 2871 722 2937 Patrem,
751 2884 796 2925 et
829 2873 993 2925 alium
1027 2872 1358 2926 Paracletum
1387 2873 1528 2925 dath
1563 2872 1730 2935 vobis,
1767 2881 1821 2923 ut

251 2973 463 3016 maneat
503 2964 764 3016 vobiscum
814 2965 868 3017 in
898 2974 1148 3018 wternum
1174 2965 1240 3017 “.
1279 2963 1623 3018 Glorilicatur
1658 2977 1822 3032 porro

1921 1862 2188 1931 Spiritum
2231 1872 2479 1919 sanctum
2534 1865 2840 1919 ﬁrmantem
2878 1874 2933 1919 et
2958 1865 3296 1920 fulcientem.
3353 1866 3498 1920 Nihil

1919 1968 2085 2023 porro
2125 1953 2273 2008 aliud
2304 1963 2387 2010 est
2437 1955 2694 2022 ﬁrmatin,
2756 1971 2918 2026 quam
2965 1957 3228 2026 perfectio
3271 1973 3356 2020 ea,
3381 1975 3499 2028 qua:

1919 2043 2354 2098 sanctiﬁcatione
2389 2056 2751 2115 comparatur,
2783 2061 2848 2101 ac
2882 2047 3112 2103 lirtnitas
3151 2059 3205 2103 et
3241 2059 3498 2105 constan-

1920 2136 1997 2190 tia
2068 2135 2122 2189 in
2157 2135 2320 2190 bono.
2367 2135 2736 2194 Sanctiﬁcatio
2785 2155 2911 2196 vero
2953 2141 3070 2196 sine
3112 2141 3313 2211 Spiritu
3351 2143 3498 2197 nulla

1919 2236 2024 2280 est.
2049 2227 2238 2297 Neque
2261 2227 2408 2282 enim
2447 2238 2637 2284 natura
2667 2231 2917 2287 caelestes
2944 2233 3048 2287 illa:
3077 2243 3131 2286 et
3149 2234 3314 2287 beata:
3343 2249 3498 2288 men-

1923 2329 2002 2375 tes
2030 2329 2230 2376 sauctte
2261 2331 2391 2376 sunt
2427 2343 2442 2376 :
2473 2339 2660 2377 verum
2717 2325 2956 2380 essentia
2996 2326 3238 2394 ipsarum
3305 2342 3499 2381 aereus

1921 2411 2154 2468 fortasse
2201 2413 2428 2483 spiritus
2485 2425 2588 2482 est,
2638 2426 2732 2468 aut
2773 2416 2913 2485 ignis
2969 2419 3210 2472 materia:
3260 2434 3496 2489 expers:

1923 2504 2285 2559 sanctiﬁcatio
2334 2517 2538 2573 autem,
2591 2522 2710 2575 qua:
2742 2508 2810 2560 ab
2857 2510 3094 2561 essentia
3121 2517 3346 2564 externa
3393 2519 3500 2572 est,

1921 2595 2307 2662 perfectionem
2343 2595 2475 2663 ipsi-3
2523 2611 2626 2664 per
2655 2597 2890 2667 Spiritus
2919 2601 3089 2653 sancti
3136 2603 3497 2655 communica-

1925 2685 2126 2738 tionem
2162 2685 2394 2741 inducit.
2428 2687 2609 2757 lgnem
2633 2697 2810 2741 autem
2860 2690 3086 2742 materia
3112 2700 3384 2744 carentem
3410 2692 3497 2745 di-

1923 2777 2020 2840 cit,
2072 2778 2230 2846 qnasi
2269 2779 2566 2832 tethercum
2595 2817 2610 2844 ,
2645 2780 2737 2848 qui
2798 2780 2864 2832 ad
2910 2781 3270 2836 differentiam
3332 2784 3502 2837 nostri

1926 2868 2068 2936 ignis
2102 2869 2477 2924 immaterialis
2517 2871 2740 2924 dicitur.
2776 2870 2879 2926 llic
2927 2873 3072 2926 enim
3107 2873 3352 2936 inferior,
3382 2875 3502 2930 abs-

1929 2975 2038 3028 que
2099 2961 2349 3022 materia,
2383 2973 2484 3014 nec
2524 2975 2746 3014 manere
2783 2971 2980 3030 potest,
3033 2979 3133 3016 nec
3178 2964 3502 3018 subsistere.

253 3052 504 3111 Christus
535 3071 564 3108 a
594 3056 796 3125 Spiritu
836 3071 1076 3126 euntque
1106 3057 1349 3111 vicissim
1398 3054 1684 3124 gloriﬁcat.
1747 3056 1824 3107 Ac
1847 3081 1894 3144 ε
1931 3054 2121 3108 Vivum
2172 3069 2302 3124 ergo
2346 3053 2586 3109 Verbum
2621 3055 2748 3109 illud
2781 3064 2882 3117 est,
2910 3055 2962 3108 in
3009 3071 3118 3124 quo
3157 3057 3281 3110 εωΙί
3337 3057 3503 3111 creati

251 3147 586 3216 gloriﬁcatur
631 3149 868 3216 quidem,
922 3149 1079 3218 juxta
1117 3149 1171 3202 id
1209 3149 1352 3216 quod
1404 3150 1477 3200 ait
1510 3146 1764 3200 Christus
1801 3162 1816 3197 :

250 3236 361 3292 Ille
402 3254 481 3291 me
539 3239 941 3307 clari/icabit".
1006 3239 1259 3293 Vicissim
1313 3247 1492 3290 autem
1558 3235 1822 3302 Spiritum

250 3330 542 3398 gloriﬁrat,
570 3345 692 3383 cum
718 3346 838 3384 eum
867 3331 1142 3399 praedicat,
1177 3339 1340 3397 atque
1369 3329 1469 3380 hoc
1505 3327 1570 3379 de
1592 3340 1657 3378 eo
1699 3340 1825 3392 pro-

252 3425 359 3476 iert
414 3422 823 3476 testimonium:
882 3422 1049 3477 Omne
1103 3433 1371 3490 peccgitutn
1404 3425 1468 3472 ‘et
1508 3417 1828 3485 blasphemia

254 3516 547 3566 remittetur
572 3514 900 3579 hominibus;
927 3512 1320 3581 atblaspltemia.
1339 3512 1394 3564 in
1415 3509 1670 3576 Spiritum
1699 3523 1826 3560 san-

252 3615 394 3657 ctum
435 3621 536 3658 non
572 3607 867 3659 remittetur
887 3605 952 3658 ³⁸.
1009 3603 1478 3669 Quemadmodum
1529 3610 1582 3654 et
1612 3599 1827 3653 Patrem

249 3696 506 3751 Christus
544 3697 809 3767 gloriticat
835 3696 918 3750 his
950 3697 1131 3749 verbis
1175 3713 1190 3749 :
1224 3693 1334 3762 Ego
1361 3703 1409 3747 te
1454 3692 1746 3764 glori/icam'
1774 3693 1830 3744 in

256 3798 402 3841 terra
437 3789 481 3819 ”
515 3807 527 3841 :
571 3804 634 3842 ac
671 3803 863 3842 rursus
910 3786 978 3840 ab
1025 3787 1142 3856 ipso
1189 3784 1350 3840 Patre
1382 3784 1710 3854 gloriﬁcatur
1741 3783 1829 3837 di-

253 3889 411 3932 cente
437 3896 449 3932 :
487 3877 552 3932 Et
583 3878 871 3945 clariﬁcnvi
905 3887 976 3945 te,
1008 3887 1068 3948 et.
1099 3879 1291 3931 iterum
1321 3877 1623 3946 clariﬁcabo
1648 3878 1711 3928 ⁵⁸.
1752 3877 1831 3932 Ac

255 3971 400 4033 vide,
429 3986 590 4039 quam
650 3971 904 4038 epulcnta
929 4009 943 4033 ,
970 3984 1132 4038 quam
1157 3970 1396 4038 profusa,
1429 3980 1480 4024 et
1510 3969 1726 4038 copiosa
1759 3969 1829 4022 sit

251 4061 558 4116 Salvator-is
583 4063 918 4130 pollicitatio.
952 4062 1211 4116 Promisit
1256 4066 1400 4115 enim
1433 4061 1568 4127 fore,
1619 4070 1678 4114 ut
1712 4060 1833 4129 Spi-

251 4155 400 4206 ritus
439 4164 660 4209 sanctus
702 4156 754 4206 in
813 4164 1076 4207 aeternum
1107 4168 1234 4207 cum
1272 4153 1403 4222 ipsis
1430 4165 1670 4207 maneret
1702 4170 1717 4208 :
1765 4151 1831 4206 Ut

250 4255 492 4309 maneat,
536 4246 710 4315 inquit
741 4284 756 4310 ,
796 4244 1061 4298 uobiscum
1089 4245 1142 4297 in
1178 4253 1451 4298 aitet-nunt.
1491 4241 1833 4297 Permanebit

249 4347 463 4403 autem,
493 4338 606 4393 sive
642 4338 695 4392 in
725 4338 980 4406 praesenti
1006 4339 1116 4390 vita
1145 4353 1268 4392 cum
1304 4339 1369 4392 iis
1400 4337 1490 4406 qui
1532 4336 1598 4390 ad
1625 4345 1833 4404 tempus

1925 3153 2094 3207 sunt;
2133 3145 2241 3198 vita
2270 3153 2479 3211 autem,
2524 3144 2764 3214 Spiritus
2790 3147 2878 3200 ille
2919 3156 3022 3211 est,
3050 3161 3080 3199 a
3121 3162 3230 3214 quo
3257 3149 3504 3203 caelestes

1928 3235 2153 3288 virtutes
2206 3235 2468 3288 absolutae
2517 3249 2582 3288 ac
2627 3235 2882 3304 perfecta!
2914 3243 3062 3288 sunt.
3114 3235 3300 3305 Neque
3357 3237 3502 3290 enim

1933 3322 2088 3378 Verbi
2117 3326 2554 3394 pronuntiatione
2582 3338 2728 3380 creat
2783 3327 2958 3392 Deus;
3011 3343 3110 3382 nec
3152 3329 3378 3398 spiritus
3412 3345 3504 3384 ae-

1929 3416 2006 3470 rei
2043 3415 2359 3485 profusione
2387 3419 2509 3472 ραιιί
2549 3427 2820 3473 ornantur
2849 3436 2862 3472 :
2899 3433 3086 3473 verum
3121 3418 3354 3488 Spiritus
3382 3421 3503 3476 viva

1932 3509 2192 3578 potentia,
2217 3519 2270 3565 et
2292 3511 2476 3566 divina
2521 3521 2740 3577 natura,
2783 3512 2948 3566 simu’l
2997 3528 3119 3567 cum
3167 3515 3290 3570 vivo
3325 3512 3504 3570 Verbo

1931 3611 2210 3656 creaturas
2224 3602 2422 3668 ell‘ecit,
2454 3603 2914 3672 quemadmodum
2939 3618 3002 3657 ex
3023 3604 3220 3658 Davide
3247 3605 3504 3660 dicimus.

1931 3690 2075 3757 Quin
2116 3694 2278 3746 etiam
2314 3691 2416 3747 Job
2445 3693 2684 3763 quodam
2734 3693 2858 3747 loco
2897 3695 2980 3749 sic
3012 3694 3254 3763 loquitur
3286 3712 3300 3748 :
3337 3693 3505 3765 Spiri-

1934 3794 2018 3838 tus
2043 3785 2274 3848 divinus,
2319 3788 2407 3855 qui
2469 3786 2592 3855 fecit
2633 3801 2715 3839 me
2736 3783 2803 3850 ⁸³,
2835 3795 2999 3854 atque
3046 3787 3118 3840 ita
3169 3789 3502 3854 procreatio-

1933 3889 2054 3927 nem
2092 3876 2176 3928 sui
2205 3873 2431 3944 Spiritui
2457 3884 2644 3930 sancto
2673 3875 2954 3932 adscribit.
2979 3874 3089 3931 Nec
3108 3891 3174 3931 eo
3189 3887 3502 3944 contentus,

1932 3981 2044 4022 sua:
2065 3983 2280 4036 quoque
2311 3968 2590 4037 sapientiae
2619 3971 2852 4038 gratiam
2898 3969 3074 4022 eidem
3129 3970 3394 4040 assignat,
3440 3986 3506 4027 ac

1933 4062 2249 4128 magistrum
2277 4075 2399 4113 eum
2427 4062 2672 4128 agnoscit
2703 4061 2888 4114 dicens
2917 4076 2930 4112 :
2963 4057 3156 4112 Fletus
3178 4069 3352 4114 autem
3391 4079 3506 4114 om-

1934 4151 2210 4218 nipotentis
2254 4151 2343 4218 qui
2380 4152 2530 4202 docet
2591 4166 2670 4203 me
2698 4149 2761 4201 ".
2811 4151 2965 4215 Quod
3023 4151 3146 4204 huic
3197 4154 3506 4221 evangelico

1938 4244 2082 4298 dicti.»
2129 4240 2418 4309 respondet
2448 4257 2462 4294 :
2501 4239 2622 4294 Non
2654 4242 2790 4293 enim
2818 4257 2904 4294 vos
2928 4243 3074 4306 estis,
3099 4244 3186 4312 qui
3205 4243 3503 4314 loquimini,

1937 4335 2026 4388 sed
2069 4332 2301 4403 Spiritus
2332 4333 2517 4387 Patris
2551 4335 2729 4395 vestri,
2765 4334 2856 4402 qui
2902 4333 3132 4404 loquitur
3163 4339 3218 4390 in
3262 4339 3406 4393 vobis
3437 4340 3505 4396 “.

250 4429 410 4497 digni
441 4429 806 4496 invenientur,
846 4428 963 4482 sive
1012 4428 1066 4480 in
1094 4427 1279 4481 futuro
1309 4442 1424 4482 atvo
1452 4442 1574 4482 cum
1628 4426 1792 4497 justis
1817 4441 1832 4481 :
1862 4412 1911 4472 υ
1939 4426 2017 4478 Ad
2050 4426 2164 4478 hac
2199 4423 2436 4493 Spiritus
2477 4435 2697 4479 sanctus
2727 4440 3073 4481 communem
3124 4430 3368 4483 onmium
3405 4447 3507 4484 no-

252 4521 306 4575 si
343 4519 560 4589 quidem
598 4519 650 4572 in
689 4521 788 4573 hac
820 4519 928 4572 vita
959 4518 1225 4587 integrum
1269 4519 1445 4586 ipsum
1471 4520 1827 4584 servaverint,

252 4627 326 4664 ac
357 4624 464 4663 non
522 4609 787 4664 hactenus
832 4609 1188 4678 perdiderint,
1231 4618 1504 4677 quatenus
1557 4608 1610 4661 in
1637 4608 1828 4663 vitium

254 4701 398 4768 lapsi
422 4700 644 4755 fuerint.
692 4700 953 4765 Quamvis
1005 4701 1148 4753 enim
1198 4697 1431 4768 Spiritus
1471 4707 1693 4754 sanctus
1741 4701 1830 4764 iis,

256 4802 448 4861 utpote
479 4793 739 4861 indignis,
771 4807 1116 4861 nequaquam
1152 4792 1418 4846 adtnistus
1442 4793 1532 4852 sit,
1569 4801 1744 4845 tamen
1777 4794 1828 4845 itt

256 4887 367 4939 hoc
397 4886 596 4939 swculo
643 4884 892 4953 baptismi
947 4901 1088 4953 aqtta
1144 4884 1378 4953 perfusis
1428 4885 1831 4953 quodammodo

255 4980 454 5031 adesse
481 4978 717 5042 videtur,
743 4977 972 5030 salutem
1008 4977 1250 5044 ipsorum
1282 4991 1378 5044 per
1403 4975 1829 5044 resipiscentiatn

256 5078 611 5136 exspectans.
647 5068 718 5122 At
759 5067 811 5120 in
837 5067 1025 5122 futuro
1057 5082 1171 5120 aevo
1196 5069 1264 5121 ab
1292 5068 1440 5121 omni
1481 5067 1684 5130 anima,
1712 5082 1833 5135 qua:

258 5164 437 5230 ipsms
471 5158 701 5228 gratiam
737 5157 1126 5226 profanaverit,
1173 5159 1540 5213 abscindatur.
1573 5158 1666 5213 Illa
1690 5160 1835 5213 cnitn

260 5251 459 5312 sectio,
502 5250 569 5304 de
596 5265 702 5319 qua
733 5251 787 5303 in
827 5250 1118 5318 Evangelio
1159 5250 1220 5304 ﬁt
1253 5251 1476 5315 mentio,
1524 5250 1661 5304 nihil
1692 5251 1836 5306 aliud

260 5340 558 5410 signiﬁcat,
600 5355 759 5410 quam
809 5340 1174 5395 onmitnodam
1203 5356 1234 5396 a
1266 5340 1470 5410 Spiritu
1499 5341 1835 5396 aversionetn

1933 4527 2105 4572 strum
2141 4519 2590 4572 resurrectionem
2617 4518 2780 4571 simul
2810 4533 2933 4572 cum
2966 4519 3186 4573 Christo
3211 4521 3431 4574 molitur
3453 4531 3505 4575 et

1930 4609 2097 4664 efﬁcit
2125 4649 2141 4673 ,
2177 4608 2635 4675 quemadmodum
2661 4612 2947 4662 conﬁrmat
2975 4608 3142 4663 David
3176 4610 3260 4664 bis
3289 4611 3467 4664 verbis
3490 4628 3504 4664 :

1939 4698 2164 4752 Emittes
2197 4699 2456 4768 Spiritum
2485 4711 2654 4763 tuum,
2701 4710 2749 4753 et
2779 4703 3112 4764 creabantur,
3143 4711 3192 4755 et
3239 4703 3506 4755 renovabis

1932 4792 2119 4848 faciem
2155 4790 2386 4844 terrae“.
2407 4790 2614 4845 Etenim
2643 4792 2878 4860 Spiritus
2903 4801 3144 4859 sanctus,
3179 4809 3264 4848 res
3297 4802 3508 4847 creatas

1939 4882 2005 4935 ad
2052 4883 2508 4936 immortalitatem
2559 4892 2800 4936 renovat.
2848 4881 2948 4936 Per
2970 4883 3505 4938 emissionemautetn

1941 4973 2178 5043 Spiritus
2202 5011 2218 5038 ,
2269 4971 2439 5026 David
2466 4973 2584 5042 ejus
2611 4973 2676 5026 ad
2711 4973 2981 5042 agendum
3021 4973 3404 5028 demissionem
3430 4975 3510 5027 in-

1943 5066 2152 5135 telligit,
2187 5079 2294 5118 non
2321 5065 2485 5118 eloco
2516 5064 2584 5118 ad
2614 5065 2792 5120 letum
2826 5061 3203 5134 migrationem
3229 5080 3246 5119 :
3279 5065 3510 5133 Spiritus

1941 5160 2075 5210 enim
2115 5157 2329 5210 Domini
2364 5155 2574 5225 replevit
2595 5157 2769 5209 orbem
2802 5167 3063 5210 terrarum
3084 5157 3150 5210 “.
3182 5156 3322 5222 Quin
3349 5158 3509 5210 etiam

1947 5247 2182 5316 Spiritus
2215 5257 2436 5302 sanctus
2470 5247 2806 5316 spiritualem
2868 5263 2963 5318 per
3009 5248 3334 5318 baptismum
3362 5263 3498 5318 rege-

1946 5341 2279 5398 nerationem
2299 5337 2488 5395 efﬁcit.
2520 5339 2689 5410 Hujus
2715 5341 2790 5394 rei
2820 5341 3040 5395 minime
3061 5339 3292 5394 mendax
3319 5339 3410 5394 ille
3433 5351 3510 5395 te-

431 5533 536 5615 l_sa.
564 5552 713 5615 xxxi,
736 5539 807 5615 4.
842 5543 910 5615 _"
933 5541 1117 5615 Exod.
1149 5541 1376 5615 xxxt,_2.
1453 5541 1497 5574 '°
1521 5542 1624 5597 lsa.
1664 5556 1817 5615 exin,

1924 5582 1935 5596 .
2012 5543 2052 5574 "
2076 5541 2140 5596 IV
2179 5551 2317 5613 Reg.
2347 5561 2404 5611 ιι,
2437 5544 2553 5615 16η
2599 5547 2644 5577 ³⁸
2680 5547 2786 5601 ibid
2809 5587 2823 5613 ,
2849 5547 2906 5602 9.
2983 5548 3028 5582 ⁸³
3053 5548 3384 5615 Psal.cxt.tt,
3419 5547 3510 5603 10.

267 5603 318 5636 ιι
343 5601 483 5657 ten.
509 5621 567 5669 L,
603 5609 689 5663 tt.

767 5609 946 5665 "Joel
972 5612 1139 5673 11,26.
1233 5610 1276 5640 ³⁶
1300 5611 1456 5664 Joan.
1487 5628 1598 5678 xiv,
1632 5614 1712 5666 l6.

267 5675 318 5706 ιο
337 5673 494 5727 Joan.
523 5690 617 5730 xu.

714 5680 756 5711 ¹⁸¹
781 5680 925 5736 Psal.
953 5696 1124 5745 xxxii,
1151 5679 1204 5734 6.
1281 5679 1324 5709 δ’
1343 5679 1443 5735 Joh
1470 5697 1662 5748 xum,
1688 5682 1740 5736 4.

1825 5613 1866 5644 ³⁷
1892 5611 2050 5667 Joan.
2083 5630 2195 5677 xvt,
2236 5611 2322 5670 Μ.

1846 5683 1890 5714 ⁵³
1923 5685 2054 5738 ibid.
2129 5687 2173 5715 “
2196 5686 2382 5742 Matth.
2409 5702 2462 5754 x,
2487 5687 2576 5741 20.
2651 5687 2698 5718 “
2713 5687 2855 5744 Psal.
2882 5690 3102 5756 eundi).
3180 5690 3225 5722 “
3255 5687 3383 5756 Sap.
3407 5688 3512 5753 t,7.

2418 5617 2462 5648 ³⁸
2507 5613 2812 5682 Maltinxu,
2854 5618 2934 5673 5|.
3011 5620 3056 5651 ³³
3095 5618 3251 5674 Joan.
3289 5613 3417 5682 xvn,
3459 5621 3512 5671 4.
