  <div class='ocr_page' id='page_1' title='image "/cluster/home/n/w/nwhite01/storage/ocr_20150623/127/hvd.32044073502411/743.png"; bbox 0 0 4050 6198; ppageno 0'>
   <div class='ocr_carea' id='block_1_1' title="bbox 621 283 762 348">
    <p class='ocr_par' dir='ltr' id='par_1_1' title="bbox 621 283 762 348">
     <span class='ocr_line' id='line_1_1' title="bbox 621 283 762 348; baseline -0.021 0"><span class='ocrx_word' id='word_1_1' title='bbox 621 283 762 348; x_wconf 68' lang='grc'><strong>1475</strong></span> 
     </span>
    </p>
   </div>
   <div class='ocr_carea' id='block_1_2' title="bbox 2036 279 2418 342">
    <p class='ocr_par' dir='ltr' id='par_1_2' title="bbox 2036 279 2418 342">
     <span class='ocr_line' id='line_1_2' title="bbox 2036 279 2418 342; baseline 0.01 -4"><span class='ocrx_word' id='word_1_2' title='bbox 2036 279 2418 342; x_wconf 77' lang='grc' dir='ltr'><strong>ΑΒΒΕΝΒΑ.</strong></span> 
     </span>
    </p>
   </div>
   <div class='ocr_carea' id='block_1_3' title="bbox 3733 280 3878 345">
    <p class='ocr_par' dir='ltr' id='par_1_3' title="bbox 3733 280 3878 345">
     <span class='ocr_line' id='line_1_3' title="bbox 3733 280 3878 345; baseline -0.028 0"><span class='ocrx_word' id='word_1_3' title='bbox 3733 280 3878 345; x_wconf 68' lang='grc' dir='ltr'><strong>Ῑίῖῧ</strong></span> 
     </span>
    </p>
   </div>
   <div class='ocr_carea' id='block_1_4' title="bbox 621 389 3880 464">
    <p class='ocr_par' dir='ltr' id='par_1_4' title="bbox 621 389 3880 464">
     <span class='ocr_line' id='line_1_4' title="bbox 621 389 3880 464; baseline -0.003 -13"><span class='ocrx_word' id='word_1_4' title='bbox 621 397 722 451; x_wconf 87' lang='lat' dir='ltr'><strong>stis</strong></span> <span class='ocrx_word' id='word_1_5' title='bbox 755 404 861 459; x_wconf 80' lang='lat' dir='ltr'><strong>est,</strong></span> <span class='ocrx_word' id='word_1_6' title='bbox 896 393 988 464; x_wconf 99' lang='lat' dir='ltr'><strong>qui</strong></span> <span class='ocrx_word' id='word_1_7' title='bbox 1023 392 1222 449; x_wconf 76' lang='lat' dir='ltr'><strong>minaci</strong></span> <span class='ocrx_word' id='word_1_8' title='bbox 1275 391 1378 448; x_wconf 90' lang='lat' dir='ltr'><strong>hoc</strong></span> <span class='ocrx_word' id='word_1_9' title='bbox 1421 405 1677 449; x_wconf 79' lang='lat' dir='ltr'><strong>sermone</strong></span> <span class='ocrx_word' id='word_1_10' title='bbox 1734 404 1869 447; x_wconf 86' lang='lat' dir='ltr'><strong>usus</strong></span> <span class='ocrx_word' id='word_1_11' title='bbox 1902 400 1987 446; x_wconf 89' lang='lat' dir='ltr'><strong>est</strong></span> <span class='ocrx_word' id='word_1_12' title='bbox 2026 406 2042 445; x_wconf 89' lang='lat'><strong>:</strong></span> <span class='ocrx_word' id='word_1_13' title='bbox 2088 390 2191 444; x_wconf 77' lang='lat' dir='ltr'><strong>nisi</strong></span> <span class='ocrx_word' id='word_1_14' title='bbox 2224 396 2268 452; x_wconf 70' lang='grc' dir='ltr'>Α</span> <span class='ocrx_word' id='word_1_15' title='bbox 2300 406 2407 456; x_wconf 80' lang='lat' dir='ltr'><strong>ros,</strong></span> <span class='ocrx_word' id='word_1_16' title='bbox 2441 389 2490 444; x_wconf 88' lang='lat' dir='ltr'><strong>id</strong></span> <span class='ocrx_word' id='word_1_17' title='bbox 2511 401 2616 457; x_wconf 72' lang='lat' dir='ltr'><strong>est,</strong></span> <span class='ocrx_word' id='word_1_18' title='bbox 2650 389 2885 445; x_wconf 82' lang='lat' dir='ltr'><strong>fructum</strong></span> <span class='ocrx_word' id='word_1_19' title='bbox 2919 390 3078 456; x_wconf 87' lang='lat' dir='ltr'><strong>mori,</strong></span> <span class='ocrx_word' id='word_1_20' title='bbox 3123 399 3178 445; x_wconf 87' lang='lat' dir='ltr'><strong>et</strong></span> <span class='ocrx_word' id='word_1_21' title='bbox 3205 391 3510 446; x_wconf 74' lang='lat' dir='ltr'><strong>comedere.</strong></span> <span class='ocrx_word' id='word_1_22' title='bbox 3537 389 3671 456; x_wconf 74' lang='lat' dir='ltr'><strong>Quae</strong></span> <span class='ocrx_word' id='word_1_23' title='bbox 3700 402 3880 444; x_wconf 78' lang='lat' dir='ltr'><strong>autem</strong></span> 
     </span>
    </p>
   </div>
   <div class='ocr_carea' id='block_1_5' title="bbox 621 482 2200 556">
    <p class='ocr_par' dir='ltr' id='par_1_5' title="bbox 621 482 2200 556">
     <span class='ocr_line' id='line_1_5' title="bbox 621 482 2200 556; baseline -0.003 -17"><span class='ocrx_word' id='word_1_24' title='bbox 621 488 734 556; x_wconf 54' lang='lat' dir='ltr'><strong>{uis</strong></span> <span class='ocrx_word' id='word_1_25' title='bbox 766 500 984 554; x_wconf 77' lang='lat' dir='ltr'><strong>superne</strong></span> <span class='ocrx_word' id='word_1_26' title='bbox 1017 500 1172 538; x_wconf 78' lang='lat' dir='ltr'><strong>natus</strong></span> <span class='ocrx_word' id='word_1_27' title='bbox 1202 482 1383 551; x_wconf 70' lang='lat' dir='ltr'><strong>fuerit,</strong></span> <span class='ocrx_word' id='word_1_28' title='bbox 1421 499 1524 537; x_wconf 79' lang='lat' dir='ltr'><strong>non</strong></span> <span class='ocrx_word' id='word_1_29' title='bbox 1569 492 1738 550; x_wconf 72' lang='lat' dir='ltr'><strong>potest</strong></span> <span class='ocrx_word' id='word_1_30' title='bbox 1775 483 1948 537; x_wconf 78' lang='lat' dir='ltr'><strong>ridere</strong></span> <span class='ocrx_word' id='word_1_31' title='bbox 1981 497 2200 551; x_wconf 71' lang='lat' dir='ltr'><strong>regnant</strong></span> 
     </span>
    </p>
   </div>
   <div class='ocr_carea' id='block_1_6' title="bbox 624 576 2201 646">
    <p class='ocr_par' dir='ltr' id='par_1_6' title="bbox 624 576 2201 646">
     <span class='ocr_line' id='line_1_6' title="bbox 624 576 2201 646; baseline -0.001 -16"><span class='ocrx_word' id='word_1_32' title='bbox 624 577 714 631; x_wconf 85' lang='lat' dir='ltr'><strong>Dei</strong></span> <span class='ocrx_word' id='word_1_33' title='bbox 747 576 814 632; x_wconf 72' lang='grc'><strong>⁵⁷.</strong></span> <span class='ocrx_word' id='word_1_34' title='bbox 847 577 1032 645; x_wconf 83' lang='lat' dir='ltr'><strong>Neque</strong></span> <span class='ocrx_word' id='word_1_35' title='bbox 1056 577 1201 630; x_wconf 88' lang='lat' dir='ltr'><strong>cnim</strong></span> <span class='ocrx_word' id='word_1_36' title='bbox 1228 576 1518 646; x_wconf 83' lang='lat' dir='ltr'><strong>quisquam</strong></span> <span class='ocrx_word' id='word_1_37' title='bbox 1566 576 1789 630; x_wconf 74' lang='lat' dir='ltr'><strong>cmleste</strong></span> <span class='ocrx_word' id='word_1_38' title='bbox 1837 590 2064 645; x_wconf 97' lang='lat' dir='ltr'><strong>regnum</strong></span> <span class='ocrx_word' id='word_1_39' title='bbox 2109 588 2201 629; x_wconf 85' lang='lat' dir='ltr'><strong>ac-</strong></span> 
     </span>
    </p>
   </div>
   <div class='ocr_carea' id='block_1_7' title="bbox 621 666 2199 737">
    <p class='ocr_par' dir='ltr' id='par_1_7' title="bbox 621 666 2199 737">
     <span class='ocr_line' id='line_1_7' title="bbox 621 666 2199 737; baseline -0.003 -14"><span class='ocrx_word' id='word_1_40' title='bbox 621 678 874 737; x_wconf 84' lang='lat' dir='ltr'><strong>cepturus</strong></span> <span class='ocrx_word' id='word_1_41' title='bbox 903 676 1006 732; x_wconf 88' lang='lat' dir='ltr'><strong>est,</strong></span> <span class='ocrx_word' id='word_1_42' title='bbox 1040 667 1145 722; x_wconf 85' lang='lat' dir='ltr'><strong>nisi</strong></span> <span class='ocrx_word' id='word_1_43' title='bbox 1190 682 1220 720; x_wconf 90' lang='lat' dir='ltr'><strong>a</strong></span> <span class='ocrx_word' id='word_1_44' title='bbox 1254 667 1419 736; x_wconf 83' lang='lat' dir='ltr'><strong>priori</strong></span> <span class='ocrx_word' id='word_1_45' title='bbox 1467 675 1521 721; x_wconf 88' lang='lat' dir='ltr'><strong>et</strong></span> <span class='ocrx_word' id='word_1_46' title='bbox 1549 666 1755 720; x_wconf 82' lang='lat' dir='ltr'><strong>carnali</strong></span> <span class='ocrx_word' id='word_1_47' title='bbox 1802 666 2199 734; x_wconf 88' lang='lat' dir='ltr'><strong>procreatione,</strong></span> 
     </span>
    </p>
   </div>
   <div class='ocr_carea' id='block_1_8' title="bbox 620 746 2205 829">
    <p class='ocr_par' dir='ltr' id='par_1_8' title="bbox 620 746 2205 829">
     <span class='ocr_line' id='line_1_8' title="bbox 620 746 2205 829; baseline -0.003 -15"><span class='ocrx_word' id='word_1_48' title='bbox 620 775 736 829; x_wconf 77' lang='lat' dir='ltr'><strong>qua:</strong></span> <span class='ocrx_word' id='word_1_49' title='bbox 764 768 931 813; x_wconf 85' lang='lat' dir='ltr'><strong>noctu</strong></span> <span class='ocrx_word' id='word_1_50' title='bbox 968 746 1133 826; x_wconf 73' lang='lat' dir='ltr'><strong>atque</strong></span> <span class='ocrx_word' id='word_1_51' title='bbox 1163 758 1217 812; x_wconf 87' lang='lat' dir='ltr'><strong>itt</strong></span> <span class='ocrx_word' id='word_1_52' title='bbox 1261 757 1496 813; x_wconf 90' lang='lat' dir='ltr'><strong>tenebris</strong></span> <span class='ocrx_word' id='word_1_53' title='bbox 1538 757 1752 811; x_wconf 89' lang='lat' dir='ltr'><strong>initium</strong></span> <span class='ocrx_word' id='word_1_54' title='bbox 1797 756 2019 825; x_wconf 87' lang='lat' dir='ltr'><strong>accipit,</strong></span> <span class='ocrx_word' id='word_1_55' title='bbox 2056 757 2205 825; x_wconf 86' lang='lat' dir='ltr'><strong>puri-</strong></span> 
     </span>
    </p>
   </div>
   <div class='ocr_carea' id='block_1_9' title="bbox 620 847 2202 917">
    <p class='ocr_par' dir='ltr' id='par_1_9' title="bbox 620 847 2202 917">
     <span class='ocr_line' id='line_1_9' title="bbox 620 847 2202 917; baseline 0.001 -16"><span class='ocrx_word' id='word_1_56' title='bbox 620 850 812 903; x_wconf 88' lang='lat' dir='ltr'><strong>licatus</strong></span> <span class='ocrx_word' id='word_1_57' title='bbox 843 849 1023 902; x_wconf 81' lang='lat' dir='ltr'><strong>fuerit.</strong></span> <span class='ocrx_word' id='word_1_58' title='bbox 1058 847 1251 917; x_wconf 71' lang='lat' dir='ltr'><strong>(Noctu</strong></span> <span class='ocrx_word' id='word_1_59' title='bbox 1309 848 1453 902; x_wconf 90' lang='lat' dir='ltr'><strong>enim</strong></span> <span class='ocrx_word' id='word_1_60' title='bbox 1489 857 1550 901; x_wconf 91' lang='lat' dir='ltr'><strong>ut</strong></span> <span class='ocrx_word' id='word_1_61' title='bbox 1592 848 1888 916; x_wconf 89' lang='lat' dir='ltr'><strong>plurimum</strong></span> <span class='ocrx_word' id='word_1_62' title='bbox 1924 847 2202 902; x_wconf 81' lang='lat' dir='ltr'><strong>Venereus</strong></span> 
     </span>
    </p>
   </div>
   <div class='ocr_carea' id='block_1_10' title="bbox 620 939 2197 1009">
    <p class='ocr_par' dir='ltr' id='par_1_10' title="bbox 620 939 2197 1009">
     <span class='ocr_line' id='line_1_10' title="bbox 620 939 2197 1009; baseline -0.001 -15"><span class='ocrx_word' id='word_1_63' title='bbox 620 954 943 1008; x_wconf 87' lang='lat' dir='ltr'><strong>congressus</strong></span> <span class='ocrx_word' id='word_1_64' title='bbox 973 948 1025 993; x_wconf 88' lang='lat' dir='ltr'><strong>et</strong></span> <span class='ocrx_word' id='word_1_65' title='bbox 1055 940 1282 993; x_wconf 77' lang='lat' dir='ltr'><strong>seminis</strong></span> <span class='ocrx_word' id='word_1_66' title='bbox 1309 940 1505 1008; x_wconf 89' lang='lat' dir='ltr'><strong>ejectio</strong></span> <span class='ocrx_word' id='word_1_67' title='bbox 1525 939 1839 1009; x_wconf 84' lang='lat' dir='ltr'><strong>contingit.)</strong></span> <span class='ocrx_word' id='word_1_68' title='bbox 1896 939 1959 991; x_wconf 80' lang='lat' dir='ltr'><strong>Et</strong></span> <span class='ocrx_word' id='word_1_69' title='bbox 1979 940 2197 1008; x_wconf 87' lang='lat' dir='ltr'><strong>quidem</strong></span> 
     </span>
    </p>
   </div>
   <div class='ocr_carea' id='block_1_11' title="bbox 621 1030 2204 1100">
    <p class='ocr_par' dir='ltr' id='par_1_11' title="bbox 621 1030 2204 1100">
     <span class='ocr_line' id='line_1_11' title="bbox 621 1030 2204 1100; baseline 0.002 -17"><span class='ocrx_word' id='word_1_70' title='bbox 621 1030 689 1084; x_wconf 87' lang='lat' dir='ltr'><strong>ab</strong></span> <span class='ocrx_word' id='word_1_71' title='bbox 710 1030 813 1084; x_wconf 90' lang='lat' dir='ltr'><strong>hac</strong></span> <span class='ocrx_word' id='word_1_72' title='bbox 840 1030 1059 1084; x_wconf 84' lang='lat' dir='ltr'><strong>sordida</strong></span> <span class='ocrx_word' id='word_1_73' title='bbox 1084 1039 1138 1083; x_wconf 87' lang='lat' dir='ltr'><strong>et</strong></span> <span class='ocrx_word' id='word_1_74' title='bbox 1159 1031 1392 1084; x_wconf 85' lang='lat' dir='ltr'><strong>obscena</strong></span> <span class='ocrx_word' id='word_1_75' title='bbox 1424 1042 1584 1100; x_wconf 88' lang='lat' dir='ltr'><strong>atque</strong></span> <span class='ocrx_word' id='word_1_76' title='bbox 1611 1030 1906 1099; x_wconf 84' lang='lat' dir='ltr'><strong>caliginosa</strong></span> <span class='ocrx_word' id='word_1_77' title='bbox 1927 1032 2204 1086; x_wconf 73' lang='lat' dir='ltr'><strong>creatione</strong></span> 
     </span>
    </p>
   </div>
   <div class='ocr_carea' id='block_1_12' title="bbox 621 1119 2203 1189">
    <p class='ocr_par' dir='ltr' id='par_1_12' title="bbox 621 1119 2203 1189">
     <span class='ocr_line' id='line_1_12' title="bbox 621 1119 2203 1189; baseline 0.001 -17"><span class='ocrx_word' id='word_1_78' title='bbox 621 1121 810 1175; x_wconf 68' lang='lat' dir='ltr'><strong>lucida:</strong></span> <span class='ocrx_word' id='word_1_79' title='bbox 844 1120 1168 1188; x_wconf 72' lang='lat' dir='ltr'><strong>diurnaeque</strong></span> <span class='ocrx_word' id='word_1_80' title='bbox 1213 1119 1359 1174; x_wconf 88' lang='lat' dir='ltr'><strong>illius</strong></span> <span class='ocrx_word' id='word_1_81' title='bbox 1392 1120 1760 1189; x_wconf 75' lang='lat' dir='ltr'><strong>generationis</strong></span> <span class='ocrx_word' id='word_1_82' title='bbox 1798 1135 1963 1188; x_wconf 84' lang='lat' dir='ltr'><strong>opera</strong></span> <span class='ocrx_word' id='word_1_83' title='bbox 2006 1121 2203 1174; x_wconf 86' lang='lat' dir='ltr'><strong>lustra-</strong></span> 
     </span>
    </p>
   </div>
   <div class='ocr_carea' id='block_1_13' title="bbox 621 1210 2203 1281">
    <p class='ocr_par' dir='ltr' id='par_1_13' title="bbox 621 1210 2203 1281">
     <span class='ocr_line' id='line_1_13' title="bbox 621 1210 2203 1281; baseline -0.001 -14"><span class='ocrx_word' id='word_1_84' title='bbox 621 1227 708 1267; x_wconf 90' lang='lat' dir='ltr'><strong>tus</strong></span> <span class='ocrx_word' id='word_1_85' title='bbox 744 1210 930 1276; x_wconf 75' lang='lat' dir='ltr'><strong>fuerit,</strong></span> <span class='ocrx_word' id='word_1_86' title='bbox 967 1212 1126 1281; x_wconf 86' lang='lat' dir='ltr'><strong>cujus</strong></span> <span class='ocrx_word' id='word_1_87' title='bbox 1168 1211 1498 1265; x_wconf 90' lang='lat' dir='ltr'><strong>mentionem</strong></span> <span class='ocrx_word' id='word_1_88' title='bbox 1543 1211 1674 1264; x_wconf 75' lang='lat' dir='ltr'><strong>facit</strong></span> <span class='ocrx_word' id='word_1_89' title='bbox 1715 1210 1881 1265; x_wconf 81' lang='lat' dir='ltr'><strong>David</strong></span> <span class='ocrx_word' id='word_1_90' title='bbox 1935 1212 2002 1266; x_wconf 86' lang='lat' dir='ltr'><strong>de</strong></span> <span class='ocrx_word' id='word_1_91' title='bbox 2038 1211 2203 1281; x_wconf 82' lang='lat' dir='ltr'><strong>justis</strong></span> 
     </span>
    </p>
   </div>
   <div class='ocr_carea' id='block_1_14' title="bbox 621 1301 2206 1374">
    <p class='ocr_par' dir='ltr' id='par_1_14' title="bbox 621 1301 2206 1374">
     <span class='ocr_line' id='line_1_14' title="bbox 621 1301 2206 1374; baseline 0.002 -19"><span class='ocrx_word' id='word_1_92' title='bbox 621 1312 903 1374; x_wconf 88' lang='lat' dir='ltr'><strong>loquens:</strong></span> <span class='ocrx_word' id='word_1_93' title='bbox 943 1301 1040 1356; x_wconf 84' lang='lat' dir='ltr'><strong>Die</strong></span> <span class='ocrx_word' id='word_1_94' title='bbox 1095 1302 1473 1371; x_wconf 79' lang='lat' dir='ltr'><strong>formabuntur</strong></span> <span class='ocrx_word' id='word_1_95' title='bbox 1507 1301 1573 1363; x_wconf 68' lang='grc'><strong>⁸⁸.</strong></span> <span class='ocrx_word' id='word_1_96' title='bbox 1636 1302 1689 1356; x_wconf 86' lang='lat' dir='ltr'><strong>id</strong></span> <span class='ocrx_word' id='word_1_97' title='bbox 1735 1312 1839 1367; x_wconf 89' lang='lat' dir='ltr'><strong>est,</strong></span> <span class='ocrx_word' id='word_1_98' title='bbox 1889 1301 1944 1356; x_wconf 86' lang='lat' dir='ltr'><strong>in</strong></span> <span class='ocrx_word' id='word_1_99' title='bbox 2004 1303 2206 1358; x_wconf 83' lang='lat' dir='ltr'><strong>lumine</strong></span> 
     </span>
    </p>
   </div>
   <div class='ocr_carea' id='block_1_15' title="bbox 621 1394 2203 1464">
    <p class='ocr_par' dir='ltr' id='par_1_15' title="bbox 621 1394 2203 1464">
     <span class='ocr_line' id='line_1_15' title="bbox 621 1394 2203 1464; baseline -0.001 -14"><span class='ocrx_word' id='word_1_100' title='bbox 621 1395 800 1450; x_wconf 85' lang='lat' dir='ltr'><strong>sancti</strong></span> <span class='ocrx_word' id='word_1_101' title='bbox 836 1394 1097 1464; x_wconf 77' lang='lat' dir='ltr'><strong>Spiritus.</strong></span> <span class='ocrx_word' id='word_1_102' title='bbox 1128 1395 1309 1447; x_wconf 88' lang='lat' dir='ltr'><strong>Porro</strong></span> <span class='ocrx_word' id='word_1_103' title='bbox 1338 1394 1534 1448; x_wconf 88' lang='lat' dir='ltr'><strong>diurna</strong></span> <span class='ocrx_word' id='word_1_104' title='bbox 1568 1395 1714 1448; x_wconf 75' lang='lat' dir='ltr'><strong>lit-tto</strong></span> <span class='ocrx_word' id='word_1_105' title='bbox 1740 1403 1796 1449; x_wconf 89' lang='lat' dir='ltr'><strong>et</strong></span> <span class='ocrx_word' id='word_1_106' title='bbox 1834 1394 2064 1457; x_wconf 76' lang='lat' dir='ltr'><strong>ert-alio,</strong></span> <span class='ocrx_word' id='word_1_107' title='bbox 2093 1409 2203 1449; x_wconf 92' lang='lat' dir='ltr'><strong>non</strong></span> 
     </span>
    </p>
   </div>
   <div class='ocr_carea' id='block_1_16' title="bbox 627 1483 2200 1552">
    <p class='ocr_par' dir='ltr' id='par_1_16' title="bbox 627 1483 2200 1552">
     <span class='ocr_line' id='line_1_16' title="bbox 627 1483 2200 1552; baseline 0 -15"><span class='ocrx_word' id='word_1_108' title='bbox 627 1485 793 1538; x_wconf 90' lang='lat' dir='ltr'><strong>modo</strong></span> <span class='ocrx_word' id='word_1_109' title='bbox 826 1484 1296 1552; x_wconf 78' lang='lat' dir='ltr'><strong>regenerationem</strong></span> <span class='ocrx_word' id='word_1_110' title='bbox 1324 1498 1468 1546; x_wconf 90' lang='lat' dir='ltr'><strong>eam,</strong></span> <span class='ocrx_word' id='word_1_111' title='bbox 1496 1499 1663 1552; x_wconf 90' lang='lat' dir='ltr'><strong>quam</strong></span> <span class='ocrx_word' id='word_1_112' title='bbox 1694 1483 1999 1552; x_wconf 86' lang='lat' dir='ltr'><strong>baptismus</strong></span> <span class='ocrx_word' id='word_1_113' title='bbox 2025 1485 2200 1546; x_wconf 86' lang='lat' dir='ltr'><strong>aﬁ&#39;ert,</strong></span> 
     </span>
    </p>
   </div>
   <div class='ocr_carea' id='block_1_17' title="bbox 622 1575 2205 1646">
    <p class='ocr_par' dir='ltr' id='par_1_17' title="bbox 622 1575 2205 1646">
     <span class='ocr_line' id='line_1_17' title="bbox 622 1575 2205 1646; baseline 0.001 -17"><span class='ocrx_word' id='word_1_114' title='bbox 622 1575 913 1646; x_wconf 85' lang='lat' dir='ltr'><strong>signiﬁcat,</strong></span> <span class='ocrx_word' id='word_1_115' title='bbox 941 1575 1033 1628; x_wconf 89' lang='lat' dir='ltr'><strong>sed</strong></span> <span class='ocrx_word' id='word_1_116' title='bbox 1066 1576 1229 1629; x_wconf 90' lang='lat' dir='ltr'><strong>etiam</strong></span> <span class='ocrx_word' id='word_1_117' title='bbox 1257 1575 1629 1644; x_wconf 78' lang='lat' dir='ltr'><strong>purgationem</strong></span> <span class='ocrx_word' id='word_1_118' title='bbox 1659 1575 1831 1637; x_wconf 84' lang='lat' dir='ltr'><strong>illam,</strong></span> <span class='ocrx_word' id='word_1_119' title='bbox 1868 1590 1989 1644; x_wconf 58' lang='lat' dir='ltr'><strong>quat</strong></span> <span class='ocrx_word' id='word_1_120' title='bbox 2036 1576 2205 1630; x_wconf 86' lang='lat' dir='ltr'><strong>virtu-</strong></span> 
     </span>
    </p>
   </div>
   <div class='ocr_carea' id='block_1_18' title="bbox 623 1666 2203 1736">
    <p class='ocr_par' dir='ltr' id='par_1_18' title="bbox 623 1666 2203 1736">
     <span class='ocr_line' id='line_1_18' title="bbox 623 1666 2203 1736; baseline 0 -15"><span class='ocrx_word' id='word_1_121' title='bbox 623 1668 767 1721; x_wconf 83' lang='lat' dir='ltr'><strong>tibus</strong></span> <span class='ocrx_word' id='word_1_122' title='bbox 794 1676 1162 1736; x_wconf 85' lang='lat' dir='ltr'><strong>comparatur.</strong></span> <span class='ocrx_word' id='word_1_123' title='bbox 1186 1668 1363 1736; x_wconf 81' lang='lat' dir='ltr'><strong>Atque</strong></span> <span class='ocrx_word' id='word_1_124' title='bbox 1394 1677 1682 1736; x_wconf 86' lang='lat' dir='ltr'><strong>utramque</strong></span> <span class='ocrx_word' id='word_1_125' title='bbox 1734 1666 1926 1722; x_wconf 83' lang='lat' dir='ltr'><strong>harum</strong></span> <span class='ocrx_word' id='word_1_126' title='bbox 1968 1666 2203 1721; x_wconf 79' lang='lat' dir='ltr'><strong>creatio-</strong></span> 
     </span>
    </p>
   </div>
   <div class='ocr_carea' id='block_1_19' title="bbox 2304 470 3879 546">
    <p class='ocr_par' dir='ltr' id='par_1_19' title="bbox 2304 470 3879 546">
     <span class='ocr_line' id='line_1_19' title="bbox 2304 470 3879 546; baseline 0.001 -16"><span class='ocrx_word' id='word_1_127' title='bbox 2304 476 2372 530; x_wconf 87' lang='lat' dir='ltr'><strong>de</strong></span> <span class='ocrx_word' id='word_1_128' title='bbox 2394 475 2726 546; x_wconf 88' lang='lat' dir='ltr'><strong>presbyteris</strong></span> <span class='ocrx_word' id='word_1_129' title='bbox 2742 470 3137 531; x_wconf 85' lang='lat' dir='ltr'><strong>commemorat</strong></span> <span class='ocrx_word' id='word_1_130' title='bbox 3172 478 3224 530; x_wconf 91' lang='lat' dir='ltr'><strong>in</strong></span> <span class='ocrx_word' id='word_1_131' title='bbox 3257 477 3491 533; x_wconf 79' lang='lat' dir='ltr'><strong>Danielis</strong></span> <span class='ocrx_word' id='word_1_132' title='bbox 3516 477 3659 531; x_wconf 92' lang='lat' dir='ltr'><strong>libro</strong></span> <span class='ocrx_word' id='word_1_133' title='bbox 3686 482 3879 546; x_wconf 78' lang='lat' dir='ltr'><strong>scripta</strong></span> 
     </span>
    </p>
   </div>
   <div class='ocr_carea' id='block_1_20' title="bbox 2305 565 3881 636">
    <p class='ocr_par' dir='ltr' id='par_1_20' title="bbox 2305 565 3881 636">
     <span class='ocr_line' id='line_1_20' title="bbox 2305 565 3881 636; baseline 0.001 -15"><span class='ocrx_word' id='word_1_134' title='bbox 2305 575 2467 621; x_wconf 87' lang='lat' dir='ltr'><strong>sunt:</strong></span> <span class='ocrx_word' id='word_1_135' title='bbox 2493 565 2608 635; x_wconf 82' lang='lat'><strong>(55)</strong></span> <span class='ocrx_word' id='word_1_136' title='bbox 2636 577 2800 635; x_wconf 89' lang='lat' dir='ltr'><strong>atque</strong></span> <span class='ocrx_word' id='word_1_137' title='bbox 2821 567 3248 632; x_wconf 80' lang='lat' dir='ltr'><strong>adolescentem,</strong></span> <span class='ocrx_word' id='word_1_138' title='bbox 3265 578 3323 622; x_wconf 90' lang='lat' dir='ltr'><strong>et</strong></span> <span class='ocrx_word' id='word_1_139' title='bbox 3345 569 3560 629; x_wconf 84' lang='lat' dir='ltr'><strong>animo.</strong></span> <span class='ocrx_word' id='word_1_140' title='bbox 3579 579 3632 622; x_wconf 87' lang='lat' dir='ltr'><strong>ct</strong></span> <span class='ocrx_word' id='word_1_141' title='bbox 3652 583 3881 636; x_wconf 80' lang='lat' dir='ltr'><strong>corpore</strong></span> 
     </span>
    </p>
   </div>
   <div class='ocr_carea' id='block_1_21' title="bbox 2304 655 3880 728">
    <p class='ocr_par' dir='ltr' id='par_1_21' title="bbox 2304 655 3880 728">
     <span class='ocr_line' id='line_1_21' title="bbox 2304 655 3880 728; baseline 0.003 -20"><span class='ocrx_word' id='word_1_142' title='bbox 2304 655 2608 723; x_wconf 87' lang='lat' dir='ltr'><strong>elegantem</strong></span> <span class='ocrx_word' id='word_1_143' title='bbox 2633 657 2944 728; x_wconf 86' lang='lat' dir='ltr'><strong>Theologus</strong></span> <span class='ocrx_word' id='word_1_144' title='bbox 2971 656 3251 713; x_wconf 88' lang='lat' dir='ltr'><strong>Danielem</strong></span> <span class='ocrx_word' id='word_1_145' title='bbox 3284 660 3554 722; x_wconf 76' lang='lat' dir='ltr'><strong>nominat,</strong></span> <span class='ocrx_word' id='word_1_146' title='bbox 3601 658 3707 727; x_wconf 89' lang='lat' dir='ltr'><strong>qui</strong></span> <span class='ocrx_word' id='word_1_147' title='bbox 3765 672 3880 713; x_wconf 82' lang='lat' dir='ltr'><strong>ante</strong></span> 
     </span>
    </p>
   </div>
   <div class='ocr_carea' id='block_1_22' title="bbox 2305 744 3879 817">
    <p class='ocr_par' dir='ltr' id='par_1_22' title="bbox 2305 744 3879 817">
     <span class='ocr_line' id='line_1_22' title="bbox 2305 744 3879 817; baseline 0.003 -20"><span class='ocrx_word' id='word_1_148' title='bbox 2305 744 2547 800; x_wconf 80' lang='lat' dir='ltr'><strong>adultam</strong></span> <span class='ocrx_word' id='word_1_149' title='bbox 2618 745 2862 803; x_wconf 64' lang='lat' dir='ltr'><strong>aetatetn&#39;</strong></span> <span class='ocrx_word' id='word_1_150' title='bbox 2893 746 3043 817; x_wconf 90' lang='lat' dir='ltr'><strong>(nam</strong></span> <span class='ocrx_word' id='word_1_151' title='bbox 3086 758 3198 802; x_wconf 91' lang='lat' dir='ltr'><strong>tum</strong></span> <span class='ocrx_word' id='word_1_152' title='bbox 3260 748 3648 803; x_wconf 86' lang='lat' dir='ltr'><strong>duodecimum</strong></span> <span class='ocrx_word' id='word_1_153' title='bbox 3716 752 3879 802; x_wconf 70' lang='lat' dir='ltr'><strong>artatis</strong></span> 
     </span>
    </p>
   </div>
   <div class='ocr_carea' id='block_1_23' title="bbox 2303 838 3879 910">
    <p class='ocr_par' dir='ltr' id='par_1_23' title="bbox 2303 838 3879 910">
     <span class='ocr_line' id='line_1_23' title="bbox 2303 838 3879 910; baseline 0 -19"><span class='ocrx_word' id='word_1_154' title='bbox 2303 852 2508 892; x_wconf 88' lang='lat' dir='ltr'><strong>annum</strong></span> <span class='ocrx_word' id='word_1_155' title='bbox 2530 839 2742 907; x_wconf 81' lang='lat' dir='ltr'><strong>agebat)</strong></span> <span class='ocrx_word' id='word_1_156' title='bbox 2758 838 2922 908; x_wconf 79' lang='lat' dir='ltr'><strong>judet</strong></span> <span class='ocrx_word' id='word_1_157' title='bbox 2944 839 3382 910; x_wconf 82' lang='lat' dir='ltr'><strong>presbyterorum</strong></span> <span class='ocrx_word' id='word_1_158' title='bbox 3407 840 3570 895; x_wconf 80' lang='lat' dir='ltr'><strong>sedit.</strong></span> <span class='ocrx_word' id='word_1_159' title='bbox 3590 839 3692 893; x_wconf 87' lang='lat' dir='ltr'><strong>Bis</strong></span> <span class='ocrx_word' id='word_1_160' title='bbox 3713 854 3879 893; x_wconf 67' lang='lat' dir='ltr'><strong>autem</strong></span> 
     </span>
    </p>
   </div>
   <div class='ocr_carea' id='block_1_24' title="bbox 2306 930 3881 1001">
    <p class='ocr_par' dir='ltr' id='par_1_24' title="bbox 2306 930 3881 1001">
     <span class='ocr_line' id='line_1_24' title="bbox 2306 930 3881 1001; baseline 0.001 -17"><span class='ocrx_word' id='word_1_161' title='bbox 2306 930 2359 984; x_wconf 87' lang='lat' dir='ltr'><strong>itt</strong></span> <span class='ocrx_word' id='word_1_162' title='bbox 2391 930 2571 984; x_wconf 89' lang='lat' dir='ltr'><strong>lacum</strong></span> <span class='ocrx_word' id='word_1_163' title='bbox 2608 930 2828 985; x_wconf 88' lang='lat' dir='ltr'><strong>leonum</strong></span> <span class='ocrx_word' id='word_1_164' title='bbox 2865 932 3106 998; x_wconf 82' lang='lat' dir='ltr'><strong>injectus</strong></span> <span class='ocrx_word' id='word_1_165' title='bbox 3135 942 3217 986; x_wconf 89' lang='lat' dir='ltr'><strong>est</strong></span> <span class='ocrx_word' id='word_1_166' title='bbox 3246 931 3454 995; x_wconf 78' lang='lat' dir='ltr'><strong>Daniel,</strong></span> <span class='ocrx_word' id='word_1_167' title='bbox 3487 933 3647 999; x_wconf 87' lang='lat' dir='ltr'><strong>prius</strong></span> <span class='ocrx_word' id='word_1_168' title='bbox 3670 932 3881 1001; x_wconf 77' lang='lat' dir='ltr'><strong>quidem</strong></span> 
     </span>
    </p>
   </div>
   <div class='ocr_carea' id='block_1_25' title="bbox 2305 1020 3887 1091">
    <p class='ocr_par' dir='ltr' id='par_1_25' title="bbox 2305 1020 3887 1091">
     <span class='ocr_line' id='line_1_25' title="bbox 2305 1020 3887 1091; baseline 0.001 -17"><span class='ocrx_word' id='word_1_169' title='bbox 2305 1021 2408 1074; x_wconf 88' lang='lat' dir='ltr'><strong>sub</strong></span> <span class='ocrx_word' id='word_1_170' title='bbox 2435 1020 2618 1083; x_wconf 84' lang='lat' dir='ltr'><strong>Dario,</strong></span> <span class='ocrx_word' id='word_1_171' title='bbox 2650 1022 2911 1091; x_wconf 89' lang='lat' dir='ltr'><strong>quoniam</strong></span> <span class='ocrx_word' id='word_1_172' title='bbox 2945 1024 3214 1077; x_wconf 71' lang='lat' dir='ltr'><strong>caenaculi</strong></span> <span class='ocrx_word' id='word_1_173' title='bbox 3273 1020 3533 1077; x_wconf 78' lang='lat' dir='ltr'><strong>fenestris</strong></span> <span class='ocrx_word' id='word_1_174' title='bbox 3586 1037 3618 1075; x_wconf 87' lang='lat' dir='ltr'><strong>e</strong></span> <span class='ocrx_word' id='word_1_175' title='bbox 3675 1023 3887 1090; x_wconf 66' lang='lat' dir='ltr'><strong>regione</strong></span> 
     </span>
    </p>
   </div>
   <div class='ocr_carea' id='block_1_26' title="bbox 2303 1110 3884 1183">
    <p class='ocr_par' dir='ltr' id='par_1_26' title="bbox 2303 1110 3884 1183">
     <span class='ocr_line' id='line_1_26' title="bbox 2303 1110 3884 1183; baseline 0.001 -16"><span class='ocrx_word' id='word_1_176' title='bbox 2303 1110 2609 1168; x_wconf 81' lang='lat' dir='ltr'><strong>JeruSaIem</strong></span> <span class='ocrx_word' id='word_1_177' title='bbox 2667 1116 2893 1183; x_wconf 85' lang='lat' dir='ltr'><strong>apertis,</strong></span> <span class='ocrx_word' id='word_1_178' title='bbox 2960 1114 3240 1170; x_wconf 87' lang='lat' dir='ltr'><strong>orationes</strong></span> <span class='ocrx_word' id='word_1_179' title='bbox 3288 1115 3355 1169; x_wconf 84' lang='lat' dir='ltr'><strong>ad</strong></span> <span class='ocrx_word' id='word_1_180' title='bbox 3423 1113 3596 1169; x_wconf 88' lang='lat' dir='ltr'><strong>Dcu</strong></span> <span class='ocrx_word' id='word_1_181' title='bbox 3660 1113 3884 1168; x_wconf 72' lang='lat' dir='ltr'><strong>fundens</strong></span> 
     </span>
    </p>
   </div>
   <div class='ocr_carea' id='block_1_27' title="bbox 2307 1205 3883 1276">
    <p class='ocr_par' dir='ltr' id='par_1_27' title="bbox 2307 1205 3883 1276">
     <span class='ocr_line' id='line_1_27' title="bbox 2307 1205 3883 1276; baseline -0.001 -16"><span class='ocrx_word' id='word_1_182' title='bbox 2307 1205 2563 1261; x_wconf 88' lang='lat' dir='ltr'><strong>inventus</strong></span> <span class='ocrx_word' id='word_1_183' title='bbox 2605 1205 2783 1260; x_wconf 82' lang='lat' dir='ltr'><strong>fuerat</strong></span> <span class='ocrx_word' id='word_1_184' title='bbox 2814 1225 2828 1259; x_wconf 90' lang='lat'>:</span> <span class='ocrx_word' id='word_1_185' title='bbox 2866 1222 2992 1261; x_wconf 84' lang='lat' dir='ltr'><strong>cum</strong></span> <span class='ocrx_word' id='word_1_186' title='bbox 3020 1207 3205 1261; x_wconf 87' lang='lat' dir='ltr'><strong>edicto</strong></span> <span class='ocrx_word' id='word_1_187' title='bbox 3232 1207 3447 1276; x_wconf 89' lang='lat' dir='ltr'><strong>publico</strong></span> <span class='ocrx_word' id='word_1_188' title='bbox 3480 1206 3883 1274; x_wconf 72' lang='lat' dir='ltr'><strong>promulgatum</strong></span> 
     </span>
    </p>
   </div>
   <div class='ocr_carea' id='block_1_28' title="bbox 2304 1297 3884 1364">
    <p class='ocr_par' dir='ltr' id='par_1_28' title="bbox 2304 1297 3884 1364">
     <span class='ocr_line' id='line_1_28' title="bbox 2304 1297 3884 1364; baseline 0 -15"><span class='ocrx_word' id='word_1_189' title='bbox 2304 1305 2472 1358; x_wconf 85' lang='lat' dir='ltr'><strong>esset,</strong></span> <span class='ocrx_word' id='word_1_190' title='bbox 2515 1297 2768 1364; x_wconf 87' lang='lat' dir='ltr'><strong>quisquis</strong></span> <span class='ocrx_word' id='word_1_191' title='bbox 2793 1297 2932 1350; x_wconf 83' lang='lat' dir='ltr'><strong>intra</strong></span> <span class='ocrx_word' id='word_1_192' title='bbox 2974 1298 3311 1350; x_wconf 85' lang='lat' dir='ltr'><strong>tricesimum</strong></span> <span class='ocrx_word' id='word_1_193' title='bbox 3351 1298 3518 1359; x_wconf 88' lang='lat' dir='ltr'><strong>diem,</strong></span> <span class='ocrx_word' id='word_1_194' title='bbox 3563 1297 3649 1349; x_wconf 69' lang='lat' dir='ltr'><strong>vel</strong></span> <span class='ocrx_word' id='word_1_195' title='bbox 3686 1297 3763 1349; x_wconf 88' lang='lat' dir='ltr'><strong>ab</strong></span> <span class='ocrx_word' id='word_1_196' title='bbox 3800 1297 3884 1349; x_wconf 76' lang='lat' dir='ltr'><strong>ho-</strong></span> 
     </span>
    </p>
   </div>
   <div class='ocr_carea' id='block_1_29' title="bbox 2308 1387 3883 1456">
    <p class='ocr_par' dir='ltr' id='par_1_29' title="bbox 2308 1387 3883 1456">
     <span class='ocr_line' id='line_1_29' title="bbox 2308 1387 3883 1456; baseline -0.001 -17"><span class='ocrx_word' id='word_1_197' title='bbox 2308 1388 2474 1451; x_wconf 90' lang='lat' dir='ltr'><strong>mine,</strong></span> <span class='ocrx_word' id='word_1_198' title='bbox 2511 1388 2594 1441; x_wconf 89' lang='lat' dir='ltr'><strong>vel</strong></span> <span class='ocrx_word' id='word_1_199' title='bbox 2639 1402 2668 1440; x_wconf 92' lang='lat' dir='ltr'><strong>a</strong></span> <span class='ocrx_word' id='word_1_200' title='bbox 2705 1387 2836 1451; x_wconf 89' lang='lat' dir='ltr'><strong>Deo,</strong></span> <span class='ocrx_word' id='word_1_201' title='bbox 2892 1397 3254 1456; x_wconf 65' lang='lat' dir='ltr'><strong>praeterquam</strong></span> <span class='ocrx_word' id='word_1_202' title='bbox 3291 1403 3320 1441; x_wconf 86' lang='lat' dir='ltr'><strong>a</strong></span> <span class='ocrx_word' id='word_1_203' title='bbox 3382 1403 3525 1455; x_wconf 74' lang='lat' dir='ltr'><strong>rego,</strong></span> <span class='ocrx_word' id='word_1_204' title='bbox 3592 1388 3883 1455; x_wconf 75' lang='lat' dir='ltr'><strong>quisquam</strong></span> 
     </span>
    </p>
   </div>
   <div class='ocr_carea' id='block_1_30' title="bbox 2305 1472 3883 1545">
    <p class='ocr_par' dir='ltr' id='par_1_30' title="bbox 2305 1472 3883 1545">
     <span class='ocr_line' id='line_1_30' title="bbox 2305 1472 3883 1545; baseline -0.002 -18"><span class='ocrx_word' id='word_1_205' title='bbox 2305 1476 2655 1545; x_wconf 80' lang='lat' dir='ltr'><strong>postulasset,</strong></span> <span class='ocrx_word' id='word_1_206' title='bbox 2718 1491 2844 1530; x_wconf 86' lang='lat' dir='ltr'><strong>eum</strong></span> <span class='ocrx_word' id='word_1_207' title='bbox 2902 1476 2957 1529; x_wconf 89' lang='lat' dir='ltr'><strong>in</strong></span> <span class='ocrx_word' id='word_1_208' title='bbox 3008 1476 3184 1530; x_wconf 86' lang='lat' dir='ltr'><strong>lacum</strong></span> <span class='ocrx_word' id='word_1_209' title='bbox 3217 1475 3434 1527; x_wconf 83' lang='lat' dir='ltr'><strong>leonum</strong></span> <span class='ocrx_word' id='word_1_210' title='bbox 3477 1472 3749 1541; x_wconf 81' lang='lat' dir='ltr'><strong>injectum</strong></span> <span class='ocrx_word' id='word_1_211' title='bbox 3806 1472 3883 1525; x_wconf 83' lang='lat' dir='ltr'><strong>iri.</strong></span> 
     </span>
    </p>
   </div>
   <div class='ocr_carea' id='block_1_31' title="bbox 2306 1559 3936 1635">
    <p class='ocr_par' dir='ltr' id='par_1_31' title="bbox 2306 1559 3936 1635">
     <span class='ocr_line' id='line_1_31' title="bbox 2306 1559 3936 1635; baseline -0.007 -18"><span class='ocrx_word' id='word_1_212' title='bbox 2306 1563 2590 1620; x_wconf 88' lang='lat' dir='ltr'><strong>Posterius</strong></span> <span class='ocrx_word' id='word_1_213' title='bbox 2625 1564 2728 1618; x_wconf 82' lang='lat' dir='ltr'><strong>sub</strong></span> <span class='ocrx_word' id='word_1_214' title='bbox 2757 1564 2915 1635; x_wconf 82' lang='lat' dir='ltr'><strong>Cyro,</strong></span> <span class='ocrx_word' id='word_1_215' title='bbox 2952 1578 3074 1617; x_wconf 87' lang='lat' dir='ltr'><strong>cum</strong></span> <span class='ocrx_word' id='word_1_216' title='bbox 3120 1561 3262 1614; x_wconf 84' lang='lat' dir='ltr'><strong>Belis</strong></span> <span class='ocrx_word' id='word_1_217' title='bbox 3292 1571 3524 1615; x_wconf 80' lang='lat' dir='ltr'><strong>statuam</strong></span> <span class='ocrx_word' id='word_1_218' title='bbox 3580 1559 3813 1615; x_wconf 84' lang='lat' dir='ltr'><strong>evertit,</strong></span> <span class='ocrx_word' id='word_1_219' title='bbox 3842 1566 3886 1606; x_wconf 82' lang='lat' dir='ltr'><strong>rt</strong></span> <span class='ocrx_word' id='word_1_220' title='bbox 3930 1612 3936 1622; x_wconf 37' lang='grc' dir='ltr'>ι</span> 
     </span>
    </p>
   </div>
   <div class='ocr_carea' id='block_1_32' title="bbox 2308 1648 3887 1726">
    <p class='ocr_par' dir='ltr' id='par_1_32' title="bbox 2308 1648 3887 1726">
     <span class='ocr_line' id='line_1_32' title="bbox 2308 1648 3887 1726; baseline -0.009 -12"><span class='ocrx_word' id='word_1_221' title='bbox 2308 1658 2622 1721; x_wconf 82' lang='lat' dir='ltr'><strong>draconem,</strong></span> <span class='ocrx_word' id='word_1_222' title='bbox 2671 1657 2762 1726; x_wconf 90' lang='lat' dir='ltr'><strong>qui</strong></span> <span class='ocrx_word' id='word_1_223' title='bbox 2799 1670 3012 1717; x_wconf 84' lang='lat' dir='ltr'><strong>summa</strong></span> <span class='ocrx_word' id='word_1_224' title='bbox 3047 1652 3306 1724; x_wconf 75' lang='lat' dir='ltr'><strong>religione</strong></span> <span class='ocrx_word' id='word_1_225' title='bbox 3337 1666 3368 1704; x_wconf 88' lang='lat' dir='ltr'><strong>a</strong></span> <span class='ocrx_word' id='word_1_226' title='bbox 3399 1649 3725 1720; x_wconf 74' lang='lat' dir='ltr'><strong>Babyloniis</strong></span> <span class='ocrx_word' id='word_1_227' title='bbox 3746 1648 3887 1701; x_wconf 73' lang='lat' dir='ltr'><strong>cole-</strong></span> 
     </span>
    </p>
   </div>
   <div class='ocr_carea' id='block_1_33' title="bbox 624 1725 3887 1829">
    <p class='ocr_par' dir='ltr' id='par_1_33' title="bbox 624 1725 3887 1829">
     <span class='ocr_line' id='line_1_33' title="bbox 624 1725 3887 1829; baseline -0.007 -17"><span class='ocrx_word' id='word_1_228' title='bbox 624 1775 754 1813; x_wconf 90' lang='lat' dir='ltr'><strong>num</strong></span> <span class='ocrx_word' id='word_1_229' title='bbox 781 1761 883 1814; x_wconf 87' lang='lat' dir='ltr'><strong>sibi</strong></span> <span class='ocrx_word' id='word_1_230' title='bbox 910 1725 1009 1827; x_wconf 71' lang='lat' dir='ltr'><strong>ipsi</strong></span> <span class='ocrx_word' id='word_1_231' title='bbox 1040 1725 1472 1829; x_wconf 48' lang='lat' dir='ltr'><strong>quisqtte&#39;tingit,</strong></span> <span class='ocrx_word' id='word_1_232' title='bbox 1506 1725 1611 1813; x_wconf 76' lang='lat' dir='ltr'><strong>hoc</strong></span> <span class='ocrx_word' id='word_1_233' title='bbox 1638 1767 1743 1824; x_wconf 87' lang='lat' dir='ltr'><strong>est,</strong></span> <span class='ocrx_word' id='word_1_234' title='bbox 1779 1769 1971 1827; x_wconf 84' lang='lat' dir='ltr'><strong>suopte</strong></span> <span class='ocrx_word' id='word_1_235' title='bbox 2004 1774 2205 1829; x_wconf 81' lang='lat' dir='ltr'><strong>propo—</strong></span> <span class='ocrx_word' id='word_1_236' title='bbox 2231 1725 2281 1783; x_wconf 80' lang='grc' dir='ltr'><strong>Β</strong></span> <span class='ocrx_word' id='word_1_237' title='bbox 2311 1750 2494 1812; x_wconf 85' lang='lat' dir='ltr'><strong>batur,</strong></span> <span class='ocrx_word' id='word_1_238' title='bbox 2550 1725 2828 1803; x_wconf 84' lang='lat' dir='ltr'><strong>interemit</strong></span> <span class='ocrx_word' id='word_1_239' title='bbox 2860 1765 2875 1803; x_wconf 87' lang='lat'><strong>:</strong></span> <span class='ocrx_word' id='word_1_240' title='bbox 2912 1760 3022 1815; x_wconf 89' lang='lat' dir='ltr'><strong>quo</strong></span> <span class='ocrx_word' id='word_1_241' title='bbox 3085 1744 3252 1800; x_wconf 88' lang='lat' dir='ltr'><strong>etiam</strong></span> <span class='ocrx_word' id='word_1_242' title='bbox 3306 1752 3547 1809; x_wconf 88' lang='lat' dir='ltr'><strong>tempore</strong></span> <span class='ocrx_word' id='word_1_243' title='bbox 3611 1737 3887 1799; x_wconf 80' lang='lat' dir='ltr'><strong>llabacar,</strong></span> 
     </span>
    </p>
   </div>
   <div class='ocr_carea' id='block_1_34' title="bbox 623 1852 2211 1921">
    <p class='ocr_par' dir='ltr' id='par_1_34' title="bbox 623 1852 2211 1921">
     <span class='ocr_line' id='line_1_34' title="bbox 623 1852 2211 1921; baseline -0.001 -14"><span class='ocrx_word' id='word_1_244' title='bbox 623 1854 729 1907; x_wconf 90' lang='lat' dir='ltr'><strong>sito</strong></span> <span class='ocrx_word' id='word_1_245' title='bbox 771 1852 1052 1921; x_wconf 88' lang='lat' dir='ltr'><strong>animique</strong></span> <span class='ocrx_word' id='word_1_246' title='bbox 1079 1852 1373 1906; x_wconf 85' lang='lat' dir='ltr'><strong>voluntate.</strong></span> <span class='ocrx_word' id='word_1_247' title='bbox 1403 1852 1538 1906; x_wconf 81' lang='lat' dir='ltr'><strong>Nam</strong></span> <span class='ocrx_word' id='word_1_248' title='bbox 1579 1860 1635 1905; x_wconf 89' lang='lat' dir='ltr'><strong>et</strong></span> <span class='ocrx_word' id='word_1_249' title='bbox 1686 1852 1940 1920; x_wconf 75' lang='lat' dir='ltr'><strong>baptismi</strong></span> <span class='ocrx_word' id='word_1_250' title='bbox 1982 1865 2211 1921; x_wconf 84' lang='lat' dir='ltr'><strong>regene-</strong></span> 
     </span>
    </p>
   </div>
   <div class='ocr_carea' id='block_1_35' title="bbox 624 1944 2207 2013">
    <p class='ocr_par' dir='ltr' id='par_1_35' title="bbox 624 1944 2207 2013">
     <span class='ocr_line' id='line_1_35' title="bbox 624 1944 2207 2013; baseline -0.001 -14"><span class='ocrx_word' id='word_1_251' title='bbox 624 1947 767 1999; x_wconf 92' lang='lat' dir='ltr'><strong>ratio</strong></span> <span class='ocrx_word' id='word_1_252' title='bbox 803 1946 992 2007; x_wconf 77' lang='lat' dir='ltr'><strong>libera,</strong></span> <span class='ocrx_word' id='word_1_253' title='bbox 1019 1945 1256 2012; x_wconf 82' lang='lat' dir='ltr'><strong>ejus,qui</strong></span> <span class='ocrx_word' id='word_1_254' title='bbox 1283 1945 1607 2013; x_wconf 80' lang='lat' dir='ltr'><strong>baptizatur,</strong></span> <span class='ocrx_word' id='word_1_255' title='bbox 1638 1944 1936 2008; x_wconf 82' lang='lat' dir='ltr'><strong>voluntate,</strong></span> <span class='ocrx_word' id='word_1_256' title='bbox 1985 1960 2049 1998; x_wconf 89' lang='lat' dir='ltr'><strong>ae</strong></span> <span class='ocrx_word' id='word_1_257' title='bbox 2071 1947 2207 1998; x_wconf 86' lang='lat' dir='ltr'><strong>citra</strong></span> 
     </span>
    </p>
   </div>
   <div class='ocr_carea' id='block_1_36' title="bbox 625 2035 2209 2108">
    <p class='ocr_par' dir='ltr' id='par_1_36' title="bbox 625 2035 2209 2108">
     <span class='ocr_line' id='line_1_36' title="bbox 625 2035 2209 2108; baseline 0.001 -20"><span class='ocrx_word' id='word_1_258' title='bbox 625 2038 730 2092; x_wconf 84' lang='lat' dir='ltr'><strong>vim</strong></span> <span class='ocrx_word' id='word_1_259' title='bbox 751 2038 1024 2106; x_wconf 75' lang='lat' dir='ltr'><strong>peragitur</strong></span> <span class='ocrx_word' id='word_1_260' title='bbox 1054 2035 1126 2108; x_wconf 90' lang='lat' dir='ltr'><strong>(et</strong></span> <span class='ocrx_word' id='word_1_261' title='bbox 1150 2044 1434 2105; x_wconf 83' lang='lat' dir='ltr'><strong>propterea</strong></span> <span class='ocrx_word' id='word_1_262' title='bbox 1456 2044 1660 2105; x_wconf 85' lang='lat' dir='ltr'><strong>patres,</strong></span> <span class='ocrx_word' id='word_1_263' title='bbox 1683 2047 1775 2088; x_wconf 90' lang='lat' dir='ltr'><strong>aut</strong></span> <span class='ocrx_word' id='word_1_264' title='bbox 1792 2036 1993 2104; x_wconf 79' lang='lat' dir='ltr'><strong>alioqui</strong></span> <span class='ocrx_word' id='word_1_265' title='bbox 2019 2035 2209 2089; x_wconf 70' lang='lat' dir='ltr'><strong>attines</strong></span> 
     </span>
    </p>
   </div>
   <div class='ocr_carea' id='block_1_37' title="bbox 622 2130 2206 2198">
    <p class='ocr_par' dir='ltr' id='par_1_37' title="bbox 622 2130 2206 2198">
     <span class='ocr_line' id='line_1_37' title="bbox 622 2130 2206 2198; baseline -0.001 -14"><span class='ocrx_word' id='word_1_266' title='bbox 622 2142 676 2185; x_wconf 90' lang='lat' dir='ltr'><strong>et</strong></span> <span class='ocrx_word' id='word_1_267' title='bbox 702 2132 1018 2194; x_wconf 81' lang='lat' dir='ltr'><strong>necessarii,</strong></span> <span class='ocrx_word' id='word_1_268' title='bbox 1056 2131 1348 2185; x_wconf 79' lang='lat' dir='ltr'><strong>infantium</strong></span> <span class='ocrx_word' id='word_1_269' title='bbox 1383 2130 1504 2185; x_wconf 90' lang='lat' dir='ltr'><strong>loco</strong></span> <span class='ocrx_word' id='word_1_270' title='bbox 1546 2130 1982 2198; x_wconf 83' lang='lat' dir='ltr'><strong>interrogantur)</strong></span> <span class='ocrx_word' id='word_1_271' title='bbox 2012 2138 2066 2183; x_wconf 88' lang='lat' dir='ltr'><strong>et</strong></span> <span class='ocrx_word' id='word_1_272' title='bbox 2093 2141 2206 2182; x_wconf 84' lang='lat' dir='ltr'><strong>mo-</strong></span> 
     </span>
    </p>
   </div>
   <div class='ocr_carea' id='block_1_38' title="bbox 626 2219 2205 2276">
    <p class='ocr_par' dir='ltr' id='par_1_38' title="bbox 626 2219 2205 2276">
     <span class='ocr_line' id='line_1_38' title="bbox 626 2219 2205 2276; baseline -0.001 -3"><span class='ocrx_word' id='word_1_273' title='bbox 626 2236 745 2274; x_wconf 92' lang='lat' dir='ltr'><strong>rum</strong></span> <span class='ocrx_word' id='word_1_274' title='bbox 773 2222 1061 2276; x_wconf 89' lang='lat' dir='ltr'><strong>instructio</strong></span> <span class='ocrx_word' id='word_1_275' title='bbox 1088 2221 1274 2274; x_wconf 85' lang='lat' dir='ltr'><strong>itidem</strong></span> <span class='ocrx_word' id='word_1_276' title='bbox 1299 2220 1608 2274; x_wconf 87' lang='lat' dir='ltr'><strong>voluntaria</strong></span> <span class='ocrx_word' id='word_1_277' title='bbox 1627 2228 1731 2273; x_wconf 90' lang='lat' dir='ltr'><strong>est.</strong></span> <span class='ocrx_word' id='word_1_278' title='bbox 1764 2219 2017 2273; x_wconf 81' lang='lat' dir='ltr'><strong>Fortasse</strong></span> <span class='ocrx_word' id='word_1_279' title='bbox 2043 2219 2205 2273; x_wconf 81' lang='lat' dir='ltr'><strong>etiam</strong></span> 
     </span>
    </p>
   </div>
   <div class='ocr_carea' id='block_1_39' title="bbox 625 2309 2210 2381">
    <p class='ocr_par' dir='ltr' id='par_1_39' title="bbox 625 2309 2210 2381">
     <span class='ocr_line' id='line_1_39' title="bbox 625 2309 2210 2381; baseline 0 -20"><span class='ocrx_word' id='word_1_280' title='bbox 625 2313 768 2381; x_wconf 86' lang='lat' dir='ltr'><strong>quod</strong></span> <span class='ocrx_word' id='word_1_281' title='bbox 802 2311 898 2374; x_wconf 91' lang='lat' dir='ltr'><strong>ait,</strong></span> <span class='ocrx_word' id='word_1_282' title='bbox 925 2326 1018 2375; x_wconf 85' lang='lat' dir='ltr'><strong>per</strong></span> <span class='ocrx_word' id='word_1_283' title='bbox 1045 2325 1177 2371; x_wconf 81' lang='lat' dir='ltr'><strong>sese,</strong></span> <span class='ocrx_word' id='word_1_284' title='bbox 1218 2324 1327 2364; x_wconf 86' lang='lat' dir='ltr'><strong>non</strong></span> <span class='ocrx_word' id='word_1_285' title='bbox 1357 2312 1533 2365; x_wconf 83' lang='lat' dir='ltr'><strong>solum</strong></span> <span class='ocrx_word' id='word_1_286' title='bbox 1567 2309 1670 2364; x_wconf 91' lang='lat' dir='ltr'><strong>hoc</strong></span> <span class='ocrx_word' id='word_1_287' title='bbox 1687 2310 1976 2379; x_wconf 78' lang='lat' dir='ltr'><strong>signiﬁcat,</strong></span> <span class='ocrx_word' id='word_1_288' title='bbox 2002 2320 2210 2363; x_wconf 69' lang='lat' dir='ltr'><strong>utrun-</strong></span> 
     </span>
    </p>
   </div>
   <div class='ocr_carea' id='block_1_40' title="bbox 625 2401 2206 2473">
    <p class='ocr_par' dir='ltr' id='par_1_40' title="bbox 625 2401 2206 2473">
     <span class='ocr_line' id='line_1_40' title="bbox 625 2401 2206 2473; baseline -0.002 -17"><span class='ocrx_word' id='word_1_289' title='bbox 625 2420 732 2473; x_wconf 89' lang='lat' dir='ltr'><strong>que</strong></span> <span class='ocrx_word' id='word_1_290' title='bbox 765 2421 874 2457; x_wconf 89' lang='lat' dir='ltr'><strong>retu</strong></span> <span class='ocrx_word' id='word_1_291' title='bbox 930 2420 961 2458; x_wconf 86' lang='lat' dir='ltr'><strong>a</strong></span> <span class='ocrx_word' id='word_1_292' title='bbox 1025 2405 1195 2457; x_wconf 84' lang='lat' dir='ltr'><strong>libera</strong></span> <span class='ocrx_word' id='word_1_293' title='bbox 1235 2404 1513 2457; x_wconf 72' lang='lat' dir='ltr'><strong>toluutate</strong></span> <span class='ocrx_word' id='word_1_294' title='bbox 1540 2401 1809 2472; x_wconf 76' lang='lat' dir='ltr'><strong>proﬁcisci</strong></span> <span class='ocrx_word' id='word_1_295' title='bbox 1848 2420 1862 2455; x_wconf 90' lang='lat'><strong>:</strong></span> <span class='ocrx_word' id='word_1_296' title='bbox 1899 2401 1991 2456; x_wconf 89' lang='lat' dir='ltr'><strong>sed</strong></span> <span class='ocrx_word' id='word_1_297' title='bbox 2042 2402 2206 2453; x_wconf 79' lang='lat' dir='ltr'><strong>etiam</strong></span> 
     </span>
    </p>
   </div>
   <div class='ocr_carea' id='block_1_41' title="bbox 625 2492 2207 2564">
    <p class='ocr_par' dir='ltr' id='par_1_41' title="bbox 625 2492 2207 2564">
     <span class='ocr_line' id='line_1_41' title="bbox 625 2492 2207 2564; baseline -0.004 -15"><span class='ocrx_word' id='word_1_298' title='bbox 625 2496 771 2564; x_wconf 86' lang='lat' dir='ltr'><strong>quod</strong></span> <span class='ocrx_word' id='word_1_299' title='bbox 809 2506 1001 2549; x_wconf 81' lang='lat' dir='ltr'><strong>neutra</strong></span> <span class='ocrx_word' id='word_1_300' title='bbox 1064 2496 1255 2549; x_wconf 85' lang='lat' dir='ltr'><strong>harum</strong></span> <span class='ocrx_word' id='word_1_301' title='bbox 1294 2509 1597 2563; x_wconf 85' lang='lat' dir='ltr'><strong>congressu</strong></span> <span class='ocrx_word' id='word_1_302' title='bbox 1653 2492 1764 2546; x_wconf 89' lang='lat' dir='ltr'><strong>ullo</strong></span> <span class='ocrx_word' id='word_1_303' title='bbox 1807 2501 1859 2547; x_wconf 88' lang='lat' dir='ltr'><strong>et</strong></span> <span class='ocrx_word' id='word_1_304' title='bbox 1917 2505 2207 2561; x_wconf 81' lang='lat' dir='ltr'><strong>corporum</strong></span> 
     </span>
    </p>
   </div>
   <div class='ocr_carea' id='block_1_42' title="bbox 627 2580 2208 2656">
    <p class='ocr_par' dir='ltr' id='par_1_42' title="bbox 627 2580 2208 2656">
     <span class='ocr_line' id='line_1_42' title="bbox 627 2580 2208 2656; baseline -0.004 -16"><span class='ocrx_word' id='word_1_305' title='bbox 627 2586 1016 2656; x_wconf 73' lang='lat' dir='ltr'><strong>conjunctione</strong></span> <span class='ocrx_word' id='word_1_306' title='bbox 1052 2586 1291 2653; x_wconf 73' lang='lat' dir='ltr'><strong>indigeat</strong></span> <span class='ocrx_word' id='word_1_307' title='bbox 1318 2624 1333 2647; x_wconf 94' lang='lat'><strong>,</strong></span> <span class='ocrx_word' id='word_1_308' title='bbox 1366 2584 1827 2655; x_wconf 77' lang='lat' dir='ltr'><strong>quemadmodum</strong></span> <span class='ocrx_word' id='word_1_309' title='bbox 1852 2583 1904 2635; x_wconf 92' lang='lat' dir='ltr'><strong>in</strong></span> <span class='ocrx_word' id='word_1_310' title='bbox 1939 2580 2208 2650; x_wconf 86' lang='lat' dir='ltr'><strong>corporali</strong></span> 
     </span>
    </p>
   </div>
   <div class='ocr_carea' id='block_1_43' title="bbox 629 2678 1320 2748">
    <p class='ocr_par' dir='ltr' id='par_1_43' title="bbox 629 2678 1320 2748">
     <span class='ocr_line' id='line_1_43' title="bbox 629 2678 1320 2748; baseline -0.001 -18"><span class='ocrx_word' id='word_1_311' title='bbox 629 2680 1001 2748; x_wconf 79' lang='lat' dir='ltr'><strong>procreatione</strong></span> <span class='ocrx_word' id='word_1_312' title='bbox 1029 2678 1320 2745; x_wconf 81' lang='lat' dir='ltr'><strong>contingit.</strong></span> 
     </span>
    </p>
   </div>
   <div class='ocr_carea' id='block_1_44' title="bbox 699 2761 2210 2833">
    <p class='ocr_par' dir='ltr' id='par_1_44' title="bbox 699 2761 2210 2833">
     <span class='ocr_line' id='line_1_44' title="bbox 699 2761 2210 2833; baseline -0.004 -13"><span class='ocrx_word' id='word_1_313' title='bbox 699 2767 809 2820; x_wconf 85' lang='lat' dir='ltr'><strong>lbid</strong></span> <span class='ocrx_word' id='word_1_314' title='bbox 829 2804 844 2821; x_wconf 93' lang='lat'><strong>.</strong></span> <span class='ocrx_word' id='word_1_315' title='bbox 886 2765 985 2818; x_wconf 85' lang='lat' dir='ltr'><strong>llic</strong></span> <span class='ocrx_word' id='word_1_316' title='bbox 1015 2764 1268 2833; x_wconf 66' lang='lat' dir='ltr'><strong>Spiritus,</strong></span> <span class='ocrx_word' id='word_1_317' title='bbox 1302 2774 1483 2833; x_wconf 80' lang='lat' dir='ltr'><strong>utpote</strong></span> <span class='ocrx_word' id='word_1_318' title='bbox 1511 2763 1960 2833; x_wconf 73' lang='lat' dir='ltr'><strong>sapientissimus,</strong></span> <span class='ocrx_word' id='word_1_319' title='bbox 1993 2769 2096 2817; x_wconf 87' lang='lat' dir='ltr'><strong>ctc.</strong></span> <span class='ocrx_word' id='word_1_320' title='bbox 2120 2761 2210 2815; x_wconf 74' lang='lat' dir='ltr'><strong>Ait</strong></span> 
     </span>
    </p>
   </div>
   <div class='ocr_carea' id='block_1_45' title="bbox 626 2854 2206 2927">
    <p class='ocr_par' dir='ltr' id='par_1_45' title="bbox 626 2854 2206 2927">
     <span class='ocr_line' id='line_1_45' title="bbox 626 2854 2206 2927; baseline -0.003 -16"><span class='ocrx_word' id='word_1_321' title='bbox 626 2860 863 2927; x_wconf 78' lang='lat' dir='ltr'><strong>quodam</strong></span> <span class='ocrx_word' id='word_1_322' title='bbox 900 2862 1015 2912; x_wconf 79' lang='lat' dir='ltr'><strong>locu</strong></span> <span class='ocrx_word' id='word_1_323' title='bbox 1045 2857 1305 2912; x_wconf 88' lang='lat' dir='ltr'><strong>Salomon</strong></span> <span class='ocrx_word' id='word_1_324' title='bbox 1344 2873 1358 2909; x_wconf 87' lang='lat'><strong>:</strong></span> <span class='ocrx_word' id='word_1_325' title='bbox 1404 2854 1697 2909; x_wconf 78' lang='lat' dir='ltr'><strong>Hominum</strong></span> <span class='ocrx_word' id='word_1_326' title='bbox 1728 2872 1916 2910; x_wconf 67' lang='lat' dir='ltr'><strong>anima</strong></span> <span class='ocrx_word' id='word_1_327' title='bbox 1949 2854 2206 2923; x_wconf 78' lang='lat' dir='ltr'><strong>Spiritus,</strong></span> 
     </span>
    </p>
   </div>
   <div class='ocr_carea' id='block_1_46' title="bbox 624 2946 2206 3017">
    <p class='ocr_par' dir='ltr' id='par_1_46' title="bbox 624 2946 2206 3017">
     <span class='ocr_line' id='line_1_46' title="bbox 624 2946 2206 3017; baseline -0.001 -14"><span class='ocrx_word' id='word_1_328' title='bbox 624 2948 885 3015; x_wconf 75' lang='lat' dir='ltr'><strong>sapientia</strong></span> <span class='ocrx_word' id='word_1_329' title='bbox 914 2949 981 3000; x_wconf 74' lang='grc'><strong>⁸⁸³.</strong></span> <span class='ocrx_word' id='word_1_330' title='bbox 1028 2947 1141 3000; x_wconf 90' lang='lat' dir='ltr'><strong>Hoc</strong></span> <span class='ocrx_word' id='word_1_331' title='bbox 1178 2948 1342 3017; x_wconf 84' lang='lat' dir='ltr'><strong>igitur</strong></span> <span class='ocrx_word' id='word_1_332' title='bbox 1384 2963 1478 3016; x_wconf 88' lang='lat' dir='ltr'><strong>per</strong></span> <span class='ocrx_word' id='word_1_333' title='bbox 1515 2948 1873 3015; x_wconf 82' lang='lat' dir='ltr'><strong>paraphrasin</strong></span> <span class='ocrx_word' id='word_1_334' title='bbox 1924 2946 2206 3014; x_wconf 82' lang='lat' dir='ltr'><strong>explicans</strong></span> 
     </span>
    </p>
   </div>
   <div class='ocr_carea' id='block_1_47' title="bbox 628 3038 2273 3127">
    <p class='ocr_par' dir='ltr' id='par_1_47' title="bbox 628 3038 2273 3127">
     <span class='ocr_line' id='line_1_47' title="bbox 628 3038 2273 3127; baseline 0 -34"><span class='ocrx_word' id='word_1_335' title='bbox 628 3040 958 3109; x_wconf 81' lang='lat' dir='ltr'><strong>&#39;l‘lteologus,</strong></span> <span class='ocrx_word' id='word_1_336' title='bbox 1000 3038 1263 3109; x_wconf 85' lang='lat' dir='ltr'><strong>Spiritum</strong></span> <span class='ocrx_word' id='word_1_337' title='bbox 1289 3048 1540 3094; x_wconf 89' lang='lat' dir='ltr'><strong>sanctum</strong></span> <span class='ocrx_word' id='word_1_338' title='bbox 1576 3054 1682 3095; x_wconf 89' lang='lat' dir='ltr'><strong>non</strong></span> <span class='ocrx_word' id='word_1_339' title='bbox 1703 3039 1864 3094; x_wconf 89' lang='lat' dir='ltr'><strong>modo</strong></span> <span class='ocrx_word' id='word_1_340' title='bbox 1909 3038 2198 3108; x_wconf 86' lang='lat' dir='ltr'><strong>sapientis-</strong></span> <span class='ocrx_word' id='word_1_341' title='bbox 2228 3067 2273 3127; x_wconf 68' lang='grc' dir='ltr'>α</span> 
     </span>
    </p>
   </div>
   <div class='ocr_carea' id='block_1_48' title="bbox 627 3132 2204 3208">
    <p class='ocr_par' dir='ltr' id='par_1_48' title="bbox 627 3132 2204 3208">
     <span class='ocr_line' id='line_1_48' title="bbox 627 3132 2204 3208; baseline 0.001 -23"><span class='ocrx_word' id='word_1_342' title='bbox 627 3132 849 3198; x_wconf 85' lang='lat' dir='ltr'><strong>simum,</strong></span> <span class='ocrx_word' id='word_1_343' title='bbox 885 3133 981 3189; x_wconf 87' lang='lat' dir='ltr'><strong>sed</strong></span> <span class='ocrx_word' id='word_1_344' title='bbox 1038 3133 1203 3187; x_wconf 89' lang='lat' dir='ltr'><strong>ctiam</strong></span> <span class='ocrx_word' id='word_1_345' title='bbox 1254 3133 1320 3188; x_wconf 87' lang='lat' dir='ltr'><strong>ad</strong></span> <span class='ocrx_word' id='word_1_346' title='bbox 1361 3132 1626 3187; x_wconf 82' lang='lat' dir='ltr'><strong>beneﬁcia</strong></span> <span class='ocrx_word' id='word_1_347' title='bbox 1661 3133 1837 3188; x_wconf 83' lang='lat' dir='ltr'><strong>danda</strong></span> <span class='ocrx_word' id='word_1_348' title='bbox 1865 3132 2204 3208; x_wconf 74' lang='lat' dir='ltr'><strong>promptissi-</strong></span> 
     </span>
    </p>
   </div>
   <div class='ocr_carea' id='block_1_49' title="bbox 630 3225 2209 3295">
    <p class='ocr_par' dir='ltr' id='par_1_49' title="bbox 630 3225 2209 3295">
     <span class='ocr_line' id='line_1_49' title="bbox 630 3225 2209 3295; baseline 0.002 -16"><span class='ocrx_word' id='word_1_349' title='bbox 630 3242 775 3279; x_wconf 88' lang='lat' dir='ltr'><strong>mum</strong></span> <span class='ocrx_word' id='word_1_350' title='bbox 833 3241 961 3281; x_wconf 87' lang='lat' dir='ltr'><strong>esse</strong></span> <span class='ocrx_word' id='word_1_351' title='bbox 1013 3226 1164 3282; x_wconf 89' lang='lat' dir='ltr'><strong>dicit.</strong></span> <span class='ocrx_word' id='word_1_352' title='bbox 1212 3227 1388 3293; x_wconf 77' lang='lat' dir='ltr'><strong>Atque</strong></span> <span class='ocrx_word' id='word_1_353' title='bbox 1427 3233 1485 3279; x_wconf 86' lang='lat' dir='ltr'><strong>ut</strong></span> <span class='ocrx_word' id='word_1_354' title='bbox 1538 3225 1714 3295; x_wconf 81' lang='lat' dir='ltr'><strong>ipsius</strong></span> <span class='ocrx_word' id='word_1_355' title='bbox 1772 3226 2093 3295; x_wconf 85' lang='lat' dir='ltr'><strong>sapientiam</strong></span> <span class='ocrx_word' id='word_1_356' title='bbox 2152 3235 2209 3282; x_wconf 89' lang='lat' dir='ltr'><strong>et</strong></span> 
     </span>
    </p>
   </div>
   <div class='ocr_carea' id='block_1_50' title="bbox 627 3316 2203 3388">
    <p class='ocr_par' dir='ltr' id='par_1_50' title="bbox 627 3316 2203 3388">
     <span class='ocr_line' id='line_1_50' title="bbox 627 3316 2203 3388; baseline 0 -17"><span class='ocrx_word' id='word_1_357' title='bbox 627 3318 1013 3388; x_wconf 79' lang='lat' dir='ltr'><strong>benignitatem</strong></span> <span class='ocrx_word' id='word_1_358' title='bbox 1039 3317 1316 3386; x_wconf 68' lang='lat' dir='ltr'><strong>praedicet,</strong></span> <span class='ocrx_word' id='word_1_359' title='bbox 1348 3316 1588 3371; x_wconf 86' lang='lat' dir='ltr'><strong>ostendit</strong></span> <span class='ocrx_word' id='word_1_360' title='bbox 1608 3331 1720 3385; x_wconf 89' lang='lat' dir='ltr'><strong>quo</strong></span> <span class='ocrx_word' id='word_1_361' title='bbox 1747 3318 1906 3370; x_wconf 89' lang='lat' dir='ltr'><strong>modo</strong></span> <span class='ocrx_word' id='word_1_362' title='bbox 1934 3329 2203 3385; x_wconf 81' lang='lat' dir='ltr'><strong>pastorem</strong></span> 
     </span>
    </p>
   </div>
   <div class='ocr_carea' id='block_1_51' title="bbox 629 3408 2207 3478">
    <p class='ocr_par' dir='ltr' id='par_1_51' title="bbox 629 3408 2207 3478">
     <span class='ocr_line' id='line_1_51' title="bbox 629 3408 2207 3478; baseline 0.001 -15"><span class='ocrx_word' id='word_1_363' title='bbox 629 3419 683 3463; x_wconf 87' lang='lat' dir='ltr'><strong>et</strong></span> <span class='ocrx_word' id='word_1_364' title='bbox 735 3411 1063 3478; x_wconf 81' lang='lat' dir='ltr'><strong>caprarium,</strong></span> <span class='ocrx_word' id='word_1_365' title='bbox 1122 3418 1176 3462; x_wconf 88' lang='lat' dir='ltr'><strong>ct</strong></span> <span class='ocrx_word' id='word_1_366' title='bbox 1213 3408 1640 3471; x_wconf 84' lang='lat' dir='ltr'><strong>adolescentem,</strong></span> <span class='ocrx_word' id='word_1_367' title='bbox 1693 3417 1745 3462; x_wconf 88' lang='lat' dir='ltr'><strong>et</strong></span> <span class='ocrx_word' id='word_1_368' title='bbox 1788 3410 2108 3476; x_wconf 85' lang='lat' dir='ltr'><strong>piscatores.</strong></span> <span class='ocrx_word' id='word_1_369' title='bbox 2150 3418 2207 3464; x_wconf 92' lang='lat' dir='ltr'><strong>et</strong></span> 
     </span>
    </p>
   </div>
   <div class='ocr_carea' id='block_1_52' title="bbox 626 3500 2208 3570">
    <p class='ocr_par' dir='ltr' id='par_1_52' title="bbox 626 3500 2208 3570">
     <span class='ocr_line' id='line_1_52' title="bbox 626 3500 2208 3570; baseline 0.003 -20"><span class='ocrx_word' id='word_1_370' title='bbox 626 3501 965 3570; x_wconf 80' lang='lat' dir='ltr'><strong>publicanus,</strong></span> <span class='ocrx_word' id='word_1_371' title='bbox 996 3511 1046 3553; x_wconf 88' lang='lat' dir='ltr'><strong>et</strong></span> <span class='ocrx_word' id='word_1_372' title='bbox 1065 3506 1461 3568; x_wconf 83' lang='lat' dir='ltr'><strong>persecutores,</strong></span> <span class='ocrx_word' id='word_1_373' title='bbox 1489 3508 1676 3567; x_wconf 84' lang='lat' dir='ltr'><strong>atque,</strong></span> <span class='ocrx_word' id='word_1_374' title='bbox 1701 3508 1762 3552; x_wconf 93' lang='lat' dir='ltr'><strong>ut</strong></span> <span class='ocrx_word' id='word_1_375' title='bbox 1791 3512 1899 3552; x_wconf 86' lang='lat' dir='ltr'><strong>uno</strong></span> <span class='ocrx_word' id='word_1_376' title='bbox 1929 3500 2093 3554; x_wconf 87' lang='lat' dir='ltr'><strong>verbo</strong></span> <span class='ocrx_word' id='word_1_377' title='bbox 2123 3500 2208 3554; x_wconf 90' lang='lat' dir='ltr'><strong>di-</strong></span> 
     </span>
    </p>
   </div>
   <div class='ocr_carea' id='block_1_53' title="bbox 630 3588 2203 3657">
    <p class='ocr_par' dir='ltr' id='par_1_53' title="bbox 630 3588 2203 3657">
     <span class='ocr_line' id='line_1_53' title="bbox 630 3588 2203 3657; baseline -0.002 -13"><span class='ocrx_word' id='word_1_378' title='bbox 630 3605 774 3649; x_wconf 70' lang='lat' dir='ltr'><strong>cam.</strong></span> <span class='ocrx_word' id='word_1_379' title='bbox 818 3607 914 3644; x_wconf 86' lang='lat' dir='ltr'><strong>eos</strong></span> <span class='ocrx_word' id='word_1_380' title='bbox 947 3591 1039 3657; x_wconf 86' lang='lat' dir='ltr'><strong>qui</strong></span> <span class='ocrx_word' id='word_1_381' title='bbox 1070 3598 1291 3657; x_wconf 89' lang='lat' dir='ltr'><strong>propter</strong></span> <span class='ocrx_word' id='word_1_382' title='bbox 1338 3588 1623 3652; x_wconf 82' lang='lat' dir='ltr'><strong>vilitatem,</strong></span> <span class='ocrx_word' id='word_1_383' title='bbox 1667 3597 1760 3641; x_wconf 89' lang='lat' dir='ltr'><strong>aut</strong></span> <span class='ocrx_word' id='word_1_384' title='bbox 1791 3588 1955 3642; x_wconf 89' lang='lat' dir='ltr'><strong>etiam</strong></span> <span class='ocrx_word' id='word_1_385' title='bbox 1992 3602 2203 3643; x_wconf 91' lang='lat' dir='ltr'><strong>morum</strong></span> 
     </span>
    </p>
   </div>
   <div class='ocr_carea' id='block_1_54' title="bbox 627 3678 2207 3749">
    <p class='ocr_par' dir='ltr' id='par_1_54' title="bbox 627 3678 2207 3749">
     <span class='ocr_line' id='line_1_54' title="bbox 627 3678 2207 3749; baseline 0 -15"><span class='ocrx_word' id='word_1_386' title='bbox 627 3681 1053 3749; x_wconf 80' lang='lat' dir='ltr'><strong>improbitatem,</strong></span> <span class='ocrx_word' id='word_1_387' title='bbox 1110 3678 1321 3749; x_wconf 82' lang='lat' dir='ltr'><strong>indigni</strong></span> <span class='ocrx_word' id='word_1_388' title='bbox 1355 3679 1530 3732; x_wconf 78' lang='lat' dir='ltr'><strong>videri</strong></span> <span class='ocrx_word' id='word_1_389' title='bbox 1574 3690 1842 3748; x_wconf 85' lang='lat' dir='ltr'><strong>poterant,</strong></span> <span class='ocrx_word' id='word_1_390' title='bbox 1877 3681 2066 3747; x_wconf 85' lang='lat' dir='ltr'><strong>gratiis</strong></span> <span class='ocrx_word' id='word_1_391' title='bbox 2092 3683 2207 3735; x_wconf 88' lang='lat' dir='ltr'><strong>suis</strong></span> 
     </span>
    </p>
   </div>
   <div class='ocr_carea' id='block_1_55' title="bbox 629 3763 2204 3841">
    <p class='ocr_par' dir='ltr' id='par_1_55' title="bbox 629 3763 2204 3841">
     <span class='ocr_line' id='line_1_55' title="bbox 629 3763 2204 3841; baseline 0.003 -18"><span class='ocrx_word' id='word_1_392' title='bbox 629 3772 932 3823; x_wconf 79' lang='lat' dir='ltr'><strong>Ornavcrit.</strong></span> <span class='ocrx_word' id='word_1_393' title='bbox 997 3763 1276 3823; x_wconf 71' lang='lat' dir='ltr'><strong>Caeterum</strong></span> <span class='ocrx_word' id='word_1_394' title='bbox 1322 3770 1551 3838; x_wconf 84' lang='lat' dir='ltr'><strong>Spiritui</strong></span> <span class='ocrx_word' id='word_1_395' title='bbox 1615 3781 1812 3826; x_wconf 85' lang='lat' dir='ltr'><strong>sancto</strong></span> <span class='ocrx_word' id='word_1_396' title='bbox 1894 3772 2204 3841; x_wconf 87' lang='lat' dir='ltr'><strong>hujnsmodi</strong></span> 
     </span>
    </p>
   </div>
   <div class='ocr_carea' id='block_1_56' title="bbox 628 3856 2206 3930">
    <p class='ocr_par' dir='ltr' id='par_1_56' title="bbox 628 3856 2206 3930">
     <span class='ocr_line' id='line_1_56' title="bbox 628 3856 2206 3930; baseline 0.003 -20"><span class='ocrx_word' id='word_1_397' title='bbox 628 3857 910 3928; x_wconf 85' lang='lat' dir='ltr'><strong>privilegia</strong></span> <span class='ocrx_word' id='word_1_398' title='bbox 961 3856 1213 3927; x_wconf 79' lang='lat' dir='ltr'><strong>privatim</strong></span> <span class='ocrx_word' id='word_1_399' title='bbox 1254 3860 1519 3925; x_wconf 83' lang='lat' dir='ltr'><strong>attribuit,</strong></span> <span class='ocrx_word' id='word_1_400' title='bbox 1594 3862 1725 3928; x_wconf 87' lang='lat' dir='ltr'><strong>quia</strong></span> <span class='ocrx_word' id='word_1_401' title='bbox 1771 3861 2012 3930; x_wconf 84' lang='lat' dir='ltr'><strong>Spiritus</strong></span> <span class='ocrx_word' id='word_1_402' title='bbox 2063 3862 2206 3918; x_wconf 86' lang='lat' dir='ltr'><strong>dona</strong></span> 
     </span>
    </p>
   </div>
   <div class='ocr_carea' id='block_1_57' title="bbox 627 3947 2206 4023">
    <p class='ocr_par' dir='ltr' id='par_1_57' title="bbox 627 3947 2206 4023">
     <span class='ocr_line' id='line_1_57' title="bbox 627 3947 2206 4023; baseline 0.005 -21"><span class='ocrx_word' id='word_1_403' title='bbox 627 3957 776 4002; x_wconf 90' lang='lat' dir='ltr'><strong>sunt.</strong></span> <span class='ocrx_word' id='word_1_404' title='bbox 802 3948 879 4003; x_wconf 89' lang='lat' dir='ltr'><strong>Ac</strong></span> <span class='ocrx_word' id='word_1_405' title='bbox 907 3947 1166 4003; x_wconf 84' lang='lat' dir='ltr'><strong>Davidem</strong></span> <span class='ocrx_word' id='word_1_406' title='bbox 1208 3949 1429 4018; x_wconf 84' lang='lat' dir='ltr'><strong>quidem</strong></span> <span class='ocrx_word' id='word_1_407' title='bbox 1466 3961 1736 4020; x_wconf 85' lang='lat' dir='ltr'><strong>pastorem</strong></span> <span class='ocrx_word' id='word_1_408' title='bbox 1792 3953 2024 4018; x_wconf 81' lang='lat' dir='ltr'><strong>vocavit,</strong></span> <span class='ocrx_word' id='word_1_409' title='bbox 2066 3969 2206 4023; x_wconf 90' lang='lat' dir='ltr'><strong>quo-</strong></span> 
     </span>
    </p>
   </div>
   <div class='ocr_carea' id='block_1_58' title="bbox 631 4041 2207 4112">
    <p class='ocr_par' dir='ltr' id='par_1_58' title="bbox 631 4041 2207 4112">
     <span class='ocr_line' id='line_1_58' title="bbox 631 4041 2207 4112; baseline 0.004 -16"><span class='ocrx_word' id='word_1_410' title='bbox 631 4041 775 4096; x_wconf 87' lang='lat' dir='ltr'><strong>niam</strong></span> <span class='ocrx_word' id='word_1_411' title='bbox 822 4042 963 4096; x_wconf 87' lang='lat' dir='ltr'><strong>Deus</strong></span> <span class='ocrx_word' id='word_1_412' title='bbox 992 4055 1058 4095; x_wconf 83' lang='lat' dir='ltr'><strong>ex</strong></span> <span class='ocrx_word' id='word_1_413' title='bbox 1085 4041 1266 4095; x_wconf 90' lang='lat' dir='ltr'><strong>ovium</strong></span> <span class='ocrx_word' id='word_1_414' title='bbox 1301 4043 1556 4112; x_wconf 77' lang='lat' dir='ltr'><strong>gregibus</strong></span> <span class='ocrx_word' id='word_1_415' title='bbox 1575 4053 1629 4096; x_wconf 91' lang='lat' dir='ltr'><strong>ct</strong></span> <span class='ocrx_word' id='word_1_416' title='bbox 1661 4046 1926 4099; x_wconf 88' lang='lat' dir='ltr'><strong>armentis</strong></span> <span class='ocrx_word' id='word_1_417' title='bbox 1956 4060 2078 4099; x_wconf 91' lang='lat' dir='ltr'><strong>eum</strong></span> <span class='ocrx_word' id='word_1_418' title='bbox 2109 4061 2207 4102; x_wconf 82' lang='lat' dir='ltr'><strong>ac-</strong></span> 
     </span>
    </p>
   </div>
   <div class='ocr_carea' id='block_1_59' title="bbox 630 4128 2204 4201">
    <p class='ocr_par' dir='ltr' id='par_1_59' title="bbox 630 4128 2204 4201">
     <span class='ocr_line' id='line_1_59' title="bbox 630 4128 2204 4201; baseline 0.004 -17"><span class='ocrx_word' id='word_1_419' title='bbox 630 4132 799 4200; x_wconf 75' lang='lat' dir='ltr'><strong>cepit,</strong></span> <span class='ocrx_word' id='word_1_420' title='bbox 834 4128 1260 4199; x_wconf 66' lang='lat' dir='ltr'><strong>Jndatorumque</strong></span> <span class='ocrx_word' id='word_1_421' title='bbox 1304 4146 1473 4201; x_wconf 89' lang='lat' dir='ltr'><strong>regno</strong></span> <span class='ocrx_word' id='word_1_422' title='bbox 1523 4131 1809 4200; x_wconf 72' lang='lat' dir='ltr'><strong>praefecit:</strong></span> <span class='ocrx_word' id='word_1_423' title='bbox 1838 4134 2204 4191; x_wconf 79' lang='lat' dir='ltr'><strong>cithartedum</strong></span> 
     </span>
    </p>
   </div>
   <div class='ocr_carea' id='block_1_60' title="bbox 629 4221 2207 4296">
    <p class='ocr_par' dir='ltr' id='par_1_60' title="bbox 629 4221 2207 4296">
     <span class='ocr_line' id='line_1_60' title="bbox 629 4221 2207 4296; baseline 0.005 -21"><span class='ocrx_word' id='word_1_424' title='bbox 629 4234 835 4288; x_wconf 79' lang='lat' dir='ltr'><strong>autem,</strong></span> <span class='ocrx_word' id='word_1_425' title='bbox 861 4232 921 4275; x_wconf 92' lang='lat' dir='ltr'><strong>ut</strong></span> <span class='ocrx_word' id='word_1_426' title='bbox 960 4222 1168 4275; x_wconf 86' lang='lat' dir='ltr'><strong>cithara</strong></span> <span class='ocrx_word' id='word_1_427' title='bbox 1215 4221 1557 4290; x_wconf 86' lang='lat' dir='ltr'><strong>psallentem,</strong></span> <span class='ocrx_word' id='word_1_428' title='bbox 1588 4239 1925 4295; x_wconf 89' lang='lat' dir='ltr'><strong>pravumque</strong></span> <span class='ocrx_word' id='word_1_429' title='bbox 1956 4226 2207 4296; x_wconf 78' lang='lat' dir='ltr'><strong>Spiritum</strong></span> 
     </span>
    </p>
   </div>
   <div class='ocr_carea' id='block_1_61' title="bbox 627 4313 2203 4385">
    <p class='ocr_par' dir='ltr' id='par_1_61' title="bbox 627 4313 2203 4385">
     <span class='ocr_line' id='line_1_61' title="bbox 627 4313 2203 4385; baseline 0.006 -18"><span class='ocrx_word' id='word_1_430' title='bbox 627 4323 682 4367; x_wconf 87' lang='lat' dir='ltr'><strong>ct</strong></span> <span class='ocrx_word' id='word_1_431' title='bbox 702 4315 1027 4377; x_wconf 67' lang='lat' dir='ltr'><strong>daemonem,</strong></span> <span class='ocrx_word' id='word_1_432' title='bbox 1059 4315 1151 4383; x_wconf 89' lang='lat' dir='ltr'><strong>qui</strong></span> <span class='ocrx_word' id='word_1_433' title='bbox 1187 4313 1405 4368; x_wconf 85' lang='lat' dir='ltr'><strong>Sauleut</strong></span> <span class='ocrx_word' id='word_1_434' title='bbox 1435 4314 1782 4383; x_wconf 64' lang='lat' dir='ltr'><strong>prmfocahat,</strong></span> <span class='ocrx_word' id='word_1_435' title='bbox 1811 4318 2203 4385; x_wconf 84' lang='lat' dir='ltr'><strong>incantantem,</strong></span> 
     </span>
    </p>
   </div>
   <div class='ocr_carea' id='block_1_62' title="bbox 2312 1831 3887 1910">
    <p class='ocr_par' dir='ltr' id='par_1_62' title="bbox 2312 1831 3887 1910">
     <span class='ocr_line' id='line_1_62' title="bbox 2312 1831 3887 1910; baseline -0.01 -17"><span class='ocrx_word' id='word_1_436' title='bbox 2312 1840 2506 1910; x_wconf 88' lang='lat' dir='ltr'><strong>capitis</strong></span> <span class='ocrx_word' id='word_1_437' title='bbox 2540 1838 2659 1906; x_wconf 85' lang='lat' dir='ltr'><strong>ejus</strong></span> <span class='ocrx_word' id='word_1_438' title='bbox 2695 1839 2897 1893; x_wconf 86' lang='lat' dir='ltr'><strong>vertice</strong></span> <span class='ocrx_word' id='word_1_439' title='bbox 2925 1837 2995 1892; x_wconf 90' lang='lat' dir='ltr'><strong>ab</strong></span> <span class='ocrx_word' id='word_1_440' title='bbox 3025 1835 3215 1905; x_wconf 87' lang='lat' dir='ltr'><strong>angelo</strong></span> <span class='ocrx_word' id='word_1_441' title='bbox 3237 1846 3477 1901; x_wconf 89' lang='lat' dir='ltr'><strong>arrepto,</strong></span> <span class='ocrx_word' id='word_1_442' title='bbox 3501 1831 3775 1886; x_wconf 84' lang='lat' dir='ltr'><strong>sublimis</strong></span> <span class='ocrx_word' id='word_1_443' title='bbox 3804 1848 3887 1899; x_wconf 68' lang='lat' dir='ltr'><strong>per</strong></span> 
     </span>
    </p>
   </div>
   <div class='ocr_carea' id='block_1_63' title="bbox 2312 1923 3885 1999">
    <p class='ocr_par' dir='ltr' id='par_1_63' title="bbox 2312 1923 3885 1999">
     <span class='ocr_line' id='line_1_63' title="bbox 2312 1923 3885 1999; baseline -0.009 -12"><span class='ocrx_word' id='word_1_444' title='bbox 2312 1946 2493 1988; x_wconf 88' lang='lat' dir='ltr'><strong>aerem</strong></span> <span class='ocrx_word' id='word_1_445' title='bbox 2539 1947 2569 1987; x_wconf 88' lang='lat' dir='ltr'><strong>a</strong></span> <span class='ocrx_word' id='word_1_446' title='bbox 2623 1929 2794 1986; x_wconf 80' lang='lat' dir='ltr'><strong>Judea</strong></span> <span class='ocrx_word' id='word_1_447' title='bbox 2827 1930 2879 1985; x_wconf 92' lang='lat' dir='ltr'><strong>in</strong></span> <span class='ocrx_word' id='word_1_448' title='bbox 2942 1929 3269 1999; x_wconf 78' lang='lat' dir='ltr'><strong>Babylonem</strong></span> <span class='ocrx_word' id='word_1_449' title='bbox 3335 1924 3627 1994; x_wconf 84' lang='lat' dir='ltr'><strong>prandium</strong></span> <span class='ocrx_word' id='word_1_450' title='bbox 3684 1923 3885 1976; x_wconf 61' lang='lat' dir='ltr'><strong>Damt-li</strong></span> 
     </span>
    </p>
   </div>
   <div class='ocr_carea' id='block_1_64' title="bbox 2312 2013 3884 2096">
    <p class='ocr_par' dir='ltr' id='par_1_64' title="bbox 2312 2013 3884 2096">
     <span class='ocr_line' id='line_1_64' title="bbox 2312 2013 3884 2096; baseline -0.009 -17"><span class='ocrx_word' id='word_1_451' title='bbox 2312 2027 2574 2096; x_wconf 87' lang='lat' dir='ltr'><strong>portavit,</strong></span> <span class='ocrx_word' id='word_1_452' title='bbox 2600 2024 2897 2092; x_wconf 88' lang='lat' dir='ltr'><strong>statimque</strong></span> <span class='ocrx_word' id='word_1_453' title='bbox 2926 2022 3128 2077; x_wconf 67' lang='lat' dir='ltr'><strong>iudica:</strong></span> <span class='ocrx_word' id='word_1_454' title='bbox 3162 2020 3445 2074; x_wconf 89' lang='lat' dir='ltr'><strong>restitutus</strong></span> <span class='ocrx_word' id='word_1_455' title='bbox 3469 2024 3580 2071; x_wconf 84' lang='lat' dir='ltr'><strong>est.</strong></span> <span class='ocrx_word' id='word_1_456' title='bbox 3617 2013 3884 2068; x_wconf 77' lang='lat' dir='ltr'><strong>Hactenus</strong></span> 
     </span>
    </p>
   </div>
   <div class='ocr_carea' id='block_1_65' title="bbox 2309 2103 3881 2175">
    <p class='ocr_par' dir='ltr' id='par_1_65' title="bbox 2309 2103 3881 2175">
     <span class='ocr_line' id='line_1_65' title="bbox 2309 2103 3881 2175; baseline -0.01 -1"><span class='ocrx_word' id='word_1_457' title='bbox 2309 2118 2380 2174; x_wconf 87' lang='lat' dir='ltr'><strong>de</strong></span> <span class='ocrx_word' id='word_1_458' title='bbox 2422 2116 2662 2171; x_wconf 78' lang='lat' dir='ltr'><strong>Daniele.</strong></span> <span class='ocrx_word' id='word_1_459' title='bbox 2703 2114 2861 2169; x_wconf 84' lang='lat' dir='ltr'><strong>Nunc</strong></span> <span class='ocrx_word' id='word_1_460' title='bbox 2912 2114 2978 2168; x_wconf 85' lang='lat' dir='ltr'><strong>ad</strong></span> <span class='ocrx_word' id='word_1_461' title='bbox 3012 2122 3218 2167; x_wconf 80' lang='lat' dir='ltr'><strong>textum</strong></span> <span class='ocrx_word' id='word_1_462' title='bbox 3256 2110 3587 2166; x_wconf 85' lang='lat' dir='ltr'><strong>redeamus:</strong></span> <span class='ocrx_word' id='word_1_463' title='bbox 3647 2103 3881 2175; x_wconf 76' lang='lat' dir='ltr'><strong>Spiritus</strong></span> 
     </span>
    </p>
   </div>
   <div class='ocr_carea' id='block_1_66' title="bbox 2309 2198 3881 2276">
    <p class='ocr_par' dir='ltr' id='par_1_66' title="bbox 2309 2198 3881 2276">
     <span class='ocr_line' id='line_1_66' title="bbox 2309 2198 3881 2276; baseline -0.01 -11"><span class='ocrx_word' id='word_1_464' title='bbox 2309 2217 2555 2272; x_wconf 82' lang='lat' dir='ltr'><strong>sanctus,</strong></span> <span class='ocrx_word' id='word_1_465' title='bbox 2618 2207 2814 2276; x_wconf 88' lang='lat' dir='ltr'><strong>inquit,</strong></span> <span class='ocrx_word' id='word_1_466' title='bbox 2856 2206 2902 2260; x_wconf 90' lang='lat' dir='ltr'><strong>si</strong></span> <span class='ocrx_word' id='word_1_467' title='bbox 2951 2205 3248 2274; x_wconf 75' lang='lat' dir='ltr'><strong>piscatores</strong></span> <span class='ocrx_word' id='word_1_468' title='bbox 3301 2200 3598 2263; x_wconf 69' lang='lat' dir='ltr'><strong>invenerit,</strong></span> <span class='ocrx_word' id='word_1_469' title='bbox 3659 2198 3881 2252; x_wconf 78' lang='lat' dir='ltr'><strong>Domino</strong></span> 
     </span>
    </p>
   </div>
   <div class='ocr_carea' id='block_1_67' title="bbox 2310 2290 3877 2369">
    <p class='ocr_par' dir='ltr' id='par_1_67' title="bbox 2310 2290 3877 2369">
     <span class='ocr_line' id='line_1_67' title="bbox 2310 2290 3877 2369; baseline -0.008 -16"><span class='ocrx_word' id='word_1_470' title='bbox 2310 2300 2459 2369; x_wconf 81' lang='lat' dir='ltr'><strong>ipsos</strong></span> <span class='ocrx_word' id='word_1_471' title='bbox 2482 2300 2820 2367; x_wconf 78' lang='lat' dir='ltr'><strong>cxpiscatnr,</strong></span> <span class='ocrx_word' id='word_1_472' title='bbox 2861 2305 2920 2350; x_wconf 89' lang='lat' dir='ltr'><strong>ut</strong></span> <span class='ocrx_word' id='word_1_473' title='bbox 2954 2309 3145 2349; x_wconf 87' lang='lat' dir='ltr'><strong>rursus</strong></span> <span class='ocrx_word' id='word_1_474' title='bbox 3183 2295 3283 2362; x_wconf 90' lang='lat' dir='ltr'><strong>ipsi</strong></span> <span class='ocrx_word' id='word_1_475' title='bbox 3313 2292 3594 2346; x_wconf 88' lang='lat' dir='ltr'><strong>sermonis</strong></span> <span class='ocrx_word' id='word_1_476' title='bbox 3655 2290 3877 2351; x_wconf 79' lang='lat' dir='ltr'><strong>retibus,</strong></span> 
     </span>
    </p>
   </div>
   <div class='ocr_carea' id='block_1_68' title="bbox 2311 2384 3879 2460">
    <p class='ocr_par' dir='ltr' id='par_1_68' title="bbox 2311 2384 3879 2460">
     <span class='ocr_line' id='line_1_68' title="bbox 2311 2384 3879 2460; baseline -0.007 -15"><span class='ocrx_word' id='word_1_477' title='bbox 2311 2390 2364 2445; x_wconf 91' lang='lat' dir='ltr'><strong>id</strong></span> <span class='ocrx_word' id='word_1_478' title='bbox 2394 2402 2499 2452; x_wconf 76' lang='lat' dir='ltr'><strong>cst,</strong></span> <span class='ocrx_word' id='word_1_479' title='bbox 2527 2391 2847 2460; x_wconf 76' lang='lat' dir='ltr'><strong>eVangelica</strong></span> <span class='ocrx_word' id='word_1_480' title='bbox 2898 2387 3307 2458; x_wconf 69' lang='lat' dir='ltr'><strong>prardicatione,</strong></span> <span class='ocrx_word' id='word_1_481' title='bbox 3342 2401 3464 2454; x_wconf 67' lang='lat' dir='ltr'><strong>qua:</strong></span> <span class='ocrx_word' id='word_1_482' title='bbox 3525 2384 3667 2438; x_wconf 78' lang='lat' dir='ltr'><strong>retis</strong></span> <span class='ocrx_word' id='word_1_483' title='bbox 3718 2385 3879 2436; x_wconf 77' lang='lat' dir='ltr'><strong>instar</strong></span> 
     </span>
    </p>
   </div>
   <div class='ocr_carea' id='block_1_69' title="bbox 2308 2478 3880 2542">
    <p class='ocr_par' dir='ltr' id='par_1_69' title="bbox 2308 2478 3880 2542">
     <span class='ocr_line' id='line_1_69' title="bbox 2308 2478 3880 2542; baseline -0.011 0"><span class='ocrx_word' id='word_1_484' title='bbox 2308 2500 2375 2542; x_wconf 80' lang='lat' dir='ltr'><strong>ex</strong></span> <span class='ocrx_word' id='word_1_485' title='bbox 2413 2483 2589 2538; x_wconf 84' lang='lat' dir='ltr'><strong>Veteri</strong></span> <span class='ocrx_word' id='word_1_486' title='bbox 2624 2498 2686 2536; x_wconf 87' lang='lat' dir='ltr'><strong>ac</strong></span> <span class='ocrx_word' id='word_1_487' title='bbox 2710 2481 2860 2535; x_wconf 71' lang='lat' dir='ltr'><strong>Novo</strong></span> <span class='ocrx_word' id='word_1_488' title='bbox 2885 2478 3237 2534; x_wconf 89' lang='lat' dir='ltr'><strong>Testamento</strong></span> <span class='ocrx_word' id='word_1_489' title='bbox 3268 2486 3524 2531; x_wconf 72' lang='lat' dir='ltr'><strong>conti-xta</strong></span> <span class='ocrx_word' id='word_1_490' title='bbox 3584 2485 3692 2538; x_wconf 85' lang='lat' dir='ltr'><strong>est,</strong></span> <span class='ocrx_word' id='word_1_491' title='bbox 3733 2491 3880 2528; x_wconf 70' lang='lat' dir='ltr'><strong>rnat-</strong></span> 
     </span>
    </p>
   </div>
   <div class='ocr_carea' id='block_1_70' title="bbox 2309 2566 3880 2643">
    <p class='ocr_par' dir='ltr' id='par_1_70' title="bbox 2309 2566 3880 2643">
     <span class='ocr_line' id='line_1_70' title="bbox 2309 2566 3880 2643; baseline -0.009 -10"><span class='ocrx_word' id='word_1_492' title='bbox 2309 2580 2439 2633; x_wconf 90' lang='lat' dir='ltr'><strong>dum</strong></span> <span class='ocrx_word' id='word_1_493' title='bbox 2483 2576 2796 2630; x_wconf 86' lang='lat' dir='ltr'><strong>universum</strong></span> <span class='ocrx_word' id='word_1_494' title='bbox 2829 2574 3127 2643; x_wconf 87' lang='lat' dir='ltr'><strong>pisceutur.</strong></span> <span class='ocrx_word' id='word_1_495' title='bbox 3163 2570 3282 2624; x_wconf 83' lang='lat' dir='ltr'><strong>Jam</strong></span> <span class='ocrx_word' id='word_1_496' title='bbox 3343 2585 3477 2624; x_wconf 88' lang='lat' dir='ltr'><strong>vero</strong></span> <span class='ocrx_word' id='word_1_497' title='bbox 3514 2566 3789 2623; x_wconf 63' lang='lat' dir='ltr'><strong>Iacobum</strong></span> <span class='ocrx_word' id='word_1_498' title='bbox 3835 2574 3880 2619; x_wconf 74' lang='lat' dir='ltr'><strong>rt</strong></span> 
     </span>
    </p>
   </div>
   <div class='ocr_carea' id='block_1_71' title="bbox 2308 2660 3880 2732">
    <p class='ocr_par' dir='ltr' id='par_1_71' title="bbox 2308 2660 3880 2732">
     <span class='ocr_line' id='line_1_71' title="bbox 2308 2660 3880 2732; baseline -0.01 -6"><span class='ocrx_word' id='word_1_499' title='bbox 2308 2670 2571 2726; x_wconf 87' lang='lat' dir='ltr'><strong>Joannem</strong></span> <span class='ocrx_word' id='word_1_500' title='bbox 2604 2667 2859 2723; x_wconf 85' lang='lat' dir='ltr'><strong>Christus</strong></span> <span class='ocrx_word' id='word_1_501' title='bbox 2887 2665 3159 2732; x_wconf 85' lang='lat' dir='ltr'><strong>Bauerges</strong></span> <span class='ocrx_word' id='word_1_502' title='bbox 3180 2661 3504 2726; x_wconf 79' lang='lat' dir='ltr'><strong>nominarit,</strong></span> <span class='ocrx_word' id='word_1_503' title='bbox 3534 2662 3585 2714; x_wconf 66' lang='lat' dir='ltr'><strong>ial</strong></span> <span class='ocrx_word' id='word_1_504' title='bbox 3612 2670 3727 2723; x_wconf 87' lang='lat' dir='ltr'><strong>est,</strong></span> <span class='ocrx_word' id='word_1_505' title='bbox 3755 2660 3880 2713; x_wconf 70' lang='lat' dir='ltr'><strong>ﬁlios</strong></span> 
     </span>
    </p>
   </div>
   <div class='ocr_carea' id='block_1_72' title="bbox 2309 2753 3882 2826">
    <p class='ocr_par' dir='ltr' id='par_1_72' title="bbox 2309 2753 3882 2826">
     <span class='ocr_line' id='line_1_72' title="bbox 2309 2753 3882 2826; baseline -0.008 -8"><span class='ocrx_word' id='word_1_506' title='bbox 2309 2762 2543 2818; x_wconf 91' lang='lat' dir='ltr'><strong>tonitrui</strong></span> <span class='ocrx_word' id='word_1_507' title='bbox 2582 2762 2648 2814; x_wconf 83' lang='grc'><strong>⁵¹.</strong></span> <span class='ocrx_word' id='word_1_508' title='bbox 2680 2760 2847 2814; x_wconf 82' lang='lat' dir='ltr'><strong>Porro</strong></span> <span class='ocrx_word' id='word_1_509' title='bbox 2891 2771 3233 2826; x_wconf 88' lang='lat' dir='ltr'><strong>nequaquam</strong></span> <span class='ocrx_word' id='word_1_510' title='bbox 3261 2771 3291 2808; x_wconf 93' lang='lat' dir='ltr'><strong>a</strong></span> <span class='ocrx_word' id='word_1_511' title='bbox 3321 2756 3502 2823; x_wconf 82' lang='lat' dir='ltr'><strong>seipse</strong></span> <span class='ocrx_word' id='word_1_512' title='bbox 3534 2753 3630 2808; x_wconf 85' lang='lat' dir='ltr'><strong>Dei</strong></span> <span class='ocrx_word' id='word_1_513' title='bbox 3664 2754 3882 2822; x_wconf 83' lang='lat' dir='ltr'><strong>sapien-</strong></span> 
     </span>
    </p>
   </div>
   <div class='ocr_carea' id='block_1_73' title="bbox 2311 2846 3883 2916">
    <p class='ocr_par' dir='ltr' id='par_1_73' title="bbox 2311 2846 3883 2916">
     <span class='ocr_line' id='line_1_73' title="bbox 2311 2846 3883 2916; baseline -0.007 -6"><span class='ocrx_word' id='word_1_514' title='bbox 2311 2856 2440 2911; x_wconf 88' lang='lat' dir='ltr'><strong>tiam</strong></span> <span class='ocrx_word' id='word_1_515' title='bbox 2480 2862 2637 2909; x_wconf 87' lang='lat' dir='ltr'><strong>uorat</strong></span> <span class='ocrx_word' id='word_1_516' title='bbox 2690 2851 2952 2915; x_wconf 80' lang='lat' dir='ltr'><strong>Joannes,</strong></span> <span class='ocrx_word' id='word_1_517' title='bbox 2979 2852 3074 2906; x_wconf 84' lang='lat' dir='ltr'><strong>sed</strong></span> <span class='ocrx_word' id='word_1_518' title='bbox 3121 2864 3240 2904; x_wconf 86' lang='lat' dir='ltr'><strong>eam</strong></span> <span class='ocrx_word' id='word_1_519' title='bbox 3270 2852 3472 2902; x_wconf 80' lang='lat' dir='ltr'><strong>virtute</strong></span> <span class='ocrx_word' id='word_1_520' title='bbox 3527 2846 3777 2916; x_wconf 83' lang='lat' dir='ltr'><strong>Spiritus</strong></span> <span class='ocrx_word' id='word_1_521' title='bbox 3812 2856 3883 2899; x_wconf 70' lang='lat' dir='ltr'><strong>est</strong></span> 
     </span>
    </p>
   </div>
   <div class='ocr_carea' id='block_1_74' title="bbox 2309 2938 3884 3012">
    <p class='ocr_par' dir='ltr' id='par_1_74' title="bbox 2309 2938 3884 3012">
     <span class='ocr_line' id='line_1_74' title="bbox 2309 2938 3884 3012; baseline -0.006 -13"><span class='ocrx_word' id='word_1_522' title='bbox 2309 2954 2599 3001; x_wconf 81' lang='lat' dir='ltr'><strong>assecutus</strong></span> <span class='ocrx_word' id='word_1_523' title='bbox 2634 2984 2649 3008; x_wconf 90' lang='lat'><strong>,</strong></span> <span class='ocrx_word' id='word_1_524' title='bbox 2718 2943 2810 3012; x_wconf 90' lang='lat' dir='ltr'><strong>qui</strong></span> <span class='ocrx_word' id='word_1_525' title='bbox 2873 2941 3046 3011; x_wconf 89' lang='lat' dir='ltr'><strong>ipsius</strong></span> <span class='ocrx_word' id='word_1_526' title='bbox 3109 2946 3300 3008; x_wconf 75' lang='lat' dir='ltr'><strong>pectus</strong></span> <span class='ocrx_word' id='word_1_527' title='bbox 3378 2938 3652 3007; x_wconf 82' lang='lat' dir='ltr'><strong>ingressus</strong></span> <span class='ocrx_word' id='word_1_528' title='bbox 3719 2938 3884 2991; x_wconf 77' lang='lat' dir='ltr'><strong>theo-</strong></span> 
     </span>
    </p>
   </div>
   <div class='ocr_carea' id='block_1_75' title="bbox 2309 3030 3883 3104">
    <p class='ocr_par' dir='ltr' id='par_1_75' title="bbox 2309 3030 3883 3104">
     <span class='ocr_line' id='line_1_75' title="bbox 2309 3030 3883 3104; baseline -0.004 -16"><span class='ocrx_word' id='word_1_529' title='bbox 2309 3036 2490 3104; x_wconf 89' lang='lat' dir='ltr'><strong>logum</strong></span> <span class='ocrx_word' id='word_1_530' title='bbox 2588 3050 2714 3091; x_wconf 87' lang='lat' dir='ltr'><strong>eum</strong></span> <span class='ocrx_word' id='word_1_531' title='bbox 2778 3033 3036 3089; x_wconf 83' lang='lat' dir='ltr'><strong>reddidit.</strong></span> <span class='ocrx_word' id='word_1_532' title='bbox 3092 3032 3270 3088; x_wconf 84' lang='lat' dir='ltr'><strong>Verba</strong></span> <span class='ocrx_word' id='word_1_533' title='bbox 3317 3032 3451 3087; x_wconf 89' lang='lat' dir='ltr'><strong>enim</strong></span> <span class='ocrx_word' id='word_1_534' title='bbox 3513 3031 3588 3082; x_wconf 84' lang='lat' dir='ltr'><strong>ita</strong></span> <span class='ocrx_word' id='word_1_535' title='bbox 3642 3030 3883 3098; x_wconf 75' lang='lat' dir='ltr'><strong>grandia</strong></span> 
     </span>
    </p>
   </div>
   <div class='ocr_carea' id='block_1_76' title="bbox 2308 3121 3887 3197">
    <p class='ocr_par' dir='ltr' id='par_1_76' title="bbox 2308 3121 3887 3197">
     <span class='ocr_line' id='line_1_76' title="bbox 2308 3121 3887 3197; baseline -0.005 -15"><span class='ocrx_word' id='word_1_536' title='bbox 2308 3128 2627 3197; x_wconf 84' lang='lat' dir='ltr'><strong>prolocutus</strong></span> <span class='ocrx_word' id='word_1_537' title='bbox 2660 3136 2764 3189; x_wconf 88' lang='lat' dir='ltr'><strong>est,</strong></span> <span class='ocrx_word' id='word_1_538' title='bbox 2804 3136 2863 3180; x_wconf 89' lang='lat' dir='ltr'><strong>ut</strong></span> <span class='ocrx_word' id='word_1_539' title='bbox 2924 3125 2991 3181; x_wconf 89' lang='lat' dir='ltr'><strong>ad</strong></span> <span class='ocrx_word' id='word_1_540' title='bbox 3041 3140 3102 3180; x_wconf 89' lang='lat' dir='ltr'><strong>ea</strong></span> <span class='ocrx_word' id='word_1_541' title='bbox 3150 3125 3298 3179; x_wconf 88' lang='lat' dir='ltr'><strong>nulla</strong></span> <span class='ocrx_word' id='word_1_542' title='bbox 3338 3121 3602 3192; x_wconf 81' lang='lat' dir='ltr'><strong>sapientia</strong></span> <span class='ocrx_word' id='word_1_543' title='bbox 3642 3123 3887 3191; x_wconf 78' lang='lat' dir='ltr'><strong>aspirare</strong></span> 
     </span>
    </p>
   </div>
   <div class='ocr_carea' id='block_1_77' title="bbox 2307 3215 3883 3291">
    <p class='ocr_par' dir='ltr' id='par_1_77' title="bbox 2307 3215 3883 3291">
     <span class='ocr_line' id='line_1_77' title="bbox 2307 3215 3883 3291; baseline -0.006 -16"><span class='ocrx_word' id='word_1_544' title='bbox 2307 3231 2494 3290; x_wconf 85' lang='lat' dir='ltr'><strong>queat.</strong></span> <span class='ocrx_word' id='word_1_545' title='bbox 2535 3221 2635 3277; x_wconf 83' lang='lat' dir='ltr'><strong>Hic</strong></span> <span class='ocrx_word' id='word_1_546' title='bbox 2694 3220 2934 3291; x_wconf 85' lang='lat' dir='ltr'><strong>Spiritus</strong></span> <span class='ocrx_word' id='word_1_547' title='bbox 2982 3228 3207 3274; x_wconf 85' lang='lat' dir='ltr'><strong>sanctus</strong></span> <span class='ocrx_word' id='word_1_548' title='bbox 3249 3216 3466 3272; x_wconf 88' lang='lat' dir='ltr'><strong>etiamsi</strong></span> <span class='ocrx_word' id='word_1_549' title='bbox 3525 3215 3883 3284; x_wconf 71' lang='lat' dir='ltr'><strong>publicanum</strong></span> 
     </span>
    </p>
   </div>
   <div class='ocr_carea' id='block_1_78' title="bbox 2307 3308 3887 3381">
    <p class='ocr_par' dir='ltr' id='par_1_78' title="bbox 2307 3308 3887 3381">
     <span class='ocr_line' id='line_1_78' title="bbox 2307 3308 3887 3381; baseline -0.007 -14"><span class='ocrx_word' id='word_1_550' title='bbox 2307 3314 2580 3381; x_wconf 85' lang='lat' dir='ltr'><strong>acceperit</strong></span> <span class='ocrx_word' id='word_1_551' title='bbox 2637 3314 2684 3346; x_wconf 81' lang='grc'><strong>⁵¹</strong></span> <span class='ocrx_word' id='word_1_552' title='bbox 2738 3313 2901 3366; x_wconf 87' lang='lat' dir='ltr'><strong>modo</strong></span> <span class='ocrx_word' id='word_1_553' title='bbox 2984 3310 3087 3365; x_wconf 83' lang='lat' dir='ltr'><strong>ﬁde</strong></span> <span class='ocrx_word' id='word_1_554' title='bbox 3151 3308 3460 3378; x_wconf 74' lang='lat' dir='ltr'><strong>praeditum,</strong></span> <span class='ocrx_word' id='word_1_555' title='bbox 3521 3309 3710 3376; x_wconf 37' lang='lat' dir='ltr'><strong>qualis</strong></span> <span class='ocrx_word' id='word_1_556' title='bbox 3774 3315 3887 3360; x_wconf 72' lang='lat' dir='ltr'><strong>erat</strong></span> 
     </span>
    </p>
   </div>
   <div class='ocr_carea' id='block_1_79' title="bbox 2309 3399 3886 3472">
    <p class='ocr_par' dir='ltr' id='par_1_79' title="bbox 2309 3399 3886 3472">
     <span class='ocr_line' id='line_1_79' title="bbox 2309 3399 3886 3472; baseline -0.006 -13"><span class='ocrx_word' id='word_1_557' title='bbox 2309 3404 2621 3465; x_wconf 70' lang='lat' dir='ltr'><strong>Matthaaus.</strong></span> <span class='ocrx_word' id='word_1_558' title='bbox 2656 3402 3050 3472; x_wconf 83' lang='lat' dir='ltr'><strong>evangelistam</strong></span> <span class='ocrx_word' id='word_1_559' title='bbox 3100 3409 3272 3467; x_wconf 81' lang='lat' dir='ltr'><strong>creat,</strong></span> <span class='ocrx_word' id='word_1_560' title='bbox 3312 3416 3414 3454; x_wconf 88' lang='lat' dir='ltr'><strong>nec</strong></span> <span class='ocrx_word' id='word_1_561' title='bbox 3458 3399 3572 3468; x_wconf 84' lang='lat' dir='ltr'><strong>jam</strong></span> <span class='ocrx_word' id='word_1_562' title='bbox 3622 3399 3886 3467; x_wconf 64' lang='lat' dir='ltr'><strong>pecuina-</strong></span> 
     </span>
    </p>
   </div>
   <div class='ocr_carea' id='block_1_80' title="bbox 2311 3487 3886 3561">
    <p class='ocr_par' dir='ltr' id='par_1_80' title="bbox 2311 3487 3886 3561">
     <span class='ocr_line' id='line_1_80' title="bbox 2311 3487 3886 3561; baseline -0.004 -11"><span class='ocrx_word' id='word_1_563' title='bbox 2311 3511 2457 3560; x_wconf 88' lang='lat' dir='ltr'><strong>rum,</strong></span> <span class='ocrx_word' id='word_1_564' title='bbox 2484 3497 2578 3550; x_wconf 90' lang='lat' dir='ltr'><strong>sed</strong></span> <span class='ocrx_word' id='word_1_565' title='bbox 2613 3494 2923 3548; x_wconf 91' lang='lat' dir='ltr'><strong>animarum</strong></span> <span class='ocrx_word' id='word_1_566' title='bbox 2962 3494 3350 3561; x_wconf 76' lang='lat' dir='ltr'><strong>negotiatorem</strong></span> <span class='ocrx_word' id='word_1_567' title='bbox 3382 3489 3578 3544; x_wconf 72' lang='lat' dir='ltr'><strong>efﬁcit.</strong></span> <span class='ocrx_word' id='word_1_568' title='bbox 3608 3487 3675 3543; x_wconf 79' lang='lat' dir='ltr'><strong>Si</strong></span> <span class='ocrx_word' id='word_1_569' title='bbox 3705 3505 3886 3558; x_wconf 75' lang='lat' dir='ltr'><strong>perse-</strong></span> 
     </span>
    </p>
   </div>
   <div class='ocr_carea' id='block_1_81' title="bbox 2309 3582 3885 3653">
    <p class='ocr_par' dir='ltr' id='par_1_81' title="bbox 2309 3582 3885 3653">
     <span class='ocr_line' id='line_1_81' title="bbox 2309 3582 3885 3653; baseline -0.004 -12"><span class='ocrx_word' id='word_1_570' title='bbox 2309 3597 2554 3641; x_wconf 87' lang='lat' dir='ltr'><strong>cutorem</strong></span> <span class='ocrx_word' id='word_1_571' title='bbox 2576 3586 2846 3640; x_wconf 86' lang='lat' dir='ltr'><strong>invenerit</strong></span> <span class='ocrx_word' id='word_1_572' title='bbox 2864 3585 3271 3653; x_wconf 86' lang='lat' dir='ltr'><strong>resipiscentem</strong></span> <span class='ocrx_word' id='word_1_573' title='bbox 3291 3582 3538 3651; x_wconf 87' lang='lat' dir='ltr'><strong>gentium</strong></span> <span class='ocrx_word' id='word_1_574' title='bbox 3576 3583 3885 3650; x_wconf 68' lang='lat' dir='ltr'><strong>apostolum</strong></span> 
     </span>
    </p>
   </div>
   <div class='ocr_carea' id='block_1_82' title="bbox 2310 3672 3886 3745">
    <p class='ocr_par' dir='ltr' id='par_1_82' title="bbox 2310 3672 3886 3745">
     <span class='ocr_line' id='line_1_82' title="bbox 2310 3672 3886 3745; baseline -0.004 -15"><span class='ocrx_word' id='word_1_575' title='bbox 2310 3677 2505 3736; x_wconf 86' lang='lat' dir='ltr'><strong>reddit.</strong></span> <span class='ocrx_word' id='word_1_576' title='bbox 2527 3676 2649 3730; x_wconf 84' lang='lat' dir='ltr'><strong>ﬁdei</strong></span> <span class='ocrx_word' id='word_1_577' title='bbox 2676 3690 3003 3745; x_wconf 68' lang='lat' dir='ltr'><strong>praeconem,</strong></span> <span class='ocrx_word' id='word_1_578' title='bbox 3031 3690 3126 3729; x_wconf 88' lang='lat' dir='ltr'><strong>vas</strong></span> <span class='ocrx_word' id='word_1_579' title='bbox 3155 3674 3442 3727; x_wconf 87' lang='lat' dir='ltr'><strong>electionis</strong></span> <span class='ocrx_word' id='word_1_580' title='bbox 3478 3673 3529 3704; x_wconf 81' lang='grc'><strong>⁸³</strong></span> <span class='ocrx_word' id='word_1_581' title='bbox 3560 3688 3629 3726; x_wconf 88' lang='lat' dir='ltr'><strong>ac</strong></span> <span class='ocrx_word' id='word_1_582' title='bbox 3650 3672 3886 3741; x_wconf 74' lang='lat' dir='ltr'><strong>denique</strong></span> 
     </span>
    </p>
   </div>
   <div class='ocr_carea' id='block_1_83' title="bbox 2308 3763 3883 3837">
    <p class='ocr_par' dir='ltr' id='par_1_83' title="bbox 2308 3763 3883 3837">
     <span class='ocr_line' id='line_1_83' title="bbox 2308 3763 3883 3837; baseline -0.004 -15"><span class='ocrx_word' id='word_1_583' title='bbox 2308 3767 2536 3822; x_wconf 84' lang='lat' dir='ltr'><strong>Paulum</strong></span> <span class='ocrx_word' id='word_1_584' title='bbox 2567 3782 2666 3837; x_wconf 92' lang='lat' dir='ltr'><strong>pro</strong></span> <span class='ocrx_word' id='word_1_585' title='bbox 2705 3764 2899 3831; x_wconf 85' lang='lat' dir='ltr'><strong>Saulo,</strong></span> <span class='ocrx_word' id='word_1_586' title='bbox 2929 3768 3033 3821; x_wconf 86' lang='lat' dir='ltr'><strong>hoc</strong></span> <span class='ocrx_word' id='word_1_587' title='bbox 3060 3775 3164 3827; x_wconf 88' lang='lat' dir='ltr'><strong>est,</strong></span> <span class='ocrx_word' id='word_1_588' title='bbox 3198 3780 3297 3833; x_wconf 88' lang='lat' dir='ltr'><strong>pro</strong></span> <span class='ocrx_word' id='word_1_589' title='bbox 3318 3780 3383 3819; x_wconf 91' lang='lat' dir='ltr'><strong>eo</strong></span> <span class='ocrx_word' id='word_1_590' title='bbox 3404 3766 3551 3833; x_wconf 81' lang='lat' dir='ltr'><strong>quod</strong></span> <span class='ocrx_word' id='word_1_591' title='bbox 3584 3763 3883 3821; x_wconf 61' lang='lat' dir='ltr'><strong>Ecclesiae</strong></span> 
     </span>
    </p>
   </div>
   <div class='ocr_carea' id='block_1_84' title="bbox 2308 3858 3886 3928">
    <p class='ocr_par' dir='ltr' id='par_1_84' title="bbox 2308 3858 3886 3928">
     <span class='ocr_line' id='line_1_84' title="bbox 2308 3858 3886 3928; baseline -0.004 -14"><span class='ocrx_word' id='word_1_592' title='bbox 2308 3860 2515 3927; x_wconf 84' lang='lat' dir='ltr'><strong>agitare</strong></span> <span class='ocrx_word' id='word_1_593' title='bbox 2555 3868 2611 3914; x_wconf 87' lang='lat' dir='ltr'><strong>et</strong></span> <span class='ocrx_word' id='word_1_594' title='bbox 2639 3874 2987 3914; x_wconf 86' lang='lat' dir='ltr'><strong>commovere</strong></span> <span class='ocrx_word' id='word_1_595' title='bbox 3015 3858 3248 3922; x_wconf 79' lang='lat' dir='ltr'><strong>solebat,</strong></span> <span class='ocrx_word' id='word_1_596' title='bbox 3296 3859 3545 3928; x_wconf 80' lang='lat' dir='ltr'><strong>requiem</strong></span> <span class='ocrx_word' id='word_1_597' title='bbox 3596 3858 3710 3926; x_wconf 84' lang='lat' dir='ltr'><strong>ipsi</strong></span> <span class='ocrx_word' id='word_1_598' title='bbox 3742 3870 3886 3912; x_wconf 65' lang='lat' dir='ltr'><strong>traao</strong></span> 
     </span>
    </p>
   </div>
   <div class='ocr_carea' id='block_1_85' title="bbox 2308 3951 3882 4022">
    <p class='ocr_par' dir='ltr' id='par_1_85' title="bbox 2308 3951 3882 4022">
     <span class='ocr_line' id='line_1_85' title="bbox 2308 3951 3882 4022; baseline -0.001 -19"><span class='ocrx_word' id='word_1_599' title='bbox 2308 3952 2746 4022; x_wconf 87' lang='lat' dir='ltr'><strong>quillitatemque</strong></span> <span class='ocrx_word' id='word_1_600' title='bbox 2778 3960 3187 4021; x_wconf 87' lang='lat' dir='ltr'><strong>procurantem,</strong></span> <span class='ocrx_word' id='word_1_601' title='bbox 3236 3958 3459 4020; x_wconf 84' lang='lat' dir='ltr'><strong>tamque</strong></span> <span class='ocrx_word' id='word_1_602' title='bbox 3515 3951 3586 4005; x_wconf 85' lang='lat' dir='ltr'><strong>ad</strong></span> <span class='ocrx_word' id='word_1_603' title='bbox 3629 3952 3882 4020; x_wconf 67' lang='lat' dir='ltr'><strong>pietati-ra</strong></span> 
     </span>
    </p>
   </div>
   <div class='ocr_carea' id='block_1_86' title="bbox 2308 4040 3877 4108">
    <p class='ocr_par' dir='ltr' id='par_1_86' title="bbox 2308 4040 3877 4108">
     <span class='ocr_line' id='line_1_86' title="bbox 2308 4040 3877 4108; baseline 0.001 -14"><span class='ocrx_word' id='word_1_604' title='bbox 2308 4056 2490 4095; x_wconf 82' lang='lat' dir='ltr'><strong>acrem</strong></span> <span class='ocrx_word' id='word_1_605' title='bbox 2524 4050 2579 4095; x_wconf 91' lang='lat' dir='ltr'><strong>et</strong></span> <span class='ocrx_word' id='word_1_606' title='bbox 2636 4041 2958 4106; x_wconf 66' lang='lat' dir='ltr'><strong>tumentem,</strong></span> <span class='ocrx_word' id='word_1_607' title='bbox 3003 4054 3171 4108; x_wconf 88' lang='lat' dir='ltr'><strong>quam</strong></span> <span class='ocrx_word' id='word_1_608' title='bbox 3228 4040 3296 4093; x_wconf 90' lang='lat' dir='ltr'><strong>ad</strong></span> <span class='ocrx_word' id='word_1_609' title='bbox 3335 4041 3527 4093; x_wconf 84' lang='lat' dir='ltr'><strong>vitium</strong></span> <span class='ocrx_word' id='word_1_610' title='bbox 3577 4040 3877 4099; x_wconf 64' lang='lat' dir='ltr'><strong>invenerat.</strong></span> 
     </span>
    </p>
   </div>
   <div class='ocr_carea' id='block_1_87' title="bbox 2308 4131 3881 4203">
    <p class='ocr_par' dir='ltr' id='par_1_87' title="bbox 2308 4131 3881 4203">
     <span class='ocr_line' id='line_1_87' title="bbox 2308 4131 3881 4203; baseline 0.001 -16"><span class='ocrx_word' id='word_1_611' title='bbox 2308 4142 2471 4202; x_wconf 87' lang='lat' dir='ltr'><strong>atque</strong></span> <span class='ocrx_word' id='word_1_612' title='bbox 2486 4143 2791 4203; x_wconf 88' lang='lat' dir='ltr'><strong>acceperat.</strong></span> <span class='ocrx_word' id='word_1_613' title='bbox 2815 4131 3003 4188; x_wconf 80' lang='lat' dir='ltr'><strong>Zetum</strong></span> <span class='ocrx_word' id='word_1_614' title='bbox 3020 4131 3191 4196; x_wconf 86' lang='lat' dir='ltr'><strong>enim,</strong></span> <span class='ocrx_word' id='word_1_615' title='bbox 3209 4146 3321 4201; x_wconf 89' lang='lat' dir='ltr'><strong>quo</strong></span> <span class='ocrx_word' id='word_1_616' title='bbox 3350 4132 3416 4186; x_wconf 86' lang='lat' dir='ltr'><strong>ad</strong></span> <span class='ocrx_word' id='word_1_617' title='bbox 3443 4135 3881 4200; x_wconf 64' lang='lat' dir='ltr'><strong>persecutiones</strong></span> 
     </span>
    </p>
   </div>
   <div class='ocr_carea' id='block_1_88' title="bbox 2309 4216 3888 4295">
    <p class='ocr_par' dir='ltr' id='par_1_88' title="bbox 2309 4216 3888 4295">
     <span class='ocr_line' id='line_1_88' title="bbox 2309 4216 3888 4295; baseline 0.001 -15"><span class='ocrx_word' id='word_1_618' title='bbox 2309 4226 2606 4288; x_wconf 79' lang='lat' dir='ltr'><strong>ferebatur,</strong></span> <span class='ocrx_word' id='word_1_619' title='bbox 2635 4216 2705 4283; x_wconf 87' lang='lat' dir='ltr'><strong>ad</strong></span> <span class='ocrx_word' id='word_1_620' title='bbox 2747 4228 2999 4295; x_wconf 88' lang='lat' dir='ltr'><strong>pietatem</strong></span> <span class='ocrx_word' id='word_1_621' title='bbox 3037 4227 3338 4282; x_wconf 85' lang='lat' dir='ltr'><strong>transtulit.</strong></span> <span class='ocrx_word' id='word_1_622' title='bbox 3398 4226 3500 4282; x_wconf 76' lang='lat' dir='ltr'><strong>Hic</strong></span> <span class='ocrx_word' id='word_1_623' title='bbox 3553 4239 3611 4283; x_wconf 88' lang='lat' dir='ltr'><strong>et</strong></span> <span class='ocrx_word' id='word_1_624' title='bbox 3654 4231 3888 4285; x_wconf 49' lang='lat' dir='ltr'><strong>lenitate</strong></span> 
     </span>
    </p>
   </div>
   <div class='ocr_carea' id='block_1_89' title="bbox 2308 4317 3890 4391">
    <p class='ocr_par' dir='ltr' id='par_1_89' title="bbox 2308 4317 3890 4391">
     <span class='ocr_line' id='line_1_89' title="bbox 2308 4317 3890 4391; baseline 0.003 -18"><span class='ocrx_word' id='word_1_625' title='bbox 2308 4330 2391 4373; x_wconf 79' lang='lat' dir='ltr'><strong>est</strong></span> <span class='ocrx_word' id='word_1_626' title='bbox 2417 4317 2658 4386; x_wconf 90' lang='lat' dir='ltr'><strong>Spiritus</strong></span> <span class='ocrx_word' id='word_1_627' title='bbox 2676 4320 2772 4391; x_wconf 89' lang='lat' dir='ltr'><strong>(ait</strong></span> <span class='ocrx_word' id='word_1_628' title='bbox 2796 4321 2943 4374; x_wconf 90' lang='lat' dir='ltr'><strong>enim</strong></span> <span class='ocrx_word' id='word_1_629' title='bbox 2974 4320 3175 4375; x_wconf 85' lang='lat' dir='ltr'><strong>Paulus</strong></span> <span class='ocrx_word' id='word_1_630' title='bbox 3204 4320 3272 4375; x_wconf 90' lang='lat' dir='ltr'><strong>de</strong></span> <span class='ocrx_word' id='word_1_631' title='bbox 3284 4336 3371 4383; x_wconf 92' lang='lat' dir='ltr'><strong>eo,</strong></span> <span class='ocrx_word' id='word_1_632' title='bbox 3389 4321 3483 4389; x_wconf 89' lang='lat' dir='ltr'><strong>qui</strong></span> <span class='ocrx_word' id='word_1_633' title='bbox 3504 4335 3890 4391; x_wconf 68' lang='lat' dir='ltr'><strong>praeocupatas</strong></span> 
     </span>
    </p>
   </div>
   <div class='ocr_carea' id='block_1_90' title="bbox 627 4402 3891 4482">
    <p class='ocr_par' dir='ltr' id='par_1_90' title="bbox 627 4402 3891 4482">
     <span class='ocr_line' id='line_1_90' title="bbox 627 4402 3891 4482; baseline 0.003 -26"><span class='ocrx_word' id='word_1_634' title='bbox 627 4402 1084 4472; x_wconf 59' lang='lat' dir='ltr'><strong>quemadmodum</strong></span> <span class='ocrx_word' id='word_1_635' title='bbox 1125 4404 1302 4473; x_wconf 88' lang='lat' dir='ltr'><strong>priuto</strong></span> <span class='ocrx_word' id='word_1_636' title='bbox 1362 4405 1500 4458; x_wconf 87' lang='lat' dir='ltr'><strong>libro</strong></span> <span class='ocrx_word' id='word_1_637' title='bbox 1537 4405 1742 4476; x_wconf 78' lang='lat' dir='ltr'><strong>Regum</strong></span> <span class='ocrx_word' id='word_1_638' title='bbox 1770 4409 2067 4477; x_wconf 62' lang='lat' dir='ltr'><strong>iproditum</strong></span> <span class='ocrx_word' id='word_1_639' title='bbox 2099 4412 2193 4465; x_wconf 47' lang='lat' dir='ltr'><strong>hac</strong></span> <span class='ocrx_word' id='word_1_640' title='bbox 2231 4411 2276 4465; x_wconf 76' lang='grc' dir='ltr'><strong>υ</strong></span> <span class='ocrx_word' id='word_1_641' title='bbox 2305 4419 2388 4464; x_wconf 88' lang='lat' dir='ltr'><strong>est</strong></span> <span class='ocrx_word' id='word_1_642' title='bbox 2432 4412 2485 4463; x_wconf 93' lang='lat' dir='ltr'><strong>in</strong></span> <span class='ocrx_word' id='word_1_643' title='bbox 2523 4412 2711 4480; x_wconf 85' lang='lat' dir='ltr'><strong>aliquo</strong></span> <span class='ocrx_word' id='word_1_644' title='bbox 2757 4414 2958 4468; x_wconf 85' lang='lat' dir='ltr'><strong>delicto</strong></span> <span class='ocrx_word' id='word_1_645' title='bbox 2994 4429 3009 4466; x_wconf 90' lang='lat'><strong>:</strong></span> <span class='ocrx_word' id='word_1_646' title='bbox 3063 4410 3184 4468; x_wconf 76' lang='lat' dir='ltr'><strong>Vos.</strong></span> <span class='ocrx_word' id='word_1_647' title='bbox 3218 4414 3311 4482; x_wconf 81' lang='lat' dir='ltr'><strong>qui</strong></span> <span class='ocrx_word' id='word_1_648' title='bbox 3367 4414 3690 4481; x_wconf 66' lang='lat' dir='ltr'><strong>spiritui“</strong></span> <span class='ocrx_word' id='word_1_649' title='bbox 3748 4417 3891 4472; x_wconf 70' lang='lat' dir='ltr'><strong>estis,</strong></span> 
     </span>
    </p>
   </div>
   <div class='ocr_carea' id='block_1_91' title="bbox 626 4493 2204 4570">
    <p class='ocr_par' dir='ltr' id='par_1_91' title="bbox 626 4493 2204 4570">
     <span class='ocr_line' id='line_1_91' title="bbox 626 4493 2204 4570; baseline 0.004 -23"><span class='ocrx_word' id='word_1_650' title='bbox 626 4493 808 4549; x_wconf 86' lang='lat' dir='ltr'><strong>betur.</strong></span> <span class='ocrx_word' id='word_1_651' title='bbox 839 4495 1008 4549; x_wconf 85' lang='lat' dir='ltr'><strong>Amos</strong></span> <span class='ocrx_word' id='word_1_652' title='bbox 1037 4504 1217 4549; x_wconf 89' lang='lat' dir='ltr'><strong>autem</strong></span> <span class='ocrx_word' id='word_1_653' title='bbox 1244 4496 1529 4563; x_wconf 87' lang='lat' dir='ltr'><strong>caprarius</strong></span> <span class='ocrx_word' id='word_1_654' title='bbox 1560 4507 1698 4560; x_wconf 80' lang='lat' dir='ltr'><strong>erat,</strong></span> <span class='ocrx_word' id='word_1_655' title='bbox 1745 4508 1804 4551; x_wconf 91' lang='lat' dir='ltr'><strong>ut</strong></span> <span class='ocrx_word' id='word_1_656' title='bbox 1840 4499 1955 4568; x_wconf 90' lang='lat' dir='ltr'><strong>ipse</strong></span> <span class='ocrx_word' id='word_1_657' title='bbox 1990 4516 2204 4570; x_wconf 84' lang='lat' dir='ltr'><strong>quoque</strong></span> 
     </span>
    </p>
   </div>
   <div class='ocr_carea' id='block_1_92' title="bbox 626 4584 2199 4661">
    <p class='ocr_par' dir='ltr' id='par_1_92' title="bbox 626 4584 2199 4661">
     <span class='ocr_line' id='line_1_92' title="bbox 626 4584 2199 4661; baseline 0.004 -24"><span class='ocrx_word' id='word_1_658' title='bbox 626 4586 695 4638; x_wconf 90' lang='lat' dir='ltr'><strong>de</strong></span> <span class='ocrx_word' id='word_1_659' title='bbox 747 4601 807 4640; x_wconf 86' lang='lat' dir='ltr'><strong>se</strong></span> <span class='ocrx_word' id='word_1_660' title='bbox 839 4594 1068 4639; x_wconf 85' lang='lat' dir='ltr'><strong>testatur</strong></span> <span class='ocrx_word' id='word_1_661' title='bbox 1101 4602 1115 4638; x_wconf 85' lang='lat' dir='ltr'><strong>z</strong></span> <span class='ocrx_word' id='word_1_662' title='bbox 1151 4584 1273 4638; x_wconf 86' lang='lat' dir='ltr'><strong>Non</strong></span> <span class='ocrx_word' id='word_1_663' title='bbox 1318 4602 1486 4652; x_wconf 83' lang='lat' dir='ltr'><strong>erant,</strong></span> <span class='ocrx_word' id='word_1_664' title='bbox 1537 4588 1732 4658; x_wconf 86' lang='lat' dir='ltr'><strong>inquit,</strong></span> <span class='ocrx_word' id='word_1_665' title='bbox 1783 4590 2035 4659; x_wconf 82' lang='lat' dir='ltr'><strong>propheta</strong></span> <span class='ocrx_word' id='word_1_666' title='bbox 2086 4608 2199 4661; x_wconf 79' lang='lat' dir='ltr'><strong>ego,</strong></span> 
     </span>
    </p>
   </div>
   <div class='ocr_carea' id='block_1_93' title="bbox 627 4674 2202 4746">
    <p class='ocr_par' dir='ltr' id='par_1_93' title="bbox 627 4674 2202 4746">
     <span class='ocr_line' id='line_1_93' title="bbox 627 4674 2202 4746; baseline 0.006 -20"><span class='ocrx_word' id='word_1_667' title='bbox 627 4690 716 4727; x_wconf 80' lang='lat' dir='ltr'><strong>nec</strong></span> <span class='ocrx_word' id='word_1_668' title='bbox 792 4674 936 4743; x_wconf 69' lang='lat' dir='ltr'><strong>ﬁlius</strong></span> <span class='ocrx_word' id='word_1_669' title='bbox 989 4674 1276 4743; x_wconf 62' lang='lat' dir='ltr'><strong>prop/tem,</strong></span> <span class='ocrx_word' id='word_1_670' title='bbox 1329 4677 1420 4729; x_wconf 78' lang='lat' dir='ltr'><strong>sed</strong></span> <span class='ocrx_word' id='word_1_671' title='bbox 1474 4681 1747 4746; x_wconf 78' lang='lat' dir='ltr'><strong>caprarius</strong></span> <span class='ocrx_word' id='word_1_672' title='bbox 1832 4696 1979 4734; x_wconf 81' lang='lat' dir='ltr'><strong>eram</strong></span> <span class='ocrx_word' id='word_1_673' title='bbox 2027 4697 2202 4735; x_wconf 75' lang='lat' dir='ltr'><strong>moros</strong></span> 
     </span>
    </p>
   </div>
   <div class='ocr_carea' id='block_1_94' title="bbox 626 4763 2200 4836">
    <p class='ocr_par' dir='ltr' id='par_1_94' title="bbox 626 4763 2200 4836">
     <span class='ocr_line' id='line_1_94' title="bbox 626 4763 2200 4836; baseline 0.007 -19"><span class='ocrx_word' id='word_1_674' title='bbox 626 4763 847 4828; x_wconf 78' lang='lat' dir='ltr'><strong>vellens,</strong></span> <span class='ocrx_word' id='word_1_675' title='bbox 905 4773 954 4817; x_wconf 82' lang='lat' dir='ltr'><strong>ct</strong></span> <span class='ocrx_word' id='word_1_676' title='bbox 981 4767 1205 4834; x_wconf 78' lang='lat' dir='ltr'><strong>suscepit</strong></span> <span class='ocrx_word' id='word_1_677' title='bbox 1256 4783 1334 4819; x_wconf 87' lang='lat' dir='ltr'><strong>me</strong></span> <span class='ocrx_word' id='word_1_678' title='bbox 1380 4766 1640 4822; x_wconf 78' lang='lat' dir='ltr'><strong>Dominus</strong></span> <span class='ocrx_word' id='word_1_679' title='bbox 1669 4771 1739 4825; x_wconf 85' lang='grc'><strong>⁸⁰.</strong></span> <span class='ocrx_word' id='word_1_680' title='bbox 1782 4773 1984 4836; x_wconf 76' lang='grc' dir='ltr'><strong>κνίζειν</strong></span> <span class='ocrx_word' id='word_1_681' title='bbox 2017 4783 2200 4828; x_wconf 78' lang='lat' dir='ltr'><strong>autem</strong></span> 
     </span>
    </p>
   </div>
   <div class='ocr_carea' id='block_1_95' title="bbox 626 4855 2197 4929">
    <p class='ocr_par' dir='ltr' id='par_1_95' title="bbox 626 4855 2197 4929">
     <span class='ocr_line' id='line_1_95' title="bbox 626 4855 2197 4929; baseline 0.008 -21"><span class='ocrx_word' id='word_1_682' title='bbox 626 4855 794 4926; x_wconf 84' lang='lat' dir='ltr'><strong>(quod</strong></span> <span class='ocrx_word' id='word_1_683' title='bbox 843 4872 1024 4924; x_wconf 85' lang='lat' dir='ltr'><strong>capere</strong></span> <span class='ocrx_word' id='word_1_684' title='bbox 1068 4857 1330 4911; x_wconf 81' lang='lat' dir='ltr'><strong>vertimus</strong></span> <span class='ocrx_word' id='word_1_685' title='bbox 1395 4860 1537 4915; x_wconf 81' lang='lat' dir='ltr'><strong>idem</strong></span> <span class='ocrx_word' id='word_1_686' title='bbox 1600 4869 1681 4914; x_wconf 86' lang='lat' dir='ltr'><strong>est</strong></span> <span class='ocrx_word' id='word_1_687' title='bbox 1720 4862 1869 4929; x_wconf 88' lang='lat' dir='ltr'><strong>quod</strong></span> <span class='ocrx_word' id='word_1_688' title='bbox 1920 4879 2197 4920; x_wconf 85' lang='lat' dir='ltr'><strong>mororum</strong></span> 
     </span>
    </p>
   </div>
   <div class='ocr_carea' id='block_1_96' title="bbox 626 4947 2192 5020">
    <p class='ocr_par' dir='ltr' id='par_1_96' title="bbox 626 4947 2192 5020">
     <span class='ocr_line' id='line_1_96' title="bbox 626 4947 2192 5020; baseline 0.008 -21"><span class='ocrx_word' id='word_1_689' title='bbox 626 4947 750 5000; x_wconf 87' lang='lat' dir='ltr'><strong>l&#39;olia</strong></span> <span class='ocrx_word' id='word_1_690' title='bbox 774 4949 1091 5003; x_wconf 84' lang='lat' dir='ltr'><strong>abscindere</strong></span> <span class='ocrx_word' id='word_1_691' title='bbox 1107 4950 1175 5003; x_wconf 88' lang='lat' dir='ltr'><strong>ad</strong></span> <span class='ocrx_word' id='word_1_692' title='bbox 1198 4965 1485 5020; x_wconf 86' lang='lat' dir='ltr'><strong>caprarum</strong></span> <span class='ocrx_word' id='word_1_693' title='bbox 1516 4952 1853 5008; x_wconf 88' lang='lat' dir='ltr'><strong>alimoniam.</strong></span> <span class='ocrx_word' id='word_1_694' title='bbox 1873 4953 2009 5009; x_wconf 89' lang='lat' dir='ltr'><strong>Sunt</strong></span> <span class='ocrx_word' id='word_1_695' title='bbox 2027 4957 2192 5012; x_wconf 86' lang='lat' dir='ltr'><strong>etiam</strong></span> 
     </span>
    </p>
   </div>
   <div class='ocr_carea' id='block_1_97' title="bbox 623 5039 2193 5119">
    <p class='ocr_par' dir='ltr' id='par_1_97' title="bbox 623 5039 2193 5119">
     <span class='ocr_line' id='line_1_97' title="bbox 623 5039 2193 5119; baseline 0.009 -30"><span class='ocrx_word' id='word_1_696' title='bbox 623 5039 715 5107; x_wconf 85' lang='lat' dir='ltr'><strong>qui</strong></span> <span class='ocrx_word' id='word_1_697' title='bbox 745 5049 938 5108; x_wconf 83' lang='lat' dir='ltr'><strong>putent</strong></span> <span class='ocrx_word' id='word_1_698' title='bbox 963 5040 1065 5095; x_wconf 89' lang='lat' dir='ltr'><strong>hoc</strong></span> <span class='ocrx_word' id='word_1_699' title='bbox 1093 5042 1319 5096; x_wconf 86' lang='lat' dir='ltr'><strong>verbum</strong></span> <span class='ocrx_word' id='word_1_700' title='bbox 1356 5044 1497 5097; x_wconf 89' lang='lat' dir='ltr'><strong>idem</strong></span> <span class='ocrx_word' id='word_1_701' title='bbox 1528 5059 1668 5110; x_wconf 82' lang='lat' dir='ltr'><strong>esse,</strong></span> <span class='ocrx_word' id='word_1_702' title='bbox 1693 5049 1835 5113; x_wconf 87' lang='lat' dir='ltr'><strong>quod</strong></span> <span class='ocrx_word' id='word_1_703' title='bbox 1862 5063 2193 5119; x_wconf 81' lang='lat' dir='ltr'><strong>perpurgare</strong></span> 
     </span>
    </p>
   </div>
   <div class='ocr_carea' id='block_1_98' title="bbox 623 5133 2194 5209">
    <p class='ocr_par' dir='ltr' id='par_1_98' title="bbox 623 5133 2194 5209">
     <span class='ocr_line' id='line_1_98' title="bbox 623 5133 2194 5209; baseline 0.006 -26"><span class='ocrx_word' id='word_1_704' title='bbox 623 5137 678 5183; x_wconf 88' lang='lat' dir='ltr'><strong>ct</strong></span> <span class='ocrx_word' id='word_1_705' title='bbox 700 5146 890 5185; x_wconf 84' lang='lat' dir='ltr'><strong>curare</strong></span> <span class='ocrx_word' id='word_1_706' title='bbox 929 5133 1242 5200; x_wconf 88' lang='lat' dir='ltr'><strong>hujusmodi</strong></span> <span class='ocrx_word' id='word_1_707' title='bbox 1264 5135 1525 5200; x_wconf 84' lang='lat' dir='ltr'><strong>arbores,</strong></span> <span class='ocrx_word' id='word_1_708' title='bbox 1559 5136 1738 5190; x_wconf 89' lang='lat' dir='ltr'><strong>cibum</strong></span> <span class='ocrx_word' id='word_1_709' title='bbox 1775 5140 2026 5206; x_wconf 83' lang='lat' dir='ltr'><strong>gregibus</strong></span> <span class='ocrx_word' id='word_1_710' title='bbox 2059 5157 2194 5209; x_wconf 80' lang='lat' dir='ltr'><strong>snp-</strong></span> 
     </span>
    </p>
   </div>
   <div class='ocr_carea' id='block_1_99' title="bbox 626 5223 2195 5297">
    <p class='ocr_par' dir='ltr' id='par_1_99' title="bbox 626 5223 2195 5297">
     <span class='ocr_line' id='line_1_99' title="bbox 626 5223 2195 5297; baseline 0.008 -24"><span class='ocrx_word' id='word_1_711' title='bbox 626 5223 952 5292; x_wconf 83' lang='lat' dir='ltr'><strong>peditantes.</strong></span> <span class='ocrx_word' id='word_1_712' title='bbox 1004 5224 1241 5294; x_wconf 72' lang='lat' dir='ltr'><strong>Cyrinus</strong></span> <span class='ocrx_word' id='word_1_713' title='bbox 1286 5235 1464 5280; x_wconf 85' lang='lat' dir='ltr'><strong>autem</strong></span> <span class='ocrx_word' id='word_1_714' title='bbox 1493 5229 1716 5297; x_wconf 81' lang='lat' dir='ltr'><strong>exponit</strong></span> <span class='ocrx_word' id='word_1_715' title='bbox 1741 5229 2053 5284; x_wconf 79' lang='lat' dir='ltr'><strong>abscindere</strong></span> <span class='ocrx_word' id='word_1_716' title='bbox 2084 5247 2195 5285; x_wconf 81' lang='lat' dir='ltr'><strong>ma-</strong></span> 
     </span>
    </p>
   </div>
   <div class='ocr_carea' id='block_1_100' title="bbox 692 5374 1875 5448">
    <p class='ocr_par' dir='ltr' id='par_1_100' title="bbox 692 5374 1875 5448">
     <span class='ocr_line' id='line_1_100' title="bbox 692 5374 1875 5448; baseline 0.003 -16"><span class='ocrx_word' id='word_1_717' title='bbox 692 5376 737 5407; x_wconf 82' lang='lat'><strong>&quot;</strong></span> <span class='ocrx_word' id='word_1_718' title='bbox 768 5374 927 5448; x_wconf 61' lang='lat' dir='ltr'><strong>Joan.</strong></span> <span class='ocrx_word' id='word_1_719' title='bbox 958 5395 1043 5442; x_wconf 87' lang='lat' dir='ltr'><strong>tn,</strong></span> <span class='ocrx_word' id='word_1_720' title='bbox 1079 5380 1133 5434; x_wconf 80' lang='lat'><strong>5.</strong></span> <span class='ocrx_word' id='word_1_721' title='bbox 1240 5379 1288 5413; x_wconf 73' lang='grc'><strong>⁸⁸</strong></span> <span class='ocrx_word' id='word_1_722' title='bbox 1313 5382 1459 5437; x_wconf 87' lang='lat' dir='ltr'><strong>Psal.</strong></span> <span class='ocrx_word' id='word_1_723' title='bbox 1485 5396 1749 5448; x_wconf 61' lang='lat' dir='ltr'><strong>cxxxvm,</strong></span> <span class='ocrx_word' id='word_1_724' title='bbox 1792 5384 1875 5438; x_wconf 83' lang='lat' dir='ltr'><strong>l6.</strong></span> 
     </span>
    </p>
   </div>
   <div class='ocr_carea' id='block_1_101' title="bbox 650 5446 1888 5518">
    <p class='ocr_par' dir='ltr' id='par_1_101' title="bbox 650 5446 1888 5518">
     <span class='ocr_line' id='line_1_101' title="bbox 650 5446 1888 5518; baseline 0.01 -20"><span class='ocrx_word' id='word_1_725' title='bbox 650 5463 724 5504; x_wconf 73' lang='grc' dir='ltr'><strong>ιχ.</strong></span> <span class='ocrx_word' id='word_1_726' title='bbox 758 5446 811 5500; x_wconf 85' lang='grc'><strong>9.</strong></span> <span class='ocrx_word' id='word_1_727' title='bbox 889 5450 935 5480; x_wconf 86' lang='grc'><strong><em>⁵³</em></strong></span> <span class='ocrx_word' id='word_1_728' title='bbox 974 5452 1093 5504; x_wconf 83' lang='lat' dir='ltr'><strong>Act.</strong></span> <span class='ocrx_word' id='word_1_729' title='bbox 1129 5468 1207 5515; x_wconf 74' lang='grc' dir='ltr'>ιι.</span> <span class='ocrx_word' id='word_1_730' title='bbox 1246 5451 1337 5507; x_wconf 77' lang='lat' dir='ltr'><strong>l5.</strong></span> <span class='ocrx_word' id='word_1_731' title='bbox 1414 5453 1460 5484; x_wconf 71' lang='grc'>⁵⁸</span> <span class='ocrx_word' id='word_1_732' title='bbox 1493 5452 1673 5508; x_wconf 81' lang='lat' dir='ltr'><strong>Galat.</strong></span> <span class='ocrx_word' id='word_1_733' title='bbox 1706 5446 1781 5518; x_wconf 12' lang='lat' dir='ltr'><strong>vit,</strong></span> <span class='ocrx_word' id='word_1_734' title='bbox 1834 5458 1888 5510; x_wconf 79' lang='grc'><strong>1.</strong></span> 
     </span>
    </p>
   </div>
   <div class='ocr_carea' id='block_1_102' title="bbox 1989 5386 2351 5457">
    <p class='ocr_par' dir='ltr' id='par_1_102' title="bbox 1989 5386 2351 5457">
     <span class='ocr_line' id='line_1_102' title="bbox 1989 5386 2351 5457; baseline -0.006 -18"><span class='ocrx_word' id='word_1_735' title='bbox 1989 5388 2034 5457; x_wconf 48' lang='grc' dir='ltr'><strong>ἓν</strong></span> <span class='ocrx_word' id='word_1_736' title='bbox 2068 5386 2196 5457; x_wconf 87' lang='lat' dir='ltr'><strong>Sap.</strong></span> <span class='ocrx_word' id='word_1_737' title='bbox 2234 5403 2272 5453; x_wconf 89' lang='lat' dir='ltr'><strong>t,</strong></span> <span class='ocrx_word' id='word_1_738' title='bbox 2297 5387 2351 5440; x_wconf 89' lang='lat'><strong>6.</strong></span> 
     </span>
    </p>
   </div>
   <div class='ocr_carea' id='block_1_103' title="bbox 1962 5456 2396 5523">
    <p class='ocr_par' dir='ltr' id='par_1_103' title="bbox 1962 5456 2396 5523">
     <span class='ocr_line' id='line_1_103' title="bbox 1962 5456 2396 5523; baseline -0.002 -12"><span class='ocrx_word' id='word_1_739' title='bbox 1962 5456 2009 5487; x_wconf 78' lang='lat'>&quot;</span> <span class='ocrx_word' id='word_1_740' title='bbox 2035 5456 2161 5512; x_wconf 80' lang='lat' dir='ltr'><strong>Cor.</strong></span> <span class='ocrx_word' id='word_1_741' title='bbox 2198 5474 2273 5523; x_wconf 89' lang='lat' dir='ltr'><strong>tv,</strong></span> <span class='ocrx_word' id='word_1_742' title='bbox 2306 5459 2396 5512; x_wconf 69' lang='lat'><strong>21.</strong></span> 
     </span>
    </p>
   </div>
   <div class='ocr_carea' id='block_1_104' title="bbox 2300 4503 3891 4573">
    <p class='ocr_par' dir='ltr' id='par_1_104' title="bbox 2300 4503 3891 4573">
     <span class='ocr_line' id='line_1_104' title="bbox 2300 4503 3891 4573; baseline 0.001 -18"><span class='ocrx_word' id='word_1_743' title='bbox 2300 4504 2551 4558; x_wconf 76' lang='lat' dir='ltr'><strong>instruite</strong></span> <span class='ocrx_word' id='word_1_744' title='bbox 2584 4504 2888 4572; x_wconf 72' lang='lat' dir='ltr'><strong>Imjurmodi</strong></span> <span class='ocrx_word' id='word_1_745' title='bbox 2925 4506 3188 4558; x_wconf 80' lang='lat' dir='ltr'><strong>hominem</strong></span> <span class='ocrx_word' id='word_1_746' title='bbox 3223 4508 3278 4559; x_wconf 77' lang='lat' dir='ltr'><strong>in</strong></span> <span class='ocrx_word' id='word_1_747' title='bbox 3319 4503 3527 4573; x_wconf 73' lang='lat' dir='ltr'><strong>Spiritu</strong></span> <span class='ocrx_word' id='word_1_748' title='bbox 3562 4504 3808 4558; x_wconf 70' lang='lat' dir='ltr'><strong>lenitatis</strong></span> <span class='ocrx_word' id='word_1_749' title='bbox 3826 4507 3891 4557; x_wconf 68' lang='grc'><strong>⁸⁸.</strong></span> 
     </span>
    </p>
   </div>
   <div class='ocr_carea' id='block_1_105' title="bbox 2301 4595 3891 4663">
    <p class='ocr_par' dir='ltr' id='par_1_105' title="bbox 2301 4595 3891 4663">
     <span class='ocr_line' id='line_1_105' title="bbox 2301 4595 3891 4663; baseline -0.001 -14"><span class='ocrx_word' id='word_1_750' title='bbox 2301 4595 2366 4649; x_wconf 81' lang='lat' dir='ltr'><strong>Et</strong></span> <span class='ocrx_word' id='word_1_751' title='bbox 2396 4612 2589 4651; x_wconf 87' lang='lat' dir='ltr'><strong>rursus</strong></span> <span class='ocrx_word' id='word_1_752' title='bbox 2615 4615 2630 4652; x_wconf 86' lang='lat'><strong>:</strong></span> <span class='ocrx_word' id='word_1_753' title='bbox 2666 4597 2808 4661; x_wconf 79' lang='lat' dir='ltr'><strong>Quid</strong></span> <span class='ocrx_word' id='word_1_754' title='bbox 2841 4597 2994 4650; x_wconf 82' lang='lat' dir='ltr'><strong>vultis</strong></span> <span class='ocrx_word' id='word_1_755' title='bbox 3016 4599 3043 4650; x_wconf 71' lang='grc'><em>2</em></span> <span class='ocrx_word' id='word_1_756' title='bbox 3075 4598 3132 4648; x_wconf 71' lang='lat' dir='ltr'><strong>in</strong></span> <span class='ocrx_word' id='word_1_757' title='bbox 3158 4597 3306 4663; x_wconf 77' lang='lat' dir='ltr'><strong>uirga</strong></span> <span class='ocrx_word' id='word_1_758' title='bbox 3336 4600 3543 4650; x_wconf 66' lang='lat' dir='ltr'><strong>veniatur</strong></span> <span class='ocrx_word' id='word_1_759' title='bbox 3576 4600 3651 4649; x_wconf 81' lang='lat' dir='ltr'><strong>ad</strong></span> <span class='ocrx_word' id='word_1_760' title='bbox 3680 4615 3796 4659; x_wconf 72' lang='lat' dir='ltr'><strong>eos,</strong></span> <span class='ocrx_word' id='word_1_761' title='bbox 3828 4614 3891 4648; x_wconf 77' lang='grc' dir='ltr'>σι</span> 
     </span>
    </p>
   </div>
   <div class='ocr_carea' id='block_1_106' title="bbox 2300 4685 3892 4755">
    <p class='ocr_par' dir='ltr' id='par_1_106' title="bbox 2300 4685 3892 4755">
     <span class='ocr_line' id='line_1_106' title="bbox 2300 4685 3892 4755; baseline 0.001 -15"><span class='ocrx_word' id='word_1_762' title='bbox 2300 4687 2353 4740; x_wconf 81' lang='lat' dir='ltr'><strong>in</strong></span> <span class='ocrx_word' id='word_1_763' title='bbox 2383 4685 2643 4739; x_wconf 79' lang='lat' dir='ltr'><strong>citaritate</strong></span> <span class='ocrx_word' id='word_1_764' title='bbox 2673 4698 2720 4738; x_wconf 78' lang='lat' dir='ltr'><strong>et</strong></span> <span class='ocrx_word' id='word_1_765' title='bbox 2753 4685 2955 4755; x_wconf 80' lang='lat' dir='ltr'><strong>Spiritu</strong></span> <span class='ocrx_word' id='word_1_766' title='bbox 2987 4687 3225 4741; x_wconf 76' lang='lat' dir='ltr'><strong>lenitatis</strong></span> <span class='ocrx_word' id='word_1_767' title='bbox 3252 4688 3319 4749; x_wconf 83' lang='grc'><strong>⁸⁸,</strong></span> <span class='ocrx_word' id='word_1_768' title='bbox 3353 4696 3407 4742; x_wconf 89' lang='lat' dir='ltr'><strong>et</strong></span> <span class='ocrx_word' id='word_1_769' title='bbox 3435 4696 3621 4741; x_wconf 85' lang='lat' dir='ltr'><strong>tamen</strong></span> <span class='ocrx_word' id='word_1_770' title='bbox 3661 4689 3722 4741; x_wconf 86' lang='lat' dir='ltr'><strong>in</strong></span> <span class='ocrx_word' id='word_1_771' title='bbox 3781 4708 3892 4747; x_wconf 65' lang='lat' dir='ltr'><strong>cm.</strong></span> 
     </span>
    </p>
   </div>
   <div class='ocr_carea' id='block_1_107' title="bbox 2301 4777 3897 4848">
    <p class='ocr_par' dir='ltr' id='par_1_107' title="bbox 2301 4777 3897 4848">
     <span class='ocr_line' id='line_1_107' title="bbox 2301 4777 3897 4848; baseline 0.004 -19"><span class='ocrx_word' id='word_1_772' title='bbox 2301 4777 2392 4846; x_wconf 92' lang='lat' dir='ltr'><strong>qui</strong></span> <span class='ocrx_word' id='word_1_773' title='bbox 2427 4785 2676 4846; x_wconf 87' lang='lat' dir='ltr'><strong>peccant,</strong></span> <span class='ocrx_word' id='word_1_774' title='bbox 2717 4779 3023 4836; x_wconf 88' lang='lat' dir='ltr'><strong>incitatur:</strong></span> <span class='ocrx_word' id='word_1_775' title='bbox 3085 4777 3199 4848; x_wconf 72' lang='lat' dir='ltr'><strong>Ipsi</strong></span> <span class='ocrx_word' id='word_1_776' title='bbox 3231 4779 3401 4842; x_wconf 89' lang='lat' dir='ltr'><strong>enim,</strong></span> <span class='ocrx_word' id='word_1_777' title='bbox 3450 4781 3657 4848; x_wconf 85' lang='lat' dir='ltr'><strong>inquit,</strong></span> <span class='ocrx_word' id='word_1_778' title='bbox 3704 4780 3897 4844; x_wconf 59' lang='lat' dir='ltr'><strong>Isaias,</strong></span> 
     </span>
    </p>
   </div>
   <div class='ocr_carea' id='block_1_108' title="bbox 2305 4867 3898 4940">
    <p class='ocr_par' dir='ltr' id='par_1_108' title="bbox 2305 4867 3898 4940">
     <span class='ocr_line' id='line_1_108' title="bbox 2305 4867 3898 4940; baseline 0.001 -19"><span class='ocrx_word' id='word_1_779' title='bbox 2305 4879 2636 4923; x_wconf 73' lang='lat' dir='ltr'><strong>contumaces</strong></span> <span class='ocrx_word' id='word_1_780' title='bbox 2661 4868 2895 4937; x_wconf 78' lang='lat' dir='ltr'><strong>fuerunt.</strong></span> <span class='ocrx_word' id='word_1_781' title='bbox 2928 4882 2980 4922; x_wconf 82' lang='lat' dir='ltr'><strong>et</strong></span> <span class='ocrx_word' id='word_1_782' title='bbox 3007 4867 3267 4938; x_wconf 81' lang='lat' dir='ltr'><strong>Spiritum</strong></span> <span class='ocrx_word' id='word_1_783' title='bbox 3297 4880 3543 4923; x_wconf 71' lang='lat' dir='ltr'><strong>sanctum</strong></span> <span class='ocrx_word' id='word_1_784' title='bbox 3598 4873 3784 4940; x_wconf 69' lang='lat' dir='ltr'><strong>ipsius</strong></span> <span class='ocrx_word' id='word_1_785' title='bbox 3836 4874 3898 4923; x_wconf 73' lang='lat' dir='ltr'><strong>ad</strong></span> 
     </span>
    </p>
   </div>
   <div class='ocr_carea' id='block_1_109' title="bbox 2302 4960 3900 5032">
    <p class='ocr_par' dir='ltr' id='par_1_109' title="bbox 2302 4960 3900 5032">
     <span class='ocr_line' id='line_1_109' title="bbox 2302 4960 3900 5032; baseline 0.002 -19"><span class='ocrx_word' id='word_1_786' title='bbox 2302 4960 2633 5013; x_wconf 82' lang='lat' dir='ltr'><strong>iracundiam</strong></span> <span class='ocrx_word' id='word_1_787' title='bbox 2657 4971 3006 5028; x_wconf 73' lang='lat' dir='ltr'><strong>procurarunt</strong></span> <span class='ocrx_word' id='word_1_788' title='bbox 3026 4963 3096 5016; x_wconf 84' lang='grc'><strong>⁸⁸.</strong></span> <span class='ocrx_word' id='word_1_789' title='bbox 3117 4962 3237 5014; x_wconf 87' lang='lat' dir='ltr'><strong>Non</strong></span> <span class='ocrx_word' id='word_1_790' title='bbox 3254 4962 3402 5031; x_wconf 84' lang='lat' dir='ltr'><strong>quod</strong></span> <span class='ocrx_word' id='word_1_791' title='bbox 3424 4977 3619 5015; x_wconf 77' lang='lat' dir='ltr'><strong>revera</strong></span> <span class='ocrx_word' id='word_1_792' title='bbox 3648 4961 3900 5032; x_wconf 76' lang='lat' dir='ltr'><strong>Spiritus</strong></span> 
     </span>
    </p>
   </div>
   <div class='ocr_carea' id='block_1_110' title="bbox 2302 5051 3897 5120">
    <p class='ocr_par' dir='ltr' id='par_1_110' title="bbox 2302 5051 3897 5120">
     <span class='ocr_line' id='line_1_110' title="bbox 2302 5051 3897 5120; baseline 0.003 -16"><span class='ocrx_word' id='word_1_793' title='bbox 2302 5051 2383 5104; x_wconf 89' lang='lat' dir='ltr'><strong>ira</strong></span> <span class='ocrx_word' id='word_1_794' title='bbox 2414 5063 2821 5105; x_wconf 85' lang='lat' dir='ltr'><strong>commoveatur</strong></span> <span class='ocrx_word' id='word_1_795' title='bbox 2857 5056 2980 5120; x_wconf 89' lang='lat' dir='ltr'><strong>(nec</strong></span> <span class='ocrx_word' id='word_1_796' title='bbox 3009 5053 3154 5106; x_wconf 88' lang='lat' dir='ltr'><strong>enim</strong></span> <span class='ocrx_word' id='word_1_797' title='bbox 3188 5054 3241 5106; x_wconf 88' lang='lat' dir='ltr'><strong>itt</strong></span> <span class='ocrx_word' id='word_1_798' title='bbox 3286 5054 3456 5106; x_wconf 85' lang='lat' dir='ltr'><strong>Deum</strong></span> <span class='ocrx_word' id='word_1_799' title='bbox 3501 5053 3758 5110; x_wconf 66' lang='lat' dir='ltr'><strong>allectos</strong></span> <span class='ocrx_word' id='word_1_800' title='bbox 3806 5071 3897 5108; x_wconf 80' lang='lat' dir='ltr'><strong>ca-</strong></span> 
     </span>
    </p>
   </div>
   <div class='ocr_carea' id='block_1_111' title="bbox 2302 5140 3903 5213">
    <p class='ocr_par' dir='ltr' id='par_1_111' title="bbox 2302 5140 3903 5213">
     <span class='ocr_line' id='line_1_111' title="bbox 2302 5140 3903 5213; baseline 0.003 -21"><span class='ocrx_word' id='word_1_801' title='bbox 2302 5142 2461 5212; x_wconf 86' lang='lat' dir='ltr'><strong>dunt)</strong></span> <span class='ocrx_word' id='word_1_802' title='bbox 2493 5144 2586 5195; x_wconf 87' lang='lat' dir='ltr'><strong>sed</strong></span> <span class='ocrx_word' id='word_1_803' title='bbox 2621 5142 2749 5210; x_wconf 90' lang='lat' dir='ltr'><strong>quia</strong></span> <span class='ocrx_word' id='word_1_804' title='bbox 2801 5140 3100 5213; x_wconf 63' lang='lat' dir='ltr'><strong>Scriptura:</strong></span> <span class='ocrx_word' id='word_1_805' title='bbox 3152 5144 3421 5198; x_wconf 75' lang='lat' dir='ltr'><strong>familiare</strong></span> <span class='ocrx_word' id='word_1_806' title='bbox 3478 5153 3588 5211; x_wconf 85' lang='lat' dir='ltr'><strong>est,</strong></span> <span class='ocrx_word' id='word_1_807' title='bbox 3646 5148 3903 5201; x_wconf 79' lang='lat' dir='ltr'><strong>humano</strong></span> 
     </span>
    </p>
   </div>
   <div class='ocr_carea' id='block_1_112' title="bbox 2303 5233 3904 5313">
    <p class='ocr_par' dir='ltr' id='par_1_112' title="bbox 2303 5233 3904 5313">
     <span class='ocr_line' id='line_1_112' title="bbox 2303 5233 3904 5313; baseline 0.003 -27"><span class='ocrx_word' id='word_1_808' title='bbox 2303 5248 2455 5287; x_wconf 87' lang='lat' dir='ltr'><strong>more</strong></span> <span class='ocrx_word' id='word_1_809' title='bbox 2487 5235 2543 5288; x_wconf 90' lang='lat' dir='ltr'><strong>in</strong></span> <span class='ocrx_word' id='word_1_810' title='bbox 2566 5233 2749 5288; x_wconf 87' lang='lat' dir='ltr'><strong>divina</strong></span> <span class='ocrx_word' id='word_1_811' title='bbox 2805 5244 3010 5313; x_wconf 69' lang='lat' dir='ltr'><strong>natura</strong></span> <span class='ocrx_word' id='word_1_812' title='bbox 3061 5252 3152 5292; x_wconf 87' lang='lat' dir='ltr'><strong>res</strong></span> <span class='ocrx_word' id='word_1_813' title='bbox 3206 5236 3521 5306; x_wconf 87' lang='lat' dir='ltr'><strong>hujusmodi</strong></span> <span class='ocrx_word' id='word_1_814' title='bbox 3583 5236 3904 5293; x_wconf 68' lang='lat' dir='ltr'><strong>informare</strong></span> 
     </span>
    </p>
   </div>
   <div class='ocr_carea' id='block_1_113' title="bbox 2462 5389 2937 5449">
    <p class='ocr_par' dir='ltr' id='par_1_113' title="bbox 2462 5389 2937 5449">
     <span class='ocr_line' id='line_1_113' title="bbox 2462 5389 2937 5449; baseline 0.008 -9"><span class='ocrx_word' id='word_1_815' title='bbox 2462 5389 2507 5419; x_wconf 78' lang='grc' dir='ltr'><strong>⁵ο</strong></span> <span class='ocrx_word' id='word_1_816' title='bbox 2541 5391 2706 5442; x_wconf 72' lang='lat' dir='ltr'><strong>Amos</strong></span> <span class='ocrx_word' id='word_1_817' title='bbox 2739 5407 2809 5449; x_wconf 74' lang='lat' dir='ltr'><strong>vr,</strong></span> <span class='ocrx_word' id='word_1_818' title='bbox 2850 5392 2937 5446; x_wconf 70' lang='lat'><strong>15.</strong></span> 
     </span>
    </p>
   </div>
   <div class='ocr_carea' id='block_1_114' title="bbox 2472 5458 2960 5526">
    <p class='ocr_par' dir='ltr' id='par_1_114' title="bbox 2472 5458 2960 5526">
     <span class='ocr_line' id='line_1_114' title="bbox 2472 5458 2960 5526; baseline 0.014 -17"><span class='ocrx_word' id='word_1_819' title='bbox 2472 5459 2519 5491; x_wconf 75' lang='grc'><strong>⁸⁸</strong></span> <span class='ocrx_word' id='word_1_820' title='bbox 2544 5458 2650 5511; x_wconf 84' lang='lat' dir='ltr'><strong>lsa.</strong></span> <span class='ocrx_word' id='word_1_821' title='bbox 2673 5475 2827 5526; x_wconf 76' lang='lat' dir='ltr'><strong>thtt,</strong></span> <span class='ocrx_word' id='word_1_822' title='bbox 2872 5464 2960 5516; x_wconf 85' lang='lat' dir='ltr'><strong>l0.</strong></span> 
     </span>
    </p>
   </div>
   <div class='ocr_carea' id='block_1_115' title="bbox 3046 5393 3904 5458">
    <p class='ocr_par' dir='ltr' id='par_1_115' title="bbox 3046 5393 3904 5458">
     <span class='ocr_line' id='line_1_115' title="bbox 3046 5393 3904 5458; baseline 0.001 -12"><span class='ocrx_word' id='word_1_823' title='bbox 3046 5393 3091 5425; x_wconf 84' lang='grc'><strong>³¹</strong></span> <span class='ocrx_word' id='word_1_824' title='bbox 3120 5393 3287 5449; x_wconf 83' lang='lat' dir='ltr'><strong>Marc.</strong></span> <span class='ocrx_word' id='word_1_825' title='bbox 3322 5404 3403 5458; x_wconf 82' lang='lat' dir='ltr'><strong>in,</strong></span> <span class='ocrx_word' id='word_1_826' title='bbox 3439 5395 3531 5447; x_wconf 77' lang='grc'><strong>17.</strong></span> <span class='ocrx_word' id='word_1_827' title='bbox 3608 5395 3657 5428; x_wconf 83' lang='grc'><strong><em>³³</em></strong></span> <span class='ocrx_word' id='word_1_828' title='bbox 3695 5398 3904 5452; x_wconf 68' lang='lat' dir='ltr'><strong>Matth.</strong></span> 
     </span>
    </p>
   </div>
   <div class='ocr_carea' id='block_1_116' title="bbox 694 5602 3906 5693">
    <p class='ocr_par' dir='ltr' id='par_1_116' title="bbox 694 5602 3906 5693">
     <span class='ocr_line' id='line_1_116' title="bbox 694 5602 3906 5693; baseline 0.007 -34"><span class='ocrx_word' id='word_1_829' title='bbox 694 5602 1127 5693; x_wconf 26' lang='lat' dir='ltr'><strong>t3i$)ullt_tculoco</strong></span> <span class='ocrx_word' id='word_1_830' title='bbox 1163 5606 1380 5687; x_wconf 61' lang='lat' dir='ltr'><strong>Hicetas</strong></span> <span class='ocrx_word' id='word_1_831' title='bbox 1415 5608 1684 5666; x_wconf 73' lang='lat' dir='ltr'><strong>Susanna:</strong></span> <span class='ocrx_word' id='word_1_832' title='bbox 1710 5608 1993 5664; x_wconf 78' lang='lat' dir='ltr'><strong>hismriam</strong></span> <span class='ocrx_word' id='word_1_833' title='bbox 2021 5610 2297 5668; x_wconf 76' lang='lat' dir='ltr'><strong>fusissime</strong></span> <span class='ocrx_word' id='word_1_834' title='bbox 2348 5614 2717 5684; x_wconf 86' lang='lat' dir='ltr'><strong>prosequitur,</strong></span> <span class='ocrx_word' id='word_1_835' title='bbox 2737 5633 2901 5687; x_wconf 83' lang='lat' dir='ltr'><strong>quam</strong></span> <span class='ocrx_word' id='word_1_836' title='bbox 2958 5634 3080 5684; x_wconf 86' lang='lat' dir='ltr'><strong>nos,</strong></span> <span class='ocrx_word' id='word_1_837' title='bbox 3128 5619 3457 5675; x_wconf 69' lang='lat' dir='ltr'><strong>utentibus</strong></span> <span class='ocrx_word' id='word_1_838' title='bbox 3512 5622 3906 5693; x_wconf 77' lang='lat' dir='ltr'><strong>notissimam,</strong></span> 
     </span>
    </p>
   </div>
   <div class='ocr_carea' id='block_1_117' title="bbox 625 5677 1362 5732">
    <p class='ocr_par' dir='ltr' id='par_1_117' title="bbox 625 5677 1362 5732">
     <span class='ocr_line' id='line_1_117' title="bbox 625 5677 1362 5732; baseline 0.007 -5"><span class='ocrx_word' id='word_1_839' title='bbox 625 5677 1035 5729; x_wconf 61' lang='lat' dir='ltr'><strong>transiliendum</strong></span> <span class='ocrx_word' id='word_1_840' title='bbox 1084 5678 1362 5732; x_wconf 70' lang='lat' dir='ltr'><strong>duximus.</strong></span> 
     </span>
    </p>
   </div>
  </div>
