3996 6206
322 316 457 379 Ξ4⁸ιτ

311 523 654 590 dignitatem,
690 520 742 576 id
778 530 880 585 est,
912 521 1053 588 quod
1087 521 1331 590 ejusdem
1369 521 1439 575 sit
1476 536 1601 575 cum
1648 518 1808 574 Patre
1833 527 1887 574 et

314 613 462 667 Filio
514 614 851 679 substantiae,
901 612 1156 683 quodque
1205 615 1275 667 sit
1326 612 1600 677 Deus,'ne
1634 612 1893 682 implaca-

316 705 501 759 bilitcr
533 704 857 759 irascentem
889 719 1011 758 eum
1048 704 1231 759 videre
1258 704 1510 760 velimus.
1544 703 1681 758 Nam
1712 702 1803 773 qui
1832 702 1889 756 in

315 797 581 866 Spiritum
617 808 867 851 sanctum
921 794 1396 867 hiasphcmaverit,
1430 795 1552 850 huic
1584 809 1725 849 noxa
1781 806 1888 847 non

313 890 645 944 remittetur.
685 888 783 943 llic
814 904 899 943 me
929 904 1147 959 quoque
1204 888 1397 942 fortem
1444 896 1499 941 et
1557 884 1888 956 intrepidum

313 980 760 1036 concionatorcm
797 977 997 1035 reddit.
1033 978 1211 1049 Atque
1244 988 1476 1048 utroque
1506 978 1728 1032 nomine
1781 976 1890 1031 Deo

316 1070 389 1125 sit
426 1068 620 1138 gratia,
651 1067 766 1123 sive
788 1066 919 1137 quid
946 1068 1016 1123 ab
1036 1069 1417 1123 haarcticouum
1451 1066 1664 1122 insidiis
1694 1065 1889 1135 patiar,

317 1159 437 1212 sive
464 1158 627 1214 nullis
666 1156 879 1229 injuriis
914 1157 1144 1214 alliciar.
1197 1156 1332 1212 Nam
1390 1157 1436 1213 si
1495 1156 1630 1211 nihil
1697 1170 1890 1226 passus

317 1248 499 1316 fuero,
537 1251 737 1319 gratias
770 1250 880 1305 Deo
909 1266 1031 1322 ago,
1078 1252 1223 1321 quod
1257 1250 1397 1306 Deus
1430 1250 1519 1316 iis,
1552 1251 1644 1321 qui
1687 1263 1770 1301 me
1803 1248 1889 1302 in-

322 1342 499 1396 visum
534 1343 750 1407 habent,
804 1343 1127 1412 pepercerit,
1157 1358 1257 1398 nec
1287 1357 1383 1398 eos
1439 1341 1707 1412 sanguine
1738 1353 1889 1394 com-

323 1433 584 1488 maculari
619 1433 928 1503 permiserit
960 1452 975 1489 :
1021 1435 1107 1490 sin
1143 1441 1325 1489 autem
1381 1449 1574 1503 passus
1603 1432 1780 1497 luero,
1812 1430 1895 1485 sic

318 1540 538 1594 quoque
567 1527 769 1595 gratias
812 1540 935 1596 ago,
967 1524 1113 1595 quod
1155 1526 1256 1580 hoc
1288 1524 1418 1579 mihi
1455 1521 1815 1578 institutionis
1840 1530 1895 1575 et

321 1615 588 1671 doctrinae
633 1616 916 1686 praemium
981 1616 1177 1683 datur,
1216 1625 1275 1671 ut
1309 1630 1407 1686 per
1439 1615 1726 1686 sanguinis
1765 1629 1888 1682 per-

323 1706 596 1761 fusionem
628 1708 740 1761 vita
771 1706 1057 1777 defungar.

395 1796 515 1852 Col.
543 1797 647 1853 450
664 1799 728 1852 Α.
755 1798 822 1851 At
852 1815 971 1853 vero
998 1799 1189 1870 linguis
1213 1800 1465 1863 externis,
1492 1813 1553 1851 ac
1584 1813 1685 1852 non
1708 1814 1894 1852 verna-

319 1888 476 1956 culis,
504 1890 728 1958 apostoli
755 1888 1120 1959 loquebantur,
1141 1899 1247 1945 etc.
1266 1889 1322 1943 In
1351 1890 1500 1945 Actis
1525 1888 1894 1961 apostolorum

321 1981 588 2050 scriptum
610 1990 691 2037 est
718 1998 732 2035 :
761 1979 1037 2052 Cmperunt
1063 1982 1209 2053 loqui
1242 1981 1366 2035 aliis
1394 1982 1588 2052 linguis
1602 1981 1671 2044 δ’,
1708 1979 1757 2034 id
1789 1990 1894 2047 est,

319 2073 657 2140 auditorum,
697 2088 760 2128 ac
791 2089 899 2128 non
932 2072 1145 2143 patriis.
1179 2070 1365 2139 Neque
1388 2073 1531 2126 enim
1558 2072 1895 2125 audientium

320 2163 539 2233 linguae,
572 2179 760 2219 eorum
789 2164 884 2234 qui
937 2164 1321 2235 loquebantur,
1367 2166 1556 2234 patria:
1586 2173 1761 2219 erant.
1820 2165 1897 2220 Ac

323 2260 645 2310 miraculum
672 2272 735 2310 ea
760 2272 847 2311 res
874 2255 1120 2321 habebat,
1147 2257 1291 2325 quod
1310 2255 1538 2323 apostoli
1563 2271 1895 2323 sermonem,

318 2360 481 2414 quem
504 2344 726 2399 minimc
750 2345 1071 2408 didicerant,
1095 2344 1478 2414 loquebantur,
1525 2354 1599 2409 et,
1639 2354 1698 2398 ut
1751 2345 1897 2412 Apo-

320 2434 494 2489 stolus
517 2435 623 2488 ait:
659 2433 875 2504 Lingua:
894 2437 949 2488 in
974 2436 1180 2505 signum
1207 2443 1356 2488 erant
1384 2451 1486 2489 non
1509 2434 1776 2502 ﬁdelibus,
1802 2435 1895 2488 sed

319 2526 622 2596 inﬁdelibus
646 2526 714 2591 ⁸⁸,
748 2539 807 2580 ut
838 2530 1050 2597 signum
1078 2527 1181 2581 hoc
1236 2527 1369 2597 ipsis
1398 2529 1450 2580 in
1487 2528 1895 2582 accusationem

319 2620 558 2680 cederet,
592 2618 872 2687 quoniam,
900 2634 969 2673 ne
997 2619 1098 2672 hoc
1130 2618 1351 2688 quidem
1378 2620 1537 2688 signo
1568 2619 1703 2685 viso,
1738 2620 1896 2672 [idem

319 2711 557 2780 amplexi
588 2720 735 2775 sunt,
761 2710 904 2764 sicut
939 2710 1202 2777 scriptum
1231 2719 1315 2763 est
1349 2728 1362 2764 :
1399 2704 1663 2775 Quoniam
1691 2711 1745 2764 in
1771 2700 1895 2764 aliis

318 2802 512 2871 linguis
544 2801 733 2873 loquar
759 2803 826 2869 ",
864 2813 969 2858 etc.
998 2802 1099 2858 Ubi
1128 2814 1308 2856 autem
1360 2804 1448 2858 hic
1482 2804 1637 2858 locus
1664 2803 1896 2858 habetur

318 2894 742 2966 Chrysostomus
797 2896 1014 2965 quidem
1072 2895 1237 2949 verba
1278 2896 1394 2950 haec
1454 2895 1609 2950 Isaia:
1656 2897 1888 2962 tribuit;

316 2996 573 3041 cazlerum
602 2986 745 3056 apud
772 2985 964 3041 Isaiam
1003 3000 1112 3039 non
1148 2987 1517 3054 reperiuntur.
1576 2985 1766 3054 Itaque
1806 2985 1891 3039 vel

319 3078 589 3132 malitiose
625 3080 874 3132 submota
904 3087 1051 3143 sunt,
1081 3077 1164 3132 vel
1216 3081 1317 3146 per"
1337 3077 1668 3132 oblivionem
1711 3086 1892 3131 trans-
1915 3102 1961 3166 ρ

322 3181 514 3222 missa.

389 3258 531 3314 lbid.
558 3255 856 3311 Audiebant
897 3265 1095 3309 autem.
1144 3252 1334 3309 Verum
1369 3253 1453 3305 Itic
1490 3253 1708 3321 paulum
1762 3269 1890 3307 con-

318 3354 468 3419 siste,
500 3362 610 3406 ctc.
644 3349 760 3405 lloc
790 3363 1009 3419 quoque
1046 3362 1113 3401 ex
1139 3347 1401 3399 Actorum
1434 3345 1576 3399 libro
1616 3358 1890 3415 sumptum

320 3454 405 3499 est
436 3460 451 3497 :
481 3442 744 3497 Audiebat
788 3456 883 3496 sua
917 3439 1131 3509 quisque
1160 3436 1342 3508 lingua
1397 3452 1483 3490 eos
1521 3439 1784 3507 loquentes
1823 3435 1890 3487 ⁶⁰.

320 3536 390 3589 At
413 3533 724 3605 Tbeologus
757 3531 1059 3593 addubitat,
1098 3544 1209 3600 quo
1242 3537 1399 3600 pacto
1427 3526 1755 3598 ambiguitas
1791 3527 1893 3581 hoc

323 3628 442 3681 loco
481 3637 775 3678 occurrens
814 3621 1192 3690 distinguenda
1227 3629 1282 3674 et
1332 3618 1591 3673 solvenda
1624 3618 1715 3684 sit,
1772 3632 1894 3685 qua:

321 3715 758 3785 interpunctione
787 3712 1062 3777 dividitur,
1096 3711 1274 3777 idest,
1312 3708 1664 3773 discernitur,
1726 3723 1893 3778 atque

322 3806 657 3861 dissolvitur.
693 3802 1001 3872 Propositis
1027 3789 1358 3872 itaque,.per
1386 3797 1887 3868 interrogationem,

322 3898 529 3953 duabus
552 3896 938 3961 solutionibus,
956 3894 1210 3950 secundat
1241 3892 1509 3948 calculum
1529 3906 1689 3948 suum
1715 3891 1887 3944 addit:

326 3988 512 4043 Utrum
545 3988 711 4051 enim,
734 3988 934 4056 inquit,
967 4000 1074 4040 una
1098 3985 1319 4055 quidem
1363 3983 1663 4051 eademque
1704 3982 1890 4053 lingua

319 4079 682 4150 loquebantur
740 4076 991 4147 apostoli,
1057 4091 1243 4130 verum
1297 4074 1649 4129 audientibus
1702 4075 1890 4128 multa:

321 4171 540 4233 ﬁebant,
575 4180 687 4223 tum
709 4174 929 4238 propter
958 4166 1102 4222 aeris
1132 4167 1440 4236 strepitum,
1471 4175 1581 4219 tum
1607 4165 1752 4235 quod
1769 4165 1893 4234 qui-

322 4262 451 4314 libet
477 4259 783 4313 auditorum
816 4258 1057 4327 linguam
1093 4271 1247 4311 suam
1285 4256 1631 4311 secerneret?
1654 4254 1737 4309 An
1762 4269 1890 4310 vero

321 4363 577 4423 punctum
607 4361 909 4405 statuemus
930 4350 983 4402 in
1005 4349 1194 4413 verbo,
1214 4349 1515 4414 audiebant,
1544 4350 1655 4403 haec
1683 4357 1887 4412 autem,

1272 317 1593 379 NICETAS
1638 318 1720 378 ΙΝ
1757 315 1982 379 ΟῙὶΑΤ.
2022 315 2206 377 XLIV
2244 314 2303 378 S.
2349 317 2572 380 GREG.

215 445 219 448 ’
311 445 484 501 atque
516 431 765 500 ﬁgurare.
817 428 1186 486 Conliteamur
1247 446 1379 501 ergo
1433 430 1671 501 Spiritus
1722 431 1892 513 sancti
1922 436 1969 493 Α
1999 428 2179 484 aﬂlatu
2211 430 2549 485 audientium
2584 430 2783 502 linguis
2828 432 3136 504 loquentes.
3172 429 3565 503 Unusquisque

3427 317 3565 382 1478

1994 523 2139 579 enim
2175 522 2415 592 linguam
2455 539 2611 579 suam
2644 523 2897 594 audiens,
2927 540 2991 580 ac
3040 524 3231 580 videns
3288 526 3566 594 apostolos

1994 628 2101 668 non
2128 612 2290 667 modo
2320 612 2386 667 ad
2404 628 2484 677 se,
2512 613 2607 669 sed
2623 617 2785 670 etiam
2812 617 2879 671 ad
2905 616 3064 679 alios,
3087 617 3432 686 quiexternze
3456 616 3567 671 lin-

1993 717 2111 771 gua:
2134 713 2312 772 erant,
2346 705 2508 761 verba
2542 705 2827 774 facientes,
2880 708 3049 762 animi
3080 707 3397 778 vertiginem
3418 708 3564 777 -ipsis

1994 809 2057 848 ac
2093 794 2333 851 furorem
2364 797 2673 868 objicicbat,
2706 800 2959 870 quoniam
2999 800 3067 854 ab
3106 800 3177 854 iis
3203 799 3295 869 qui
3326 809 3565 854 externa:

1995 888 2232 955 regionis
2257 897 2434 956 erant,
2456 893 2826 961 apostolorum
2857 893 3157 946 orationem
3190 892 3414 946 minime
3468 906 3569 945 au-

1994 974 2098 1030 diri
2129 978 2538 1036 existimabant.

2070 1067 2204 1122 Ibid.
2238 1069 2301 1123 (Ζ.
2355 1070 2673 1142 Quanquam
2728 1082 2903 1126 autent
2948 1072 3254 1135 laudabilis,
3282 1080 3386 1126 clc.
3434 1069 3568 1124 Eam

1995 1175 2215 1230 quoque
2262 1162 2563 1233 linguarum
2628 1163 2949 1219 divisionem
3010 1165 3195 1218 laudat
3250 1162 3565 1233 Gregorius.

1997 1254 2199 1324 quatin
2231 1253 2573 1325 Babylonica:
2623 1256 2792 1312 turris
2843 1256 3214 1310 exstruetione
3263 1256 3406 1310 facta
3460 1266 3564 1320 est,

1994 1360 2118 1400 cum
2200 1360 2308 1399 una
2380 1344 2563 1415 lingua
2617 1344 2675 1400 in
2735 1345 2941 1402 multas
3002 1346 3238 1401 disseeta
3294 1356 3415 1410 est,
3480 1351 3565 1398 at-

1993 1452 2100 1507 que
2142 1438 2304 1507 impia
2358 1439 2650 1493 concordia
2685 1448 2739 1494 et
2766 1440 3057 1494 consensio
3096 1436 3362 1492 dissoluta
3402 1450 3569 1506 nego-

1996 1529 2127 1582 lium
2162 1532 2328 1583 stulte
2388 1539 2704 1599 susceptum
2738 1530 2902 1585 simul
2936 1530 3203 1585 dissolvit.
3232 1527 3387 1583 Hunc
3421 1529 3567 1583 enim

1996 1635 2221 1690 scopum
2253 1620 2353 1674 sibi
2392 1624 2765 1692 preponebaut
2806 1622 2971 1676 turris
3019 1620 3400 1684 tedilicatores,
3427 1628 3486 1675 ut
3521 1617 3568 1673 si

1996 1712 2214 1782 quando
2274 1727 2411 1766 nova
2464 1729 2728 1783 aquarum
2791 1714 2975 1767 illuvie
3015 1724 3158 1769 terra
3218 1714 3566 1777 obrueretur,

1997 1806 2139 1860 hanc
2185 1804 2374 1858 turrim
2417 1806 2806 1869 ascenderent,
2845 1806 3090 1874 iramque
3140 1805 3378 1859 divinam
3438 1820 3569 1859 con-

2002 1897 2327 1953 temnerent.
2362 1894 2603 1962 Quorum
2631 1896 2903 1951 vesaniam
2938 1912 3083 1951 nunc
3114 1912 3332 1965 quoque
3365 1895 3567 1949 imitari

1998 1989 2219 2059 quidam
2241 2002 2351 2042 non
2383 1998 2662 2050 verentur,
2701 1986 2966 2042 adversus
3003 1985 3266 2056 Spiritum
3319 1997 3569 2040 sanctum

1999 2081 2261 2136 scelerate
2294 2079 2613 2143 concordes,
2646 2080 2949 2148 turrimque
2975 2080 3264 2149 impietatis
3280 2090 3571 2134 exstruen-

2000 2184 2099 2229 tes.
2133 2174 2398 2228 Caeterum
2433 2170 2741 2242 Thcologus
2791 2173 3164 2225 vehementius
3199 2171 3381 2225 laudat
3408 2180 3573 2240 atque

1999 2265 2299 2321 admiratur
2328 2262 2613 2317 divisionis
2665 2263 2896 2331 hujusce
2930 2263 3274 2317 miraculum.
3313 2261 3396 2317 Ab
3460 2276 3570 2316 uno

1998 2357 2144 2412 enim
2184 2355 2391 2425 Spiritu
2426 2357 2479 2409 in
2516 2355 2718 2408 inultos
2745 2358 3018 2424 apostolos
3050 2353 3266 2419 dill'usa,
3320 2354 3374 2407 in
3405 2369 3568 2408 unam

1999 2462 2191 2503 rursus
2221 2447 2440 2516 pietatis
2472 2446 2814 2500 harmoniam
2845 2446 3206 2506 contrahitur.
3240 2460 3303 2500 ac
3331 2444 3572 2499 restitui-

2002 2549 2107 2593 tur.
2156 2538 2419 2604 Quamvis
2479 2538 2619 2592 enim
2659 2537 2887 2591 diversis
2942 2538 3140 2606 linguis
3195 2536 3568 2605 loquerentur,

1998 2628 2255 2684 omnibus
2270 2639 2449 2682 tamen
2476 2628 2676 2698 linguis
2696 2629 2883 2683 eadem
2906 2627 3288 2697 loquebantur,
3310 2629 3567 2681 nimirum

1996 2736 2081 2787 ea,
2114 2735 2235 2790 qua:
2268 2720 2335 2774 ad
2370 2720 2673 2785 Christum,
2704 2730 2756 2774 et
2813 2721 2879 2774 ad
2929 2720 3369 2790 prmdicationem
3408 2735 3574 2772 cvan-

1994 2814 2223 2885 gelicam
2256 2814 2598 2882 spectabant,
2652 2828 2757 2866 non
2791 2828 2950 2866 secus
2979 2828 3044 2865 ac
3070 2811 3285 2864 cithara
3336 2808 3573 2863 diversis

1996 2903 2191 2956 lidibus
2218 2901 2575 2970 pulsibusque
2594 2901 2916 2952 concordem
2944 2914 3137 2952 sonum
3156 2897 3352 2951 etnittit
3383 2895 3572 2949 Enim-

1994 3006 2123 3047 vero
2145 2990 2232 3044 illa
2250 2990 2545 3060 gratiarum
2567 2989 2879 3053 diversitas,
2900 3003 3021 3056 qua:
3048 2987 3113 3042 ad
3128 2987 3568 3056 diiudicationetn

1996 3081 2100 3134 alia
2142 3080 2315 3148 gratia
2368 3092 2506 3147 Opus
2560 3078 2744 3140 habet,
2781 3075 3066 3145 prophetia
3115 3085 3218 3138 est,
3253 3089 3317 3129 ac
3362 3074 3569 3128 donum

1994 3169 2328 3237 linguarum.
2346 3162 2483 3218 Nam
2507 3175 2559 3219 et
2587 3166 2870 3234 praphetia
2898 3178 2963 3217 eo
2986 3165 3127 3215 dono
3153 3175 3206 3216 et
3237 3164 3406 3231 gratia
3431 3177 3570 3232 opus

1995 3256 2180 3320 habet,
2216 3269 2325 3323 qua
2394 3255 2622 3322 spiritus
2679 3254 3104 3316 discernuntur,
3149 3261 3205 3305 et
3258 3252 3566 3320 linguarum

1994 3349 2197 3403 donum
2229 3345 2697 3415 interpretationis
2725 3345 2867 3398 dono
2896 3343 3121 3413 indiget.
3141 3344 3315 3396 Porro
3337 3344 3571 3412 prophe-

1996 3442 2104 3506 tiae,
2137 3449 2191 3493 et
2225 3439 2530 3509 linguarum
2567 3437 2730 3500 dona,
2764 3437 2831 3490 iis
2871 3437 3209 3490 antecellunt
3236 3434 3395 3488 donis
3429 3450 3570 3504 quo-

1995 3546 2119 3586 rum
2181 3545 2284 3599 ope
2336 3528 2403 3583 ad
2487 3525 2931 3597 dijudicationem
3014 3534 3069 3581 et
3150 3526 3567 3594 explicationem

1992 3623 2275 3694 indigent,
2346 3621 2451 3675 hoc
2524 3630 2651 3688 est,
2722 3618 3054 3674 discretione
3129 3618 3421 3688 spiri‘uum
3516 3628 3571 3671 et

1993 3713 2487 3783 interpretatione:
2531 3712 2727 3765 horum
2792 3711 2938 3764 enim
2994 3724 3176 3764 causa;
3235 3722 3300 3763 ac
3354 3709 3570 3763 radices

1992 3816 2139 3863 sunt.
2166 3805 2320 3872 Quod
2346 3804 2565 3876 quidem
2605 3812 2951 3873 perSpectum
2996 3801 3203 3855 habens
3232 3798 3568 3868 Theologus,

1992 3898 2094 3955 ait:
2122 3899 2202 3952 Ad
2222 3895 2639 3953 discernendum
2659 3909 2905 3964 quaenam
2930 3892 3165 3962 Spiritus
3195 3892 3368 3946 sancti
3396 3893 3569 3962 gratia

1991 3985 2060 4041 sit
2081 3985 2448 4055 praestantior.
2468 3979 2602 4035 Nam
2627 3982 2770 4050 quod
2796 3981 3024 4048 apostoli
3053 3980 3569 4049 peregrinislinguis

1992 4075 2310 4144 loquuntur,
2341 4073 2634 4128 diversitas
2667 4079 2752 4124 est
2785 4068 2998 4137 gratiae,
3036 4068 3141 4120 alia
3198 4070 3372 4137 gratia
3430 4083 3569 4137 Opus

1990 4165 2218 4229 habens,
2235 4164 2493 4218 nimirum
2510 4159 2857 4216 discretionis
2874 4159 3040 4222 dono,
3061 4158 3127 4212 ad
3144 4158 3567 4214 discernendum

1990 4256 2269 4329 quodnam
2303 4255 2376 4310 sit
2404 4254 2599 4309 melius
2630 4267 2694 4307 ac
2728 4251 3076 4322 praestantius
3107 4252 3335 4313 donum,
3368 4251 3420 4305 id
3461 4260 3566 4315 cst,

1991 4360 2175 4406 utrum
2229 4349 2335 4404 hoc
2384 4348 2692 4416 linguarum
2730 4346 2933 4399 donum
2980 4344 3213 4410 caeteris,
3267 4344 3468 4413 quibus
3488 4343 3570 4397 di-

322 4445 583 4513 loquentes
608 4458 715 4503 eos,
736 4455 859 4494 eum
881 4440 964 4493 his
983 4454 1104 4508 quae
1127 4451 1447 4509 sequuntur,
1476 4449 1883 4503 connectemus,
1919 4433 1963 4489 D
1990 4441 2120 4493 vino
2147 4437 2415 4493 beneﬂcio
2446 4436 2622 4491 ornati
2657 4434 2895 4498 luerunt,
2921 4434 3323 4503 pratici-emtum
3374 4435 3463 4498 sit,
3494 4450 3567 4489 an

325 4546 380 4589 ut
405 4538 476 4589 sit
509 4535 594 4586 hic
633 4545 848 4596 sensus,
888 4529 1034 4600 quod
1066 4540 1254 4599 gentes
1283 4532 1562 4599 apestolos
1595 4530 1894 4585 audiebant

326 4632 607 4698 loquentes
674 4623 873 4692 linguis
929 4623 1270 4686 auditorum,
1320 4625 1423 4676 hoc
1469 4633 1572 4687 est,
1628 4624 1894 4688 externis,

1992 4531 2139 4588 aliud
2164 4530 2435 4601 quoddam
2465 4545 2533 4584 ex
2568 4527 2795 4598 reliquis
2840 4541 2854 4580 :
2886 4526 3326 4595 quandoquidem
3376 4525 3428 4578 in
3455 4534 3567 4580 tam

1992 4625 2224 4680 diversis
2258 4624 2533 4678 donorum
2557 4621 2854 4691 generibus
2890 4619 3095 4672 nullum
3132 4628 3236 4683 est,
3277 4621 3421 4687 quod
3456 4633 3567 4673 non

325 4730 587 4789 quantum
607 4715 671 4768 ad
705 4728 802 4768 808
825 4711 918 4783 qui
938 4710 1335 4782 loquebantur}
1362 4710 1461 4765 Cui
1488 4710 1649 4765 etiam
1679 4722 1899 4765 seuten-
1993 4717 2209 4773 laudem
2243 4727 2538 4771 mereatur,
2591 4715 2733 4781 Qui“
2764 4714 2926 4768 etiam
2961 4713 3221 4781 prmclara
3252 4709 3344 4763 illa
3378 4721 3462 4764 est
3486 4712 3568 4764 di-

328 4813 408 4865 tia:
440 4810 614 4878 magis
642 4808 866 4873 accedo,
898 4805 1341 4877 quandoquidem
1365 4803 1532 4874 priori
1561 4804 1748 4868 modo,
1785 4805 1891 4859 hoc

326 4912 427 4966 cst,
458 4904 504 4957 si
551 4916 656 4955 una
686 4900 870 4969 lingua
936 4898 1166 4967 apostoli
1227 4896 1395 4952 locuti
1460 4904 1667 4959 essent,
1724 4905 1889 4965 atque

324 4993 699 5061 unusquisque
734 4988 1046 5044 auditorum
1113 4988 1403 5042 dialectum
1443 5002 1600 5043 suam
1660 4986 1728 5040 ab
1768 4986 1889 5041 aliis

325 5094 651 5157 separasset,
707 5083 1044 5138 audientium
1105 5080 1297 5136 luisset
1354 5079 1457 5133 hoc
1524 5077 1886 5143 miraculum;

324 5190 508 5234 contra
540 5179 584 5232 si
608 5179 660 5230 in
684 5176 869 5241 verbo,
921 5174 1229 5236 audiebant,
1249 5183 1516 5242 punctum
1544 5168 1887 5240 apposueris,

326 5290 384 5327 ac
414 5271 606 5325 deinde
662 5271 774 5324 h.ec
804 5268 967 5322 verba
1006 5266 1355 5335 subjunxeris
1388 5284 1400 5319 :
1447 5264 1742 5335 Loquentes
1805 5277 1890 5315 eos

327 5363 548 5431 propriis
570 5361 894 5414 audientium
914 5359 1126 5428 linguis,
1161 5356 1484 5411 miraculum
1511 5355 1888 5425 apostolorum

328 5450 449 5501 erit.
492 5448 645 5513 Quod
683 5448 845 5501 etiam
888 5461 954 5499 ex
999 5461 1065 5500 eo
1124 5446 1407 5515 perspicue
1461 5453 1698 5505 constat,
1747 5442 1890 5513 quod

331 5540 650 5593 temulentiu:
678 5556 894 5609 quoque
920 5547 1269 5602 accusantur,
1305 5547 1489 5607 utpote
1513 5537 1614 5605 ipsi
1653 5534 1890 5604 Spiritus

397 5695 442 5727 ⁵⁷
478 5695 597 5749 Act.
636 5710 692 5757 ll,
730 5696 784 5747 4.
863 5693 909 5725 ⁵⁸
940 5692 956 5745 l
989 5691 1117 5749 Cor.
1153 5707 1264 5758 xxv,
1301 5692 1394 5745 22.

1998 4809 2156 4870 visio,
2181 4823 2279 4876 pro
2304 4820 2409 4874 qua
2445 4804 2614 4858 David
2669 4806 2834 4857 Deum
2867 4804 3147 4866 obsecrat,
3210 4798 3295 4853 his
3331 4800 3513 4854 verbis
3546 4818 3561 4854 :

1995 4898 2184 4952 Divide
2238 4899 2444 4966 linguas
2504 4912 2705 4961 eorum,
2761 4896 2850 4964 qui
2904 4892 3342 4962 prwcipitationis
3409 4891 3567 4945 verba

1992 4990 2292 5043 dilexerunt
2323 4989 2393 5056 “,
2429 4998 2617 5057 aperte
2648 5003 2780 5043 sane
2812 4985 3324 5040 Macedonianorum
3354 4983 3566 5052 linguas

1993 5096 2280 5142 accusans,
2304 5096 2422 5149 qua:
2451 5080 2685 5149 Spiritus
2705 5080 3042 5135 divinitatem
3069 5078 3343 5139 scindunt,
3362 5076 3568 5144 ipsum-

1994 5188 2121 5242 que,
2152 5189 2181 5225 a
2215 5172 2372 5227 Patre
2416 5182 2469 5227 et
2526 5174 2667 5237 Filio
2723 5172 2991 5225 dividunt.
3052 5166 3341 5235 Praecipitii
3382 5177 3563 5219 autem

1992 5263 2179 5328 Verba,
2211 5277 2372 5317 voces
2401 5262 2506 5317 illze
2539 5272 2687 5326 sunt,
2724 5277 2847 5331 qua:
2878 5258 3106 5329 Spiritui
3140 5265 3332 5311 sancto
3367 5257 3566 5309 divini-

1994 5359 2158 5406 tatem
2187 5351 2471 5423 abrogant,
2511 5360 2718 5420 utpote,
2760 5365 2883 5420 quze
2912 5362 3031 5415 eos,
3082 5362 3109 5401 a
3144 5347 3345 5416 quibus
3380 5345 3568 5416 prole-

1992 5454 2207 5510 runtur,
2230 5444 2570 5513 demergunt,
2596 5453 2758 5513 atque
2782 5445 2837 5496 in
2866 5442 3019 5497 exitii
3048 5440 3359 5510 voraginem
3387 5449 3566 5491 trans-

1992 5536 2214 5590 mittunt
2245 5550 2309 5589 ac
2336 5534 2621 5605 dejiciunt.
2654 5533 2936 5588 Dividatur
2980 5533 3170 5605 igitur,
3223 5528 3424 5599 inquit,
3454 5526 3565 5580 liae-

1470 5690 1516 5725 ⁵⁹
1556 5690 1680 5745 ibid.
1711 5689 1803 5745 21.
1859 5690 1903 5722 ⁸⁸
1936 5693 2060 5745 Act.
2094 5704 2158 5754 lt,
2193 5687 2248 5745 6.
2323 5690 2366 5721 ⁸⁸
2430 5687 2575 5744 Psal.
2630 5681 2739 5756 m,
2774 5689 2863 5744 10.

3666 6024 3984 6166 Α-Ι
