3996 6206
483 269 624 334 1479

479 478 740 531 adversus
760 471 1021 542 Spiritum
1041 479 1288 525 sanctum
1310 468 1667 539 conspiratio.
1694 466 1826 522 Nam
1854 466 2050 537 hujus-

478 567 622 621 modi
641 579 857 635 quoque
880 561 1096 627 divisio,
1120 560 1229 627 bis,
1246 559 1339 631 qui
1368 559 1422 614 in
1454 559 1659 614 malum
1680 558 2050 621 consentiunt,

481 657 629 710 utilis
657 664 763 709 est.

556 744 668 816 (36)
698 745 802 799 Per
831 743 1126 817 gratiarum
1178 739 1576 804 diversitatem,
1608 739 1918 811 linguarum
1954 738 2053 792 do-

478 853 607 892 num
640 835 890 904 intelligit
925 851 939 887 :
978 833 1122 904 quod
1147 832 1365 903 quidem
1412 832 1520 886 alio
1554 832 1698 885 dono
1718 832 1942 902 indiget.
1974 831 2056 884 ni-

477 929 677 983 mirum
711 925 1173 994 interpretationis
1195 935 1359 993 atque
1380 923 1711 992 interpretis.
1739 922 1877 988 Quid
1909 921 2054 975 cnim

475 1034 684 1090 quaeso,
716 1017 827 1082 ille,
860 1018 949 1087 qui
983 1016 1230 1072 discendi
1258 1015 1439 1070 studio
1474 1030 1595 1070 sese
1650 1015 1718 1070 ad
1765 1014 2056 1084 praphctas

474 1111 711 1174 confert,
746 1108 1048 1176 adiumenti
1079 1106 1361 1177 percipiet,
1418 1105 1464 1159 si
1495 1105 1673 1159 Arabs
1733 1118 1830 1159 eos
1883 1101 2056 1156 Attice

473 1201 761 1271 loquentes
791 1202 977 1254 audiat
1007 1217 1022 1266 ;
1054 1198 1135 1252 vel
1165 1198 1359 1252 Attica:
1387 1197 1583 1265 lingua:
1605 1196 1814 1266 peritus
1836 1192 2057 1248 Pbmui-

473 1309 597 1348 cum
639 1293 823 1362 lingua
855 1290 1226 1347 disserentes?
1258 1288 1327 1343 Et
1388 1288 1650 1359 quoniam
1709 1286 1912 1347 caueri,
1962 1284 2054 1355 qui

472 1385 851 1454 spiritualibus
903 1384 1096 1454 gratiis
1152 1381 1512 1445 ornabantur,
1547 1379 1662 1434 sive
1697 1379 2057 1448 opitulatores

472 1476 822 1538 animarum,
880 1474 995 1528 sive
1050 1473 1465 1542 gubernatores,
1526 1469 1641 1525 sive
1707 1470 2056 1537 interpretes,

474 1566 657 1619 minus
685 1566 756 1618 ob
806 1563 1105 1632 gratiarum
1134 1561 1332 1614 donum
1369 1559 1751 1624 efferebantur,
1786 1559 1821 1612 ii
1852 1567 2057 1612 autem:

472 1655 566 1726 qui
600 1653 768 1708 variis
802 1652 1002 1721 linguis
1033 1651 1419 1721 loquebantur,
1455 1652 1604 1705 velut.
1637 1651 1898 1720 inflingua
1933 1650 2057 1720 Spi-

1895 267 2281 327 ADDENDA.

476 332 772 441 reticorum
816 378 1144 451 loquacitas,
1205 375 1511 449 linguaeque
1561 376 1832 448 pruritus,
1894 374 2458 447 atqueABabylone,
2492 376 2696 447 captivi
2724 332 2925 433 versati
2983 386 3156 447 sunt;
3214 378 3465 448 atquein

3660 272 3821 334 μα

2154 468 2373 537 quidem
2413 469 2848 540 quadringentos
2879 484 3054 525 annos
3085 485 3259 540 usque
3288 471 3357 525 ad
3412 470 3720 524 reditum
3762 474 3829 526 i-

2154 555 2501 613 Palaastinam
2524 569 2844 631 exegerunt,
2877 560 3219 630 septuaginta
3255 570 3442 614 autem
3480 562 3538 614 in
3589 558 3832 631 Baby-

2156 647 2319 701 lone:
2354 663 2476 717 qua
2532 649 2697 703 etiam
2748 650 3040 720 captivitas
3072 646 3273 704 Judmis
3301 648 3831 719 Hierosolymam

2154 737 2392 788 reversis
2422 736 2601 789 soluta
2661 745 2766 791 est.
2827 737 2921 791 Illa
2950 752 3136 807 porro,
3171 751 3335 807 quam
3388 752 3419 791 a
3455 735 3831 800 Romanis,

2155 820 2491 893 Vespasiano
2515 837 2570 893 et
2592 825 2717 881 Tito
2742 828 3190 896 imperatoribus,
3238 828 3383 898 passi
3411 835 3585 893 sunt,
3637 843 3833 882 non.

2154 914 2284 970 dum
2319 931 2387 972 eo
2414 926 2660 989 tempore
2692 920 3022 991 contigerat,
3082 922 3179 976 sed
3211 921 3613 992 quadraginta
3665 930 3830 987 905‘

2155 1004 2438 1061 Christum
2476 1007 2531 1061 in
2585 1012 2754 1064 caelos
2808 1020 3086 1079 receptum
3132 1009 3295 1065 annis
3349 1009 3552 1065 futura
3634 1020 3828 1073 erat.

2158 1097 2351 1151 vindex
2378 1099 2581 1153 furoris
2613 1108 2778 1169 atque
2838 1101 3110 1167 amentiae,
3142 1117 3250 1172 qua
3306 1100 3482 1158 Judaei
3523 1101 3829 1158 Clu-ﬁsso

2159 1184 2429 1245 Salvatori
2463 1205 2649 1244 necem
2685 1191 3008 1246 attulerunt.
3041 1191 3407 1258 Quamobrem
3458 1193 3819 1262 reliquum

2157 1286 2260 1342 est,
2295 1288 2356 1332 ut
2387 1280 2456 1332 ab
2484 1295 2547 1334 ea
2572 1281 2910 1351 captivitate,
2945 1297 3053 1352 qua
3075 1280 3296 1338 Iudaeos
3325 1281 3530 1338 amixit
3558 1285 3823 1338 Antio-

2157 1372 2316 1435 chus,
2346 1373 2477 1443 quin
2507 1374 2671 1428 etiam
2715 1373 3054 1430 Machabazos
3094 1375 3387 1445 exquisitis
3446 1376 3819 1430 tormentis

2156 1462 2355 1528 affecit,
2402 1465 2501 1518 hos
2550 1466 2782 1520 rediisse
2838 1480 3189 1521 censeamus.
3253 1464 3388 1519 Nam
3456 1466 3596 1521 haec
3662 1482 3809 1522 non

2160 1556 2346 1610 multis
2373 1565 2498 1611 ante
2518 1558 2681 1612 annis
2706 1559 2955 1629 contigit,
2979 1561 3071 1614 sed
3093 1575 3261 1629 parvo
3283 1561 3559 1629 temporis
3589 1560 3808 1614 inter-

2160 1640 2305 1702 vallo
2328 1645 2531 1703 Christi
2570 1648 3007 1717 incarnationem
3031 1650 3342 1705 antecessit.
3364 1648 3529 1715 Quod
3554 1651 3612 1705 si
3638 1652 3800 1720 quis

475 1748 617 1800 ritus
657 1744 896 1799 aﬂlatum
937 1742 1224 1807 habentes,
1268 1755 1334 1795 eo
1389 1741 1609 1795 nomine
1661 1741 2053 1810 gloriabantur,
2082 1729 2125 1786 Β
2157 1738 2300 1795 hanc
2353 1740 2749 1809 expositionem
2814 1741 2963 1795 velut
3011 1749 3259 1797 coactam
3318 1751 3485 1811 atque
3522 1758 3564 1795 a
3635 1759 3793 1794 vero

477 1849 541 1889 ac
572 1833 773 1888 donum
828 1846 988 1887 suum
1030 1830 1377 1898 arrogantius
1410 1829 1713 1900 iactabant,
1766 1844 1933 1899 seque
1981 1829 2050 1885 iis

474 1924 567 1996 qui
608 1924 756 1978 aliud
804 1923 1079 1992 quoddam
1134 1921 1375 1992 Spiritus
1440 1922 1647 1976 donum
1699 1929 2047 1990 acceperant,

475 2016 784 2087 superiores
806 2029 931 2069 esse
958 2013 1373 2081 existimabant,
1407 2013 1615 2068 idcirco
1639 2013 1929 2083 Apostolus
1956 2027 2051 2067 eos

474 2110 772 2178 compescit
824 2121 889 2161 ac
951 2108 1249 2174 ccutrahit,
1299 2115 1487 2176 utpote
1561 2105 1742 2160 minus
1798 2104 2051 2159 utilitatis

478 2201 735 2256 Ecclesiae
786 2201 1092 2255 aﬂ‘erentes.
1158 2200 1312 2264 Quod
1359 2199 1526 2253 etiam
1581 2210 1811 2267 magnus
1868 2204 2053 2249 noster

478 2294 772 2363 Gregorius
795 2293 1149 2359 significans:
1186 2289 1337 2353 Mihi,
1372 2289 1571 2359 inquit,
1608 2288 1813 2342 utinam
1870 2287 2051 2356 potius

477 2382 1013 2452 contingatquinque
1038 2381 1196 2433 verba
1224 2379 1521 2448 prudenter
1548 2377 1601 2431 in
1625 2377 1852 2432 ecclesia
1878 2378 1929 2433 lo
1943 2378 2049 2447 lui,

477 2491 639 2544 quam
677 2475 859 2528 decem
897 2474 1066 2527 millia
1096 2472 1148 2525 in
1183 2472 1367 2541 lingua
1402 2481 1455 2525 et
1488 2486 1620 2525 voce
1666 2473 1809 2524 tubae
1841 2471 2051 2525 inaerta

479 2579 641 2636 atque
668 2567 922 2621 obscura.
951 2565 1071 2631 Quo
1092 2565 1212 2618 loco
1233 2580 1327 2633 per
1359 2562 1600 2632 quinque
1632 2563 1815 2625 verba,
1837 2577 1931 2616 eos
1958 2560 2052 2631 qui

483 2659 537 2712 in
572 2657 801 2711 ecclesia
830 2656 1046 2716 dos-ent,
1077 2665 1238 2723 atque
1266 2654 1717 2723 interpretantur,
1756 2652 2049 2722 intelligit:

481 2763 576 2815 per
603 2746 788 2803 decem
819 2756 996 2800 autem
1025 2746 1188 2799 millia
1211 2753 1265 2800 et
1283 2745 1539 2808 obscura,
1565 2759 1659 2799 eos
1682 2743 1774 2813 qui
1798 2743 2054 2797 omnibus

482 2839 701 2908 quidem
758 2839 957 2909 linguis
986 2841 1301 2907 loqunntur,
1339 2844 1595 2891 calorum
1632 2836 1859 2889 militem
1908 2835 2051 2889 divi-

486 2944 614 2982 num
648 2929 713 2982 ad
743 2928 1025 2996 spirituale
1056 2926 1252 2979 bellqu
1285 2941 1627 2995 nequaquam
1651 2926 1910 2980 excitant.

551 3018 669 3074 Col.
688 3018 794 3073 450
824 3018 886 3072 Α.
903 3018 977 3070 Ac
992 3018 1055 3070 de
1074 3017 1154 3070 Itis
1171 3016 1379 3087 quidem
1402 3017 1676 3080 hactenus,
1697 3026 1801 3070 etc.
1828 3016 1882 3069 In
1902 3013 2052 3070 Actis

482 3112 852 3180 apostolorum
878 3109 1069 3164 scribit
1096 3107 1272 3162 Lucas
1303 3125 1318 3161 :
1351 3105 1523 3161 Erant
1542 3117 1719 3161 autem
1744 3106 1797 3158 in
1822 3105 2051 3161 Jerusa-

484 3202 586 3255 lem
623 3201 918 3255 habitantes
954 3198 1130 3254 Judwi
1166 3199 1264 3253 viri
1320 3198 1556 3270 relfgtosi
1590 3213 1652 3250 ea:
1709 3199 1851 3251 omni
1884 3208 2053 3268 gente,

485 3305 602 3359 qua!
623 3289 718 3342 sub
749 3289 876 3343 avla
899 3298 975 3341 est
1000 3289 1062 3340 “.
1092 3289 1162 3342 At
1196 3284 1504 3358 Theologus
1537 3288 1603 3342 de
1644 3289 1747 3342 hac
1798 3288 2053 3353 dictione,

486 3382 805 3447 habitantes,
841 3382 919 3435 ait
951 3397 966 3435 :
999 3382 1054 3434 Si
1085 3380 1174 3435 cui
1212 3380 1517 3434 intellectus
1544 3379 1631 3432 hic
1662 3379 1851 3448 placet.
1874 3380 2058 3449 Neque

484 3472 630 3525 enim
655 3482 921 3540 perpetuo
952 3470 1294 3532 habitabant,
1325 3470 1419 3524 sed
1448 3482 1559 3523 tum
1588 3469 1899 3524 celebrandi
1933 3470 2055 3525 festi

485 3575 654 3615 causa
675 3569 1062 3616 convenerant.
1085 3560 1142 3611 lu
1161 3574 1351 3612 omnes
1370 3557 1511 3610 enim
1538 3558 1789 3611 nationes
1803 3557 2054 3626 dispersi,

486 3654 726 3722 gentiqu
764 3653 980 3722 quidem
1006 3651 1209 3719 linguis
1260 3651 1569 3717 utebantur,
1602 3650 1830 3720 patriam
1875 3658 2055 3703 autem

486 3743 832 3810 religionem,
890 3751 951 3796 ut
994 3740 1188 3806 Judaei,
1246 3742 1574 3808 retinebant,
1609 3757 1674 3797 ac
1720 3743 1876 3812 juxta
1924 3743 2057 3812 legis

486 3830 861 3902 praescriptum
904 3833 1265 3900 undecunque
1298 3833 1363 3884 ad
1401 3830 1595 3885 festum
1656 3836 1708 3885 in
1744 3832 2055 3902 Hierosoly-

488 3923 747 3977 mitanam
765 3922 955 3977 urbem
989 3919 1379 3976 conﬂuxerant.
1409 3921 1605 3987 Quaero
1638 3922 1801 3992 igitur
1833 3924 2055 3992 quinam

489 4013 543 4066 hi
574 4020 750 4077 erant,
783 4021 837 4068 et
858 4028 888 4067 a
914 4028 1021 4083 qua
1050 4012 1359 4082 captivitate
1391 4011 1619 4082 dispersi
1652 4021 1779 4066 tunc
1800 4015 2057 4081 temporis

489 4105 629 4159 festo
683 4103 1004 4160 intererant.
1064 4105 1198 4159 Nam
1258 4102 1576 4176 Egyptiaca
1627 4114 1683 4159 et
1729 4103 2057 4176 Babylonica

491 4198 775 4266 captivitas
814 4207 964 4250 certo
996 4198 1240 4251 locorum
1282 4205 1336 4251 et
1392 4207 1692 4268 temporum
1747 4199 1923 4266 spatio
1949 4197 2058 4252 cir-

492 4290 825 4358 cumscripta
858 4299 911 4344 et
937 4290 1088 4344 finita
1123 4300 1279 4362 erata
1311 4290 1370 4344 ln
1397 4289 1634 4361 Egypto
1663 4292 1808 4347 enim
1834 4293 1971 4357 sola,
2005 4300 2060 4347 et

564 4473 610 4505 "
643 4474 761 4529 Act.
818 4488 875 4537 ll,
913 4473 968 4529 5.

2152 1831 2494 1885 aberrantem
2520 1831 2771 1900 repudiat
2788 1832 3073 1902 (quoniam
3092 1833 3432 1887 Antiochena
3450 1831 3789 1902 captivitas

2152 1935 2500 1990 nequaquam
2535 1931 2694 1978 vetus
2720 1932 2857 1987 erat,
2914 1939 3017 1979 nec
3048 1923 3103 1977 in
3139 1925 3341 1979 multas
3373 1924 3525 1979 orbis
3568 1926 3784 1995 regio-

2152 2026 2247 2066 nes
2281 2012 2424 2081 fusa)
2461 2011 2693 2069 fortasse
2730 2014 2935 2069 rectius
2965 2013 3130 2069 fuerit
3158 2015 3229 2068 ita
3258 2029 3560 2084 exponere.
3586 2014 3770 2081 Quod

2148 2101 2304 2173 juxta
2341 2101 2571 2158 Esdram
2595 2105 2795 2176 saepius
2819 2107 2871 2159 in
2891 2105 3261 2177 captivitatem
3285 2106 3510 2161 abducti
3529 2104 3768 2160 fuerint

2148 2193 2344 2250 Judaei.
2379 2194 2653 2265 Dispersis
2685 2197 2850 2267 igitur
2896 2199 3097 2268 sa-pius
3149 2198 3202 2252 in
3251 2198 3498 2253 diversas
3547 2209 3768 2269 gentes

2152 2286 2423 2352 tribubus,
2453 2288 2746 2344 verisimile
2771 2297 2980 2344 esttum
3004 2291 3269 2360 quosdam
3290 2305 3484 2345 eorum
3511 2291 3582 2344 ad
3605 2291 3763 2344 diem

2152 2374 2351 2430 festum
2370 2376 2634 2441 adfuisse,
2659 2388 2713 2432 et
2741 2371 2805 2431 c'x
2822 2378 3127 2449 linguarum
3161 2380 3427 2434 miraculo
3452 2390 3755 2449 stuporem

2152 2470 2490 2536 concepisse.
2543 2467 2725 2538 Atque
2760 2470 2874 2525 hac
2906 2456 3169 2526 studiosis
3200 2472 3334 2525 viris
3362 2486 3749 2540 nequaquam,

2154 2568 2217 2611 ut
2251 2572 2433 2627 spero,
2454 2574 2860 2629 supervacanee
2888 2577 2917 2615 a
2939 2562 3097 2617 nobis
3119 2562 3366 2628 exposita
3390 2563 3749 2619 videbuntur.

2154 2649 2308 2715 Quod
2354 2650 2399 2705 si
2436 2652 2559 2720 quis
2597 2651 2745 2707 aliud
2776 2653 3035 2722 quiddam
3072 2654 3138 2709 ad
3171 2655 3313 2709 hanc
3334 2655 3743 2709 solemnitatem

2166 2739 2481 2808 contulerit,
2509 2739 2629 2812 ejus
2659 2742 2852 2797 laudes
2906 2744 3302 2813 (lepra-dicans,
3327 2744 3484 2799 nobis
3515 2757 3744 2813 quoque

2156 2831 2207 2886 ill
2232 2831 2532 2900 collegerit,
2562 2843 2623 2887 ut
2648 2849 2994 2905 nequaquam
3028 2834 3189 2905 pleno
3219 2836 3392 2891 laudis
3422 2836 3735 2904 ofﬁcium:-

2157 2924 2381 2980 functis.
2412 2922 2492 2978 Ac
2523 2938 2625 2977 nos
2656 2923 2745 2978 hic
2782 2924 3100 2979 concionem
3135 2925 3414 2987 solveurus,
3465 2923 3716 2976 multitu-

2157 3018 2452 3086 diuemque
2486 3016 2660 3069 nastri
2696 3014 2952 3070 audiendi
2988 3031 3157 3070 causa
3194 3016 3452 3069 collectam
3481 3013 3719 3067 missam

2157 3106 2443 3162 faciemus.
2481 3104 2797 3175 Orationem
2830 3107 2974 3159 enim
3014 3106 3278 3174 integram
3304 3115 3466 3175 atque
3494 3103 3729 3158 absolu-

2159 3207 2267 3252 tam
2307 3198 2623 3261 habuimus,
2662 3214 2728 3253 ac
2762 3198 2806 3252 si
2841 3215 2948 3253 non
3004 3197 3127 3269 festi
3158 3198 3429 3266 dignitati,
3478 3197 3729 3251 instituto

2157 3299 2305 3344 certe
2340 3301 2529 3344 nostro
2577 3289 3086 3359 parem.0rationis
3114 3289 3254 3346 enim
3287 3289 3440 3343 initio
3488 3289 3729 3343 facturos

2159 3398 2260 3436 nos
2287 3382 2518 3452 professi
2542 3397 2753 3448 sumus,
2793 3391 2853 3437 ut
2881 3383 2949 3438 de
2984 3384 3086 3439 hoc
3117 3382 3258 3438 festo
3288 3382 3526 3438 breviter
3546 3397 3729 3452 agere-

2160 3477 2392 3529 mus.At
2421 3489 2550 3529 vero
2589 3473 2824 3543 Spiritus
2848 3474 3047 3530 festum
3092 3491 3372 3545 nunquam
3407 3489 3564 3544 agere
3584 3475 3729 3529 desi-

2162 3578 2354 3618 namus
2379 3580 2393 3618 :
2415 3578 2602 3618 verum
2624 3562 2753 3617 illud
2775 3565 3132 3628 celebremus,
3152 3566 3204 3618 in
3233 3563 3484 3633 praesenti
3513 3564 3723 3633 quidem

2158 3657 2266 3705 vita
2289 3666 2553 3722 corporeo
2574 3652 2739 3707 simul
2766 3667 2829 3707 ac
2842 3652 3110 3722 spirituali
3134 3653 3316 3718 modo,
3340 3661 3463 3721 post
3481 3661 3719 3707 nostrum

2160 3752 2338 3797 autem
2364 3756 2430 3797 ex
2455 3745 2556 3797 hac
2576 3744 2686 3798 vita
2709 3744 3011 3800 discessum
3037 3759 3263 3814 prorsus
3290 3743 3584 3815 spirituali.
3609 3742 3725 3809 Quo

2158 3834 2322 3887 etiam
2385 3843 2627 3904 tempore
2683 3849 2882 3891 causas
2934 3835 3197 3891 festorum
3250 3846 3307 3890 et
3334 3836 3724 3906 explicationes

2158 3941 2347 3981 earum
2378 3942 2580 3993 rerum,
2614 3944 2755 3994 quas
2790 3943 2937 3985 nunc
2969 3929 3283 3999 quaerimus,
3325 3928 3531 3982 clarius
3565 3944 3722 3997 aper-

2162 4018 2376 4086 tiusque
2439 4032 2831 4086 cognoscemus
2860 4061 2877 4088 ,
2925 4020 2981 4075 in
3040 4021 3279 4085 Christo,
3312 4022 3403 4090 qui
3448 4019 3719 4089 iustorum

2161 4123 2348 4163 verum
2387 4108 2587 4164 festum
2615 4122 2701 4166 est
2728 4120 2785 4167 et
2841 4112 3156 4178 exsultatio,
3187 4128 3309 4168 cum
3341 4126 3450 4181 quo
3479 4112 3643 4181 gloria
3670 4123 3720 4167 et

2158 4203 2441 4257 veneratio
2466 4202 2609 4257 Patri
2637 4212 2691 4259 et
2722 4213 2913 4260 sancto
2940 4204 3164 4276 Spiritui
3199 4216 3249 4260 et
3283 4219 3428 4259 nunc
3459 4213 3514 4259 et
3540 4205 3592 4257 in
3622 4220 3715 4259 sa:-

2162 4292 2284 4349 cula
2348 4294 2697 4351 satculorum.
2734 4296 2932 4351 Amen.
2973 4304 2981 4311 '

575 4659 685 4726 (36)
724 4659 821 4720 Per
871 4662 1188 4732 gratiarum.
1223 4662 1349 4719 "er
1383 4662 1542 4720 verba
1583 4664 1722 4719 alius
1757 4662 2058 4733 cujuspiam
2131 4661 2445 4734 interpretis
2475 4677 2595 4721 esse
2625 4665 2898 4733 videntur,
2934 4682 3033 4722 nec
3090 4666 3142 4721 in
3194 4682 3315 4722 meo
3372 4664 3555 4720 Nic-cla
3620 4667 3702 4722 ha-

493 4726 710 4783 bentur.

3906 1032 3956 1377 i
