4050 6198
485 285 621 351 “83

1897 295 2151 357 ADDEN
2165 298 2278 356 DA.

3586 296 3714 364 Ῑὶ84

483 419 661 460 sorem
699 403 752 458 in
785 403 855 458 iis
889 418 1008 473 qua:
1048 404 1310 472 'prmclare
1353 417 1383 456 a
1423 403 1788 459 sanctissimis
1820 416 1872 462 et
1916 407 2043 461 divi-

2158 408 2466 481 κρατοῦντα
2503 410 2951 479 ἐπιψηφίζεσθαι,
2988 411 3082 463 καὶ
3128 410 3319 481 ὥσπερ
3350 410 3415 481 δὴ
3443 413 3720 482 συμπρατο

483 495 728 552 nissimis
763 495 1135 566 pontiﬁcibus,
1173 497 1404 565 ipsoque
1438 497 1787 552 sanctissimo
1823 500 2055 567 patriar-

481 590 580 644 cha
610 589 824 644 decreta
853 597 1002 650 sunt,
1027 598 1082 641 et
1107 597 1256 642 recte
1282 587 1599 643 constituta.
1626 588 1895 654 Quoniam
1925 605 2054 658 ergo

481 697 579 752 per
612 680 936 736 sententiam
979 680 1294 750 synodalem
1338 680 1508 748 Aprili
1551 695 1738 736 mense
1785 684 2052 750 praeterita

481 772 776 826 indictione
811 783 1004 840 quarta
1054 773 1453 842 promulgatam
1486 789 1515 828 a
1552 772 1728 828 felicis
1778 776 2054 829 memoria:
2076 827 2088 835 _

479 863 813 934 patriarcha,
845 864 1068 917 domino
1102 863 1313 918 Joanne
1349 863 1650 933 Xipbilino,
1679 874 1732 920 et
1760 881 1789 920 a
1823 867 2052 921 sanctis~

478 955 634 1010 simis
683 956 1120 1024 ntetropolitanis
1166 965 1220 1011 et
1269 956 1730 1027 archiepiscopis,
1783 967 2052 1028 quotquot

479 1048 530 1100 id
580 1046 843 1115 temporis
897 1046 964 1100 ad
1017 1047 1206 1101 urbem
1260 1046 1662 1115 impcratricem
1713 1059 1891 1114 erant,
1936 1066 2051 1104 ma-

473 1135 642 1204 jestas
679 1149 797 1189 mea
833 1135 1040 1199 didicit,
1073 1135 1124 1189 in
1156 1151 1218 1190 ea
1251 1137 1462 1207 synodo
1490 1137 1556 1191 de
1589 1138 1814 1194 incestis
1852 1141 2050 1208 nuptiis

475 1242 596 1279 esse
645 1225 952 1293 cognitum,
1005 1241 1244 1294 quonam
1301 1227 1510 1281 scilicet
1563 1237 1717 1294 pacto
1767 1229 2051 1296 probibitaa

474 1317 679 1386 nuptiae
707 1317 1010 1371 secundum
1045 1331 1232 1372 sacros
1265 1333 1501 1372 canones
1535 1328 1697 1387 atque
1729 1319 1871 1388 leges
1903 1320 2050 1375 inbi-

474 1405 591 1460 beri
638 1405 893 1472 debeant,
943 1415 997 1460 et
1034 1406 1130 1476 qui
1177 1407 1420 1462 vicissim
1465 1423 1542 1462 eae
1591 1408 1772 1462 locum
1827 1408 2044 1477 habere,

471 1511 592 1565 qua:
639 1497 943 1551 secundum
997 1497 1143 1566 leges
1205 1498 1384 1564 fiunt,
1450 1514 1549 1553 nec
1601 1499 1792 1570 synodi
1841 1501 2047 1570 judicio

470 1594 765 1640 vetantur:
802 1593 964 1655 atque
996 1587 1098 1640 ltoe
1151 1589 1370 1643 nomine
1419 1590 1688 1658 majestati
1738 1607 1877 1645 mete
1915 1609 2042 1663 sug-

473 1686 682 1747 gestum
731 1687 832 1740 est,
873 1689 931 1732 ut
969 1679 1036 1733 ab
1075 1695 1142 1733 ea
1187 1680 1292 1734 tale
1340 1682 1619 1736 decretum
1670 1685 2042 1747 conlirtnetnr,

2158 519 2273 553 τειν
2301 501 2394 554 καὶ
2419 501 2786 571 συνεδριάζειν
2815 504 2926 565 τοῖς
2952 503 3134 565 καλῶς
3167 502 3315 570 παρὰ
3349 502 3461 553 τῶν
3491 503 3722 570 ἱερωτά-

2157 608 2266 644 των
2298 594 2390 647 καὶ
2423 592 2712 646 θειοτάτων
2758 593 3084 664 ἀρχιερέων,
3133 594 3228 646 καὶ
3265 593 3431 646 αὐτοῦ
3481 594 3576 646 τοῦ
3620 612 3727 647 πα-

2155 685 2334 754 νιὲρου
2373 685 2711 755 πατριάρχου
2739 685 3062 756 ψηφισθεῖσί
3085 703 3143 738 τε
3190 687 3288 738 καὶ
3317 686 3734 755 οἰκοωμηθεῖσι

2156 773 2357 833 καλῶς.
2413 774 2524 827 Καὶ
2573 775 2680 845 γὰρ
2731 776 2854 828 ἐπεὶ
2919 775 3244 845 διακρίσεως
3297 774 3412 848 [διὰ
3468 776 3732 848 κρίσεως]

2156 851 2440 931 συνοδικῆς
2468 863 2561 916 τοῦ
2597 863 2901 933 μακαρίτου
2933 864 3272 934 πατριάρχου
3306 865 3498 935 κυρίου
3528 866 3716 918 Ἰωάνο

2155 969 2248 1005 νου
2288 952 2381 1005 τοῦ
2411 951 2683 1022 Ξιφιλίνου
2727 955 3098 1024 γεγενημένης
3132 957 3275 1008 κατὰ
3317 957 3407 1010 τὸν
3447 959 3730 1027 Ἀπρίλιον

2157 1048 2299 1114 μῆνα
2354 1045 2453 1114 τῆς
2511 1045 2891 1116 παρελθούσης
2943 1046 2984 1100 δ’
3031 1046 3378 1113 ίνδικτιῶνος,
3409 1050 3488 1100 ἔτι
3522 1067 3582 1101 τε
3619 1051 3727 1101 καὶ

2152 1135 2260 1189 τῶν
2315 1135 2436 1188 τότε
2491 1135 2872 1206 ὲνδημούντων
2938 1139 3081 1190 κατὰ
3150 1139 3250 1210 τὴν
3321 1139 3728 1209 βασιλεύουσαν

2154 1227 2464 1296 ίερωτάτων
2498 1229 2914 1300 μητροπολιτῶν
2963 1233 3059 1282 καὶ
3092 1232 3568 1302 ἀρχιεπισκόπων,
3597 1237 3738 1287 ἀνέ-

2154 1317 2387 1387 μαθενή
2440 1318 2692 1389 βασιλεία
2745 1337 2870 1388 μου,
2925 1322 3006 1373 ὅτι
3063 1323 3357 1387 συνοδικῶς
3408 1326 3597 1395 ἐκρίθη
3654 1327 3732 1377 τὰ

2151 1410 2418 1478 περὶτῶν
2465 1411 2740 1481 ἀθεμίτων
2788 1413 3006 1479 γάμων,
3055 1416 3172 1477 πῶς
3221 1433 3280 1466 τε
3329 1417 3636 1484 ὀφείλουσιν
3675 1421 3732 1468 οξ

2151 1501 2522 1568 κεκωλυμένοι
2565 1501 2707 1554 κατὰ
2734 1504 2861 1564 τοὺς
2907 1504 3080 1565 θείους
3111 1507 3341 1568 κανόνας
3385 1509 3478 1560 καὶ
3520 1509 3731 1577 νόμους

2150 1591 2610 1660 ἀναχαιτίζεσθαι,
2643 1595 2737 1646 καὶ
2774 1594 2891 1655 πῶς
2923 1596 3238 1665 προϐαίνειν
3271 1599 3320 1649 οἱ
3347 1599 3485 1650 κατὰ
3513 1599 3726 1668 νόμους

2148 1684 2447 1748 γινόμενοι,
2511 1687 2604 1736 καὶ
2683 1685 2758 1754 μὴ
2823 1686 3119 1749 συνοδικῶς
3199 1689 3551 1756 κωλυόμενοι,
3617 1694 3723 1742 καὶ

472 1781 541 1820 ne
566 1766 635 1820 ab
661 1766 846 1836 aliquo
877 1767 1014 1821 forte
1041 1768 1124 1822 vel
1157 1779 1322 1835 metu,
1357 1773 1442 1825 vel
1474 1771 1598 1826 dolo
1631 1775 1797 1839 malo,
1831 1775 1912 1829 vel
1940 1776 2043 1829 alio

2151 1775 2475 1844 ὑπεμνήσθη
2527 1776 2718 1829 τούτου
2773 1779 2960 1832 ἕνεκεν
3004 1783 3035 1849 ἡ
3095 1781 3341 1850 βασιλεία
3391 1800 3512 1852 μου,
3574 1783 3724 1835 ὥστε

470 1858 705 1926 quodam
759 1859 922 1912 modo
971 1875 1082 1913 non
1139 1861 1398 1916 laudabili
1467 1865 1807 1918 rescindatur
1858 1886 1871 1919 :
1923 1880 2043 1919 cum

471 1950 742 2019 ejusmodi
775 1967 860 2008 res
889 1953 1071 2008 divina
1099 1954 1172 2009 sit
1201 1965 1253 2009 et
1288 1959 1396 2026 pia,
1424 1974 1612 2026 preces
1641 1961 1854 2015 oblatas
1881 1977 2047 2016 exau-

468 2045 624 2110 divit,
674 2052 728 2098 et
771 2047 1100 2102 auctoritate
1133 2048 1419 2119 principali
1467 2052 1740 2120 placentia
1785 2055 1900 2109 Deo
1929 2071 2047 2116 cor-

468 2137 783 2203 roboravit,
851 2153 1024 2208 eaque
1099 2149 1320 2209 propter
1395 2155 1765 2200 sacrosanctus
1835 2149 2045 2218 synodo

468 2244 688 2299 quoque
753 2231 1130 2300 comprobata,
1185 2243 1244 2286 ut
1306 2250 1373 2290 ne
1425 2246 1570 2292 recte
1613 2240 1742 2294 olim
1797 2239 1936 2296 facta
1980 2243 2046 2297 de

470 2334 613 2374 novo
665 2321 805 2376 male
863 2323 1274 2391 subvertantur,
1333 2342 1467 2382 neve
1535 2329 1658 2386 loco
1724 2343 2045 2388 moveantur

469 2408 720 2473 immota,
767 2411 1124 2482 profanaque,
1159 2423 1218 2468 ut
1262 2414 1338 2470 ita
1368 2416 1622 2484 dixerint,
1674 2419 1823 2477 liaut.
1858 2421 2045 2479 Saneit

468 2504 612 2556 enim
647 2503 902 2572 majestas
944 2520 1060 2558 mea
1091 2521 1187 2574 per
1215 2506 1316 2562 hoc
1349 2523 1530 2564 aurea;
1566 2511 1726 2565 bulla:
1755 2515 2039 2582 scriptum,

468 2604 530 2649 ut
581 2595 780 2650 factum
837 2597 968 2651 illud
1018 2613 1047 2651 a
1101 2601 1413 2668 patriarcha
1477 2605 1681 2672 pariter
1729 2616 1784 2660 et
1834 2609 2042 2678 synodo

468 2685 776 2750 decretum,
833 2687 1044 2740 lit-mum
1101 2696 1391 2759 ratumque
1441 2693 1543 2755 sit,
1604 2709 1702 2748 nec
1751 2696 2037 2764 quisquam

444 2773 518 2826 .id
557 2775 643 2828 vel
676 2775 824 2829 nudo
855 2777 1021 2831 verbo
1078 2779 1134 2832 in
1180 2779 1404 2835 dubium
1452 2783 1651 2839 audeat
1697 2803 1949 2842 revocare
1976 2804 2040 2844 ac

464 2864 795 2920 rescindere.
833 2867 966 2921 Nam
1003 2870 1095 2935 qui
1136 2870 1264 2925 huic
1309 2887 1480 2928 sacrae
1517 2877 1874 2948 synodalique
1906 2895 2033 2934 sen-

466 2954 650 3007 tentia:
707 2955 1050 3022 adversatur,
1115 2975 1238 3014 mox
1293 2963 1608 3031 ipsofaeto
1663 2969 1785 3021 lidei
1840 2981 2038 3026 nostrae

463 3044 830 3112 gubernacula
883 3033 1170 3112 subvertit,
1216 3061 1270 3105 et
1309 3054 1678 3111 anathematis
1733 3058 1909 3115 factus
1954 3070 2036 3117 cst

464 3146 614 3197 reus,
667 3133 1122 3206 abdicatusquea
1164 3155 1360 3210 magna
1412 3143 1649 3202 Ecclesia
1707 3161 2034 3216 removetur,

461 3223 607 3275 velut
641 3223 976 3282 inhumanus
1029 3235 1084 3282 et
1125 3233 1555 3299 consceleratus,
1612 3239 1707 3304 qui
1761 3248 1817 3292 et
1865 3255 2032 3293 cauo-

459 3314 625 3369 nibus
655 3316 975 3373 adversetur
1006 3329 1060 3374 et
1106 3323 1329 3377 eosdem
1384 3328 1660 3381 rescindat
1708 3337 1872 3397 atque
1901 3345 2034 3384 con-

457 3406 642 3460 vellat.
703 3405 913 3479 Quippe
968 3411 1229 3480 majestas
1297 3428 1412 3466 mea
1455 3417 1710 3484 praeclare
1741 3419 2033 3485 dijudicata

415 3503 425 3512 '
458 3507 718 3567 gestaque
746 3515 842 3566 per
869 3501 1038 3570 ipsam
1064 3503 1332 3574 synodum
1362 3504 1680 3574 obsignans,
1710 3522 2031 3579 praesentem

459 3588 599 3644 hanc
632 3591 868 3645 Auream
913 3593 1122 3648 Bullam
1167 3596 1551 3664 promulgavit,
1586 3601 1650 3652 ad
1697 3602 2028 3658 conﬁrman-

372 3672 375 3675 ’
456 3679 585 3733 dum
621 3690 674 3736 et
709 3682 1096 3738 stabiliendum
1144 3700 1229 3750 ea,
1274 3688 1362 3741 cui
1416 3689 1575 3744 bullae
1610 3691 1791 3748 rubris
1839 3696 2031 3752 litteris

455 3769 801 3838 subscripsit,
830 3781 883 3826 et
924 3789 1019 3841 per
1050 3791 1144 3829 eas
1170 3777 1450 3832 veritatem
1481 3780 1766 3838 clariorem
1795 3786 2028 3854 dictans,

454 3873 644 3910 verum
685 3859 738 3912 ei
771 3859 1032 3930 sigillum,
1075 3867 1230 3933 quasi
1281 3867 1555 3935 quoddam
1596 3887 1820 3928 aureum
1854 3881 2031 3933 corol-

454 3946 672 4014 larium,
703 3951 979 4020 appendit.
1031 3959 1135 4010 An.
1171 3955 1358 4011 mundi
1392 3957 1551 4024 6598,
1586 3962 1687 4017 hac
1723 3964 1837 4034 ipsa
1872 3971 2027 4025 tertia

455 4038 772 4106 indictione,
801 4059 987 4100 mense
1013 4044 1294 4115 Januario,
1321 4066 1431 4120 quo
1461 4061 1513 4106 et
1545 4053 1631 4122 pia
1661 4055 2029 4131 divinitusque

454 4132 751 4187 constituta
784 4136 1046 4205 majestas
1083 4147 1268 4193 nostra
1301 4143 1648 4214 subscripsit.

451 4222 519 4275 δι’
566 4225 814 4296 ὲρυθρῶν
879 4233 1246 4299 γραμμάτων,
1293 4236 1386 4287 καὶ
1447 4237 1534 4290 διὰ
1577 4240 1785 4294 τούτων
1849 4245 1950 4316 τὴν

450 4313 516 4382 δή
557 4331 678 4368 τινα
707 4320 938 4389 χρυσῆν,
977 4322 1077 4390 τὴν
1105 4324 1319 4394 ἀληθῶς
1349 4329 1618 4398 σφραγῖδα
1651 4331 1827 4405 τούτῳ
1883 4313 2070 4396 απαιω

2148 1869 2555 1940 ἐπικυρωθῆναι
2599 1870 2730 1943 παρ’
2777 1874 2945 1943 αὐτῆς
2995 1875 3094 1946 τὴν
3120 1880 3378 1947 τοιαύτην
3406 1879 3605 1946 κρίσιν,
3639 1881 3722 1941 ὡς

2148 1959 2214 2010 ἂν
2252 1959 2326 2029 μὴ
2373 1963 2521 2031 παρά
2568 1979 2712 2026 τινος
2765 1965 2908 2018 κατὰ
2947 1969 3110 2036 φόϐον
3166 1970 3411 2039 τυχὸν,ἢ
3463 1971 3630 2035 δόλον,
3682 1975 3720 2042 ἦ

2145 2053 2344 2120 τρόπον
2393 2053 2550 2106 ἄλλον
2586 2055 2687 2108 οὐκ
2726 2058 3011 2111 ἐπαινετὸν
3081 2061 3464 2130 ἀνατρέποιτο,
3500 2065 3591 2115 καὶ
3642 2060 3730 2133 ἦν

2145 2143 2204 2194 τὸ
2238 2144 2476 2212 πρᾶγμα
2517 2144 2662 2198 θεῖον
2704 2149 2797 2200 καὶ
2854 2149 3124 2213 εὐσεϐές⁹
3150 2152 3426 2220 ἐπήκουσε
3462 2155 3561 2218 τῆς
3602 2155 3718 2206 τῶν

2146 2234 2486 2302 αἰτουμένων
2526 2237 2820 2308 αἰτήσεως,
2871 2242 2966 2292 καὶ
3021 2242 3362 2312 ἔπεκράτυνε
3420 2242 3716 2312 βασιλικῶς

2144 2327 2210 2380 τὰ
2237 2327 2312 2398 τῷ
2349 2326 2468 2398 Θεῷ
2495 2329 2772 2400 ἀρέσαντα
2817 2330 3197 2404 [ἀρέσκοντα],
3239 2335 3334 2386 καὶ
3374 2334 3515 2388 κατὰ
3549 2335 3714 2389 τοῦτο

2145 2419 2238 2472 καὶ
2270 2423 2339 2490 τῇ
2373 2420 2494 2492 θείᾳ
2539 2424 2630 2474 καὶ
2655 2423 2804 2494 Idyia
2861 2425 3063 2496 συνόδῳ
3111 2426 3535 2492 συνοδοξὰσαντα
3563 2427 3716 2499 [ουν-

2143 2509 2417 2582 δόξαντα],
2468 2513 2543 2576 ὡς
2601 2515 2666 2567 ἂν
2736 2516 2807 2568 τὰ
2860 2517 3027 2570 πάλαι
3087 2521 3454 2589 πεπραγμένα
3506 2521 3712 2582 καλῶς,

2143 2603 2404 2672 ὲκκαινῆς
2456 2601 2643 2670 κακῶς
2703 2607 2777 2678 μὴ
2829 2609 3309 2680 ἀναμοχλεὺοιντο,
3350 2614 3445 2665 καὶ
3482 2615 3710 2682 ἀκνητα

2147 2699 2528 2763 μετακινοῖντο
2587 2697 2684 2770 [ὠς
2737 2701 2998 2770 εὐκίνητοι
3057 2703 3227 2773 μετ.1,
3274 2707 3370 2756 καὶ
3413 2705 3486 2768 ὡς
3537 2708 3708 2757 εἰπεῖν

2143 2786 2330 2856 ἀνίερα
2368 2788 2600 2855 γίνοιντο
2626 2789 2968 2864 [γίγνοιντοῙ.
3003 2794 3306 2864 Διορίζεται
3348 2799 3455 2868 γὰρ
3487 2797 3698 2867 {3313:-

2140 2877 2258 2929 λεία
2287 2896 2389 2948 μου
2421 2879 2504 2933 διὰ
2535 2880 2630 2934 τοῦ
2664 2885 2934 2954 παρόντος
2957 2885 3357 2955 χρυσοόοὑλλου
3389 2889 3552 2958 λόγου,
3591 2893 3696 2958 τὴν

2140 2970 2442 3039 γενομένην
2498 2975 2910 3046 πατριαρχικὴν
2981 2978 3078 3030 καὶ
3139 2979 3417 3047 συνοδικιῇν
3474 2982 3692 3049 κρίσιν,

2143 3057 2368 3127 βεϐαίαν
2415 3059 2554 3115 εἶναι
2577 3104 2592 3129 ,
2635 3067 2728 3118 καὶ
2779 3066 2853 3137 μὴ
2903 3069 3054 3137 παρά
3084 3085 3231 3134 τινος
3265 3072 3388 3141 ἄχρι
3420 3075 3508 3125 καὶ
3534 3070 3703 3139 ψιλῡῦ

2135 3151 2229 3203 τοῦ
2255 3151 2414 3221 λόγου
2461 3155 2767 3226 τολμᾶσθαι
2807 3157 3203 3229 ἀνακρίνεσθαί
3241 3180 3298 3215 τε
3337 3166 3429 3217 καὶ
3479 3166 3709 3234 ἁνατρὲο

2132 3243 2352 3300 πεσθαι.
2394 3247 2728 3319 Αὑτόχρημα
2781 3253 2890 3322 γὰρ
2936 3257 2963 3307 ό
3018 3257 3363 3311 ἀντιπίπτων
3423 3257 3595 3328 ταύτῃ
3632 3261 3708 3329 τῇ

2134 3337 2254 3410 θείᾳ
2293 3340 2386 3392 καὶ
2437 3344 2687 3416 συνοδικῇ
2737 3348 2956 3418 κρίσει,
3001 3351 3099 3421 τῆς
3149 3353 3424 3422 ἡμετέρας
3472 3353 3711 3414 πίστεως

2132 3434 2573 3502 προσανατρὲπει
2623 3439 2749 3502 τοὺς
2783 3441 3000 3508 οἴακας,
3060 3446 3154 3497 καὶ⁵
3192 3444 3502 3514 ἁναθὲματι
3537 3443 3709 3496 καθυ-

2133 3521 2489 3592 ποϐἐσληται,
2533 3528 2627 3580 καὶ
2675 3531 3061 3600 ἀποκήρυκτος
3112 3536 3264 3606 παρὰ
3316 3537 3416 3604 τῆς
3463 3536 3711 3606 μεγάλης

2151 3613 2476 3686 Ἑκκλησίας
2529 3620 2990 3689 ἀποκαθίσταται,
3032 3627 3125 3681 καὶ
3168 3630 3553 3698 ἀντιπράττων
3588 3633 3711 3690 τοῖς

2138 3705 2345 3766 κανόσι,
2388 3708 2482 3759 καὶ
2537 3710 2860 3782 ἀνατρέπων
2911 3717 3132 3781 τούτους
3189 3720 3284 3772 καὶ
3340 3719 3714 3782 διασαλεὺων,

2133 3797 2506 3886 ἁπάνθρωπός
2559 3820 2619 3856 τε
2669 3805 2765 3858 καὶ
2823 3811 3285 3883 παρανομώτερος
3343 3813 3707 3886 [παρανομὼ-

2133 3885 2336 3957 τατος].
2386 3889 2494 3942 Καὶ
2547 3893 2655 3962 γὰρ
2710 3896 3193 3969 ὲπισιρροιγίζουσα
3237 3905 3268 3973 ἡ
3311 3885 3560 3970 βασιλεία
3589 3921 3712 3972 μου

2135 3978 2209 4030 τὰ
2241 3983 2546 4052 κεκριμένα
2567 3987 2749 4052 καλῶς
2779 3992 2874 4044 καὶ
2918 3995 3348 4066 οἰκονομηθέντα
3379 3995 3718 4058 συνοδικῶς,.

2133 4069 2228 4122 καὶ
2289 4073 2350 4125 τὸ
2410 4078 2583 4147 παρὸν
2642 4079 2858 4145 ἐξέθετο
2914 4087 3328 4156 χρυσόσουλλον,
3368 4093 3448 4152 είς
3512 4088 3714 4140 ἐπικύο

2136 4163 2303 4229 ρωσίν
2333 4182 2392 4218 τε
2425 4170 2518 4222 καὶ
2561 4174 2912 4247 στερεότητα,
2950 4180 3422 4252 ὑποσημηναμένη
3453 4185 3512 4235 ὲν
3547 4181 3710 4248 αὖτῴ

2017 4251 2276 4323 ἀλήθειαν
2337 4264 2658 4335 φανωτέραν
2717 4269 3156 4341 ὑπαγορεύωσα,
3202 4251 3456 4345 κορωνὴν
3503 4277 3710 4341 ὥσπερ

2074 4347 2308 4415 ρήσασα,
2352 4353 2409 4404 ὲν
2457 4353 2566 4408 ἔτει
2627 4360 2704 4429 τῷ
2763 4369 2953 4434 ,ςφπη’
2992 4365 3091 4434 τῆς
3160 4367 3444 4439 παρούσης
3506 4367 3710 4436 τρίτης

455 4409 790 4532 ινδὶκτιῶνος
839 4413 936 4468 τοῦ
993 4417 1330 4491 Ἰανουαρίου
1385 4422 1576 4492 μηνὸς,
1637 4428 1696 4479 ἐν
1745 4425 1788 4497 ᾧ
1835 4434 1929 4486 καὶ
1991 4409 2362 4512 τδ-ήμὲτερῖον
2421 4449 2645 4516 εὐσεϐὲς
2675 4409 2807 4508 ,καῖ
2828 4409 3272 4532 Ϊθεόπρόὲλητοντ
3302 4409 3706 4531 ὑπεισημίγ-νατο

452 4506 674 4575 κράτος.

487 4648 3692 4738 ἓξὲξ-..ὴὲ

1703 4797 1987 4844 INEUNTE
2017 4801 2270 4848 σεαυιο
2313 4807 2432 4852 XII.

1150 4935 3000 5221 NICETAS_SEIDUS.
3385 5011 3415 5026 κ

1791 5305 2335 5400 ΝΟΤΙΤΙΑ.

969 5458 1098 5523 (Leo
1123 5459 1412 5513 Allatiusin
1445 5464 1666 5518 Diatttba
1689 5469 1750 5521 de
1777 5468 1988 5534 Nicetis,
2016 5488 2095 5536 ap.
2131 5477 2308 5528 Maium
2343 5478 2465 5531 Bibl.
2507 5483 2633 5533 Nov.
2669 5486 2812 5535 Patr.
2839 5486 2920 5547 Vl,
2950 5500 3003 5550 ιι,
3037 5489 3166 5553 492.)

511 5578 727 5637 Nicetas
762 5579 960 5641 Seidus
994 5585 1093 5641 sub
1133 5587 1460 5657 imperatore
1505 5592 1697 5650 Alexio
1728 5595 2029 5665 Conmeno,
2061 5615 2186 5655 cum
2223 5603 2426 5659 videret
2456 5621 2484 5661 a
2535 5606 2742 5665 Latinis
2773 5615 3022 5681 proponi,
3068 5617 3402 5684 opinionibus
3433 5617 3684 5676 Ecclesia:

440 5666 693 5724 Romana:
725 5679 974 5740 tanquam
1005 5673 1318 5741 antiquioris
1362 5677 1723 5735 iit/uerendum
1771 5700 1900 5745 esse,
1933 5689 2408 5758 venerabiliomque
2445 5713 2556 5751 esse
2598 5700 2740 5752 novis
2785 5701 3110 5768 antiquiora,
3159 5708 3378 5770 scripsit
3415 5711 3687 5767 adversus
