4050 6198
431 248 567 325 ηδε
1530 242 1826 324 Niciam
1858 263 2062 326 smn
2101 262 2197 328 DE
2239 256 2646 328 PASCHATE.
3527 253 3660 318 Itan

423 380 645 434 eosdem
674 379 1020 448 opusculum,
1052 381 1132 431 ὅτι
1163 382 1263 432 οὐκ
1306 379 1707 449 αἱδεσιμώτερα
1760 382 2001 446 καθάπαξ

2099 382 2165 433 ὧν
2212 384 2345 436 νέων
2379 383 2446 436 τὰ
2495 379 2724 442 παλαιὰ,
2757 377 2878 431 οὐδὲ
2997 375 3198 428 παλαιὰ
3249 373 3435 425 λοιπὸν
3473 372 3657 438 Ῥώμη

425 472 520 538 τῆς
549 468 712 532 Νέας,
751 467 844 519 uati.
868 469 897 519 6
927 466 1115 534 Θρόνος
1140 467 1234 520 τοῦ
1265 469 1481 529 θρόνου.
1518 467 1639 522 Non
1679 486 1790 522 esse
1826 469 2001 536 simpli

2099 487 2139 522 er
2168 472 2388 539 antiqua
2425 470 2570 522 novis
2601 466 3009 528 veiicrabiliora,
3062 463 3280 532 ideoque
3317 477 3477 528 neque
3531 477 3660 510 nortt

424 563 564 608 uetus
592 551 778 616 Roma,
807 569 898 607 nec
933 553 1078 607 sedes
1109 555 1249 606 sede.
1287 556 1349 608 P.
1377 554 1552 607 Πολλὰ
1591 556 1691 624 μὲν
1719 558 1870 626 ἡμῖν,
1909 550 1954 608 ὦ
1983 557 2001 608 ὂ

2099 572 2177 624 ssc
2221 555 2504 625 Ῥωμαῖοι,
2553 554 2621 606 τὰ
2657 552 2951 606 διῖστῶντα
2982 551 3128 619 ὑμᾶς
3163 548 3256 616 ἀφ’
3281 547 3462 614 ἡμῶν.
3494 544 3658 596 Multa

426 642 572 696 illius
611 655 896 710 perperam
951 641 1173 704 dictam,
1205 655 1234 692 a
1290 641 1534 695 nobisin
1565 641 1719 696 libris
1769 642 1836 696 de
1881 645 2266 708 consensione,
2303 651 2463 712 prout
2511 641 2712 696 ferebat
2760 639 2999 703 occasio,
3051 637 3258 706 prolata
3317 644 3370 690 et
3428 633 3658 687 refutatu

425 735 570 781 sunt.

495 813 726 882 Scripsit
755 815 916 867 etiam
954 824 1240 868 tractatum
1268 813 1341 867 De
1374 813 1648 879 Paschate,
1687 816 1819 886 Περὶ
1840 815 1934 868 τοῦ
1989 819 2001 868 1

2099 835 2198 886 τχα.
2228 814 2291 869 P.
2335 815 2562 885 Ἐτέχθη
2611 815 2712 884 μὲν
2744 815 2772 866 ὁ
2821 813 3023 884 Κύριος
3077 809 3283 883 Ἰησοῦς
3318 804 3550 878 Χριστὸς
3605 806 3660 856 ὲν

423 898 536 952 ἔτει
563 898 670 950 ἀπὸ
696 900 927 963 κτίσεως
975 901 1179 969 κόσμου
1213 907 1380 969 ,εφς’,
1420 901 1494 962 ὡς
1529 903 1742 971 εἴρηταί
1779 921 1868 969 μοι
1920 904 2001 956 κατ

2099 903 2307 972 ρόσθεν.
2338 903 2623 957 Matthazus
2663 900 3156 961 Hieromnnachus,
3184 897 3279 968 qui
3324 896 3380 950 in
3425 907 3663 950 canones

425 987 668 1054 scripsit,
705 987 757 1039 in
785 991 1020 1041 tractatu
1053 1003 1152 1042 suo
1187 975 1256 1041 De
1293 974 1592 1041 Paschate:
1625 989 1780 1041 Οὕτω
1816 990 1908 1041 καὶ
1942 989 1971 1040 6

2099 989 2320 1059 ιμαστδς
2351 988 2510 1057 κύρις
2556 989 2798 1058 Νικήτας
2824 991 2851 1040 6
2892 986 3229 1054 καλούμενος
3268 981 3451 1044 Σέῖδός
3495 995 3662 1048 φησιν

426 1074 485 1122 ὲν
522 1072 600 1140 τῷ
633 1071 724 1124 ὑπ’
767 1072 931 1124 αὐτοῦ
985 1073 1262 1126 ἐκτεθέντι
1302 1075 1431 1144 περὶ
1483 1075 1675 1128 τούτου
1737 1077 2001 1146 συντάγμι

2099 1091 2106 1104 ’
2161 1059 2250 1130 Sic
2279 1085 2327 1128 et
2367 1075 2699 1128 admirabilis
2748 1075 2988 1128 dominus
3042 1071 3286 1138 Nicetas,
3325 1074 3662 1139 cognomento

428 1152 636 1220 Scidus,
672 1161 746 1212 ait
779 1161 830 1211 in
861 1158 1234 1238 commentario
1263 1173 1356 1215 suo
1391 1161 1453 1214 de
1484 1163 1581 1214 hac
1613 1164 1793 1216 eadem
1837 1179 1891 1215 re
1919 1163 2078 1214 edito.

1117 1354 2186 1368 .———————_~_

2198 1355 2526 1368 ﬂ-

1606 1499 1697 1552 ΕΚ
1739 1501 1875 1554 ΤΩΝ
1915 1501 2052 1555 ΤΟΥ
2083 1502 2498 1556 ΜΔΚΑΡΙΊῸΥ
2587 1577 2592 1582 λ

821 1657 1394 1798 ΚΥΡΟΥ
1488 1664 2136 1796 ΝΙΚΗΤΑ
2209 1669 2556 1801 ΤΟΥ
2655 1659 3266 1804 ΣΕΙΔΟΥ

1518 1897 1778 1996 ΠΕΡΙ
1851 1909 2079 1994 ΤΟΥ
2153 1911 2570 1997 ΠΑΣΧΑ.

1788 2240 1876 2294 EX
1937 2239 2310 2296 TRACTATU

1004 2403 1416 2525 BEATI
1505 2413 1962 2528 DOMNI
2048 2398 2624 2526 NlCET/E
2711 2414 3083 2529 SEIDI

1616 2651 1761 2736 DE
1844 2651 2479 2740 PASCHA'I‘E.

502 2984 802 3041 Cardinalts
831 2983 1028 3054 Angela
1061 2981 1197 3049 IIai,
1228 2986 1282 3036 in
1315 2993 1425 3037 not.
1459 2986 1527 3038 ad
1572 2981 1832 3039 Theodori
1862 2983 2200 3042 Meliteniota:
2230 2989 2402 3042 locum
2433 2989 2520 3042 ubi
2548 2991 2611 3044 de
2645 2988 2921 3045 Paschalis
2965 2992 3308 3046 celebratione
3333 2994 3532 3062 agitur,
3569 3009 3664 3048 exn

433 3087 659 3140 rerptum
694 3089 758 3127 ex
787 3090 936 3142 opere
975 3072 1181 3127 Niceta:
1216 3073 1382 3137 Seidi,
1411 3090 1572 3144 supra
1608 3074 1672 3126 ab
1702 3075 1899 3128 Allatio
1943 3076 2188 3138 laudato,
2230 3077 2457 3139 exhibet,
2498 3079 2576 3129 sic
2617 3079 2874 3145 pra'fatus
2901 3095 2919 3130 :
2953 3097 2972 3128 ‹
3008 3079 3147 3143 Quia
3178 3081 3272 3133 hoc
3314 3081 3429 3134 loco
3471 3084 3662 3134 arentia

438 3161 711 3214 Paschalis
738 3161 942 3223 incidit,
969 3162 1103 3214 venit
1129 3162 1259 3214 mihi
1290 3162 1346 3214 in
1379 3171 1598 3214 utentem
1629 3163 1829 3214 tradita
1855 3163 1918 3213 ab
1945 3162 2144 3215 Allatio
2175 3158 2227 3212 in
2249 3161 2483 3214 diatriba
2510 3163 2573 3215 de
2611 3161 2810 3215 Nicetis
2834 3180 2883 3215 η.
2915 3163 2996 3216 XI
3031 3165 3244 3224 notitia,
3275 3167 3413 3232 quod
3447 3165 3664 3217 Nicetus

433 3247 640 3310 Seidus,
678 3249 857 3302 sa'culi
893 3245 999 3301 XII
1028 3248 1201 3312 homo,
1236 3258 1523 3300 tractatum
1550 3249 1815 3315 scripserit
1843 3249 1907 3302 de
1941 3248 2214 3302 Pascltat'e.
2235 3247 2429 3304 Revera
2467 3249 2591 3299 mihi
2612 3251 2663 3300 in
2686 3250 2863 3301 codice
2897 3249 2988 3302 Gr.
3024 3248 3139 3302 Vat.
3170 3251 3326 3314 1059,
3346 3251 3386 3318 f.
3420 3250 3663 3317 212,non

429 3337 858 3388 contemnendum
879 3335 1180 3388 occurrebat
1205 3335 1446 3403 praedicti
1479 3344 1739 3388 tractatus
1769 3341 2088 3404 excerptum,
2120 3334 2260 3396 quod
2292 3332 2375 3385 hic
2407 3333 2680 3386 subtexere
2706 3350 2874 3400 operte
2903 3336 3128 3400 pretium
3153 3345 3252 3398 est,
3287 3345 3394 3388 tum
3424 3339 3547 3404 quia
3576 3354 3665 3399 per

431 3440 482 3474 se
508 3422 656 3481 utile.
688 3434 794 3474 tum
820 3423 978 3475 etiam
1006 3433 1060 3474 ut
1094 3422 1402 3475 Nicetarum
1427 3423 1626 3490 scripta
1654 3438 1748 3490 pro
1778 3422 1972 3474 viribus
1999 3421 2328 3489 colligamus.
2353 3420 2474 3473 Jam
2507 3421 2718 3472 titulum
2749 3422 3052 3490 μακαρίτου
3076 3424 3275 3476 homini
3326 3423 3662 3477 schismatico

429 3510 634 3568 «latum,
665 3510 752 3576 qui
791 3510 952 3561 etiam
985 3519 1169 3562 contra
1206 3507 1515 3561 Latinorum
1547 3509 1792 3578 dogmata
1827 3509 2158 3569 declamavit,
2195 3524 2344 3559 nemo
2387 3507 2702 3570 mirabitur;
2741 3516 2861 3558 nam
2898 3519 2944 3560 et
2987 3505 3200 3562 Gra’cus
3259 3510 3453 3562 codicis
3497 3511 3663 3578 ipsius

432 3595 658 3659 scriptor
703 3596 1022 3649 credibiliter
1053 3597 1156 3664 fuit
1201 3597 1590 3658 schismaticus,
1633 3605 1683 3649 et
1719 3596 1859 3648 beati
1897 3593 2210 3648 vocabulum
2256 3595 2320 3647 de
2361 3593 2590 3661 quolibet
2640 3603 2870 3656 mortuo,
2912 3595 3018 3646 sive
3065 3595 3212 3648 beato
3253 3597 3357 3650 sive
3399 3612 3568 3663 secus,
3600 3597 3663 3648 ab

431 3683 658 3749 antiquis
687 3683 1115 3751 praedicabatur;
1150 3694 1198 3736 et
1229 3699 1366 3736 nunc
1396 3685 1558 3736 etiam
1589 3682 1908 3752 quibusdam
1939 3686 1992 3734 in
2023 3681 2320 3751 regionibus
2355 3681 2476 3749 pari
2504 3696 2660 3734 sensu
2689 3691 3004 3750 usurpatur.
3046 3702 3064 3734 ι

2033 3864 2100 3875 ...ι-

515 3990 741 4058 Ἑτέχοη
774 3990 872 4059 μὲν
909 3991 938 4042 6
975 3991 1177 4060 Κύριος
1223 3990 1381 4061 ἡμῶν
1426 3988 1632 4060 Ἰησοῦς
1673 3992 1905 4059 Χριστὸς
1937 3997 1994 4046 ὲν

2172 3991 2340 4051 Natus
2371 4001 2454 4051 est
2496 3998 2754 4052 llatninus
2806 3989 2990 4052 noster
3022 3989 3182 4050 .lesus
3220 3994 3471 4052 Christus
3521 4016 3666 4054 anno

433 4083 541 4133 ἔτει
575 4080 683 4134 ἀπὸ
708 4083 937 4144 κτίσεως
975 4090 1138 4152 ,εφςκ
1163 4083 1237 4143 ὡς
1260 4082 1476 4150 εἴρηταί
1504 4099 1592 4151 μοι
1620 4084 1709 4134 καὶ
1734 4085 1990 4152 πρόσθεν·

435 4173 609 4235 ἄλλως
639 4175 751 4242 γὰρ
788 4168 889 4226 οὒκ
931 4175 1230 4242 ἐνδέχεται,
1261 4173 1364 4225 κᾶν
1399 4174 1446 4223 εἰ
1498 4175 1760 4241 μυριάκις
1790 4179 1992 4244 κάμοι·

434 4268 494 4318 τὸ
519 4267 576 4319 δὲ
613 4267 882 4334 σωτήριον
915 4263 1085 4323 πάθος
1113 4261 1282 4314 αὐτοῦ
1310 4261 1534 4329 γέγονεν
1576 4261 1718 4314 κατὰ
1745 4264 1804 4314 τὸ
1825 4263 1988 4330 ,εφλθθ

437 4359 574 4418 ἔτος,
620 4357 708 4410 ὅτε
744 4359 771 4408 6
802 4356 898 4425 μὲν
936 4354 1133 4415 κύκλος
1179 4354 1277 4421 τῆς
1324 4354 1555 4422 σελήνης
1598 4354 1820 4416 δέκατος
1854 4350 1942 4422 ἦν,
1970 4356 1999 4405 6

435 4449 490 4501 δὲ
521 4448 615 4501 τοῦ
639 4449 792 4518 ἡλίου
819 4447 1064 4507 εἰκοστὸς
1096 4444 1297 4512 τρίτος.
1325 4439 1426 4495 ’Ὧν
1469 4443 1994 4513 συμψηφιζομένων,

436 4541 752 4608 εὑρίσκεται
810 4538 1030 4609 ἀληθῶς
1083 4537 1160 4596 ὡς
1219 4536 1538 4606 πέπρακται
1589 4539 1713 4588 τότε
1771 4537 1832 4589 τὸ
1898 4535 1998 4604 μὲν

437 4631 659 4697 νομικὸν
699 4631 914 4698 Πάσχα.
951 4630 1120 4696 ἤγουν
1176 4628 1208 4696 ἠ
1264 4625 1327 4679 ιδ’
1365 4628 1463 4693 τῆς
1496 4626 1748 4695 σελήνης,
1787 4633 1871 4694 κγ’
1902 4626 1998 4678 τοῦ

437 4714 678 4790 Μαρτίου
711 4721 903 4791 μηνὸς,
922 4719 1056 4788 ἕκτῃ
1093 4717 1192 4785 τῆς
1217 4717 1510 4785 ὲὸδομάδος
1541 4717 1750 4784 ἡμέρᾳ,
1779 4717 1866 4768 ὅτε
1902 4717 1998 4768 καὶ

435 4813 462 4862 6
493 4812 696 4880 Κύριος
723 4811 913 4862 ἔπαθε.
939 4811 1096 4864 Μετὰ
1125 4809 1236 4878 γὰρ
1259 4808 1358 4876 τὴν
1392 4806 1570 4876 ταφὴν
1600 4807 1692 4858 τοῦ
1720 4806 1998 4876 Σωτῆρος,

433 4905 462 4956 6
494 4896 685 4968 ἄλογος
717 4897 880 4969 ἐτύθη
911 4899 1081 4968 ἀμνὸς
1109 4900 1246 4968 πρὸς
1285 4897 1527 4966 ἑσπέραν
1552 4913 1566 4928 '
1594 4895 1999 4964 ἐπιφὼσκοντος

435 4993 492 5043 δὲ
537 4992 634 5045 τοῦ
689 4983 1055 5060 Σαὸὁάτου,ἢ
1095 4992 1159 5060 τῇ
1194 4982 1268 5041 κδ’
1314 4987 1407 5040 τοῦ
1462 4979 1708 5058 Μαρτίου
1746 4988 1936 5056 μηνὸς,
1962 4989 1995 5056 ἡ

435 5082 543 5135 τῶν
583 5081 841 5152 Ἀζύμων
877 5083 1008 5150 παρ’
1042 5080 1225 5142 αὐτοῖς
1261 5081 1522 5143 ἐτελεῖτο,
1560 5079 1636 5141 ὡς
1676 5083 1704 5131 6
1750 5080 1910 5148 νόμος
1945 5080 2003 5129 ὲν

436 5173 512 5240 τῷ
548 5172 819 5243 Λευῖτικῷ
841 5172 1123 5238 διετάξατο
1145 5184 1161 5202 ⁸
1193 5172 1257 5240 τῇ
1284 5171 1341 5222 δὲ
1379 5176 1455 5223 κε’
1489 5169 1583 5222 τοῦ
1615 5169 1778 5223 αὑτοῦ
1812 5171 2000 5239 μηνὸς,

436 5266 469 5330 ἡ
515 5264 916 5334 λαμπροφανὴς
967 5264 1259 5324 ἀνάστασις
1303 5263 1398 5314 τοῦ
1434 5263 1674 5331 Χριστοῦ
1728 5260 1894 5313 παντὶ
1925 5261 2002 5330 τῷ

2099 4083 2166 4136 ab
2203 4086 2337 4138 orbe
2387 4088 2608 4140 condito
2657 4088 2816 4149 5506,
2867 4097 2927 4140 ut
2959 4088 3070 4155 jam
3125 4095 3280 4139 antea
3330 4089 3460 4141 dixi.
3501 4089 3665 4144 Aliter

2097 4173 2241 4226 enim
2275 4189 2397 4227 esse
2429 4177 2643 4246 nequit,
2690 4176 2902 4232 etiamsi
2947 4177 2999 4229 in
3032 4176 3301 4230 inﬁnitum
3348 4179 3664 4247 vestigandi:

2043 4313 2048 4320 .
2100 4265 2221 4332 quis
2265 4263 2494 4316 laboret.
2530 4264 2793 4320 Salutaris
2828 4277 3006 4320 autem
3051 4267 3168 4334 ejus
3214 4268 3391 4336 passio
3436 4272 3663 4339 contigit

2100 4366 2246 4405 anno
2278 4353 2438 4416 5559,
2473 4359 2595 4409 cum
2631 4363 2775 4410 esset
2810 4355 3016 4408 lunaris
3048 4356 3230 4425 cyclus
3274 4359 3539 4423 decimus,
3573 4375 3662 4414 so-

2101 4442 2230 4496 laris
2280 4453 2460 4497 autem
2507 4445 2798 4498 vicesimus
2844 4447 3053 4498 tertius.
3104 4446 3312 4510 Quibus
3365 4451 3662 4508 concessis.

2100 4535 2432 4603 comperitt'tr
2465 4546 2607 4600 rere,
2644 4544 2825 4589 actum
2857 4551 2977 4589 esse
3012 4536 3182 4604 legale
3217 4535 3418 4590 Pascha
3473 4552 3663 4603 quarta

2099 4623 2306 4679 decima
2354 4624 2441 4678 die
2488 4625 2648 4688 lunae,
2698 4626 2955 4680 vicesima
3005 4627 3161 4680 tertia
3213 4629 3416 4682 mensis
3466 4627 3663 4692 Martii,

2103 4713 2452 4767 hebdomadas
2480 4724 2655 4776 sexta,
2683 4729 2788 4782 qua
2822 4731 3010 4784 reapse
3041 4716 3304 4770 Dominus
3341 4733 3529 4786 passus
3559 4732 3661 4772 est.

2102 4801 2256 4868 Nam,
2289 4816 2410 4872 post
2457 4806 2728 4873 sepultum
2779 4806 3152 4871 Salvatorcm,
3205 4807 3517 4861 immolatus
3565 4807 3668 4861 fuit

2103 4895 2432 4951 irrationalis
2464 4906 2635 4965 agnus
2666 4896 2808 4950 circa
2849 4910 3155 4966 vesperum.
3196 4891 3549 4952 illucescente
3573 4914 3667 4951 au-

2105 4995 2208 5038 tem
2256 4985 2516 5051 Sabbato,
2565 5001 2659 5040 seu
2702 4987 2956 5041 vicesima
3005 4997 3195 5056 quarta
3246 4987 3422 5041 Martii
3470 4991 3666 5042 mensis

2103 5079 2230 5139 die,
2285 5086 2596 5145 azymorum
2651 5079 2719 5131 ab
2776 5076 2977 5131 Iudaeis
3047 5077 3360 5131 solemnitas
3453 5091 3666 5145 peracta

2105 5167 2237 5230 fuit,
2288 5166 2451 5219 veluti
2490 5167 2572 5220 lex
2615 5167 2667 5219 in
2716 5163 2955 5220 Levitico
3005 5166 3365 5234 prmcipiebat.
3403 5166 3666 5220 Vicesitna

2104 5259 2337 5325 denique
2401 5258 2590 5324 quinta
2642 5257 2886 5325 ejusdem
2947 5256 3150 5310 mensis
3208 5256 3334 5319 die,
3393 5256 3667 5324 splendida

439 5355 628 5423 κόσμῳ
661 5332 996 5424 ἐπέλαμψεν.
1027 5353 1255 5424 Ἐτὲχθη
1303 5353 1403 5422 μὲν
1446 5349 1539 5405 οὖν
1589 5354 1624 5404 6'
1676 5351 1900 5422 Κύριος,
1925 5351 2000 5412 ὡς

2104 5343 2301 5400 Christi
2351 5347 2680 5401 resurrectio
2711 5348 2806 5400 toti
2837 5345 2955 5400 orbi
2993 5347 3191 5401 illuxit.
3237 5345 3408 5401 Natus
3436 5355 3520 5401 est
3563 5347 3666 5422 ita-

438 5443 636 5501 πάντες
666 5444 962 5513 δοξάζομεν
991 5446 1038 5496 οἱ
1083 5445 1377 5513 ὀροόδοξοι,
1406 5445 1464 5496 ἐν
1507 5444 1620 5497 ἔτει
1655 5444 1753 5512 μὲν
1786 5444 1994 5512 κόσμου

441 5529 603 5595 βφςν,
638 5533 825 5585 ξνδικτ.
847 5538 917 5592 α’,
943 5534 999 5584 ὲν
1030 5533 1139 5585 ἔτει
1167 5533 1224 5585 δὲ
1256 5532 1348 5584 τοῦ
1383 5533 1660 5601 Καίσαρος
1687 5531 1994 5597 Αὐγούστου

446 5621 552 5687 ρβ’,
589 5626 714 5689 μηνὶ
758 5623 1077 5690 Δεκεμϐρίῳ
1113 5629 1208 5687 κε’,
1239 5624 1416 5691 ἡμέρᾳ
1447 5623 1602 5688 τρίτη
1637 5623 1733 5685 τῆς
1769 5621 1999 5684 ἑϐδομά-

2107 5453 2210 5506 qnc
2243 5438 2521 5500 Dominus,
2556 5446 2612 5489 ut
2644 5452 2835 5490 omnes
2863 5437 3150 5492 orthodoxi
3183 5452 3490 5496 censemus.
3524 5449 3668 5488 anno

2110 5526 2293 5581 mundi
2349 5527 2511 5590 5506,
2571 5527 2868 5583 indictione
2921 5531 3094 5598 prima
3144 5547 3156 5583 :
3203 5530 3431 5583 Ctesaris
3484 5533 3664 5577 autem

2111 5620 2337 5684 Augusti
2397 5620 2668 5682 regnantis
2734 5633 2876 5674 anno
2930 5621 3034 5676 42.
3102 5622 3302 5674 mensis
3358 5612 3665 5669 Dem-minis
