4010 6302
272 333 332 390 l7
1750 330 2011 386 ELOGIA.
3434 337 3509 391 ιι

1230 609 1608 688 ELOGIA
1684 607 1878 683 PRO
1952 607 2541 687 ANASTASIO.

264 889 572 945 Guilielmus
619 885 678 943 S.
718 887 788 942 Il.
823 886 892 943 E.
924 890 1343 945 bibliotltecarius
1382 891 1438 945 in
1492 889 1612 946 Vita
1640 893 1831 947 Adria-
1863 874 1910 932 Α

890 962 945 1015 ni
994 959 1057 1014 II
1098 960 1196 1032 (a).

332 1069 521 1139 Legati
553 1071 611 1126 S.
643 1071 711 1125 Β.
742 1071 804 1125 Ε.
840 1080 1044 1126 textum
1068 1072 1255 1142 synodi
1289 1071 1488 1143 (nempe
1530 1082 1724 1127 octava:
1751 1090 1836 1143 ge-

264 1159 458 1212 neralis
496 1157 950 1229 Constantinopott
978 1160 1293 1228 celebratis),
1325 1170 1577 1216 verentes
1617 1178 1685 1216 ne
1711 1163 1837 1231 quid

262 1250 455 1304 falsum
486 1250 675 1305 Graeca
706 1250 898 1306 levitas
926 1252 978 1305 in
1006 1266 1126 1305 eam
1167 1254 1522 1321 congesserit,
1555 1254 1837 1313 Anastasio

261 1349 467 1395 sancte
513 1341 657 1396 sedis
706 1341 1013 1410 apostolica:
1058 1343 1468 1397 bibliothecario
1517 1344 1643 1413 (qui
1712 1354 1838 1400 tunc

261 1432 523 1499 temporis
560 1448 659 1501 pro
685 1448 847 1487 causa
874 1433 1127 1487 Ludovici
1172 1434 1499 1489 serenissimi
1533 1437 1700 1490 nostri
1730 1436 1838 1491 Att-

260 1524 401 1591 gusti
431 1538 555 1575 cum
597 1522 848 1592 Suppone
878 1524 1279 1579 archiministro
1307 1534 1427 1594 post
1462 1540 1555 1580 eos
1577 1525 1839 1581 Constan-

264 1614 567 1681 tinopolim.
611 1615 809 1679 divina,
845 1624 898 1668 ut
929 1616 1189 1679 creditur,
1239 1616 1638 1686 dispensatione
1680 1618 1838 1673 adve—

263 1706 440 1770 nerat)
490 1704 759 1759 subtiliter
804 1705 1181 1773 inquirendum
1209 1746 1224 1767 ,
1277 1717 1565 1775 antequam
1601 1707 1840 1761 subscri—

264 1795 439 1858 bant,
491 1796 852 1849 committunt.
885 1797 929 1849 A
980 1810 1088 1864 quo
1132 1796 1259 1865 quia
1300 1797 1351 1849 in
1379 1797 1621 1866 utrisque
1645 1798 1841 1867 linguis

262 1882 739 1951 eloquentissimus
768 1884 1056 1949 existebat,
1106 1885 1497 1939 studiosissime
1537 1897 1831 1955 perscruta-

266 1978 449 2033 tatus,
501 1985 662 2025 omne
706 1972 847 2039 quod
904 1973 972 2025 ad
1028 1972 1239 2026 laudem
1290 1974 1619 2028 serenissimi
1670 1977 1839 2030 nostri

265 2060 536 2125 Cal-saris,
587 2062 961 2116 sanctissimus
1005 2063 1255 2117 dominus
1298 2064 1567 2118 Adrianus
1603 2064 1839 2132 pontifex

2043 872 2108 925 Β.
2145 870 2359 924 Platina
2386 868 2449 922 de
2484 867 2613 922 Vitis
2636 867 2971 936 Pontiﬁcum,
2996 871 3053 924 in
3080 868 3278 925 lutum:
3306 870 3394 926 lX.

2008 980 2233 1037 Carolus
2273 981 2563 1049 imperator
2607 978 3037 1034 Normannorum
3081 996 3262 1049 regem
3293 982 3347 1036 in
3387 997 3509 1053 gra-

1942 1070 2068 1124 tiam
2095 1068 2379 1139 recipiens,
2403 1084 2434 1123 e
2456 1068 2793 1137 baptismatis
2823 1068 2966 1123 fonte
2990 1070 3204 1135 levavit,
3238 1081 3297 1125 ut
3320 1073 3508 1127 scribit

1938 1161 2270 1223 Anastasius,
2302 1160 2391 1229 qui
2422 1169 2529 1212 tum
2558 1160 2611 1215 in
2637 1162 2811 1230 pretio
2835 1170 2952 1215 erat
2975 1161 3232 1217 Romanae
3255 1163 3524 1219 Ecclesiae.

1939 1251 2397 1312 bibliothecarius,
2442 1250 2527 1303 vir
2556 1265 2687 1304 sane
2731 1259 2959 1320 utraque
3001 1250 3180 1321 lingua
3211 1251 3423 1316 doctus,
3451 1261 3511 1307 ut

1938 1355 1969 1394 e
1997 1338 2186 1394 Crteco
2215 1339 2265 1391 in
2292 1338 2540 1391 Latinum
2571 1346 2625 1393 et
2651 1338 2929 1407 septimam
2982 1339 3339 1395 universalem
3378 1355 3512 1411 syn-

1942 1432 2130 1493 odum,
2157 1438 2211 1484 et
2238 1428 2609 1483 Hierarcbiam
2639 1429 2876 1498 Dionysii
2907 1428 3334 1500 AreOpagitze,et
3354 1430 3517 1485 Vitas

1938 1520 2227 1575 multorum
2280 1516 2457 1572 Caroli
2500 1517 2671 1587 gratia
2720 1517 2773 1571 in
2829 1509 3075 1571 Latinum
3123 1519 3403 1589 eleganter
3450 1524 3503 1572 ot

1940 1614 2093 1667 docte
2127 1608 2479 1664 transtulerit.

1942 1720 2242 1791 Onuphrius
2278 1717 2563 1771 Panvinius
2603 1716 2661 1791 in
2690 1713 2976 1791 Platjnam,
3008 1722 3221 1769 annotat
3254 1714 3309 1768 in
3339 1712 3506 1767 Nica‘

2615 1786 2757 1839 lanm
2788 1784 2817 1838 1

2011 1898 2330 1955 Anastasius
2361 1896 2677 1956 monachus.
2702 1904 2756 1948 et
2781 1892 2839 1948 S.
2869 1893 2935 1947 R.
2966 1884 3028 1948 Ε.
3067 1892 3514 1949 bibliothecarius

1940 2006 2110 2060 usque
2141 1990 2207 2043 ad
2234 1987 2512 2042 Nicolaum
2544 1985 2563 2039 l
2593 1985 2959 2039 Romanorum
2990 1984 3303 2054 pontificum
3338 1983 3513 2047 Vitas,

1943 2098 2061 2151 qua:
2085 2080 2261 2135 adhuc
2288 2079 2425 2146 apud
2460 2092 2544 2131 mc
2573 2084 2713 2137 sunt,
2759 2076 2994 2144 scripsit,
3024 2076 3123 2128 sub
3168 2091 3273 2143 quo
3302 2084 3358 2129 et
3399 2074 3520 2141 ejus

267 2155 321 2207 in
351 2152 581 2264 θΡῖειῗξθ
611 2154 694 2209 sui
742 2154 1041 2208 decessoris
1088 2153 1317 2208 ΑΓεθηῘο
1363 2156 1614 2225 episcopo
1663 2157 1840 2211 immi'
1872 2207 1916 2264 Β
1946 2170 2349 2227 successoribus
2381 2167 2618 2220 Adriano
2642 2165 2682 2219 ll
2706 2174 2760 2219 et
2789 2164 2998 2219 Joanne
3027 2164 3135 2219 Vlll
3161 2165 3215 2219 in
3246 2164 3389 2219 Urbe
3420 2163 3520 2218 llo-

268 2254 431 2297 nente
460 2243 752 2311 adjecerat,
790 2253 1084 2297 reseratum
1117 2245 1415 2297 inveniunt.

269 2333 505 2388 Joannes
554 2333 898 2399 Trithemt'us,
955 2335 1023 2388 de
1067 2332 1419 2404 Scriptan‘bus
1460 2334 1840 2389 ecclesiasticis.

338 2440 665 2500 Anastasius
709 2446 1019 2515 apostolica:
1057 2445 1397 2500 bibliotheca:
1437 2456 1620 2500 custos
1661 2456 1717 2501 et
1765 2446 1847 2500 in-

272 2546 550 2592 staurator
578 2537 978 2606 sagacissimus,
1020 2536 1071 2589 in
1099 2536 1294 2590 divinis
1327 2535 1623 2605 Scripturis
1666 2537 1847 2591 erudi-

275 2639 383 2692 tus,
408 2639 464 2681 et
490 2629 543 2682 in
567 2629 914 2682 saecularibus
935 2628 1128 2682 litteris
1148 2628 1399 2681 nobiliter
1424 2629 1631 2692 doctus,
1659 2628 1847 2683 Graeco

274 2728 327 2773 et
354 2717 552 2771 Latino
581 2717 805 2771 multum
854 2719 1059 2787 peritus
1097 2718 1343 2788 eloquio,
1385 2717 1559 2772 fertur
1594 2719 1848 2773 nonnulla

275 2825 647 2881 composuisse
671 2810 945 2878 opuscula,
992 2811 1084 2865 sed
1132 2811 1196 2863 ad
1236 2826 1426 2864 manus
1457 2818 1673 2864 nostras
1717 2811 1849 2864 nihil

278 2915 460 2953 eorum
494 2901 759 2969 pervenit.
786 2900 1085 2954 Transtulit
1130 2910 1310 2954 autem
1344 2900 1508 2954 multa
1535 2901 1847 2956 Graecorum

278 2990 551 3043 volumina
597 2989 649 3042 in
676 2987 948 3053 Latinum,
996 3005 1118 3043 nam
1160 2989 1380 3054 iubente
1411 2988 1629 3044 Nicolao
1659 3005 1793 3059 papa
1830 2989 1849 3043 l

280 3079 556 3133 transtulit
598 3076 774 3133 Vitam
840 3078 1063 3135 Joannis
1122 3079 1597 3150 Eleemosynarii:
1661 3078 1753 3134 lib.
1809 3095 1846 3135 ι.

281 3168 456 3225 Unam
508 3168 565 3224 S.
617 3170 852 3241 Dionysii
907 3169 1275 3224 Hierarchiain
1319 3189 1332 3225 :
1379 3172 1471 3225 lib.
1501 3187 1537 3225 ι.
1577 3171 1850 3241 Synodum

278 3259 764 3314 vnuniversalem:
794 3260 887 3314 lib.
918 3277 957 3315 ι.
982 3261 1133 3315 Vitas
1153 3260 1442 3315 multorum
1469 3261 1568 3316 SS.
1595 3260 1847 3316 Patrum:

280 3350 371 3404 lib.
407 3367 459 3416 ι,
488 3361 546 3406 et
568 3351 670 3406 alia
699 3351 874 3421 plura.
903 3352 1132 3422 Scripsit
1172 3364 1223 3408 et
1252 3352 1543 3408 Historiam
1583 3353 1851 3409 Ecclesia-

280 3443 475 3495 sticam
517 3457 688 3509 usque
724 3443 789 3497 ad
834 3458 928 3497 sua
972 3451 1245 3511 tempora,
1292 3453 1516 3513 rogante
1546 3441 1740 3498 Carolo
1770 3442 1852 3507 ll,

282 3531 368 3585 cui
398 3530 667 3599 imprimis
694 3532 889 3587 charus
917 3540 1052 3586 erat.
1085 3531 1291 3586 Claruit
1317 3534 1417 3589 sub
1450 3531 1722 3590 Ludovico
1746 3533 1851 3588 im-

281 3630 537 3690 peratore
560 3621 817 3687 secundo,
841 3636 984 3676 anno
1013 3620 1228 3676 Domini
1250 3620 1373 3677 860.

352 3750 432 3823 (a)
473 3752 662 3809 Exstat
688 3752 743 3808 in
772 3754 875 3811 hoc
900 3767 1081 3824 opere.
1132 3790 1137 3799 .

1947 2265 2072 2318 ruit.
2103 2262 2231 2328 Qua:
2251 2269 2549 2328 sequuntur
2574 2258 2916 2313 concinnavit
2935 2256 3250 2311 Guilielmus
3274 2257 3518 2327 quidam,

1946 2356 2081 2409 alter
2125 2351 2589 2414 bibliothecarius,
2622 2365 2743 2417 quin
2774 2349 2827 2402 in
2870 2348 3007 2402 libro
3037 2346 3137 2403 sub
3176 2348 3394 2403 Damasi
3425 2363 3521 2417 nor~

1948 2448 2091 2502 mine
2116 2442 2518 2507 circumfertur,
2548 2448 2789 2495 exstant.

1950 2557 2249 2628 Sigebertus
2273 2551 2680 2628 Gemblacensis,
2707 2550 2771 2603 de
2796 2549 3088 2628 illustrauit:
3111 2546 3358 2601 Ecclesia:
3380 2544 3525 2602 Scri-

2440 2621 2708 2691 ptoribus,
2747 2636 2861 2688 cap.
2912 2618 3032 2673 104.

2019 2734 2355 2797 Anastasius,
2376 2732 2598 2802 jubente
2620 2728 2836 2783 Nicolao
2858 2744 3017 2798 papa,
3047 2726 3319 2781 transtulit
3347 2724 3400 2778 in
3428 2723 3526 2778 La-

1953 2832 2125 2885 tinum
2151 2829 2326 2883 Vitam
2353 2824 2576 2879 Joannis
2601 2820 3042 2891 Eleemosynarii,
3066 2819 3319 2887 scriptam
3341 2814 3534 2871 Graece

1953 2939 1981 2975 a
2014 2922 2236 2976 Leontio
2266 2919 2540 2988 episcopo.

1954 3048 2134 3106 Cwsar
2163 3050 2422 3104 Baronius
2445 3046 2727 3102 Annalium
2752 3044 3239 3100 Ecclesiasticorum
3267 3054 3404 3097 tomo
3421 3039 3525 3096 IX.

2023 3158 2342 3213 Anastasius
2378 3156 2838 3219 bibliothecarius,
2867 3155 2967 3209 etsi
2997 3155 3113 3208 rudi
3142 3154 3305 3225 stylo,
3335 3150 3533 3206 ﬁdelis-

1957 3253 2091 3308 sime
2135 3258 2312 3305 tamen
2359 3265 2541 3303 rerum
2588 3257 2864 3318 gestarum
2906 3247 3185 3301 historiam
3235 3242 3537 3307 enarravit,

1958 3343 2065 3407 imo
2094 3343 2145 3395 in
2176 3355 2353 3394 rerum
2401 3340 2482 3393 sui
2517 3338 2775 3407 temporis
2821 3338 3132 3391 narratione
3162 3336 3366 3391 nullum
3398 3333 3533 3386 lide-

1958 3406 2145 3488 lio.rem
2174 3441 2229 3487 et
2253 3431 2529 3485 meliorem
2555 3430 2873 3498 scriptorem
2896 3428 3176 3491 habemus,
3203 3425 3342 3496 apud
3370 3436 3536 3494 quem

1957 3523 2129 3593 magis
2154 3537 2276 3576 cum
2303 3520 2653 3590 simplicitate
2671 3519 2871 3575 veritas
2896 3532 3062 3589 quam
3088 3531 3209 3572 cum
3239 3514 3365 3571 fuco
3386 3525 3540 3567 inen-

1961 3614 2113 3670 dacia
2141 3611 2442 3668 valuerunt.
