4010 6302
285 333 347 387 21
580 330 672 384 AD
709 329 1151 386 ANASTASlUM
1193 320 1699 385 PROLEGOBlENA
1740 327 1918 383 EDIT.
1961 326 2380 383 R0al.-VATIC.
2422 361 2489 369 —
2522 328 2733 384 El’lST.
2780 330 3252 385 DEDlCATORlA.
3451 333 3539 385 22‘

287 446 733 515 Art-bigymnasio
765 446 1146 514 typographns,
1178 460 1296 495 mox
1329 444 1489 495 etiam
1519 441 1828 503 Vaticanus,
1874 450 1924 495 te
1952 443 2133 501 dante,
2164 442 2263 493 sim
2291 446 2647 497 renuntiatus.
2695 445 2821 499 lla-c
2845 444 3074 497 nominis
3119 445 3411 513 amphtudo
3439 464 3524 497 me

286 542 575 593 sollicitum
604 540 800 601 reddit,
835 550 891 592 ιιι
915 540 1003 607 ιιιιί
1036 556 1130 607 par
1157 539 1344 604 gratiae
1373 538 1665 591 referenda:
1694 552 1796 588 non
1828 536 1929 588 sint
1964 536 2215 588 nmnilieo
2237 551 2362 605 erga
2396 552 2479 589 me
2510 538 2607 604 prii
2631 538 2756 605 eipi,
2784 541 3166 607 exspectationi
3200 542 3525 593 sanctissimi

286 637 463 690 Patris
498 634 687 687 saltem
726 652 822 703 pro
846 634 1059 688 modulo
1083 636 1406 702 respondere
1436 633 1703 685 eonnitar.
1735 632 1849 697 Qua
1880 631 2041 697 igitur
2086 632 2292 684 ratione
2321 631 2372 684 id
2401 634 2720 685 contendam
2755 634 2855 687 hac
2898 635 3130 687 editione
3160 637 3350 702 ()peris
3378 638 3524 688 Aua-

281 729 451 789 stasii,
474 708 531 782 id
560 729 676 789 tibi,
707 728 888 781 Pueri
915 727 1257 789 Beutssule,
1292 727 1509 789 laboris,
1534 736 1591 780 et
1620 726 1828 778 COIISllIl
1861 726 1959 777 mei
1993 742 2097 778 non
2131 734 2336 778 tantum
2382 726 2594 779 domino
2621 728 3104 797 indulgentissimo,
3135 747 3318 783 verum
3361 732 3525 784 etiam

275 821 444 887 judici
477 838 540 874 ac
574 831 804 890 patrono
833 822 1275 885 clementissimo,
1308 822 1683 890 exponendum
1735 820 2007 874 lnuniliter
2036 822 2160 874 duxi
2190 840 2201 872 :
2236 831 2434 891 tuoque
2478 822 2578 875 sub
2605 825 2843 892 auspicio
2888 826 3100 879 caeteris
3146 827 3541 895 aperiendum,

277 926 335 968 ut
364 917 541 969 sciant
565 916 872 985 quicunque
912 916 1080 984 opella
1115 926 1295 969 nostra
1329 918 1676 984 imposterum
1708 916 1854 967 usuri
1886 924 2031 976 sunt,
2064 916 2257 983 quibus
2284 918 2580 984 pnesertim
2615 920 2867 985 operibus
2897 920 3043 987 prela
3070 919 3298 975 ofﬁcinae
3328 932 3529 976 nostra:

276 1012 517 1065 exerceri
543 1012 780 1079 cupiam,
813 1026 879 1064 ex
908 1027 1013 1078 quo
1051 1010 1291 1065 Vaticani
1318 1010 1634 1081 typographi
1674 1026 1894 1063 munere
1920 1026 1950 1063 a
1984 1012 2262 1066 sacerdote
2296 1014 2531 1065 maximo
2556 1029 2673 1065 sum
2706 1014 2953 1067 donatus.

347 1109 421 1177 (α)
462 1107 893 1178 Typograpbiam
930 1108 1241 1161 Vaticanam
1278 1123 1402 1161 cum
1431 1109 1733 1160 institueret
1776 1106 2094 1161 iunuortalis
2124 1109 2395 1161 memoria:
2434 1109 2669 1177 pontifex
2720 1109 2905 1163 Sixtus
2938 1109 3002 1175 V,
3034 1110 3308 1178 professus
3354 1121 3438 1166 est
3464 1128 3528 1166 eo

276 1203 502 1258 consilio
528 1202 829 1266 fundatam,
856 1204 922 1257 ad
947 1214 1259 1279 sanctorum
1283 1203 1488 1257 scilicet
1513 1218 1677 1270 opera
1709 1202 2034 1256 restituenda
2056 1242 2073 1264 ,
2118 1201 2549 1271 catholicamque
2587 1203 2900 1272 religionem
2931 1214 3053 1259 toto
3072 1208 3202 1259 orbe
3232 1224 3530 1276 propagan—

275 1300 419 1350 dam.
447 1298 666 1363 Quanto
714 1306 892 1352 autem
938 1299 1118 1352 studio
1148 1314 1207 1353 se
1260 1298 1693 1365 comparaverint
1742 1299 1809 1349 ad
1858 1296 2183 1365 implendum
2232 1307 2496 1366 suscept:e
2539 1298 2827 1367 provincize
2872 1316 3066 1354 munus
3110 1311 3370 1369 quotquot
3414 1301 3529 1367 ejus

268 1389 500 1445 ofﬁcina!
527 1390 762 1446 librarite
794 1407 979 1447 curam
1011 1392 1483 1454 administrabant,
1516 1392 1648 1445 satis
1675 1391 1963 1445 ostendunt
2004 1408 2165 1460 opera
2193 1392 2404 1461 egregia
2435 1408 2529 1459 per
2552 1409 2647 1445 eos
2677 1410 2846 1448 annos
2870 1395 3009 1447 edita
3042 1397 3178 1466 typis
3206 1394 3481 1449 Vaticanis
3511 1415 3524 1448 :

271 1489 556 1555 utriusque
585 1486 913 1542 Testamenti
947 1488 1109 1542 lectio
1148 1504 1308 1556 quam
1334 1488 1772 1541 emendatissima
1796 1529 1810 1550 ,
1842 1488 2193 1541 conciliorum
2224 1488 2553 1556 generalium
2580 1489 2710 1541 Acta
2741 1505 2805 1542 ex
2838 1491 3229 1557 probatissimis
3255 1491 3532 1545 codicibus

271 1559 569 1649 descripla,
598 1592 908 1635 sanctorum
938 1582 1158 1635 Patrum
1188 1582 1587 1635 lucubrationes
1629 1582 1695 1635 ad
1726 1592 1966 1636 veterum
1997 1583 2393 1651 exemplarium
2420 1582 2574 1636 fidem
2609 1599 2947 1651 SllltllllOpCl‘c
2974 1587 3265 1653 castigatae.
3297 1586 3537 1638 Annales

269 1674 528 1728 Ecclesiae
555 1691 584 1728 a
611 1675 843 1731 Baronio
879 1688 1006 1733 tunc
1037 1678 1310 1741 inchoati,
1341 1687 1395 1733 et
1423 1676 1681 1743 ejusmodi
1717 1678 1974 1730 librorum
2007 1694 2203 1747 genera
2244 1694 2517 1744 nunquam
2570 1677 2993 1729 intermoritnra.
3022 1676 3111 1730 Nae
3158 1678 3399 1731 celebres
3455 1679 3528 1732 illi

266 1769 504 1821 editores
535 1768 774 1823 Vaticani
806 1772 1052 1825 Aldinam
1082 1774 1401 1843 elegantiam
1434 1789 1556 1827 eum
1605 1773 1834 1826 utilitate
1878 1783 1931 1826 et
1964 1774 2246 1842 majestate
2276 1774 2579 1841 argumenti
2623 1775 2861 1825 omnium
2891 1774 3193 1841 gravissimi
3225 1775 3528 1841 conjuuxe-

268 1875 410 1917 runt.
469 1864 592 1919 l’ost
630 1866 847 1919 uberem
887 1867 1048 1936 igitur
1078 1882 1304 1921 messem
1335 1868 1570 1936 undique
1604 1868 1989 1936 conquisitam,
2034 1880 2090 1921 et
2134 1869 2270 1923 adeo
2318 1869 2545 1921 feliciter
2600 1868 2801 1920 illatam
2849 1868 2901 1919 in
2948 1868 3201 1922 Ecclesiae
3246 1870 3529 1935 horreum,

262 1962 423 2029 quale
452 1962 788 2032 spicilegium
818 1965 1084 2033 supererit
1122 1980 1151 2017 a
1176 1981 1261 2018 me
1290 1964 1671 2036 colligemlum,
1698 1982 1764 2020 eo
1796 1966 2013 2036 dignum
2047 1967 2282 2030 nomine,
2313 1982 2419 2035 quo
2450 1967 2649 2035 placuit
2680 1967 3012 2020 SANCTITATI
3042 1965 3268 2019 Vesus:
3300 1974 3531 2018 conatus

265 2072 415 2110 meos
442 2058 749 2120 honestare,
777 2058 899 2109 dum
926 2059 977 2110 in
1007 2058 1171 2110 vitam
1203 2068 1482 2112 revocaret
1513 2067 1634 2128 post
1657 2075 1844 2122 unum,
1870 2070 1962 2113 aut
1994 2061 2220 2114 alterum
2249 2063 2502 2115 szeculum
2536 2062 2938 2131 typographiam
2969 2060 3315 2114 V'aticanam?
3337 2061 3531 2113 Animo

262 2163 444 2205 tamen
474 2153 809 2220 despondere
838 2168 932 2205 nos
961 2154 1181 2205 minime
1211 2153 1333 2206 sinit
1367 2169 1648 2207 sacrorum
1681 2171 1854 2224 seges,
1883 2172 2043 2223 quam
2071 2172 2296 2225 magnus
2321 2166 2474 2225 pater
2500 2155 2732 2208 familias
2757 2164 3001 2223 paratam
3040 2164 3220 2207 servat
3252 2152 3530 2205 industriae

260 2242 461 2305 coloni,
489 2258 595 2297 non
623 2260 780 2300 secus
810 2263 872 2301 ac
900 2248 1067 2300 vineae
1097 2247 1323 2310 fructus,
1353 2262 1407 2303 et
1448 2251 1711 2303 mercedis
1744 2262 2060 2319 proventum
2092 2252 2414 2305 vinitoribus
2444 2252 2650 2305 vocatis
2692 2252 2758 2304 ad
2793 2253 2976 2304 horam
3009 2266 3225 2311 nonam,
3269 2260 3324 2302 et
3354 2251 3524 2302 unde-

260 2339 480 2392 cimam.
517 2339 649 2394 Nam
678 2358 797 2411 qure
849 2344 1122 2411 provincia
1157 2344 1250 2398 tibi
1302 2361 1404 2397 nou
1438 2343 1586 2397 ferax
1621 2345 1795 2397 futura
1828 2347 1916 2408 sit,
1968 2346 2289 2401 Benlssme
2332 2347 2540 2409 PATER,
2594 2347 2637 2400 si
2669 2348 2735 2398 ab
2783 2355 3029 2399 extrema
3059 2344 3225 2397 etiam
3257 2344 3435 2413 Syria,
3469 2354 3526 2398 et

261 2431 516 2496 desertis,
549 2450 612 2489 ac
643 2437 1019 2492 solitudinibus
1063 2438 1249 2493 Nitriae
1297 2456 1361 2493 ac
1402 2440 1692 2493 Thebaidis
1741 2442 1947 2508 colligis
1997 2441 2223 2503 fructus,
2273 2443 2515 2511 pluribus
2559 2452 2683 2496 ante
2730 2458 2827 2495 nos
2870 2441 3081 2495 smculis
3110 2441 3398 2510 denegatus
3429 2454 3525 2494 aut

258 2528 599 2583 occultatas!
625 2530 753 2584 Acta
782 2534 925 2586 enim
960 2533 1276 2604 Martyrum,
1310 2535 1376 2586 ab
1408 2535 1638 2589 Eusebio
1663 2535 1909 2599 collecta,
1960 2544 2013 2589 et
2060 2536 2271 2589 turbine
2318 2537 2547 2602 quodam
2590 2536 2765 2588 aetatis
2798 2536 3039 2588 barbara:
3088 2536 3157 2587 ita
3211 2537 3432 2603 abrepta
3464 2552 3528 2589 ac

261 2622 524 2690 dispersa.
556 2631 611 2676 ut
642 2633 760 2692 post
805 2643 973 2679 annos
1004 2645 1106 2680 non
1142 2630 1381 2695 integros
1408 2639 1680 2683 trecentos
1708 2629 1907 2682 frustra
1939 2640 2313 2699 qmererentnr
2342 2632 2392 2683 in
2437 2631 2651 2684 scriniis
2680 2630 2953 2692 Ecclesiae,
3000 2644 3171 2699 nuper
3201 2646 3265 2683 ex
3298 2630 3524 2685 Oriente

257 2716 489 2771 attulisti
524 2734 647 2771 cum
684 2719 805 2773 aliis
860 2721 1132 2789 praeclaris
1179 2724 1455 2777 codicibus
1500 2724 1744 2777 ducentis
1771 2765 1785 2789 ,
1828 2734 1919 2777 tuo
1959 2724 2110 2794 jussu
2171 2742 2235 2777 ac
2276 2726 2638 2779 munificentia
2692 2728 3018 2795 comparatis
3060 2726 3126 2777 ad
3157 2726 3525 2779 instruendam

260 2813 416 2865 novis
458 2815 631 2883 copiis
666 2816 1041 2871 bibliothecam
1086 2820 1417 2871 Vatieanam.
1456 2819 1663 2885 Quanta
1695 2819 1991 2887 amplitudo
2025 2820 2257 2887 regionis
2294 2822 2493 2873 nostris
2536 2820 2811 2873 laboribus
2843 2822 3147 2876 excolenda:
3178 2826 3278 2878 hoc
3320 2842 3425 2878 uno
3471 2827 3524 2878 in

260 2920 548 2977 prOSpectu
575 2921 702 2965 ante
724 2914 908 2967 oculos
934 2916 1203 2982 aperitur!
1236 2915 1368 2968 Cum
1414 2917 1593 2983 itaque
1623 2917 1850 2969 materia
1891 2916 2187 2970 editionum
2225 2915 2469 2969 defutura
2512 2917 2730 2968 minime
2774 2917 2846 2969 sit
2889 2918 2988 2969 sub
3017 2918 3222 2986 optimo
3254 2920 3522 2988 principe,

260 3003 430 3056 sacris
460 3003 658 3057 litteris
692 3004 931 3075 impense
973 3009 1207 3071 addicto,
1239 3011 1533 3077 prtestabit,
1569 3020 1627 3063 ut
1656 3026 1755 3081 ego
1787 3012 2041 3076 arbitror,
2092 3012 2363 3080 specimen
2403 3010 2519 3078 ejus
2563 3012 2851 3081 diligentia:
2897 3014 3171 3077 exhibere,
3220 3031 3380 3083 quam
3429 3026 3519 3069 tua

262 3096 523 3152 Vaticana
554 3102 902 3170 typographia
941 3102 1178 3171 polliceri
1205 3106 1699 3171 pote-tcultoribus
1726 3107 2033 3175 graviorum
2078 3107 2509 3177 disciplinarum,
2542 3117 2651 3160 tum
2683 3108 2733 3161 in
2778 3107 2987 3163 delectu
3015 3124 3238 3177 operum
3287 3111 3520 3165 cdendo~

256 3208 403 3257 rum,
428 3204 542 3247 tum
575 3196 628 3248 in
660 3197 1015 3267 castigatione
1045 3209 1206 3268 atque
1238 3200 1502 3271 elegantia
1538 3202 1789 3254 editionis

323 3288 453 3342 Tria
484 3290 600 3345 hzec
630 3294 897 3361 spomlere
928 3310 1049 3347 cum
1076 3297 1287 3359 ausim,
1329 3295 1492 3349 etiam
1522 3306 1781 3366 praestare
1800 3306 2029 3351 conatus
2051 3313 2169 3351 sum
2201 3298 2251 3351 in
2284 3299 2368 3352 his
2410 3298 2738 3352 excudendis
2784 3296 3149 3351 Romanorum
3196 3298 3535 3354 Pontificum!

252 3381 413 3451 Vitis,
439 3402 558 3454 qua:
586 3388 855 3443 Anastasii
880 3392 1096 3445 nomine
1120 3391 1307 3445 donari
1339 3391 1529 3446 solent.
1566 3392 1813 3446 Delectus
1854 3395 1904 3446 in
1935 3393 2123 3461 primis
2152 3393 2295 3445 utilis
2340 3394 2573 3461 reputari
2616 3390 2855 3461 profecto
2884 3392 3063 3457 debet,
3091 3393 3181 3463 qui
3206 3402 3351 3463 gesta
3383 3410 3521 3461 pra:-

251 3481 409 3550 cipua
436 3484 813 3551 complectitur
857 3486 1196 3541 decessurum
1225 3498 1436 3539 tuorum
1468 3488 1520 3541 in
1554 3488 1697 3541 Petri
1725 3489 2007 3551 cathedra,
2038 3488 2545 3555 successionemqne
2568 3502 2671 3539 non
2698 3486 3052 3553 interruptam
3080 3504 3091 3538 :
3124 3486 3371 3539 universa
3402 3487 3515 3539 haec

251 3576 504 3644 genuinis
531 3578 671 3631 notis
705 3580 968 3650 descripta
1002 3598 1071 3635 ex
1095 3583 1360 3652 diptychis
1391 3592 1446 3636 et
1474 3582 1821 3652 heortologiis
1853 3584 2125 3636 nascentis
2161 3582 2435 3636 Ecclesia}.
2463 3580 2575 3634 Non
2609 3581 2711 3633 alia
2740 3581 3040 3633 rudimenta
3077 3581 3292 3633 maximi
3337 3583 3515 3649 operis

248 3672 543 3725 Annalium
566 3672 794 3727 Baronio
840 3675 1004 3729 fuisse
1033 3676 1231 3729 fatetur
1263 3676 1489 3746 inclytus
1512 3678 1743 3745 scriptor
1769 3677 1843 3747 (υ)
1882 3678 1933 3731 in
1966 3678 2191 3744 epistola
2220 3677 2605 3745 nuncupatoria
2637 3677 2701 3728 ad
2726 3676 2937 3729 Sixtum
2968 3676 3302 3745 pontificem,
3345 3692 3508 3744 quam

228 3764 403 3821 ‘Vitas
424 3778 732 3822 sanctorum
760 3780 814 3824 et
853 3771 1094 3841 exempla
1124 3771 1340 3825 Patrum
1375 3789 1387 3825 :
1426 3773 1567 3825 unde
1598 3773 1904 3825 adversaria
1937 3773 2191 3841 colligens
2220 3771 2283 3822 ad
2329 3788 2480 3825 usum
2511 3769 2855 3822 familiaritnn
2881 3773 3223 3833 concionum,
3254 3787 3347 3841 pro
3375 3788 3515 3825 con-

249 3863 536 3916 suetudine
564 3862 795 3918 Oratorii
825 3865 905 3918 sui
937 3866 1174 3933 quotidie
1208 3865 1593 3930 habendarum,
1633 3882 1697 3920 ex
1740 3882 1905 3934 parvo
1935 3869 2137 3920 semine
2187 3868 2453 3934 ingentem
2502 3867 2750 3919 arborem
2802 3876 3047 3918 exortam
3093 3868 3243 3920 vidit.
3278 3868 3345 3921 At
3375 3868 3510 3921 Vita:

248 3961 613 4013 maximorum
646 3961 955 4029 pontificum
1010 3962 1107 4015 hac
1154 3962 1316 4015 etiam
1349 3963 1616 4015 brevitate
1645 3963 1957 4026 enuntiato,
2009 3980 2111 4031 qua
2162 3963 2499 4031 potissimum
2547 3963 2746 4015 veritas
2800 3963 3031 4033 gaudet,
3080 3972 3283 4031 quanto
3332 3980 3507 4016 rerum

248 4057 488 4124 pondere
518 4066 575 4111 et
621 4067 895 4111 momento
943 4058 1194 4127 polleant,
1227 4058 1390 4121 satis,
1442 4074 1622 4127 spero,
1679 4058 2004 4112 indicabitur
2037 4060 2088 4110 in
2123 4058 2434 4127 praefatione
2480 4060 2546 4111 ad
2590 4058 2892 4111 Lectorem.
2936 4060 3228 4126 Castigatio
3256 4069 3506 4113 accurata

246 4154 414 4221 (quod
471 4160 587 4206 erat
616 4153 841 4207 alterum
884 4170 912 4207 a
948 4172 1030 4209 tne
1066 4156 1363 4224 pollicitum
1406 4156 1872 4225 etprzestandum)
1917 4172 1975 4209 se
2006 4156 2193 4225 prodet
2238 4155 2289 4208 in
2341 4155 2761 4223 uniuscujusque
2812 4155 2922 4206 folii
2971 4162 3259 4221 eonSpectu
3310 4154 3509 4220 primo.

247 4244 464 4302 Videbit
494 4248 708 4312 Lector,
739 4251 975 4304 omnium
1007 4250 1118 4305 fere
1151 4252 1413 4305 cultarum
1447 4254 1723 4306 nationum
1746 4294 1762 4317 ,
1798 4268 1917 4321 qum
1960 4254 2010 4306 in
2048 4254 2255 4321 Europa
2294 4262 2439 4314 sunt,
2472 4252 2680 4305 collatis
2710 4252 2901 4305 studiis
2929 4252 3067 4305 hanc
3102 4252 3280 4319 operis
3317 4266 3506 4303 emen-

244 4343 521 4397 dationem
552 4360 670 4398 esse
700 4346 1034 4399 adornatam.
1066 4346 1322 4400 Codicum
1353 4348 1792 4416 praestantiorum
1836 4348 2109 4401 variantes
2137 4348 2411 4405 lectiones.
2442 4363 2578 4415 quas
2606 4346 2943 4400 bibliothecm
2974 4361 3082 4414 pne
3126 4345 3337 4399 caeteris
3367 4345 3507 4421 celcf

244 4438 372 4493 bres
400 4438 716 4502 attulerunt,
765 4438 1045 4513 Vaticana,
1077 4442 1321 4497 Czesarea
1374 4444 1823 4508 Vindobonensis,
1857 4444 2020 4513 Regia
2072 4434 2323 4498 Ludovici
2372 4443 2565 4514 Magni,
2616 4443 2778 4511 Regia
2809 4442 3111 4503 Christinm,
3161 4439 3503 4505 Florentina,

242 4532 595 4598 Famesiana,
624 4535 935 4602 Barberina,
981 4537 1373 4593 Otthoboniana
1395 4580 1409 4603 ,
1442 4538 1698 4592 Cavensis
1729 4549 1784 4593 et
1835 4540 2163 4600 Colbertina,
2191 4548 2480 4594 occurrent
2510 4538 2575 4591 ad
2602 4536 2837 4607 singulas
2865 4536 3141 4590 lectiones.
3174 4534 3249 4585 Ex
3277 4532 3502 4586 Germa-

244 4632 334 4684 nia
360 4632 623 4699 superiori
662 4631 939 4698 Velserus,
967 4647 1021 4688 et
1048 4634 1338 4697 Freherus,
1374 4651 1581 4688 necnon
1616 4634 1820 4699 Binius,
1854 4642 1907 4687 et
1934 4635 2153 4695 Surius;
2182 4648 2246 4686 ex
2282 4632 2519 4687 inferiori
2548 4631 2719 4684 Lucas
2751 4629 3074 4693 llolstenius,
3106 4638 3159 4682 et
3192 4628 3506 4680 Emmanuel

242 4741 275 4778 a
307 4725 701 4791 Schelestrate;
729 4744 796 4782 ex
824 4728 990 4782 Gallis
1014 4728 1283 4793 Labheus,
1309 4739 1362 4782 et
1388 4729 1715 4795 Fabrottus;
1744 4746 1813 4783 ex
1850 4729 2101 4797 Hispanis
2147 4728 2342 4793 Pcuia;
2377 4743 2443 4781 ex
2469 4728 2616 4781 Italis
2638 4727 2899 4781 Baronius
2944 4726 3026 4794 (ut
3062 4741 3197 4777 unus
3228 4726 3298 4777 sit
3333 4724 3504 4777 instar

240 4823 507 4892 omnium)
538 4824 831 4893 symbolam
861 4840 1010 4877 suam
1038 4825 1396 4878 contulerunt.
1427 4823 1538 4879 lloe
1563 4840 1755 4894 agmen
1786 4824 2109 4892 scriptorum
2136 4823 2292 4891 primi
2321 4822 2559 4877 subsellii
2584 4822 2771 4875 vadem
2798 4820 3029 4873 adhibeo
3054 4820 3292 4874 delectus
3320 4820 3504 4888 operis

240 4912 273 4970 ξι
308 4932 393 4971 me
428 4920 683 4988 suscepti,
714 4928 766 4973 et
794 4920 1166 4989 castigationis
1210 4921 1488 4987 promissae
1534 4921 1721 4988 :quod
1766 4920 1927 4972 etiam
1976 4920 2211 4988 pertinet
2249 4919 2315 4971 ad
2356 4918 2671 4987 dignitatem
2715 4915 2968 4970 Ecclesize
3017 4917 3254 4969 omnium
3288 4918 3497 4980 matris,

239 5013 474 5068 libenter
498 5016 890 5084 approbatum,
922 5016 973 5069 iu
1008 5026 1084 5069 tot
1112 5018 1386 5069 nationum
1415 5016 1537 5071 filiis
1566 5019 1813 5071 devotam
1846 5016 1947 5069 sibi
1989 5017 2242 5084 pietatem
2276 5014 2503 5068 feliciter
2531 5023 2844 5081 occupatam
2878 5013 2928 5065 in
2968 5012 3333 5065 deseribendis
3362 5010 3498 5063 ﬁde-

240 5104 368 5160 liter
391 5107 556 5175 gestis
586 5109 894 5176 pontificum
921 5111 1300 5163 maximorum.
1330 5110 1569 5164 Tertium
1603 5111 1752 5173 illud,
1780 5112 1922 5179 quod
1954 5112 2249 5179 pollicebar
2274 5110 2467 5164 ductus
2492 5108 3023 5178 auspiciojussioni’s,
3057 5118 3111 5162 et
3132 5106 3497 5161 beneficentia:

243 5215 382 5267 tuze,
408 5204 591 5259 Pnen
629 5204 974 5270 Bsntssme,
1003 5217 1087 5261 est
1108 5208 1372 5278 elegantia
1414 5209 1667 5263 editionis
1712 5226 1723 5259 :
1758 5224 1919 5276 quam
1963 5223 2091 5261 usus
2118 5208 2300 5260 docuit
2343 5206 2589 5261 conferre
2617 5204 2906 5274 plurimum
2937 5205 3000 5257 ad
3034 5205 3215 5273 operis
3242 5203 3494 5272 perenni-

242 5307 429 5351 tatem.
478 5298 628 5354 Hanc
653 5315 778 5354 vero
802 5310 1142 5355 consectatus
1171 5318 1288 5355 sum
1337 5303 1593 5370 impensis
1620 5319 1723 5356 non
1767 5302 2144 5364 mediocribus,
2187 5302 2412 5355 consilio
2439 5301 2808 5370 przestantium
2840 5300 3099 5363 virorum,
3132 5309 3187 5353 et
3211 5314 3492 5367 compara-

243 5394 389 5447 tione
424 5394 743 5459 editionum,
786 5411 904 5465 qua:
930 5396 1223 5463 peritorum
1256 5412 1518 5453 consensu
1560 5398 1825 5450 habentur
1855 5399 2087 5450 maxime
2120 5396 2345 5451 nobiles.
2384 5395 2613 5449 Felicem
2660 5414 2743 5450 me
2795 5397 3075 5465 reputabo,
3118 5397 3161 5449 si
3207 5411 3303 5465 pro
3354 5396 3499 5448 votis

244 5491 297 5543 id
320 5490 637 5553 obtinuere.
668 5501 726 5546 ut
756 5493 1054 5548 Sasernas
1090 5494 1303 5548 Vssrtu
1339 5510 1656 5564 persuasum
1689 5496 1905 5559 habeat,
1946 5495 2259 5566 typographi
2293 5497 2373 5548 sui
2417 5494 2597 5560 fidem,
2645 5494 3025 5557 obedientiam,
3059 5507 3121 5547 ac
3160 5490 3503 5560 diligentiam.

314 5630 391 5699 (et
431 5628 509 5680 Ex
557 5628 617 5681 ll.
653 5627 713 5681 P.
759 5629 994 5683 Bonanni
1038 5630 1089 5682 in
1132 5631 1273 5699 expl.
1320 5631 1522 5685 nummi
1565 5641 1736 5698 postr.
1774 5632 1910 5685 Sixti
1938 5633 1999 5685 V.

320 5697 394 5765 (ι)
438 5699 634 5751 Ilaron.
674 5709 802 5752 ιιιιιι.
852 5700 889 5753 1.
936 5701 1124 5753 Annal.
1171 5697 1223 5753 in
1274 5701 1497 5769 cpistola
1545 5697 1728 5755 Dedic.
1779 5701 1845 5754 ad
1888 5702 2101 5755 Sixtum
2152 5699 2190 5753 V
