3996 5412
481 315 553 370 95
1203 319 1292 374 AD
1332 322 1766 383 ANASTASIUM
1810 329 2312 387 PRULEGOMENA
2355 286 2530 390 EDlT.
2575 333 2989 392 ROM.-V'ATIC.
3637 342 3708 397 ιιι

482 431 555 483 ita
595 444 808 500 semper
846 440 1090 502 paratam
1137 431 1282 498 fore;
1318 444 1375 488 ut
1415 436 1458 489 is
1487 438 1794 505 apostolicis
1835 441 2056 510 pedibus
2083 457 2224 512 szepe
2253 445 2522 509 accidens,
2564 457 2617 500 et
2647 464 2742 518 per
2767 449 2952 504 salutis
2980 461 3173 504 nostra!
3197 451 3406 521 signum
3433 455 3706 524 pontificia

481 539 644 579 manu
681 527 996 595 productum
1025 543 1054 582 a
1085 529 1193 584 Deo
1223 529 1366 584 vires
1395 531 1710 600 impetrans,
1753 550 1781 588 a
1826 551 1931 604 quo
1976 538 2152 592 omnis
2180 537 2493 596 sufﬁcientia
2527 553 2709 598 nostra
2738 554 2842 608 est,
2890 560 2955 599 ex
2996 546 3096 601 hoc
3135 547 3493 620 qualicunque
3531 554 3706 621 speci-

481 620 646 685 mine,
674 622 1016 679 veneratione
1051 623 1282 679 maxima
1325 626 1416 680 tibi
1445 627 1644 696 oblato,
1675 631 1741 685 ad
1769 633 2112 687 constitutam
2139 635 2240 689 sibi
2281 635 2519 691 Vaticani
2552 638 2892 710 impressoris
2917 650 3113 696 metam
3141 658 3412 714 nunquam
3453 660 3709 716 nonpro-

481 714 631 783 gredi
668 715 932 771 videatur.

523 843 3447 879 Mm
3467 864 3696 879 _______

1499 965 2070 1045 CLEMENS
2142 967 2452 1048 PAPA
2529 973 2651 1049 XI

1596 1116 1674 1155 ιι)
1718 1115 2016 1158 FUTUBAM
2060 1117 2162 1160 REI
2209 1121 2582 1164 MEMORIA“.

547 1312 704 1377 Cum,
772 1311 912 1366 sicut
980 1311 1135 1365 nobis
1198 1311 1411 1366 abunde
1461 1322 1802 1383 perspectum
1853 1321 1955 1377 est,
2015 1314 2240 1374 dilectus
2291 1315 2430 1376 Illius
2482 1315 2718 1380 Joannes
2785 1319 2950 1380 Maria
3007 1323 3266 1392 Salvioni,
3325 1324 3416 1382 ubi
3477 1326 3714 1398 primum

372 1422 377 1427 '
473 1407 875 1479 typographiam
916 1421 1066 1459 suam
1095 1408 1146 1460 in
1179 1407 1384 1461 aedibus
1422 1409 1685 1477 gytnnasii
1721 1409 2008 1478 Sapientia:
2035 1415 2322 1482 nuncupati
2351 1415 2506 1470 alma:
2529 1418 2677 1472 urbis
2703 1428 2900 1472 nostra:
2933 1419 2980 1473 ei
3013 1420 3079 1473 ad
3103 1421 3154 1474 id
3177 1421 3329 1488 jussu
3361 1433 3546 1476 nostro
3573 1426 3712 1479 assi«

470 1503 668 1570 gnatis,
698 1512 985 1570 nostraque
1021 1502 1259 1570 impensa
1294 1502 1584 1570 ampliatis,
1610 1503 1892 1572 magnifice
1925 1506 2169 1574 aperuit;
2201 1509 2493 1578 impensius
2533 1520 2712 1566 autem
2741 1521 2795 1567 et
2830 1512 3079 1578 alacrius,
3113 1523 3394 1585 postquam
3431 1530 3532 1570 nos
3565 1517 3713 1571 illum

468 1610 568 1664 per
622 1595 854 1665 speciale
893 1595 1310 1664 chirographum
1353 1595 1438 1648 die
1472 1595 1540 1664 28
1582 1597 1807 1666 AuguSti
1851 1600 1974 1653 anni
2016 1601 2257 1668 proxime
2293 1603 2551 1672 pnnteriti
2597 1621 2756 1658 manu
2807 1615 2987 1660 nostra
3038 1607 3302 1676 signatum
3346 1611 3716 1679 typographia:

467 1690 742 1746 Vaticana:
775 1690 841 1744 ad
882 1691 1029 1745 tech
1065 1691 1352 1758 praedictas
1391 1705 1420 1744 a
1461 1691 1616 1745 nobis
1659 1692 1926 1747 translatae
1950 1697 2358 1764 praeposuimus,
2382 1705 2437 1751 et
2474 1699 2860 1768 typographum
2891 1699 3203 1755 Vaticanum
3232 1718 3355 1756 cum
3390 1705 3716 1771 horroribus,

468 1786 782 1858 privilegiis,
814 1786 1186 1854 praerogativis
1221 1794 1276 1840 et
1313 1785 1663 1842 facultatibus
1701 1790 1992 1853 consuetis,
2037 1807 2277 1862 congruo
2309 1793 2358 1846 ei
2402 1793 2620 1863 insuper
2655 1795 2948 1849 constituto
2971 1796 3261 1864 stipendio,
3293 1797 3714 1866 deputavimus;

468 1880 522 1933 in
563 1895 682 1934 eam
727 1895 936 1944 curam,
979 1880 1142 1934 nullis
1191 1883 1463 1949 parcendo
1506 1883 1823 1952 sumptibus,
1876 1884 2246 1940 indesinenter
2289 1887 2614 1954 incubuerit,
2664 1900 2724 1944 ut
2755 1890 2878 1945 libri
2917 1892 3257 1947 nitidissimis
3309 1891 3718 1948 characterihus

467 1975 735 2044 impressi,
783 1989 1099 2044 summaque
1141 1975 1414 2044 diligentia
1439 1991 1517 2047 _ac
1549 1978 1651 2031 [ide
1698 1979 1956 2048 recogniti
2010 1988 2064 2034 et
2097 1981 2385 2042 emendati,
2434 1983 2504 2036 ab
2547 1983 2734 2037 eadem
2789 1999 2883 2038 sua
2929 1985 3283 2056 typographia
3333 1986 3384 2040 in
3441 1989 3715 2058 publicum

468 2072 796 2126 ederentur:
833 2085 932 2124 nec
969 2087 1099 2125 sane
1128 2071 1381 2126 laudabili
1419 2073 1694 2142 proposito
1742 2072 2031 2129 frustratus
2074 2077 2162 2140 sit,
2203 2091 2322 2131 cum
2357 2078 2693 2146 quamplura,
2722 2095 2840 2149 qua:
2869 2079 2956 2135 ille
2982 2081 3240 2144 hactenus
3272 2082 3530 2152 vulgavit,
3563 2086 3709 2139 volu-

468 2167 637 2232 mina,
677 2167 976 2237 praesertim
1004 2182 1280 2222 sacrorum
1309 2168 1908 2238 ecclesiasticorumque
1929 2169 2252 2238 scriptorum
2285 2171 2358 2224 ita
2385 2171 2616 2234 exculta,
2641 2181 2832 2226 ornata
2857 2182 3016 2242 atque
3043 2187 3282 2232 correcta
3309 2179 3362 2233 in
3391 2179 3564 2234 lucem
3593 2197 3717 2251 pro—

467 2264 690 2328 dierint,
717 2272 775 2316 ut
803 2277 832 2316 a
858 2263 1107 2316 litteratis
1132 2263 1284 2327 viris,
1314 2264 1486 2333 iisque
1527 2265 1796 2329 omnibus,
1827 2265 1966 2335 apud
2007 2281 2141 2334 quos
2164 2263 2316 2319 bona:
2341 2276 2485 2320 artes
2508 2267 2766 2335 inpretio
2789 2276 2934 2332 sunt,
2969 2270 3240 2323 comtnuni
3269 2270 3455 2341 plausu
3485 2283 3712 2343 excepta

466 2356 690 2412 fuerint.
733 2358 1036 2413 Novissime
1065 2373 1213 2421 vero,
1259 2359 1399 2413 sicut
1435 2361 1575 2414 idem
1614 2359 1852 2414 Joannes
1889 2359 2052 2414 Maria
2089 2359 2245 2413 nobis
2289 2375 2457 2428 nuper
2495 2361 2688 2430 exponi
2732 2359 2880 2424 fecit,
2921 2363 3035 2430 ipse
3072 2364 3340 2419 celebrem
3385 2366 3600 2431 librant,
3624 2369 3712 2422 cui

471 2452 682 2508 titulus:
705 2453 975 2508 Anastasii
1002 2454 1392 2508 Bibliothecarii
1417 2457 1480 2508 de
1515 2455 1646 2509 Vitis
1668 2455 2022 2509 Romanorum
2050 2453 2386 2522 Pontiﬁcum,
2413 2474 2444 2508 a
2475 2455 2539 2509 Β.
2576 2453 2731 2509 Petro
2751 2457 2983 2526 apostolo
3003 2459 3072 2512 ad
3105 2457 3385 2513 Nicolaum
3420 2459 3472 2524 l,
3491 2461 3710 2529 adjectis

475 2544 610 2600 Vitis
637 2547 855 2601 Adriani
884 2546 944 2600 11
981 2558 1028 2601 et
1063 2548 1316 2616 Stephani
1347 2548 1446 2614 γι,
1467 2550 1690 2603 Auctore
1715 2549 1995 2604 Cuillelmo
2027 2548 2467 2616 Bibliothecario,
2501 2551 2610 2604 suis
2639 2551 2779 2621 typis
2814 2552 2880 2604 ad
2917 2553 3184 2621 publicam
3213 2555 3450 2607 omnium
3483 2570 3544 2609 ac
3574 2571 3714 2625 prae-

466 2641 656 2696 sertim
693 2640 1069 2695 ecclesiastica:
1092 2642 1328 2696 historia:
1369 2645 1732 2698 studiosorum
1758 2644 2043 2698 utilitatem
2075 2644 2332 2698 mandare
2364 2645 2690 2709 decreverit;
2721 2647 2811 2700 sed
2839 2655 3013 2700 tamen
3036 2657 3286 2702 vereatur
3324 2659 3718 2720 ne,postquam

469 2737 647 2790 editus
666 2735 851 2801 fuerit,
879 2736 989 2800 alii,
1021 2736 1109 2804 qui
1133 2753 1196 2790 ex
1215 2737 1391 2792 alieno
1415 2737 1598 2792 labore
1620 2738 1825 2792 lucrum
1845 2747 2109 2808 qumrunt,
2126 2738 2317 2792 librum
2340 2737 2637 2806 hujusmodi
2669 2739 2721 2792 in
2741 2739 2906 2809 ipsius
2924 2738 3334 2796 JoannisMarim
3351 2742 3716 2811 prtejndicium

487 2842 662 2888 terum
703 2832 940 2902 imprimi
985 2842 1197 2888 curent.
1239 2833 1348 2888 Nos
1404 2832 1643 2901 ejusdem
1698 2833 1921 2889 Joannis
1969 2834 2151 2888 Maria:
2189 2834 2549 2900 indemnitati,
2579 2850 2646 2889 ne
2674 2851 2746 2889 ex
2776 2836 3126 2906 impressione
3166 2837 3465 2904 hujusmodi
3500 2838 3715 2908 aliquod

469 2929 812 2997 dispendium
840 2928 1095 2998 patiatur,
1119 2927 1420 2998 providere,
1462 2929 1718 2999 illumque
1756 2929 2080 2998 specialibus
2109 2929 2382 2983 favoribus
2421 2938 2476 2982 ct
2504 2930 2692 2998 gratiis
2720 2931 2969 2999 prosequi
2998 2930 3260 2994 volentes,
3292 2939 3346 2985 et
3374 2946 3403 2984 a
3435 2932 3717 2999 quibusvis

469 3023 1064 3088 excommunicationis,
1097 3024 1462 3092 suspensionis
1491 3033 1543 3078 et
1576 3024 1868 3088 interdicti,
1902 3023 2128 3092 aliisque
2162 3023 2543 3078 ecclesiasticis
2569 3023 2874 3088 sententiis,
2911 3025 3161 3079 censuris
3187 3035 3241 3080 et
3277 3027 3471 3096 poenis,
3500 3045 3530 3080 a
3566 3027 3718 3096 jure,

470 3119 555 3172 vel
583 3119 650 3172 ab
681 3118 898 3172 homine
933 3118 1120 3187 quavis
1140 3119 1446 3180 occasione,
1474 3117 1557 3171 vel
1583 3134 1746 3174 causa
1775 3119 1920 3183 latis,
1949 3119 1994 3172 si
2021 3119 2217 3187 quibus
2238 3117 2634 3188 quomodolibet
2660 3117 2946 3173 iunodatus
2973 3120 3178 3185 existit,
3206 3122 3272 3174 ad
3295 3122 3550 3176 etl'ectum
3579 3139 3715 3193 pra:-

469 3212 701 3266 sentium
749 3212 1015 3278 duntaxat
1034 3222 1398 3282 consequente
1443 3214 1632 3267 harum
1688 3214 1829 3268 serie
1877 3213 2234 3278 absolventes,
2283 3223 2339 3268 et
2383 3213 2682 3268 absolutum
2731 3213 2843 3268 fore
2884 3217 3719 3286 censentes:supplicationibus

470 3305 586 3375 ejus
625 3306 842 3360 nomine
866 3307 1024 3362 nobis
1051 3323 1212 3378 super
1250 3309 1353 3363 hoc
1377 3307 1648 3362 humiliter
1671 3309 1934 3378 porrectis
1959 3309 2224 3371 inclinati,
2256 3307 2428 3363 eidem
2452 3306 2645 3362 Joanni
2685 3307 2886 3372 Mariae,
2912 3317 2972 3361 ut
2999 3309 3187 3378 viginti
3214 3309 3370 3364 annis
3393 3311 3654 3380 proximis
3681 3328 3719 3366 a

470 3401 725 3472 primaeva
765 3401 886 3456 libri
924 3402 1129 3472 prtefati
1169 3403 1518 3472 impressione
1555 3403 1926 3471 computandis
1973 3401 2309 3465 durantibus,
2357 3401 2646 3455 dummodo
2688 3411 2864 3454 tamen
2898 3401 2984 3456 ille
3021 3417 3050 3454 a
3086 3402 3280 3458 dilecto
3320 3403 3429 3459 filio
3456 3407 3718 3475 magistro

470 3498 611 3552 sacri
639 3497 822 3568 palatii
854 3497 1130 3568 apostolici
1156 3495 1478 3566 approbatus
1503 3498 1588 3560 sit,
1623 3513 1779 3553 nemo
1810 3508 1918 3552 tam
1960 3498 2011 3551 in
2045 3496 2185 3552 Urbe
2223 3496 2465 3566 praefata,
2501 3512 2662 3564 quam
2698 3497 2748 3550 in
2782 3497 2988 3566 reliquo
3018 3497 3173 3551 Statu
3211 3499 3575 3556 ecclesiastico
3602 3519 3717 3558 me-

469 3594 614 3648 diate
654 3594 735 3648 vel
771 3591 1079 3647 immediate
1122 3591 1277 3646 nobis
1306 3591 1543 3658 subjecto
1580 3592 1775 3646 librum
1816 3592 2129 3662 pradictum
2163 3593 2277 3645 sine
2315 3591 2533 3660 speciali
2601 3593 2882 3646 memorati
2914 3591 3136 3647 Joannis
3179 3593 3380 3660 Mariae,
3424 3605 3517 3650 aut
3553 3598 3620 3652 ab
3648 3613 3720 3653 eo

473 3704 692 3744 causam
729 3689 1040 3743 habentium
1081 3687 1300 3742 licentia
1338 3688 1667 3758 imprimere,
1698 3689 1878 3742 autab
1918 3689 2039 3748 alio,
2078 3687 2160 3740 vel
2186 3687 2306 3741 aliis
2344 3687 2661 3755 impressum
2696 3689 2947 3754 vendere,
2978 3701 3070 3743 aut
3100 3690 3338 3745 venalem
3369 3692 3586 3755 habere,
3617 3705 3716 3748 aut
3763 3727 3772 3734 -

469 3799 770 3855 proponere
807 3786 994 3854 possit,
1025 3783 1319 3851 apostolica
1345 3783 1666 3837 auctoritate
1697 3793 1880 3837 tenore
1913 3782 2255 3852 praesentium
2294 3781 2636 3835 concedimus
2669 3791 2724 3835 et
2755 3782 3104 3853 indulgemus.
3131 3783 3438 3839 inhibentes
3462 3795 3715 3854 propter-

471 3893 534 3931 ea
581 3878 862 3946 utriusqne
894 3894 1054 3933 sexus
1092 3877 1290 3933 Christi
1335 3878 1598 3942 fidelibus,
1639 3879 1938 3948 praesertim
1981 3877 2239 3932 librorum
2279 3876 2714 3944 impressoribus,
2743 3887 2795 3931 et
2834 3878 3136 3947 hibliopolis
3164 3879 3263 3932 sub
3300 3880 3717 3949 quingentorum

472 3972 788 4027 dueatorum
817 3974 931 4026 auri
950 3973 1016 4027 de
1041 3972 1288 4038 Camera,
1312 3981 1362 4026 et
1392 3973 1698 4026 amissionis
1727 3971 2004 4035 librorum,
2030 3981 2084 4026 et
2112 3981 2356 4042 typorum
2385 3971 2621 4026 omnium
2643 3988 2742 4042 pro
2767 3988 2870 4025 una
2900 3972 3136 4027 Cameraa
3162 3983 3361 4028 nostra:
3387 3975 3716 4043 apostolicze,

469 4077 526 4122 et
556 4083 652 4137 pro
678 4068 780 4122 alia
814 4070 1035 4138 prwfato
1063 4069 1285 4124 Joannis
1324 4069 1502 4123 Mariae
1539 4085 1602 4123 ac
1631 4084 1728 4138 pro
1757 4069 1961 4139 reliqua
1994 4069 2166 4123 tertiis
2194 4069 2438 4137 partibus
2470 4071 2795 4134 accusatori,
2835 4079 2888 4123 et
2919 4069 3085 4138 judici
3124 4072 3437 4141 exsequenti
3475 4073 3720 4126 irremis-

471 4164 701 4220 sibiliter
726 4166 1077 4236 applieandis,
1114 4174 1170 4220 et
1190 4166 1386 4234 eoipso
1415 4166 1616 4233 absque
1641 4165 1746 4218 ulla
1774 4164 2136 4219 declaratione
2165 4162 2500 4216 incurrendis
2532 4163 2724 4229 pretiis,
2745 4177 2810 4216 ne
2837 4163 2994 4218 dictis
3023 4163 3208 4232 viginti
3231 4166 3384 4220 annis
3399 4166 3716 4220 durantibus

472 4260 665 4315 librum
703 4261 1006 4330 praefatum,
1039 4270 1132 4314 aut
1166 4262 1398 4330 aliquam
1441 4259 1555 4328 ejus
1582 4269 1810 4330 partem,
1838 4269 1943 4312 tam
1971 4260 2020 4312 in
2061 4257 2222 4320 Urbe,
2257 4273 2417 4326 quam
2456 4259 2507 4311 in
2543 4259 2751 4328 reliquo
2785 4258 2938 4314 Statu
2977 4259 3343 4314 ecclesiastico
3369 4260 3713 4328 supradictis,

471 4356 589 4411 sine
619 4355 922 4424 hujusmodi
965 4357 1180 4410 licentia
1215 4357 1547 4427 imprimere,
1576 4364 1668 4408 aut
1703 4357 1768 4407 ab
1799 4354 1919 4409 aliis
1948 4356 2292 4422 impressum,
2333 4363 2424 4408 aut
2469 4355 2788 4425 impressam
2825 4357 3079 4420 vendere,
3110 4371 3204 4410 seu
3237 4355 3480 4408 venalem
3516 4355 3716 4409 habere

475 4451 854 4519 quoqnomodo
904 4451 1159 4514 audeant,
1209 4465 1301 4504 seu
1349 4457 1696 4520 prmsumant.
1745 4449 2060 4504 Mandantes
2108 4459 2389 4519 propterea
2437 4450 2646 4504 dilectis
2680 4451 2804 4504 filiis
2847 4451 3064 4516 nostris,
3108 4460 3165 4504 et
3221 4450 3526 4522 apostolica:
3572 4451 3718 4505 sedis

471 4543 537 4596 de
569 4542 732 4596 latere
776 4543 986 4613 legatis,
1020 4559 1110 4598 seu
1145 4559 1326 4599 eorum
1366 4545 1500 4598 vice-
1517 4544 1724 4615 legatis,
1759 4554 1853 4599 ant
1893 4546 2321 4616 prazsidc'ntihus,
2355 4547 2822 4616 gubernatoribus,
2862 4547 3197 4615 praetoribus,
3232 4557 3285 4600 et
3322 4545 3442 4600 aliis
3488 4543 3713 4613 iustitia:

474 4639 736 4694 ministris
770 4639 1197 4708 provinciarum,
1235 4640 1539 4706 civitatum,
1573 4650 1858 4706 terrarum,
1883 4650 1937 4695 et
1969 4641 2204 4695 locorum
2235 4641 2420 4695 Status
2451 4641 2620 4695 nostri
2651 4641 2998 4695 ecclesiastici
3032 4639 3261 4711 praefati,
3291 4648 3555 4709 quatenus
3581 4653 3713 4707 prae-

476 4737 620 4792 dicto
640 4736 833 4793 Joanni
857 4736 1055 4801 Marize,
1083 4753 1175 4791 seu
1200 4737 1267 4792 ab
1297 4753 1362 4792 eo
1391 4753 1608 4792 causam
1635 4738 1956 4793 habentibus
1977 4737 2249 4808 praedictis
2269 4739 2321 4792 in
2340 4738 2635 4808 praemissis
2657 4735 2891 4792 efllcacis
2919 4737 3251 4791 defensionis
3274 4735 3522 4804 praesidio
3549 4735 3711 4789 assis-

475 4832 1104 4902 tente;quandocnnque
1133 4831 1201 4886 ab
1245 4832 1433 4887 eodem
1487 4831 1690 4886 Joanne
1735 4831 1903 4886 Maria
1952 4831 2154 4886 fuerint
2206 4831 2472 4900 requisiti,
2532 4845 2721 4901 pmnas
2780 4830 3064 4900 praedictas
3118 4838 3306 4884 contra
3367 4841 3711 4900 quoscunque

474 4927 842 4982 inobedientes
867 4928 1309 4982 irremissibiliter
1329 4937 1712 4997 exsequantur.
1751 4927 1865 4982 Non
1891 4927 2205 4982 obstanibus
2234 4925 2721 4988 constitutionibus,
2746 4935 2799 4980 et
2831 4925 3255 4980 ordinationibus
3286 4925 3614 4995 apostolicis,
3647 4937 3711 4978 ac

474 5020 754 5089 quibusvis
777 5022 1015 5085 statutis,
1038 5031 1091 5076 et
1121 5023 1619 5084 consuetudinibus,
1650 5024 1811 5077 etiam
1854 5022 2179 5092 iuramento,
2207 5022 2612 5077 conﬁrmatione
2645 5022 2959 5091 apostolica,
2990 5021 3072 5076 vel
3108 5021 3297 5090 quavis
3325 5021 3578 5076 firmitate
3607 5020 3707 5074 alia

473 5115 762 5180 roboratis,
797 5115 1091 5186 privilegiis
1118 5133 1349 5187 quoque,
1381 5117 1625 5183 indultis,
1651 5127 1704 5172 et
1735 5119 1928 5174 litteris
1953 5119 2264 5190 apostolicis
2291 5119 2343 5172 in
2373 5120 2704 5174 contrarium
2732 5119 3134 5186 praemissorum
3157 5115 3559 5186 quomodolibet
3585 5129 3709 5169 con-

474 5210 664 5274 cessis,
713 5210 1066 5275 conﬁrmatis,
1121 5221 1175 5266 et
1228 5215 1517 5278 innovatis,
1561 5217 1878 5284 cacterisque
1917 5216 2205 5270 contrariis
2246 5215 2673 5284 quibuscunque.
2724 5215 2984 5269 Volumus
3036 5223 3214 5267 autem
3259 5221 3318 5265 ut
3367 5211 3706 5281 przesentium

477 5308 859 5377 transsumptis
888 5317 941 5362 et
963 5307 1074 5376 jam
1106 5309 1157 5362 in
1188 5311 1301 5380 ipso
1328 5309 1490 5366 Libro
1515 5311 1807 5381 impressis,
1839 5329 2000 5366 manu
2026 5311 2250 5378 alicujus
2279 5311 2470 5365 notarii
2509 5310 2707 5380 publici
2737 5308 3077 5376 subscriptis,
3107 5315 3161 5361 et
3183 5305 3358 5376 sigillo
3390 5321 3628 5376 persona:
3656 5305 3706 5358 in
