3996 5412
550 314 627 395 s;
748 266 753 271 ’
1272 308 1363 364 an
1403 308 1839 366 summum
1875 307 2390 367 pnowaouem
2426 312 2604 368 amr.
2646 311 3063 371 ROM.-VATIC.
3737 324 3807 380 δε

561 453 587 483 ι
626 432 693 487 ad
737 428 980 486 eamdem
1019 427 1267 498 paginam
1297 429 1398 492 ,53,
1426 438 1553 483 sunt
1574 430 1845 485 variantes
1867 428 2126 484 lectiones
2151 431 2200 490 Α
2229 427 2347 492 dos,
2373 430 2464 498 qui
2505 446 2641 500 opus
2671 432 3040 489 Anastasiana:
3067 434 3399 493 collectionis
3431 438 3679 511 pluribus
3710 457 3808 500 sa:-

561 541 582 573 ι
624 520 812 591 optimi
858 519 1059 576 codicis
1107 520 1458 589 manuscripti
1490 520 1784 575 Florentini
1832 535 1897 574 ex
1937 520 2128 575 biblio-

558 631 577 662 ι
626 612 779 668 theca
828 616 1130 664 conventus
1173 607 1232 664 S.
1264 607 1453 663 Marci.
1505 609 1631 665 Inde
1676 611 1868 680 pagina
1898 610 1967 665 54
1995 611 2128 665 inci-

558 720 577 751 ι
624 701 777 770 piunt
823 698 1134 754 collationes
1182 714 1283 752 ms.
1325 698 1642 754 Farnesiani
1697 700 1884 769 scripti
1934 699 2129 756 litteris

552 806 577 838 ι
625 786 954 854 majusculis,
993 800 1101 855 quo
1145 786 1276 840 nihil
1322 787 1599 856 antiquius
1636 797 1853 843 exstare
1891 798 2024 858 puto
2072 789 2128 843 in

556 896 575 927 ι
625 876 727 931 hoc
752 891 968 947 genere,
1000 886 1056 932 et
1080 876 1246 931 codex
1272 877 1413 931 haud
1438 877 1602 933 dubie
1631 886 1754 932 ante
1782 886 1965 934 natum
1985 878 2130 933 Ana-

557 985 576 1018 σ
623 968 848 1023 stasium
895 968 1132 1037 scriptus
1161 967 1282 1035 fuit,
1312 968 1396 1022 vel
1433 969 1622 1024 saltem
1650 982 1715 1024 eo
1751 979 1992 1039 tempore
2020 986 2127 1040 quo

554 1077 577 1110 ε
625 1059 738 1128 ipse
767 1060 1087 1115 Anastasius
1119 1061 1271 1114 vixit.
1319 1060 1385 1113 Et
1423 1062 1548 1130 quia
1584 1060 1898 1117 collationes
1928 1062 2128 1117 Farne-

556 1164 578 1198 ‹
624 1148 760 1203 siani
807 1149 1010 1204 codicis
1060 1150 1224 1204 minio
1268 1150 1481 1219 scriptae
1511 1160 1638 1206 sunt
1685 1166 1855 1220 usque
1888 1153 1953 1206 ad
1981 1153 2129 1223 pagi-

555 1257 575 1289 ι
624 1254 749 1293 nam
780 1238 869 1305 65,
896 1241 999 1295 hoc
1035 1250 1117 1297 est
1145 1255 1313 1311 usque
1347 1243 1414 1295 ad
1440 1240 1773 1297 Bouil‘acium
1802 1242 1892 1307 ιγ,
1924 1244 2128 1299 idcirco

557 1346 576 1378 ι
623 1330 691 1384 ad
717 1330 1149 1402 distinguendum
1200 1332 1447 1386 codicum
1484 1333 1826 1386 diversorum
1868 1333 2127 1391 lectiones

552 1436 576 1469 ι
622 1434 651 1472 a
678 1434 801 1491 pag.
829 1419 898 1474 54
923 1434 1092 1491 usque
1127 1421 1192 1474 ad
1224 1421 1293 1477 63
1320 1420 1632 1475 collationes
1665 1422 1878 1477 Codicis
1908 1422 2126 1477 Floren-

556 1525 577 1559 ί
627 1510 721 1563 tini
746 1519 1049 1565 atramento
1074 1511 1277 1565 notavi.
1306 1509 1434 1564 lude
1460 1526 1489 1563 a
1514 1526 1635 1582 pag.
1660 1511 1728 1565 65
1754 1527 1923 1581 usque
1947 1513 2014 1567 ad
2036 1513 2125 1579 72,

556 1616 576 1649 ε
622 1600 688 1652 ad
715 1600 888 1654 Vitam
915 1599 972 1654 S.
994 1600 1236 1669 Eugenii,
1260 1600 1609 1655 Farnesianac
1633 1600 1949 1656 collationes
1980 1611 2126 1658 atra-

555 1706 576 1740 s
623 1699 821 1754 mento,
854 1689 1179 1745 Florentium
1223 1690 1391 1745 minio
1427 1700 1625 1745 notatae
1658 1702 1803 1745 sunt.
1852 1692 2050 1747 Iterum
2092 1709 2122 1747 a

2231 519 2366 574 culis
2391 532 2801 590 praecesserunt.

2301 610 2357 665 4.
2399 610 2532 666 Cum
2566 612 2731 682 igitur
2757 612 2993 668 viderem
3028 614 3247 684 excerpi
3284 630 3441 685 posse
3475 617 3544 673 ab
3571 617 3661 672 illa
3692 617 3809 675 Dis»

2232 703 2528 759 sertatione
2555 719 2618 759 ea
2651 720 2770 774 qua:
2795 704 3017 760 Librum
3045 705 3418 762 Pontiﬁcalem
3455 710 3703 777 pressius
3730 721 3827 766 διε-λ

2232 793 2467 863 tingunt,
2500 803 2555 849 et
2592 796 2989 863 pnestantibus,
3017 811 3138 865 qua:
3163 806 3476 866 supersunt,
3507 800 3810 857 observatis

2232 882 2492 938 Holstenii
2524 884 2647 938 addi
2678 899 2785 938 non
2814 900 2983 954 pauca
3012 899 3192 955 posse,
3225 901 3344 955 qua:
3373 895 3521 940 recte
3553 902 3658 955 per
3684 902 3809 942 eum

2230 972 2521 1027 constituta
2553 974 2876 1029 conﬁrment
2915 975 3106 1044 magis,
3135 983 3190 1029 et
3219 975 3456 1029 vitarum
3501 976 3809 1044 huiusmodi

2229 1060 2552 1127 historiam,
2604 1063 2869 1129 criticen,
2917 1079 2982 1119 ac
3025 1064 3344 1119 documenta
3418 1067 3810 1136 propemodum

2229 1154 2513 1223 praesentia
2562 1154 2807 1220 reddant,
2838 1171 2926 1213 .ac
2972 1156 3359 1221 demonstrata,
3395 1172 3498 1211 non
3546 1158 3812 1213 inutiliter

2230 1255 2318 1294 me
2349 1242 2795 1297 adlaboraturum
2844 1244 3080 1312 speravi,
3111 1244 3156 1298 si
3183 1245 3564 1301 contraherem
3598 1248 3809 1314 potiora

2229 1332 2297 1385 ab
2325 1332 2511 1386 iisdem
2536 1334 2892 1402 scriptoribus
2918 1333 3089 1389 fusius
3114 1344 3441 1405 pertractata
3467 1346 3521 1390 et
3548 1337 3809 1407 probata:

2227 1434 2401 1489 eaque
2428 1423 2692 1477 nectendo
2724 1423 2975 1488 invicem,
3007 1431 3061 1478 et
3092 1423 3442 1480 iuosculando
3469 1441 3590 1479 cum
3622 1440 3815 1479 recen-

2229 1509 2371 1564 tibus
2416 1512 2752 1578 observatis,
2799 1513 3105 1569 deﬁnitum.
3135 1515 3491 1584 undequaque
3541 1515 3812 1585 judicium

2226 1599 2433 1654 referre
2460 1609 2759 1670 satagerem
2788 1603 2853 1656 tle
2890 1602 3119 1671 origine,
3161 1602 3527 1669 incrementis,
3561 1620 3687 1669 usu,
3712 1606 3812 1661 do-

2226 1689 2515 1752 cumentis,
2545 1698 2600 1742 et
2629 1691 2938 1758 praestantia
2969 1692 3128 1762 hujus
3152 1690 3297 1746 Libri
3326 1692 3681 1761 Pontiﬁcalis.

555 1799 575 1832 ι
621 1797 742 1851 pag.
775 1782 845 1835 72
875 1797 1049 1858 usque
1080 1783 1148 1836 ad
1177 1782 1422 1852 paginam
1464 1783 1583 1844 107,
1638 1782 1727 1836 ubi
1781 1783 1967 1852 incipit
2010 1782 2126 1839 Vita
2156 1777 2204 1835 Β
2297 1778 2353 1832 5.
2411 1777 2627 1833 Librum
2666 1777 3031 1848 Pontiﬁcalem
3081 1782 3226 1836 hunc
3270 1782 3596 1851 appellatum
3646 1782 3816 1838 fuisse

550 1888 574 1922 ι
621 1870 900 1925 Zachariae
945 1871 1071 1933 PP.,
1112 1870 1439 1926 Faruesiana
1487 1872 1687 1936 minio,
1727 1872 2124 1928 Florentiniaua

551 1975 574 2008 s
623 1966 927 2013 atramento
974 1958 1169 2013 collata
1206 1968 1351 2014 sunt.
1388 1959 1517 2030 Pag.
1547 1959 1669 2015 107.
1706 1961 1824 2016 Vita
1853 1961 2126 2017 Zachariae

558 2069 579 2102 ε
627 2051 681 2105 in
706 2050 1036 2107 Farnesiano
1071 2052 1407 2107 desideratur
1455 2052 1779 2107 Collationes
1806 2069 1875 2108 ex
1902 2054 2125 2109 Floren-

558 2158 578 2191 s
626 2140 739 2195 tino
766 2142 953 2196 codice
986 2143 1150 2196 minio
1187 2152 1385 2198 "0le
1410 2152 1537 2199 sunt
1567 2158 1738 2212 usque
1777 2145 1843 2197 ad
1877 2144 2126 2214 paginam

553 2247 577 2282 ι
628 2231 752 2295 H5,
786 2231 876 2287 ubi
905 2232 1264 2287 Farnesianus
1306 2234 1501 2287 iterum
1553 2233 1760 2302 incipit.
1799 2232 1898 2288 Ubi
1931 2233 2125 2288 iterum

556 2339 577 2370 ι
621 2319 944 2375 Florentium
970 2321 1554 2376 lectiones-atramento
1581 2332 1835 2376 notantur
1863 2338 2031 2392 usque
2058 2324 2126 2378 ad
2172 2350 2175 2353 λ

553 2429 578 2464 s
621 2412 868 2483 paginam
896 2412 1015 2475 156.
1048 2414 1170 2467 inde
1209 2415 1372 2469 rubro
1402 2431 1571 2485 usque
1605 2415 1671 2469 ad
1704 2417 1933 2471 mediam
1973 2419 2125 2487 pagi-

551 2519 573 2552 s
620 2517 744 2556 nam
770 2503 892 2558 158.
931 2502 1055 2559 Inde
1090 2505 1233 2559 enim
1283 2505 1477 2582 iterum
1519 2515 1824 2561 atramento
1869 2516 2127 2561 notantur

547 2612 573 2644 4
624 2609 794 2663 usque
819 2595 886 2647 ad
911 2595 1233 2664 principium
1265 2599 1472 2666 pagime
1494 2598 1616 2661 H5,
1649 2613 1772 2652 nam
1805 2594 1927 2652 inde
1958 2614 2127 2666 usque

553 2703 572 2735 ι
619 2687 686 2739 ad
734 2685 986 2755 paginam
1016 2684 1115 2739 158
1164 2685 1457 2740 Florentini
1506 2689 1707 2742 codicis
1752 2688 2010 2742 lectiones
2053 2689 2127 2742 si—

552 2793 572 2824 :
621 2784 866 2844 gnantur.
895 2776 1079 2839 rubro,
1113 2784 1272 2844 atque
1307 2777 1378 2830 ibi
1426 2779 1478 2831 in
1507 2777 1628 2832 Vita
1654 2777 1876 2832 Adriani
1905 2778 2121 2834 desinit.

557 2881 576 2914 ‹
624 2864 796 2919 Habui
827 2864 1023 2919 deinde
1052 2865 1216 2919 alium
1246 2865 1485 2921 codicem
1514 2868 1936 2937 manuscriptum
1980 2866 2122 2923 Lon-

552 2971 572 3003 s
621 2954 967 3025 gobardicum
996 2955 1454 3025 antiquissimum,
1484 2972 1552 3011 ex
1581 2956 1770 3012 eadem
1800 2959 2123 3013 bibliotheca

554 3062 573 3093 ι
619 3052 920 3099 conventus
967 3043 1023 3099 S.
1050 3044 1236 3111 Marci,
1283 3045 1452 3101 multo
1501 3047 1848 3102 vetustiurcm
1904 3049 2120 3118 priore:

2230 1877 2354 1921 ante
2385 1867 2590 1924 Velseri
2626 1869 2939 1935 editionem,
2969 1870 3060 1939 qui
3093 1871 3468 1941 complectitur
3496 1872 3649 1928 Vitas
3672 1888 3813 1942 pon-

2228 1958 2433 2011 tiﬁcum
2487 1957 2853 2012 Romanorum
2896 1973 2926 2012 a
2972 1957 3030 2013 S.
3055 1959 3216 2014 Petro
3262 1961 3329 2015 ad
3375 1960 3654 2015 Nicolaum
3701 1961 3835 2031 pri-'

2228 2063 2397 2113 mum,
2440 2062 2629 2103 omnes
2675 2049 3042 2104 consentiunt.
3093 2051 3383 2105 Anastasio
3433 2054 3705 2107 monacho
3746 2053 3809 2107 S.

2227 2135 2293 2190 Il.
2317 2137 2380 2190 E.
2407 2135 2829 2197 Bibliothecario
2864 2138 3072 2207 primus
3103 2139 3354 2194 Velserus
3385 2141 3655 2204 attribuit,
3687 2140 3814 2194 Bel-

2227 2225 2501 2289 larminio,
2548 2235 2604 2280 et
2646 2227 2908 2281 Panviuio
2958 2229 3423 2282 consentientibus
3455 2230 3593 2283 citra
3643 2229 3839 2284 ullam'

2227 2316 2422 2370 asserti
2452 2316 2740 2372 rationem.
2793 2310 3059 2373 Baronius
3102 2318 3409 2373 intercessit
3450 2320 3814 2390 prmjudicata:

2227 2406 2470 2473 opinioni
2501 2404 2711 2461 Velseri
2749 2423 2765 2460 :
2797 2416 2852 2461 et
2896 2407 3238 2463 collectoretn
3271 2410 3452 2478 potius
3478 2426 3639 2479 quam
3670 2412 3812 2465 scri-

2225 2508 2434 2566 ptorem
2475 2500 2786 2554 earumdem
2818 2498 3066 2554 Vitarum
3097 2511 3221 2555 ante
3246 2501 3543 2555 Adriauum
3579 2502 3622 2556 ll
3657 2500 3808 2555 aﬁir-

2227 2591 2392 2644 mavit
2419 2591 2723 2646 habendum
2754 2607 2874 2648 esse
2893 2592 3239 2647 Anastasium
3269 2593 3557 2661 (Baronius
3578 2594 3647 2647 ad
3676 2610 3808 2647 ann.

2226 2679 2352 2744 867,
2383 2697 2439 2733 n.
2470 2680 2593 2751 l'59)
2623 2698 2637 2735 :
2669 2682 2756 2736 cui
2805 2683 3086 2737 sententiae
3132 2683 3444 2739 llulstenius
3492 2686 3807 2751 subscribit,

2226 2780 2282 2825 et
2313 2786 2435 2825 cum
2467 2787 2531 2826 eo
2562 2772 3001 2838 Schelestratius,
3054 2774 3317 2844 triplicem
3366 2790 3586 2831 causam
3627 2776 3808 2847 prore.

2228 2877 2352 2916 rens
2385 2863 2457 2916 ita
2487 2863 2754 2918 sentiendi
2786 2863 2987 2935 (Schel.
3016 2865 3144 2919 diss.
3177 2867 3230 2929 ὅ,
3269 2884 3386 2937 cap.
3418 2866 3472 2932 7,
3506 2885 3560 2923 η.
3590 2869 3663 2938 1).

2300 2949 2351 3004 6.
2403 2948 2582 3004 Prima
2634 2952 2805 3021 posita
2852 2961 2937 3006 est
2990 2952 3042 3007 in
3092 2954 3401 3010 testimonio
3452 2957 3805 3026 scriptorum,

2226 3042 2336 3096 vita
2379 3026 2686 3097 functorum
2719 3051 2843 3097 ante
2872 3044 3248 3109 Anastasium,
3275 3045 3367 3115 qui
3395 3046 3595 3101 diserte
3624 3047 3805 3118 profe-

553 3151 573 3183 ι
619 3132 735 3201 ejus
771 3134 1027 3189 lectiones
1055 3144 1359 3191 atramento
1389 3138 1602 3202 notavi;
1635 3135 1738 3192 'ubi
1767 3154 1887 3192 cum
1916 3137 2122 3195 Farne-

2229 3139 2353 3184 runt
2397 3130 2609 3184 Librum
2652 3129 2927 3186 Gestorum
2985 3132 3374 3202 Pontiﬁcalium
3415 3153 3434 3192 :
3480 3151 3620 3206 quos
3670 3137 3811 3191 inter

552 3240 572 3273 ι
620 3223 774 3277 siano
806 3232 861 3278 et
886 3223 1193 3279 Florentino
1221 3225 1241 3279 l
1271 3227 1540 3291 convenit,
1573 3226 1827 3282 lectiones
1854 3228 2120 3283 dictorum

557 3331 575 3362 ι
623 3314 869 3369 codicum
914 3314 1055 3370 linea
1103 3316 1254 3386 nigra
1288 3316 1537 3382 subduxi,
1584 3333 1691 3387 qua
1726 3319 1885 3389 hujus
1931 3321 2120 3389 optimi

553 3419 572 3451 ι
622 3403 823 3458 codicis
889 3419 1183 3459 consensus
1232 3416 1451 3461 notatur
1496 3426 1508 3461 :
1555 3408 1649 3461 sed
1692 3394 1791 3463 ubi
1843 3410 2119 3478 peculiare

552 3508 574 3541 ς
619 3493 751 3562 quid
802 3495 982 3557 habet,
1012 3498 1315 3550 atramento
1359 3497 1586 3566 signari,
1612 3482 1853 3567 apposita
1884 3509 2007 3552 uota
2037 3483 2128 3551 Fl.

551 3598 573 3631 ι
619 3582 675 3645 2,
703 3582 803 3636 hoc
824 3593 906 3636 est
934 3582 1276 3639 Florentinus
1306 3586 1472 3640 codex
1502 3587 1556 3640 2.
1591 3586 1795 3641 Desinit
1822 3597 2000 3643 autem
2032 3604 2123 3643 co-

549 3689 572 3723 ‹
621 3672 723 3725 dex
763 3673 861 3726 iste
898 3674 951 3726 in
977 3674 1157 3729 Leone
1199 3673 1261 3740 ll,
1293 3691 1415 3746 pag.
1444 3677 1544 3741 80;
1594 3686 1852 3745 przeterea
1901 3679 2123 3734 mutilus

550 3784 571 3815 ε
617 3774 701 3818 est
740 3781 769 3818 a
804 3749 925 3835 pag.
958 3766 1026 3819 £7
1064 3782 1235 3837 usque
1264 3768 1330 3821 ad
1361 3783 1480 3838 pag.
1514 3766 1603 3823 58.
1640 3766 1773 3821 Cum
1807 3770 1909 3822 hoc
1939 3769 2125 3823 codice

550 3876 572 3910 ‹
620 3856 930 3913 Florentino
971 3857 1026 3923 2,
1075 3860 1130 3914 in
1173 3859 1423 3914 omnibus
1470 3859 1639 3914 ferme
1683 3859 1951 3912 consentit
2000 3859 2119 3915 cod.

552 3964 572 3998 ε
620 3945 794 4002 Vatic.
816 3947 977 4011 5269,
1008 3947 1098 4018 qui
1132 3948 1329 4002 desinit
1358 3949 1410 4002 in
1441 3948 1700 4018 Gregorio
1730 3948 1789 4000 11.
1842 3947 2010 4018 llujus
2033 3964 2125 4003 co—

552 4055 571 4088 ‹
616 4037 752 4092 dicis
780 4046 921 4092 nota:
948 4045 1074 4092 sunt
1099 4038 1272 4092 Vatic.
1311 4036 1504 4093 Minor.
1526 4038 1617 4091 vel
1654 4039 1715 4092 V.
1745 4035 1814 4093 Μ.
1848 4058 1870 4091 ι

614 4130 670 4184 5.
712 4126 838 4183 Haec
885 4128 1068 4198 itaque
1108 4142 1232 4182 cum
1277 4142 1379 4199 ego
1418 4129 1646 4183 sentiam
1682 4129 1749 4184 de
1778 4127 2040 4185 Holstenii
2069 4138 2124 4185 et

546 4218 919 4274 Schelestratii
950 4217 1224 4275 laboribus
1253 4219 1410 4289 plane
1440 4220 1795 4286 admirandis,
1827 4220 2124 4289 limatoque

538 4308 744 4379 judicio
790 4309 935 4364 circa
979 4309 1198 4364 Librum
1251 4308 1617 4365 Pontiﬁcalem
1663 4311 1732 4365 ab
1777 4311 1857 4365 eis
1888 4312 2118 4379 prolato,

544 4411 727 4456 actum
772 4414 932 4469 agere
978 4398 1209 4453 fortasse
1258 4414 1455 4469 arguar
1501 4414 1694 4454 novam
1746 4400 2116 4470 pm:l'alionem

2225 3223 2388 3285 Beda,
2437 3220 2635 3277 saeculo
2678 3224 2886 3294 integro
2917 3225 3228 3293 przccetlens
3272 3233 3485 3280 :etatem
3512 3220 3806 3282 Anastasii.

2222 3312 2327 3366 Alii
2372 3326 2500 3368 vero
2551 3314 2846 3384 scriptores
2894 3325 3078 3384 postea
3109 3315 3337 3370 insecuti
3390 3317 3536 3372 hunc
3583 3318 3808 3387 librum,

2225 3397 2592 3468 Pontiﬁcalem
2642 3410 2848 3466 vorant,
2896 3411 2951 3456 et
2986 3403 3141 3457 Gesta
3187 3404 3544 3459 Romanorum
3582 3404 3809 3476 Pontiﬁ-

2223 3505 2671 3558 cum;nunquam
2699 3506 2829 3545 vero
2855 3493 3131 3562 appellant
3161 3493 3376 3548 Librum
3399 3494 3688 3550 Anastasii.
3718 3497 3810 3551 Al-

2226 3589 2339 3635 tera
2366 3580 2501 3634 ratio
2516 3581 2807 3635 duciturex
2822 3591 2982 3636 :etate
3012 3584 3279 3650 codicum,
3298 3586 3582 3641 observata
3599 3601 3630 3640 a
3666 3585 3806 3641 Lab-

2222 3672 2324 3726 beo
2337 3681 2392 3725 et
2406 3672 2981 3741 Lambecio,judicihus
2992 3675 3211 3744 Optituis
3226 3676 3426 3747 scriptu
3435 3692 3505 3730 ra:
3517 3677 3807 3735 librorum.

2223 3763 2470 3819 Lahbeus
2515 3764 2654 3819 libro
2676 3765 2741 3819 de
2783 3764 3149 3837 Scriptoribus
3194 3767 3248 3822 in
3291 3767 3522 3823 Damaso
3550 3768 3808 3838 afﬁrmat,

2223 3854 2568 3909 Anastasium
2591 3870 2697 3909 non
2725 3872 2883 3926 posse
2921 3872 3041 3912 esse
3072 3867 3347 3913 auctorem
3385 3860 3583 3929 prioris
3598 3862 3807 3931 partis;

2223 3936 2363 4009 cum,
2403 3946 2597 4014 inquit,
2635 3948 2851 4000 viderim
2887 3950 3304 4020 manuscriptum
3343 3950 3573 4005 codicem
3594 3943 3811 4023 optima:

2224 4046 2380 4101 noue,
2422 4046 2649 4108 tempore
2674 4036 2855 4092 Caroli
2885 4038 3067 4110 Magni
3106 4051 3400 4104 exaratum,
3450 4044 3507 4097 in
3543 4061 3647 4115 quo
3689 4045 3811 4101 vitae

2223 4125 2330 4180 illa:
2363 4125 2595 4182 Damaso
2626 4128 2748 4198 jam
2798 4129 3166 4184 tribuebantur
3205 4142 3483 4204 antequam
3518 4145 3611 4190 aut
3648 4149 3809 4192 natus

2222 4225 2353 4269 esset
2375 4216 2712 4282 Anastasius,
2743 4228 2835 4272 aut
2869 4218 3053 4273 saltem
3084 4237 3148 4275 ex
3181 4223 3372 4291 prioris
3411 4225 3651 4293 infantia
3691 4244 3808 4281 ιτε-

2222 4306 2432 4377 puudiis
2467 4308 2773 4361 emersisset.
2808 4308 3128 4365 Lambecius
3156 4311 3355 4366 iudicat
3382 4313 3545 4367 alium
3574 4315 3807 4382 praecla-

2225 4413 2344 4451 rum
2372 4397 2637 4462 codicem,
2667 4399 2733 4451 ad
2755 4398 3013 4454 Ludovici
3042 4399 3122 4454 Pii
3154 4411 3392 4471 tempora
3417 4404 3802 4472 pertinentem,

544 4497 826 4552 attexens;
879 4495 935 4542 et
969 4487 1195 4541 videbor
1223 4485 1505 4541 Lectorem
1540 4504 1644 4542 non
1678 4490 1918 4543 relevare
1946 4490 2118 4544 medi-
2152 4472 2200 4533 Β
2225 4489 2316 4559 qui
2353 4488 2506 4543 Vitas
2545 4488 2867 4546 Pontiﬁcum
2916 4490 3283 4548 Romanorum
3325 4494 3529 4548 claudit
3577 4495 3632 4548 in
3682 4495 3806 4550 Ste-

546 4580 672 4635 tatis
700 4578 1068 4648 praestantium
1099 4577 1361 4642 virorum,
1394 4580 1486 4633 sed
1517 4577 1795 4633 inutilibus
1826 4579 1960 4633 meis
1988 4594 2119 4634 oue-

543 4685 697 4735 rare;
726 4669 772 4723 si
803 4666 1046 4723 diﬁ‘eram
1077 4667 1128 4722 iu
1148 4677 1348 4721 tomum
1379 4676 1627 4722 notarum
1670 4668 1874 4722 referre
1905 4669 2116 4723 Disser-

545 4761 800 4816 tationem
832 4761 1096 4831 integram
1120 4757 1514 4824 Schelestratii,
1547 4767 1602 4814 et
1634 4758 1774 4814 hanc
1802 4759 2090 4814 obtrudam

543 4851 748 4906 utinam
787 4837 904 4905 non.
924 4848 1354 4919 improbandam.

630 4944 1025 5000 Abstinuissem
1047 4941 1230 5010 utique
1251 4957 1281 4995 a
1323 4940 1747 5012 pertractatione
1790 4940 2113 5009 argumenti,

542 5035 679 5091 adeo
716 5032 946 5090 feliciter
969 5033 1173 5111 tentati
1197 5041 1252 5087 et
1274 5031 1507 5102 promoti
1538 5045 1635 5101 per
1666 5039 1845 5086 tantos
1871 5030 2034 5095 viros,
2069 5030 2115 5085 si

541 5129 611 5184 a‘d
646 5141 745 5183 nos
784 5127 988 5194 integra
1018 5124 1389 5195 pervenissent
1417 5121 1679 5177 Holstenii
1705 5123 1983 5187 meditata,
2016 5136 2117 5177 nec

541 5225 866 5264 nummatum
916 5217 1033 5264 eius
1073 5226 1244 5264 morte
1281 5215 1535 5264 subrepta
1580 5213 1807 5264 luissem
1836 5213 2114 5264 complura

2224 4579 2402 4648 phano
2430 4579 2489 4639 ll,
2519 4580 2637 4634 aliis
2661 4579 2726 4634 lll
2756 4581 2917 4637 dicto.
2947 4581 3116 4652 Hujus
3144 4593 3322 4637 autem
3352 4585 3545 4640 electio
3573 4585 3718 4641 cadit
3745 4586 3804 4641 in

2223 4684 2422 4723 annum
2454 4669 2588 4734 752,
2619 4672 2800 4725 obitus
2842 4672 2895 4725 in
2922 4671 3044 4726 757.
3088 4672 3505 4729 Schelestratius
3553 4676 3803 4745 producit

2220 4765 2332 4812 tres
2378 4757 2514 4812 alios
2565 4759 2816 4824 codices,
2868 4757 3192 4815 Vaticanum
3237 4757 3409 4826 5269,
3459 4762 3801 4818 desinentem

2219 4863 2341 4902 cum
2370 4846 2486 4901 Vita
2517 4849 2574 4903 S.
2602 4847 2846 4921 Gregorii
2870 4850 2933 4914 ιι,
2966 4852 3057 4921 qui
3085 4852 3218 4907 obiit
3246 4852 3401 4907 annis
3424 4863 3640 4909 centum
3671 4864 3802 4910 ante

2219 4938 2597 5004 Anastasium;
2658 4940 2884 5011 Regium
2938 4941 3266 5007 Christiuae,
3327 4953 3380 4999 et
3426 4942 3798 4999 Florentinum

2222 5025 2279 5081 S.
2305 5025 2511 5093 Marci,
2561 5043 2815 5097 quorum.
2846 5038 3071 5099 uterque
3129 5031 3329 5087 desinit
3382 5034 3437 5087 in
3487 5034 3725 5089 Adriano
3750 5034 3795 5100 l,

2219 5116 2452 5170 nonduin
2484 5126 2609 5171 nato
2627 5118 2912 5174 Anastasio
2937 5137 2950 5172 :
2979 5121 3061 5175 Ea:
3087 5122 3294 5192 quibus,
3326 5121 3521 5193 inquit,
3549 5125 3677 5178 satis
3701 5140 3796 5178 su-

2217 5221 2406 5264 perque
2441 5216 2662 5264 constat.
2696 5206 2914 5262 Librum
2945 5208 3310 5264 Pontiﬁcalem
3331 5211 3612 5264 Anastasio
3653 5215 3797 5264 anti-
