3996 5412
192 362 263 417 37
1611 356 1999 413 ΡΒᾸΞΡΑὙΙΟ.
3378 368 3451 421 58

188 489 356 542 usque
384 471 452 524 ad
474 470 783 541 Gregorium
812 472 1019 525 tertium
1045 470 1279 523 canitiem
1308 467 1497 538 stylnm
1525 479 1569 521 et
1591 479 1775 521 aucto-
1803 473 1849 529 Α
1880 469 2036 537 giuus
2070 484 2210 523 enim
2240 470 2446 537 prlmus
2481 486 2509 523 a
2545 467 2757 527 Justino
2800 470 3019 527 Juuiore
3067 476 3342 531 institutus
3367 488 3453 532 est

194 580 302 615 rem
326 560 700 631 praeseferant.
738 560 1077 615 Dill‘erentias
1097 559 1424 626 singulorum
1454 565 1774 613 enumerant

194 670 317 723 cap.
346 655 403 715 Ἰ,
435 669 583 706 num.
617 652 673 715 7,
701 663 754 706 et
785 668 901 721 cap.
930 653 982 714 8,
1018 668 1163 704 nunt.
1196 651 1228 703 5
1257 659 1310 703 et
1340 666 1489 717 seqq.

264 743 359 797 llis
383 753 562 797 autem
593 742 876 810 diligenter
896 743 1165 811 expensis,
1190 742 1255 794 de
1298 739 1444 792 Libri
1484 747 1663 802 aetate,
1693 749 1770 792 at-

190 850 296 904 que
323 836 577 895 Auctore,
611 834 682 886 ita
715 834 1017 903 deﬁniunt(
1050 831 1231 885 Schol.
1262 846 1377 900 cap.
1412 830 1467 893 8,
1498 845 1643 882 unm.
1672 830 1706 883 2
1728 829 1767 895 ).

196 942 215 973 ι
252 924 477 977 Videtur
508 924 689 990 itaque
718 921 878 976 Liber
906 921 1584 987 Pontiﬁcalisconscriptus
1609 920 1773 973 fuisse

190 1026 313 1084 post
335 1024 562 1066 mortem
591 1014 930 1067 Constantini
963 1029 1131 1081 papa},
1167 1012 1258 1079 qui
1306 1026 1446 1063 anno
1484 1009 1587 1062 7H
1614 1010 1769 1073 obiit,

192 1102 354 1169 idque
384 1100 633 1153 firmatur
664 1100 982 1152 auctoritate
1022 1098 1366 1166 inanuscripli
1393 1098 1594 1151 codicis
1622 1095 1771 1149 Vati-

186 1192 313 1247 cani
344 1191 513 1253 5269;
539 1192 630 1258 qui
656 1191 784 1243 licet
809 1200 931 1243 ante
953 1189 1056 1243 500
1080 1190 1296 1244 circiter
1324 1205 1492 1242 annos
1519 1198 1772 1241 exaratos

191 1282 261 1333 sit
284 1296 352 1333 ex
378 1280 684 1347 antiquiore
711 1289 886 1333 tamen
912 1278 1213 1347 descriptus
1236 1279 1356 1342 fuit,
1382 1288 1563 1347 utpote
1580 1278 1771 1332 ﬁniens

188 1367 501 1434 Catalogum
531 1367 869 1435 pontificum.
887 1382 1045 1435 quem
1072 1366 1229 1421 Libro
1252 1367 1545 1420 Pontificali
1569 1382 1772 1435 purpo-

188 1459 319 1521 suit,
350 1458 402 1511 in
425 1456 687 1525 Gregorio
713 1457 778 1521 ll,
819 1457 1157 1511 Constantini
1220 1473 1554 1511 successore.
1613 1459 1773 1514 Liber

203 1563 336 1600 vero
357 1547 711 1609 Pontiﬁcalis,
740 1547 829 1615 qui
853 1547 1163 1615 Catalogum
1190 1548 1239 1599 in
1274 1548 1459 1600 codice
1486 1548 1769 1617 subsequi-

186 1644 296 1697 tur,
328 1636 441 1687 ﬁnit
471 1636 554 1687 his
586 1635 764 1688 verbis
795 1653 806 1686 :
838 1634 1116 1703 Gregorius
1141 1637 1348 1687 notione
1399 1634 1688 1693 Romanus.
1708 1656 1771 1692 ex

184 1734 331 1792 patre
354 1724 608 1778 Marcello
643 1726 774 1777 sedit
805 1740 968 1777 annos
986 1740 1092 1785 ενι,
1121 1741 1318 1777 menses
1336 1741 1408 1787 xx,
1433 1726 1539 1778 dies
1560 1726 1768 1781 “fuit

1876 560 2139 613 cxarchus
2170 576 2310 614 anno
2353 562 2477 626 567,
2504 573 2805 629 postremus
2835 564 3127 634 Sutychius
3161 566 3227 619 ab
3253 568 3451 622 Aistul-

1874 650 1980 717 pho
2006 650 2476 718 Langobardorum
2512 668 2633 721 rego
2660 652 2849 721 pulsus
2892 668 3031 707 anno
3059 654 3179 707 752.
3208 655 3359 710 Unde
3383 673 3449 712 es

1877 738 2128 804 prmdicto
2157 738 2272 790 loco
2297 746 2443 807 patet
2486 750 2760 792 auctorem
2786 740 2919 795 Vitzc
2944 741 3173 795 Cononis
3210 745 3449 799 scribere

1875 823 2121 878 debuisse
2154 835 2279 878 ante
2329 827 2561 879 medium
2616 828 2793 880 octavi
2846 828 3046 892 saeculi,
3080 845 3186 897 quo
3228 832 3449 885 exarehi

1874 930 1965 965 seu
2002 914 2234 982 prmf'm'ti
2260 918 2600 985 imperatoris
2634 920 3203 989 ConstantinOpolitaui
3231 922 3451 977 iultalia

1873 1021 1993 1059 esse
2016 1008 2289 1060 desierunt
2323 1027 2334 1060 :
2367 1009 2607 1063 scribere
2640 1021 2818 1064 autem
2850 1012 3084 1079 potuisse
3107 1013 3247 1065 circa
3270 1013 3447 1071 octavi

1873 1095 2050 1147 szcculi
2078 1096 2311 1160 initiutn,
2334 1113 2441 1166 quo
2473 1097 2738 1151 Ravetmac
2778 1100 3014 1153 nondum
3060 1102 3247 1155 sedere
3274 1102 3450 1154 desie~

1874 1193 1995 1237 rant
2045 1186 2284 1248 exarchi,
2320 1188 2385 1239 ad
2443 1204 2576 1255 quos
2617 1188 2684 1241 de
2740 1188 3002 1243 electione
3026 1192 3147 1243 novi
3179 1191 3449 1259 pontiﬁcis

1874 1272 2064 1325 referri
2105 1272 2329 1336 solebat,
2356 1283 2413 1325 ut
2436 1290 2501 1327 ex
2528 1274 2691 1328 Libro
2724 1276 2924 1330 Diurno
2951 1287 3185 1331 constat.
3437 1348 3443 1355 .

1944 1362 2088 1417 Satis
2112 1365 2271 1432 igitur
2306 1365 2581 1419 evidenter
2609 1376 2754 1435 patet
2785 1377 2895 1421 tum
2938 1385 3003 1422 ex
3035 1369 3261 1437 ipsomet
3292 1368 3439 1423 Libri

1872 1451 2203 1508 Pontiﬁcalis
2224 1465 2466 1518 auctore,
2504 1466 2614 1510 tum
2647 1474 2709 1511 ex
2753 1459 3067 1526 :equalibus,
3115 1468 3167 1512 et
3210 1461 3453 1528 proxime

1872 1544 2249 1625 subsequentis
2280 1546 2376 1598 aevi
2401 1546 2773 1614 scriptoribus,
2804 1549 2953 1601 Vitas
2982 1548 3451 1618 pontiﬁcum,qu

1872 1650 1899 1684 a
1929 1643 2116 1686 sancto
2162 1632 2419 1703 Gregorio
2457 1636 2768 1705 pertingunt
2813 1638 2878 1689 ad
2916 1636 3327 1691 Constantinum
3357 1654 3452 1707 pa-

1872 1737 2015 1789 pam,
2064 1723 2415 1791 conscriptas,
2470 1733 2525 1777 et
2580 1726 2822 1794 vulgatas
2862 1741 2980 1780 esse
3008 1742 3035 1778 a
3071 1728 3182 1781 viro
3215 1729 3266 1781 iu
3306 1727 3449 1784 Urbe

183 1823 354 1863 autem
385 1812 708 1879 temporibus
736 1812 1026 1875 Anastasii,
1059 1812 1353 1875 Theodosii,
1392 1812 1579 1867 Leonis
1614 1826 1767 1885 atque
1798 1807 1840 1864 Β
1872 1822 2117 1866 versante
2138 1815 2236 1865 sub
2264 1812 2320 1865 S.
2359 1812 2619 1883 Gregorio
2656 1813 2717 1877 ll,
2742 1824 2795 1868 et
2828 1816 3240 1869 administrante
3270 1818 3449 1871 archi-

183 1900 511 1954 Constamini
536 1904 929 1966 Augustorum;
954 1902 1043 1955 ubi
1077 1910 1283 1954 tantum
1344 1902 1507 1956 refert
1558 1913 1767 1974 tempus

177 1990 527 2059 pontiﬁcatus
579 1992 699 2045 sine
729 1992 846 2045 ullis
881 1994 1033 2046 actis.
1089 1992 1164 2045 lix
1213 2008 1321 2061 quo
1351 1992 1639 2061 colligitur,
1671 2011 1767 2047 au-

180 2091 383 2135 ctorem
432 2083 727 2137 inchoasse
772 2084 986 2151 quidem
1024 2085 1195 2137 Vitam
1228 2084 1497 2153 Gregorii,
1523 2085 1615 2138 sed
1659 2102 1763 2138 non

179 2176 494 2240 absolvisse,
525 2177 657 2230 dum
692 2176 848 2230 Liber
889 2176 1219 2230 Pontilicalis
1261 2177 1476 2244 prodiit.
1510 2177 1761 2231 Putarem

183 2262 335 2331 igitur
384 2272 513 2333 post
570 2266 776 2318 obitqu
832 2266 1167 2319 Constantini
1220 2266 1489 2334 prodiisse
1542 2266 1761 2319 Librum

182 2353 569 2415 Pontiﬁcalem,
624 2356 765 2423 quod
794 2356 1013 2409 omnino
1065 2357 1313 2408 convenit
1362 2357 1425 2409 iis
1456 2372 1573 2424 qua:
1600 2372 1761 2424 supra

176 2445 479 2497 notavimus
512 2445 580 2497 de
614 2445 912 2499 Venerabili
945 2446 1150 2509 Beda,a
1184 2463 1289 2514 quo
1323 2449 1559 2499 omnium
1588 2447 1761 2515 primo

173 2532 328 2586 Liber
365 2533 708 2589 Pontiﬁcalis
732 2537 926 2589 citatus
954 2538 1238 2605 reperitur.
1278 2538 1421 2591 Vixit
1449 2540 1588 2591 enim
1618 2538 1760 2592 Beda

172 2624 235 2675 ab
260 2638 404 2676 anno
434 2625 543 2677 673
571 2640 741 2694 usque
761 2626 826 2679 ad
850 2642 1047 2679 annum
1071 2627 1210 2691 755;
1240 2643 1471 2696 cumque
1493 2629 1759 2696 postGre-

169 2714 303 2780 gorii
353 2715 583 2767 secundi
617 2715 1007 2783 pontiﬁcatum,
1038 2717 1128 2785 qui
1164 2732 1306 2769 anno
1354 2716 1456 2769 7H
1485 2718 1666 2786 coepit.
1705 2728 1760 2772 et

171 2821 311 2857 anno
334 2806 434 2859 731
471 2807 653 2870 desiit,
690 2805 1018 2861 Venerabilis
1074 2806 1215 2859 Beda
1260 2816 1530 2877 superstes
1576 2809 1755 2874 fuerit,

174 2895 406 2949 Librum
428 2896 799 2951 Pontilicaletn
832 2898 1012 2952 videre
1043 2907 1094 2951 et
1124 2898 1293 2950 citare
1324 2899 1512 2966 potuit.
1554 2897 1620 2952 Ut
1656 2899 1756 2968 igi-

177 2998 269 3040 tur
295 3000 534 3043 mentem
561 3006 733 3045 meam
762 2992 995 3059 aperiam
1020 2991 1085 3044 de
1112 2991 1255 3044 Libri
1279 2990 1604 3044 Pontiﬁcalis
1630 3000 1758 3043 teni-

167 3093 321 3145 pore,
346 3096 458 3147 quo
478 3082 707 3148 primum
738 3081 787 3134 in
817 3082 986 3135 lucem
1015 3082 1228 3149 prodiit,
1248 3081 1434 3148 paucis
1459 3080 1751 3133 absolvam.

168 3167 513 3220 Crediderim
539 3181 666 3222 ante
694 3184 893 3222 annum
918 3169 1021 3222 752
1048 3168 1243 3237 publici
1286 3166 1425 3234 juris
1448 3167 1668 3231 laetum,
1699 3176 1754 3219 et

168 3258 291 3310 huic
310 3258 625 3313 collectioni
654 3260 1001 3329 appendicem
1026 3268 1206 3327 postea
1230 3260 1296 3312 ab
1320 3258 1507 3312 eodem
1533 3269 1752 3311 auctore

168 3347 509 3414 adjunctam,
556 3366 674 3419 qua:
706 3351 855 3405 Vitas
917 3350 1162 3421 Gregorii
1195 3350 1237 3404 ll
1292 3360 1346 3405 ct
1389 3350 1631 3421 Gregorii
1689 3350 1753 3403 ll]

165 3439 652 3507 complectebatur.
680 3440 827 3506 Quod
866 3441 1111 3494 ﬁrmatur
1131 3457 1197 3494 ex
1223 3440 1287 3495 iis
1310 3456 1427 3510 quae
1448 3442 1753 3495 observavit

165 3528 339 3582 Lucas
370 3527 706 3583 llolstenius.
747 3530 877 3584 Cum
915 3532 1055 3585 enim
1088 3546 1273 3584 omnes
1327 3532 1638 3600 pontificum
1666 3529 1754 3584 Vi-

170 3630 248 3672 tas
277 3617 482 3673 sedulo
513 3619 882 3687 pervolvisset,
914 3622 1214 3684 adnotavit,
1256 3630 1404 3688 gesta
1438 3621 1750 3689 pontiﬁcum

168 3714 193 3751 a
224 3701 393 3755 Petro
422 3700 673 3768 apostolo
726 3716 895 3769 usque
934 3702 1001 3754 ad
1042 3701 1384 3765 Zachariam,
1415 3700 1655 3771 Gregorii
1690 3700 1752 3754 ΙΙΙ

167 3806 568 3854 successorem,
598 3791 780 3845 eodem
800 3792 1019 3845 omnino
1046 3791 1183 3861 stylo
1208 3792 1447 3860 adeoque
1469 3794 1537 3846 ab
1563 3793 1751 3849 eodem

165 3884 402 3937 Auctore
431 3882 737 3949 conscripta
764 3881 944 3936 fuisse.
987 3901 1005 3933 ι

240 3973 296 4025 7.
324 3970 597 4025 Eamdem
646 3980 855 4023 artatem
904 3969 1545 4041 colligitSchelestratius
1580 3971 1748 4041 (ibid.

166 4076 316 4115 num.
356 4062 416 4129 1)
448 4075 520 4114 ex
558 4061 724 4129 ipsius
754 4062 873 4116 libri
911 4064 1087 4117 verbis
1119 4063 1172 4116 iu
1209 4060 1326 4116 Vita
1345 4062 1540 4115 Leonis
1563 4078 1751 4116 secun-

162 4150 234 4203 di.
266 4148 376 4204 Hic
418 4151 647 4219 suscepit
686 4149 931 4204 Sanctam
959 4152 1173 4207 Sextum
1201 4151 1493 4221 Synodum,
1519 4169 1636 4223 qua:
1662 4169 1754 4222 per

162 4240 256 4293 Dei
282 4241 677 4309 providentiam
700 4258 868 4297 aurea
894 4243 949 4295 in
975 4243 1135 4312 Regia
1179 4242 1315 4297 Urbe
1356 4245 1611 4298 celebrata
1653 4255 1747 4299 est.

164 4349 183 4380 ε
212 4330 355 4386 Cum
379 4330 551 4393 enim,
583 4330 772 4400 inquit,
799 4342 986 4387 auctor
1038 4342 1283 4398 testetur,
1312 4332 1495 4401 Nuper
1537 4335 1589 4388 in
1620 4334 1751 4388 urbe

158 4419 765 4489 Constantinopolitana
791 4422 1116 4476 celebratam
1147 4423 1310 4477 fuisse
1346 4433 1553 4477 sextam
1590 4441 1749 4495 syno-

154 4510 282 4563 dum
300 4550 316 4573 ,
340 4509 622 4564 celebrata
647 4520 821 4564 autem
853 4512 923 4566 sit
950 4519 1101 4566 sexta
1130 4513 1363 4582 synodus
1384 4515 1483 4567 suh
1510 4514 1743 4584 Agatho-

155 4617 241 4661 ne,
269 4600 479 4655 Leonis
502 4602 721 4654 secundi
772 4604 1186 4670 prmdecessore,
1220 4619 1363 4657 anno
1394 4603 1518 4667 68f,
1550 4614 1741 4658 auctor

155 4691 272 4746 haec
324 4691 575 4745 scribere
622 4690 803 4744 debuit
840 4706 944 4744 non
985 4691 1224 4760 procula
1254 4692 1359 4746 ﬁne
1401 4694 1613 4762 septimi
1644 4709 1744 4747 sae-

153 4784 287 4845 culi,
323 4792 439 4837 etc.
482 4801 503 4832 ι
531 4776 695 4835 Αάἀὶὶ
722 4782 976 4837 indicium
1011 4798 1109 4852 par
1143 4798 1208 4839 ex
1232 4785 1350 4839 Vita
1382 4784 1638 4849 Cononis,
1678 4789 1744 4841 de

155 4872 313 4940 cujus
360 4871 734 4939 assumptione
779 4872 844 4925 ad
899 4871 1300 4940 pontiﬁcatum,
1347 4888 1465 4942 qua:
1522 4874 1745 4942 contigit

156 4979 301 5017 anno
328 4962 458 5026 686,
494 4963 567 5015 ita
602 4962 787 5016 scribit
818 4980 831 5013 :
859 4960 925 5014 Et
942 4963 1125 5015 missos
1149 4966 1345 5032 pariter
1367 4980 1470 5016 una
1498 4980 1613 5016 cum
1640 4964 1745 5018 cle-

156 5056 299 5117 ricis,
324 5064 373 5107 et
399 5050 599 5121 populo
629 5050 698 5102 ad
723 5050 1205 5104 excellentissimum
1246 5050 1571 5104 Theodorum
1595 5068 1748 5104 exar-

166 5145 304 5166 -ι.--...
364 5158 440 5166 ο--
484 5154 585 5166 ..ΑΛ
619 5154 717 5166 uua-
767 5141 1066 5166 ,δέ----υιικι
1125 5157 1141 5166 ε
1183 5138 1416 5166 Maian-In
1471 5148 1591 5166 διε-ιο
1647 5141 1713 5166 σιξ.

1869 1919 1991 1956 vum
2016 1903 2392 1972 apostolicum,
2428 1914 2520 1957 aut
2543 1904 2878 1958 bibliothecae
2907 1920 3089 1957 curam
3134 1916 3351 1974 gerente
3376 1923 3389 1959 :
3417 1921 3449 1960 a

1866 2010 1971 2060 quo
2000 1992 2133 2047 Vita:
2164 1993 2261 2047 SS.
2301 1993 2545 2062 Gregorii
2571 1993 2611 2047 ll
2640 2003 2691 2046 et
2720 1993 2785 2047 lll
2836 2005 2956 2063 post
2994 1994 3304 2049 eorumdeiu
3346 1995 3445 2049 ob-

1867 2083 1997 2135 itum
2022 2081 2242 2150 adjecta:
2283 2082 2517 2135 fuerunt.

1933 2172 1987 2224 8.
2021 2172 2171 2226 Vitas
2196 2182 2369 2225 autem
2394 2172 2703 2240 pontificum
2744 2174 3104 2231 Romanorum
3136 2192 3164 2230 a
3201 2176 3257 2230 S.
3288 2177 3448 2231 Petro

1862 2260 1929 2310 ad
1960 2258 2059 2313 SS.
2086 2258 2401 2327 Gregorium
2433 2259 2472 2313 ll
2505 2270 2557 2314 et
2579 2261 2639 2315 ΙΙΙ
2669 2262 2684 2324 (
2714 2278 2831 2330 quae
2855 2274 2978 2316 sunt
2999 2279 3126 2333 pars
3161 2266 3356 2333 potior,
3388 2275 3446 2319 et

1862 2347 2032 2415 prima
2060 2347 2215 2400 istius
2244 2348 2612 2418 collectionis)
2641 2361 2907 2404 auxerunt
2952 2353 3273 2420 appendices
3302 2355 3443 2418 dum,

1862 2436 2084 2488 subinde
2140 2438 2355 2499 additae,
2412 2453 2531 2505 qua:
2560 2440 2812 2506 appellari
2840 2440 3003 2493 etiam
3042 2450 3266 2507 possunt
3314 2458 3442 2512 pars

1860 2524 2027 2577 altera
2047 2530 2101 2577 et
2131 2527 2285 2579 tertia
2312 2526 2640 2581 collectionis
2665 2530 2923 2595 ejusdem.
2950 2531 3119 2596 lllam,
3153 2548 3345 2601 nempe
3358 2549 3448 2588 se-

1860 2624 2088 2666 cunilam
2118 2624 2348 2684 partem,
2374 2616 2561 2670 tribuit
2605 2616 3021 2673 Sehelestratius
3049 2636 3313 2691 anonymo
3338 2624 3435 2676 ali-

1860 2703 1944 2755 cui
1974 2719 2041 2757 ex
2070 2704 2213 2757 clero
2238 2704 2501 2770 Romano,
2531 2708 2614 2760 cui
2640 2708 2919 2761 archivum
2946 2710 3178 2777 patebat.
3204 2710 3277 2764 Ea
3294 2727 3445 2765 com-

1858 2794 2110 2861 plectitur
2141 2796 2575 2865 VitasZacharjte
2593 2809 2646 2852 et
2671 2799 2927 2869 Stephani
2963 2800 3045 2856 Ill.
3077 2801 3311 2856 Tertiam
3342 2819 3439 2858 seu

1860 2894 2186 2951 p0stremam
2238 2896 2444 2955 partem
2491 2889 2605 2942 sive
2646 2891 2997 2958 appendicem
3026 2893 3265 2961 assignat
3296 2908 3443 2947 com-

1858 2973 2120 3041 pluribus,
2153 2976 2469 3044 plerumque
2500 2977 2805 3033 viventibus
2833 2990 2991 3035 aetate
3022 2981 3237 3035 illorum
3259 2984 3435 3051 ponti-

1862 3064 2043 3127 licum,
2071 3080 2299 3133 quorum
2330 3067 2664 3135 scripserunt
2693 3068 2845 3124 Vitas
2874 3086 2887 3120 :
2922 3072 2995 3124 ita
3035 3081 3092 3125 ut
3130 3074 3246 3127 hzec
3276 3075 3435 3127 tertia

1783 3134 1826 3194 Ο
1858 3169 1984 3223 pars
2011 3155 2180 3223 possit
2204 3134 2503 3224 etiatnjure
2531 3160 2796 3214 subdividi
2843 3161 2895 3213 in
2927 3162 3129 3230 plures,
3179 3164 3223 3217 si
3255 3174 3459 3219 essent.

1855 3256 2037 3313 partes
2066 3262 2161 3315 pro
2195 3248 2517 3317 scriptorum
2542 3265 2765 3304 numero
2790 3250 3110 3306 dividenda.
3136 3253 3431 3308 Anastasio

1855 3344 2034 3388 autem
2089 3336 2352 3389 monacho
2398 3346 2451 3389 et
2492 3338 2902 3392 hibliotbecario
2925 3342 3069 3394 sedis
3114 3342 3425 3410 apostolica:

1856 3423 1937 3494 (ut
1964 3423 2225 3477 Pauviuio
2250 3425 2475 3496 dicitur)
2506 3423 2678 3479 Vitam
2711 3425 2912 3480 Nicolai
2936 3429 3094 3496 primi
3145 3444 3263 3482 esse
3295 3432 3458 3483 assi-‘

1856 3520 2123 3586 gnandam
2154 3534 2256 3571 non
2287 3518 2570 3582 dillitetur;
2624 3520 2706 3571 cui
2744 3514 3061 3573 Guillelinus
3091 3520 3440 3575 bibliotheca-

1856 3608 1968 3660 rius
1998 3611 2131 3663 duas
2154 3619 2453 3677 postremas
2481 3609 2699 3677 adjecit,
2741 3613 2795 3666 in
2849 3612 3033 3665 codice
3081 3611 3438 3668 Fabrottiano

1855 3712 2324 3765 expressas;cutn
2365 3698 2705 3754 Velserianus
2732 3702 2900 3753 codex
2930 3700 3174 3754 desiisset
3216 3702 3269 3755 in
3313 3703 3435 3757 Vita

1855 3785 2056 3838 Nicolai
2089 3802 2184 3855 per
2209 3790 2553 3841 Anastasium
2602 3797 2889 3853 contexta;
2924 3791 3064 3844 unde
3117 3790 3188 3843 illi
3238 3791 3439 3858 placuit

1855 3892 2048 3930 nomen
2075 3877 2346 3931 Anastasii
2381 3877 2618 3931 tribuere
2650 3878 2913 3931 universae
2940 3878 3261 3939 collectioni,
3287 3881 3432 3947 quod

1854 3978 1973 4020 erat
2049 3968 2165 4036 ejus
2247 3967 2490 4022 coronidi
2568 3969 2940 4022 tantummodo
3018 3970 3438 4023 accommodan-

1855 4058 2001 4109 dum.

1927 4146 1978 4201 9.
2007 4144 2138 4200 Post
2164 4146 2465 4213 assignatas
2496 4147 2807 4201 auctoribus
2828 4148 3001 4201 octavi
3020 4158 3075 4202 et
3101 4148 3224 4201 noni
3250 4148 3433 4203 saeculi

1852 4246 2033 4306 partes
2061 4237 2302 4307 singulas
2328 4238 2525 4303 operis,
2555 4237 2698 4306 quod
2728 4238 3054 4301 recudimus,
3097 4248 3302 4307 qua-ret
3332 4238 3433 4291 ali-

1853 4329 1975 4398 quis
1998 4344 2103 4383 r.on
2138 4328 2425 4392 innuerito,
2475 4343 2571 4381 cur
2608 4328 2822 4382 Damasi
2854 4328 2991 4382 liber
3017 4345 3047 4382 a
3076 4328 3321 4398 pluribus
3350 4328 3430 4381 di-

1854 4428 2028 4485 catur,
2058 4428 2112 4472 et
2136 4419 2396 4471 habeatur
2425 4419 2469 4472 is
2498 4419 2587 4487 qui
2638 4418 2787 4473 Vitas
2816 4419 3131 4488 pontificum
3160 4418 3302 4472 illius
3329 4420 3424 4474 de-

1850 4524 2124 4564 cessorum
2157 4508 2552 4577 complectitur,
2578 4509 2705 4563 licet
2743 4510 2915 4578 stylus
2944 4512 3430 4578 prodatauctorem

1846 4603 1946 4655 sub
1976 4599 2235 4669 Gregorio
2262 4599 2302 4651 ll
2331 4608 2441 4651 tum
2469 4600 2586 4663 has,
2623 4608 2732 4651 tum
2760 4598 2995 4667 reliquas
3021 4598 3233 4667 prioris,
3266 4614 3429 4667 quam

1845 4691 2101 4753 diximus,
2148 4691 2317 4759 partis
2350 4688 2499 4742 Vitas
2544 4688 3017 4742 eouscribentem?
3045 4688 3267 4756 Aperuit
3296 4703 3429 4741 eau-

1846 4796 1960 4835 sam
1985 4780 2187 4833 erroris
2217 4795 2356 4849 sicpe
2396 4778 2645 4831 laudatus
2670 4777 3104 4839 Sehelestratius,
3137 4780 3431 4832 ostendens

1846 4884 1908 4924 ea
1938 4886 2057 4939 quae
2085 4869 2334 4937 leguntur
2360 4869 2411 4922 in
2440 4869 2574 4922 Vitis
2602 4868 2912 4936 pontiﬁcum
2944 4867 3213 4931 indicatis,
3240 4875 3429 4935 etqua:

1850 4959 2080 5027 priorem
2128 4967 2333 5027 partem
2366 4960 2728 5011 'constituunt
2756 4958 2914 5009 istius
2953 4955 3305 5021 collectionis,
3338 4958 3430 5011 de-
3466 4946 3467 4949 “

1848 5049 2048 5115 scripta
2080 5046 2245 5100 fuisse
2298 5048 2515 5101 ineunte
2546 5055 2738 5099 octavo
2767 5044 2962 5098 smeulo
2998 5045 3219 5099 totidem
3258 5044 3431 5099 ferme

1845 5136 2019 5166 νοσσιιὲυ
2060 5148 2122 5164 av
2147 5135 2338 5164 .l..nI:,.:
2366 5135 2619 5164 {‘nlnlnnn
2645 5132 2796 5164 Innna
2816 5132 3099 5164 σιηιῖι-ιιῖη-ιῖ
3130 5134 3428 5162 σηιοέοιῖιιηνι
