3996 5412
516 293 607 353 39
1261 295 1354 350 AD
1391 292 1828 350 ANASTASIUM
1866 292 2372 350 PROLEGOMENA
2407 295 2584 349 EDIT.
2625 295 3047 355 ROM.-VATIC.
3707 297 3778 352 49

537 405 714 463 atatis
743 404 946 461 homini
977 403 1116 460 male
1140 404 1371 459 feriato:
1402 404 1495 474 qui
1534 420 1633 458 suo
1653 412 1830 476 jnarte
1859 404 2106 472 procudit
2133 409 2178 466 Α
2208 404 2343 458 citer
2389 405 2544 459 annis
2593 414 2714 474 post
2759 405 3044 461 Damasum
3093 421 3288 476 papam
3319 407 3420 463 sub
3447 405 3710 478 Gregorio
3733 408 3776 470 ll

538 500 673 554 duas
714 497 965 568 epistolas
1018 496 1432 559 commentitias.
1484 495 1655 550 sancti
1702 494 2010 564 Hieronymi
2039 495 2105 548 ad

538 586 848 649 Damasum,
905 585 1174 655 poscentis
1203 583 1451 639 eumdem
1473 582 1784 652 Catalogum
1821 583 1919 636 sibi
1955 597 2105 636 com-

537 675 820 737 municari,
845 684 899 730 et
920 674 1134 729 Damasi
1163 673 1230 728 ad
1262 673 1642 744 Hieronymum
1697 671 2109 726 transmittentis

539 763 854 833 Catalogum
885 776 1044 831 quem
1074 771 1409 832 poposcerat.
1443 759 1613 814 Fraus
1664 759 1970 828 impostoris
2003 774 2109 812 non

539 853 824 909 difﬁculter
867 853 1108 922 obrepsit
1147 853 1371 923 (saeculis
1413 851 1696 920 imperitis,
1730 851 1945 919 quando
1990 857 2111 918 post

538 944 818 1000 incursum
861 943 1337 1014 Longobardorum
1375 945 1733 998 concederant
1758 941 1950 996 littera:
1981 956 1996 995 :
2022 957 2112 996 ea-

539 1051 644 1106 que
694 1036 760 1090 de
818 1049 979 1090 causa
1024 1034 1250 1103 contigit
1278 1043 1336 1087 ut
1359 1034 1606 1088 Carolina
1655 1041 1813 1087 aetate
1838 1033 1890 1086 in
1929 1033 2112 1088 codice

538 1125 951 1181 membranaceo
998 1125 1066 1181 ad
1121 1123 1483 1179 Colbertinam
1533 1123 1913 1177 bibliothecam
1948 1124 2109 1179 modo

539 1215 866 1284 pertinente,
895 1223 949 1270 et
974 1214 1027 1268 in
1051 1213 1221 1268 altero
1244 1214 1389 1283 paris
1436 1212 1771 1280 antiquitatis
1799 1227 1865 1265 ex
1896 1212 2114 1282 Reginae

539 1304 746 1360 Suecize
791 1305 962 1369 libris,
995 1306 1064 1360 ab
1109 1304 1415 1358 Alexandro
1470 1301 1582 1358 Vlll
1635 1302 1984 1371 comparatis,
2056 1311 2112 1357 et

539 1397 682 1452 dono
709 1397 848 1450 datis
871 1395 1209 1450 bibliotheca:
1229 1393 1520 1455 Vaticanae,
1554 1391 1608 1445 in
1635 1407 1740 1460 qua
1772 1408 1916 1446 nunc
1939 1407 2116 1448 asser-

537 1494 720 1550 vatur,
745 1494 974 1553 utraque
1009 1483 1255 1554 epistola,
1278 1483 1408 1536 licet
1437 1481 1642 1542 ﬁctitia,
1674 1481 1811 1535 Vitis
1841 1496 2118 1552 praepone-

538 1583 705 1630 retur.
740 1574 892 1640 Quod
922 1584 1100 1629 autem
1129 1573 1432 1627 mirandum
1463 1572 1632 1641 magis
1676 1579 1775 1631 est,
1829 1572 1992 1626 etiam
2017 1573 2117 1628 hoc

537 1671 722 1718 nostro
749 1661 966 1727 saeculo,
993 1670 1086 1715 aut
1115 1669 1264 1715 certe
1290 1661 1532 1729 proxime
1553 1661 1835 1728 superiori,
1869 1677 1974 1730 quo
2005 1668 2118 1715 stu-

2207 493 2439 561 primum
2463 502 2744 548 contextus
2768 495 2927 549 fuerit
2957 511 3028 567 ex
3047 497 3293 566 genuinis
3328 499 3666 553 documentis
3689 514 3781 568 pu-

2207 582 2361 637 blica:
2411 585 2766 648 auctoritatis,
2811 600 2930 654 quae
2977 585 3332 640 servabantur
3349 587 3412 640 in
3450 587 3783 641 bibliotheca

2209 673 2502 742 pontilicia,
2533 681 2627 727 aut
2662 674 2714 727 in
2745 675 2984 730 archivis
3013 677 3173 730 etiam
3203 676 3596 744 praecipuarum
3619 674 3789 729 Urbis

2209 759 2596 826 ecclesiarum;
2627 775 2799 830 neque
2828 761 3086 818 alteruter
3136 777 3202 816 ex
3239 751 3508 832 Catalogis
3549 763 3788 818 Damaso

2210 856 2293 903 est
2313 849 2679 914 ascribendus,
2705 866 2827 904 cum
2858 853 3120 907 vetustior
3148 853 3238 907 ille
3261 853 3524 922 prodierit
3551 852 3653 906 sub
3698 851 3791 905 Li-

2212 941 2362 995 berio
2409 941 2624 996 Damasi
2673 942 2959 998 decessore
3014 944 3066 998 in
3111 927 3216 1012 q'uo
3243 945 3455 1007 desinit,
3487 958 3655 1013 quare
3685 957 3792 998 nec

2212 1044 2382 1084 annos
2403 1041 2685 1086 enumerat
2712 1031 2827 1100 ejus
2855 1033 3198 1102 pontiﬁcatus
3234 1025 3470 1088 nondum
3513 1033 3786 1098 absoluti;

2213 1119 2352 1174 alter
2378 1136 2506 1175 vero
2533 1121 2819 1192 Catalogus
2844 1124 2908 1176 ad
2939 1124 3191 1177 sazculum
3233 1133 3444 1178 sextum
3486 1125 3783 1192 pertineat,

2214 1219 2401 1279 utpote
2426 1212 2735 1282 pertingens
2760 1213 2826 1267 ad
2860 1212 3091 1267 Felicem
3114 1211 3203 1278 1V,
3236 1214 3335 1268 sub
3360 1211 3690 1268 Justiniano.

2289 1300 2375 1353 10.
2416 1299 2549 1355 Cum
2603 1303 2782 1370 itaque
2811 1317 2983 1371 neque
3015 1303 3276 1356 Damasus
3302 1303 3656 1358 vetustiomm
3690 1304 3786 1357 Vi-

2215 1399 2392 1444 tarum
2421 1389 2643 1458 hujusce
2671 1392 3007 1447 collectionis
3033 1403 3220 1448 auctor
3253 1395 3532 1449 habendus
3570 1395 3662 1459 sit,
3692 1410 3792 1450 ne-

2217 1493 2322 1547 que
2349 1479 2668 1534 Anastasius
2693 1480 2929 1546 illarum,
2962 1491 3054 1535 aut
3079 1483 3441 1538 recentiorum
3467 1485 3663 1553 quippe
3690 1486 3789 1554 qui

2219 1567 2435 1625 unicam
2466 1570 2669 1625 Nicolai
2693 1573 2882 1642 papml
2913 1574 3179 1628 addiderit
3204 1577 3630 1643 praecedentibus
3659 1593 3794 1632 con~

2220 1659 2383 1714 textis
2409 1661 2509 1714 sub
2539 1659 2800 1732 Gregorio
2826 1662 2888 1726 ll,
2926 1664 3019 1718 sed
3048 1679 3348 1736 anonymos
3387 1668 3624 1723 habeant
3649 1671 3791 1725 scri—

547 1755 636 1808 dia
693 1753 931 1809 historiae
958 1760 1013 1806 et
1040 1751 1279 1814 critices,
1331 1751 1434 1804 situ
1484 1759 1539 1805 et
1592 1750 1844 1818 squalore
1882 1751 2113 1815 deterso,
2149 1762 2191 1820 Β
2221 1757 2404 1818 ptores
2445 1759 2709 1818 quotquot
2755 1765 2786 1804 a
2827 1751 3086 1820 Gregorio
3113 1753 3176 1806 ΙΙΙ
3208 1766 3498 1823 supersunt
3525 1773 3694 1827 usque
3721 1759 3794 1812 ad

537 1856 646 1896 non
694 1842 854 1896 modo
893 1839 1272 1903 reﬁoruerunt,
1322 1838 1414 1892 sed
1444 1839 1606 1892 etiam
1652 1838 1716 1892 ad
1746 1839 2112 1893 maturitatem

542 1931 803 2000 perducta
833 1930 1001 1993 fuere,
1032 1928 1232 1983 inventi
1262 1927 1497 1996 suntqui
1534 1928 1667 1981 adeo
1695 1927 1989 1981 osi‘itanter
2036 1927 2112 1982 le-

541 2027 731 2088 gerent
769 2014 1000 2071 tum‘eas
1021 2015 1299 2085 epistolas,
1325 2024 1433 2068 tum
1465 2015 1630 2068 etiam
1683 2015 1966 2083 septimam
1993 2030 2116 2069 cum

540 2109 905 2176 responsione,
936 2124 965 2162 a
996 2107 1189 2162 Martio
1216 2107 1420 2161 Milesio
1438 2105 1610 2159 editas
1635 2106 1773 2159 inter
1798 2104 1969 2175 Opera
1994 2121 2116 2158 san-

541 2200 616 2254 cti
641 2200 874 2264 Damasi,
909 2207 966 2252 ut
996 2213 1101 2252 non
1147 2197 1488 2252 attenderem
1513 2205 1850 2258 contextum,
1881 2195 2118 2250 chrono-

541 2287 738 2360 logiam
790 2297 845 2344 et
873 2289 1169 2344 sententias
1224 2286 1436 2340 Damasi
1467 2297 1521 2340 et
1551 2285 1859 2356 Hieronymi
1907 2286 2120 2354 scriptis

542 2394 663 2434 esse
687 2379 841 2450 plane
864 2379 1184 2434 contrarias.
1218 2377 1398 2444 Quare
1452 2377 1698 2431 Labbeus
1729 2387 1874 2430 tomo
1904 2376 1944 2429 ll
1973 2375 2117 2430 Con-

544 2469 790 2524 ciliorum
814 2469 1028 2524 easdem
1081 2469 1153 2522 ita
1207 2467 1445 2536 sigillat:
1480 2466 1857 2534 Supposititiar,
1904 2483 2121 2536 apocry-

550 2560 690 2630 phce,
725 2569 775 2613 et
802 2561 1137 2630 ineptissime
1163 2560 1285 2613 viris
1305 2559 1472 2612 doctis
1498 2559 1752 2612 habentur
1776 2569 1795 2607 :
1822 2566 2122 2625 tantumque

543 2668 578 2704 a
598 2649 733 2718 stylo
755 2649 970 2702 Damasi
998 2660 1045 2702 et
1079 2648 1386 2717 Hieronymi
1417 2648 1632 2711 distant,
1661 2657 1911 2716 quantum
1939 2645 2122 2699 caelum

548 2755 582 2791 a
612 2747 772 2801 terra,
803 2745 851 2790 et
876 2737 1024 2805 polus
1050 2736 1380 2789 Antarcticus
1405 2735 1468 2789 ab
1484 2735 1708 2788 Arctico.
1735 2732 1928 2786 Subdit
1955 2731 2123 2787 Sche-

549 2826 827 2881 lestratius
869 2825 972 2880 hac
1020 2823 1394 2880 dissertatione
1439 2838 1588 2876 num.
1615 2822 1669 2887 4,
1701 2837 1822 2890 cap.
1850 2820 1904 2874 '5.
1941 2820 2124 2891 Neque

557 2917 795 2972 ulteriori
817 2915 1120 2985 probatione
1138 2916 1247 2969 haec
1268 2915 1518 2984 indigent,
1550 2930 1667 2966 cum
1691 2911 1770 2965 vel
1815 2911 2015 2965 litteras
2043 2911 2126 2964 in-

544 3006 780 3075 spicienti
799 3005 979 3059 eadem
1012 3003 1166 3074 plane
1191 3011 1488 3066 occurrant,
1515 3011 1666 3072 prout
1693 3015 1758 3053 ea:
1778 2999 2007 3069 epistolis
2029 3015 2124 3070 per

2217 1837 2497 1891 Nicolaum
2525 1837 2578 1891 l:
2612 1838 2846 1892 dubitari
2877 1839 3105 1894 fortasse
3146 1842 3422 1913 continget
3455 1845 3520 1898 de
3551 1846 3798 1900 auctori-

2220 1936 2328 1981 tate
2371 1942 2433 1981 ac
2486 1926 2589 1981 ﬁde
2641 1937 2913 1998 gestorum
2962 1946 3082 2000 quae
3128 1931 3549 1999 describuntur;
3607 1943 3700 1987 aut
3748 1935 3795 1989 si

2216 2016 2532 2084 aequabilius
2562 2031 2722 2086 agere
2757 2015 2952 2072 Lector
2979 2019 3149 2085 malit,
3177 2021 3366 2076 saltem
3395 2024 3636 2092 requiret
3657 2040 3791 2079 cau-

2219 2120 2333 2182 sam
2355 2120 2454 2158 cur
2481 2105 2708 2160 ﬁdenter
2730 2121 3038 2163 asseramus
3057 2125 3390 2180 quaecunque
3421 2112 3474 2165 in
3502 2113 3605 2167 hoc
3627 2113 3793 2167 Libro

2220 2203 2511 2247 narrantur
2552 2193 2716 2248 fuisse
2754 2195 2977 2250 collecta
3030 2211 3098 2252 ex
3151 2200 3396 2268 genuinis
3449 2200 3792 2256 documentis

2219 2282 2450 2361 publica:
2481 2284 2852 2348 auctoritatis,
2897 2300 3017 2354 qua:
3057 2286 3112 2340 in
3139 2287 3465 2343 bibliotheca
3489 2292 3794 2358 pontiﬁcia,

2219 2383 2275 2427 et
2295 2376 2552 2439 archivis,
2581 2386 2676 2430 aut
2723 2379 3084 2432 monumentis
3116 2381 3504 2449 prmeipuarum
3535 2383 3800 2438 ecclesia-

2224 2478 2342 2516 rum
2396 2463 2555 2518 Urbis
2598 2465 2852 2533 patebant
2911 2467 3197 2536 anonymis
3244 2469 3624 2538 scriptoribus,
3672 2471 3798 2525 inde

2223 2554 2598 2624 colligentibus
2655 2557 2806 2612 Vitas
2877 2567 2932 2612 et.
2991 2569 3173 2629 gesta'
3213 2561 3533 2629 pontiﬁcum
3593 2562 3797 2617 Roma-

2224 2661 2434 2699 norum.

2295 2733 2632 2789 Prmfatxoms
2686 2745 2887 2791 nostra:
2930 2739 3259 2808 praecipuum
3304 2749 3466 2811 caput
3515 2742 3618 2796 hoc
3666 2757 3790 2797 esse

2225 2824 2454 2879 libenter
2474 2841 2706 2896 agnosco
2725 2846 2738 2880 :
2765 2843 2938 2898 neque
2951 2830 3282 2897 provinciam
3297 2831 3556 2893 detrecto,
3582 2841 3678 2886 aut
3693 2831 3801 2886 dif-

2227 2915 2520 2970 ﬁcultatem
2547 2917 2856 2982 dissimulo;
2885 2922 2978 2974 sed
2995 2920 3151 2988 plane
3174 2922 3563 2977 ostendendum
3583 2939 3802 2978 assumo

2228 3020 2526 3075 anonymos
2557 3006 2686 3061 istos
2726 3017 2976 3064 auctores
3013 3010 3256 3064 Vitarum
3305 3027 3372 3066 ex
3421 3012 3670 3082 genuinis
3707 3014 3802 3067 do-

552 3093 806 3148 llartium
857 3092 1121 3147 Milesium
1164 3091 1438 3161 publicatis
1467 3089 1596 3142 adeo
1634 3087 1772 3142 clare
1797 3088 2122 3142 ostenderam
2151 3112 2195 3173 ο
2228 3097 2497 3151 cumemis
2517 3097 2744 3168 publica;
2765 3101 3106 3156 auctoritatis
3129 3117 3194 3156 ea
3220 3103 3579 3172 desumpsisse
3599 3118 3722 3172 qua;
3746 3104 3802 3158 in

546 3185 601 3237 in
628 3184 797 3251 prima
824 3181 1164 3251 Antiquitatis
1197 3178 1576 3233 Ecclesiasticte
1597 3176 1840 3240 editione,
1869 3185 1925 3229 ut
1962 3175 2022 3229 V.
2054 3175 2113 3229 C.

548 3271 934 3341 Papebrochius
970 3270 1026 3324 in
1060 3267 1336 3338 Propyla'o
1368 3266 1436 3319 ad
1461 3272 1702 3336 quartum
1734 3274 1928 3318 tomum
1966 3262 2116 3327 Maii,

546 3380 666 3433 pag.
696 3365 753 3427 '5,
790 3364 1097 3417 sententiam
1141 3359 1453 3414 Henschenii
1488 3359 1883 3427 prwdecessoris
1923 3357 2007 3411 sui
2035 3373 2117 3410 re-
2150 3357 2152 3359 ’

547 3456 879 3510 tractandum
921 3453 1166 3518 duxerit,
1205 3452 1492 3521 adjungens
1531 3467 1608 3514 se,
1669 3448 1954 3502 rationibus
1999 3449 2126 3501 meis

547 3547 863 3609 convictum,
887 3544 1045 3598 malle
1067 3541 1309 3614 epistolas
1338 3542 1456 3594 illas
1476 3557 1538 3594 ex
1565 3551 1702 3594 tonio
1721 3539 1886 3608 primo
1933 3538 2127 3608 Aprilis

554 3646 865 3707 expunctus.

622 3731 986 3800 Supposititiae
1011 3730 1175 3801 igitur
1202 3729 1393 3782 littera:
1421 3725 1633 3781 Damasi
1665 3739 1812 3794 papm
1848 3726 1913 3778 ad
1942 3723 2129 3777 Hiero-

549 3837 789 3893 nymum,
821 3831 876 3875 et
901 3820 1208 3892 Hieronymi
1246 3819 1314 3872 ad
1342 3819 1653 3877 Damasum,
1699 3831 1816 3884 quae
1853 3815 1921 3867 ab
1949 3815 2129 3881 inepto

550 3913 670 3964 viro
691 3910 956 3978 sequioris
990 3911 1165 3962 relatis
1196 3907 1460 3969 conﬁctaz,
1489 3914 1544 3959 et
1581 3905 1877 3974 przepositae
1908 3901 2126 3955 fuerant

550 3998 821 4072 Catalogis
851 4003 1252 4065 vetustioribus,
1283 4000 1372 4054 uni
1404 3999 1611 4054 sciliCet
1639 3998 1863 4053 collecto
1900 3999 1999 4052 sub
2032 3994 2128 4048 Li-

553 4095 726 4161 bcrio,
754 4105 808 4150 et
832 4095 989 4149 alteri
1017 4103 1136 4164 post
1178 4095 1319 4149 hunc
1342 4093 1586 4164 proximo
1616 4093 1758 4147 inter
1786 4091 2034 4159 antiquos
2063 4088 2128 4141 ad

556 4186 786 4239 medium
811 4183 989 4239 surculi
1020 4185 1156 4238 sexti
1184 4183 1479 4245 referendo,
1498 4184 1617 4248 illac,
1638 4179 2133 4252 inquam,epistol:e

555 4291 650 4344 per
684 4274 928 4329 fraudem
988 4276 1246 4344 apposita:
1297 4274 1563 4343 Catalogis
1593 4273 1804 4342 quando
1858 4268 2129 4323 describe-

556 4363 750 4419 bantur
771 4374 927 4418 aetate
951 4364 1126 4418 Caroli
1158 4364 1354 4433 Magni,
1385 4371 1442 4416 et
1468 4378 1579 4432 pra:
1623 4361 1909 4416 oscitantia
1944 4367 2126 4428 poste-

2230 3186 2375 3240 hunc
2398 3188 2638 3242 codicem
2663 3189 2982 3244 retulerunt.
3024 3193 3097 3246 De
3125 3193 3349 3264 singulis
3379 3194 3633 3250 distincte
3663 3204 3722 3249 ut
3748 3195 3801 3251 id

2228 3279 2470 3348 probem,
2511 3279 2842 3349 prwfationis
2891 3284 3080 3341 modus
3130 3288 3351 3344 minime
3407 3290 3628 3356 patitur,
3677 3302 3804 3343 cum

2183 3435 2188 3439 η
2227 3368 2406 3436 potius
2448 3368 2550 3422 hoc
2600 3371 2871 3438 pertineat
2925 3373 2990 3427 ad
3046 3383 3220 3436 notas,
3263 3377 3357 3431 sed
3410 3377 3705 3432 universim
3745 3386 3805 3430 ut

2226 3459 2526 3522 ostendam,
2555 3475 2618 3513 ac
2660 3459 2822 3514 veluti
2861 3460 3022 3516 fontis
3060 3464 3287 3520 indicem
3326 3468 3470 3521 unde
3508 3470 3804 3536 scriptores

2229 3549 2307 3604 illi
2347 3567 2471 3605 suas
2523 3553 2730 3607 areolas
2785 3555 3096 3624 irrigarunt,
3145 3558 3217 3611 ita
3251 3561 3530 3629 perspicue
3554 3561 3805 3630 praestari

2230 3654 2394 3708 posse
2419 3651 2662 3706 autumo,
2688 3658 2848 3712 quam
2873 3647 3014 3714 quod
3041 3649 3294 3701 maxime.

2305 3731 2391 3783 ll.
2425 3729 2644 3784 Certum
2698 3733 2748 3785 in
2792 3735 2980 3801 primis
3031 3747 3114 3790 est
3161 3737 3295 3793 duos
3326 3739 3445 3794 illos
3481 3739 3793 3810 Catalogos,

2237 3821 2349 3875 sive
2372 3821 2638 3876 lndiculos
2660 3826 2968 3892 pontiﬁcum
3011 3827 3370 3884 Romanorum
3408 3831 3582 3887 editos
3604 3842 3802 3902 quarto

2235 3913 2430 3967 sarculo
2451 3914 2550 3968 sub
2577 3914 2786 3969 Liberio
2812 3916 2850 3980 Ι,
2877 3926 2930 3972 et
2967 3932 3122 3974 sexto
3151 3923 3348 3976 saeculo
3393 3927 3491 3978 sub
3514 3924 3692 3980 Felice
3716 3925 3801 3991 IV,

2232 4017 2352 4056 esse
2385 4011 2650 4058 texturam
2679 4007 3001 4076 prmcipuam
3026 4013 3339 4066 earumdem
3364 4011 3607 4067 Vitarum
3633 4015 3685 4068 in
3704 4015 3799 4068 Li-

2233 4095 2329 4146 bro
2364 4093 2678 4161 pontiﬁcali,
2710 4111 2830 4162 qua:
2865 4097 3002 4150 hanc
3027 4109 3238 4153 aetatem
3275 4101 3586 4155 metiuntur.
3621 4102 3799 4157 Tanta

2235 4182 2285 4236 id
2311 4183 2576 4236 evidentia
2612 4194 2845 4250 constat,
2893 4197 2953 4241 ut
2991 4190 3163 4242 oculis
3182 4189 3530 4257 judicandmn
3555 4193 3800 4260 subjeceo

2236 4271 2304 4323 rit
2329 4273 2615 4325 admodum
2659 4274 3004 4342 providenter
3043 4293 3165 4332 cum
3211 4278 3484 4334 llolstenio
3519 4296 3659 4350 saepe
3687 4283 3802 4335 lau-

2235 4360 2360 4413 dato
2382 4361 2682 4430 proximam
2709 4365 2776 4417 ab
2798 4379 2862 4418 eo
2892 4364 3101 4422 Iaudem
3130 4372 3451 4436 promeritus
3467 4369 3805 4426 Scheiestra-

558 4469 736 4508 rerum
765 4453 940 4506 minus
960 4462 1162 4506 attente
1185 4454 1504 4513 observatas,
1534 4451 1586 4502 in
1617 4465 1779 4504 causa
1806 4450 2024 4502 fuerunt
2061 4457 2120 4500 ut
2155 4456 2198 4515 υ
2230 4449 2360 4501 tius.
2393 4449 2580 4504 Plures
2630 4451 2681 4503 in
2723 4452 2999 4508 columnas
3034 4455 3212 4509 divisit
3251 4458 3423 4526 spatia
3462 4461 3802 4529 paginarum.

558 4540 818 4596 Martinus
843 4539 1076 4595 Polonus
1112 4540 1307 4610 aliique
1342 4539 1496 4610 pauci
1528 4539 1879 4602 crediderint,
1932 4539 2123 4592 Dama-

558 4645 675 4684 sum
703 4646 893 4700 papam
925 4639 1197 4683 auctorem
1222 4643 1339 4683 esse
1365 4627 1747 4682 nominandum
1769 4629 1880 4682 sive
1909 4627 2123 4683 Catalo-

561 4720 611 4792 gi
635 4723 745 4778 sive
769 4719 885 4777 libri
915 4723 968 4777 in
999 4738 1106 4792 quo
1135 4731 1282 4793 gesta
1313 4720 1624 4791 pontiﬁcum
1651 4723 2015 4776 continentur.
2049 4723 2124 4776 Re

563 4822 739 4866 autem
768 4827 892 4888 vera
921 4827 1092 4882 neque
1120 4810 1394 4866 Liberiste
1414 4809 1784 4864 Pontilicalisa
1809 4811 1866 4864 B.
1897 4812 2124 4865 Damaso

563 4902 795 4972 scriptus
821 4911 939 4968 est;
973 4917 1093 4958 cum
1119 4902 1243 4956 totis
1272 4901 1524 4954 trecentis
1559 4909 1612 4954 et
1643 4901 1995 4970 quadraginta
2021 4901 2126 4955 cir-

1676 5027 1841 5082 Verba

1513 5123 1727 5176 secundi
1751 5122 2007 5193 Catalogi.

1453 5215 1686 5314 Clemens
1704 5219 1921 5298 natione
1937 5219 2137 5314 R‘om'a-

1389 5303 1483 5314 ,ιι-ιιι
1551 5288 1612 5314 ,³η

858 5030 1025 5086 Verba

711 5125 867 5194 primi
896 5123 1154 5195 Catalogi.

601 5217 1057 5314 .‘lllemens'annis
1078 5235 1151 5278 Ix.
1169 5235 1316 5314 nuten-

2229 4534 2360 4590 Tres
2414 4548 2592 4592 autem
2641 4541 2885 4595 adhibuit
2935 4544 3003 4596 ad
3059 4545 3417 4601 exhibendam
3472 4549 3524 4601 in
3573 4550 3800 4620 singulis

2231 4626 2580 4692 pontiﬁcibus
2628 4629 2906 4684 historiam
2940 4631 3090 4693 Vitae.
3140 4633 3296 4702 juxta
3350 4638 3614 4705 triplicem
3664 4655 3798 4696 con-

2235 4723 2435 4767 textum
2463 4716 2640 4784 primi,
2676 4728 2731 4770 et
2757 4721 2974 4774 secundi
3006 4721 3266 4794 Catalogi,
3296 4735 3359 4780 et“
3377 4726 3496 4780 libri
3521 4731 3804 4797 pontiﬁca-

2232 4805 2316 4870 lis,
2349 4817 2407 4860 ut
2435 4807 2487 4860 in
2520 4810 2619 4862 hoc
2665 4813 2956 4878 specimine
3000 4815 3278 4885 percipere
3309 4819 3676 4890 unusquisque
3708 4835 3805 4892 po-

2236 4897 2360 4951 terit
2389 4906 2442 4950 et
2468 4913 2805 4968 comparare.

2933 5035 3096 5090 Verba

2762 5125 2909 5180 Libri
2941 5126 3289 5197 Pontiﬁcalis.

2309 5217 2554 5314 ClemensP
2571 5219 2776 5300 natione
2814 5219 3084 5314 Romanus
3112 5225 3176 5276 de
3211 5225 3416 5292 regione
3436 5223 3599 5280 Ctelio
3623 5237 3802 5314 monte
