4010 6302
145 411 213 466 ιι
1605 353 1997 453 ΡῐὶᾹΞῈᾹἹΊό.
3344 389 3417 442 ω

864 514 1039 572 Verba

698 609 836 663 Libri
868 606 1217 677 Pontiﬁcalis.

154 708 405 777 regiognes‘
446 701 609 777 dividi
640 700 971 777 [Cassincns.
1007 710 1054 753 et
1086 696 1535 777 divisithtotariis
1569 694 1741 777 ﬁdeli-

152 769 247 830 bu's
270 773 552 835 Ecclesitc,
605 769 691 843 qui
716 782 858 841 gesta
880 769 1431 843 martyrumhsollicite
1460 778 1508 821 et
1539 769 1743 843 caricae

153 846 520 914 pnusquisque
540 839 905 914 perreg‘ionem
929 857 1079 893 suam
1104 840 1379 914 diligenter
1400 839 1739 914 perquireret.

151 904 253 970 llic
286 904 579 967 fecit-duas
617 904 921 980 Epistolas.
970 926 1090 977 qua:
1136 904 1426 965 Catholica“.
1463 904 1746 980 norninan-

152 996 267 1039 tur.
314 984 418 1038 llic
464 998 531 1036 ex
584 978 852 1052 przecepto
894 982 950 1034 Β.
973 980 1133 1052 ‘Petri
1173 979 1411 1052 suscepit
1456 978 1742 1052 ecclesiam

152 1054 432 1115 {Florenh
493 1048 777 1107 Ecclesiae'
807 1050 1201 1121 pontiﬁcatum]
1252 1058 1306 1104 et
1335 1048 1347 1050 ’
1368 1048 1745 1121 pontificatum

156 1123 602 1196 gubernandum,
628 1118 1046 1196 sicut-ei.fuerat
1070 1136 1099 1173 a
1126 1118 1351 1174 Domino
1372 1118 1501 1196 Jesu
1527 1119 1746 1196 Christo

154 1189 423 1249 cathedra
460 1193 680 1257 tradita,
716 1193 797 1249 vel
825 1192 1154 1254 commissa;
1204 1202 1386 1245 tamen
1416 1191 1467 1243 in
1494 1189 1741 1257 epistola,

157 1281 281 1333 qua:
332 1265 402 1317 ad
438 1262 695 1317 Iacobum
737 1262 935 1330 scripta
969 1270 1069 1333 est,
1103 1262 1334 1333 qualiter
1358 1262 1411 1333 ei
1432 1277 1460 1314 a
1491 1261 1551 1313 Β.
1587 1259 1748 1333 Petro

160 1328 465 1389 commissa
490 1346 574 1386 est
617 1328 863 1387 Ecclesia
900 1328 1155 1400 reperies.
1204 1331 1329 1384 Ideo
1357 1330 1525 1384 Linus
1552 1338 1605 1383 et
1629 1328 1749 1382 Cle-

162 1414 246 1459 tus
272 1416 406 1457 ante
461 1418 584 1456 eum
638 1404 966 1465 scribuntur,
1012 1416 1077 1455 eo
1100 1402 1241 1470 quod
1265 1402 1332 1453 ab
1364 1401 1478 1469 ipso
1507 1400 1751 1470 principe

165 1474 541 1543 apostolorum
565 1474 631 1526 ad
655 1473 1017 1543 ministerium
1049 1471 1355 1543 episcopale
1384 1471 1748 1543 exhibendum

165 1540 293 1597 sunt
354 1544 597 1612 episcopi
630 1544 891 1597 ordinati.
927 1541 1027 1594 Hic
1059 1542 1181 1609 fecit
1220 1540 1587 1595 ordinationes
1615 1540 1750 1592 duas

165 1629 255 1683 per
283 1630 516 1666 mensem
556 1613 886 1683 Decembrem
925 1614 1248 1683 presbyteros
1292 1629 1347 1675 χ,
1394 1612 1670 1683 diaconos_
1692 1625 1749 1671 ιι,

167 1629 255 1683 per
283 1630 516 1666 mensem
556 1628 886 1666 Decembrem
925 1628 1248 1681 presbiteros
1292 1629 1347 1675 χ,
1394 1628 1643 1664 aiaconos
1692 1628 1749 1671 ιι,

167 1686 442 1751 episcopos
466 1699 560 1752 per
578 1684 782 1735 diversa
810 1682 921 1735 loca
949 1698 1033 1734 xv.
1061 1628 1202 1735 dbiit
1238 1692 1439 1752 martyr
1464 1697 1602 1734 anno
1629 1679 1755 1752 ’ζξιιζ-

163 1747 282 1821 ίὲιιιὶ
322 1747 445 1815 ῘΙΙ,
466 1747 565 1822 ’ᾳυὶ
586 1754 743 1805 etiam
794 1752 1025 1819 sepultus
1066 1762 1139 1805 est
1188 1753 1241 1805 in
1266 1747 1471 1805 Grte'cia
1497 1766 1594 1805 vm
1626 1747 1751 1803 Kal.

170 1822 478 1877 Decembris
510 1834 598 1877 εει
629 1823 849 1878 cessavit
878 1824 1206 1893 episcopatus
1231 1823 1339 1877 dies
1366 1837 1504 1876 xxu.

2135 506 2301 563 Verba

1965 604 2175 659 secundi
2208 603 2471 675 Catalogi.

1843 712 1891 757 et
1920 701 2095 772 Italici
2116 718 2281 772 usque
2313 700 2601 772 Vespasia-

1845 718 1891 757 et
1920 718 2094 754 llaltCl
2116 718 2281 823 usque
2319 718 2601 772 vespasta-

1845 789 1911 825 no
1936 770 2018 824 IX
2072 782 2119 824 et
2198 774 2309 844 _i_t_o.
2340 772 2601 844 blartyrio

1846 848 2163 897 coronatur.
2195 841 2296 895 llic
2334 841 2496 897 fecit'
2518 859 2607 899 se-

1844 921 1988 982 ptem
2019 911 2287 982 regiones,
2316 921 2372 966 et
2422 913 2606 967 divisit

1848 981 2100 1035 notariis
2132 981 2379 1039 fidelibus
2426 982 2607 1039 Eccle-

1848 1052 1962 1124 siae,
2001 1050 2091 1124 qui
2120 1061 2271 1121 gesta
2291 1061 2606 1124 martyrum

1850 1122 2080 1177 sollicite
2106 1132 2161 1176 et
2188 1122 2400 1177 curiose
2441 1122 2610 1179 unus-

1849 1192 2112 1264 quisque
2156 1207 2253 1260 per
2331 1194 2609 1264 regionem

1851 1278 2007 1316 suam
2025 1262 2313 1333 diligenter
2328 1262 2607 1333 perquire-

1852 1340 1952 1403 ret,
1987 1341 2041 1403 et
2084 1331 2212 1403 fecit
2238 1331 2373 1386 duas
2401 1331 2613 1403 Episto-

1854 1402 1957 1456 las.
1985 1401 2227 1457 Hicfecit
2247 1401 2613 1459 ordinationes

1855 1481 1990 1537 tres,
2029 1473 2377 1553 presbyteros
2407 1490 2459 1538 χ,
2493 1475 2611 1527 dia-

1854 1558 2021 1597 conos
2081 1559 2142 1605 n,
2188 1558 2469 1612 episcopos
2516 1558 2615 1612 per

1857 1615 2067 1668 diversa
2094 1614 2213 1667 loca
2242 1629 2273 1665 v
2295 1654 2308 1677 ,
2342 1629 2436 1682 per
2466 1630 2615 1667 men-

1858 1698 1972 1738 sem
2056 1683 2389 1739 Decembris.
2470 1682 2617 1738 Obiit

1861 1764 2068 1824 martyr
2147 1754 2309 1824 tertio
2352 1752 2612 1820 Trajani:

1861 1826 1953 1893 qui
2006 1823 2249 1892 Sepultus
2278 1833 2363 1878 est
2396 1824 2447 1877 in
2470 1824 2621 1879 Cra:-

1864 1896 1947 1949 cia
2000 1911 2053 1948 ιχ
2092 1893 2209 1947 Kal.
2260 1893 2512 1948 Decemb.
2564 1902 2621 1946 et

1864 1966 2101 2019 cessavit
2133 1964 2475 2036 episcopatus
2503 1962 2621 2018 dies

1864 2050 1978 2089 XXI.

2956 507 3127 562 Verba

2822 602 2977 669 primi
2999 601 3255 674 Catalogi.

244 2164 337 2217 12.
362 2160 428 2216 In
452 2160 625 2231 prima
663 2157 909 2215 columna
954 2157 1333 2227 exprimuntur
1360 2154 1523 2210 verba
1567 2153 1763 2226 prioris
1791 2159 1840 2221 Α
1868 2149 2059 2205 Urbem
2086 2150 2311 2204 viverent
2343 2151 2499 2203 vitam
2532 2148 2661 2221 (quo
2689 2160 2853 2203 censu
2880 2144 3117 2203 Iudaicae
3140 2146 3267 2202 vitae
3296 2147 3452 2205 Chri-

170 2255 426 2324 Catalogi
452 2253 553 2307 sub
583 2252 796 2306 Liberio
819 2251 971 2313 editi,
998 2266 1096 2321 per
1112 2251 1459 2305 characteres
1487 2248 1758 2310 rotundos,

177 2360 231 2399 ut
258 2354 494 2408 vocant;
534 2344 586 2397 in
637 2341 871 2396 secunda
924 2355 1052 2395 vero
1093 2341 1282 2394 eadem
1322 2338 1489 2393 verba
1525 2336 1766 2409 Catalogi

178 2434 523 2496 vetustioris,
555 2432 749 2500 quzein
782 2431 1012 2484 alterum
1058 2429 1375 2500 Catalogum
1433 2427 1600 2481 relata
1644 2435 1769 2482 sunt

183 2525 403 2593 quando
431 2524 696 2577 edebatur
723 2523 821 2574 sub
848 2520 1025 2574 Felice
1047 2518 1136 2585 ιν,
1168 2519 1467 2574 redduntur
1488 2519 1766 2573 characte-

186 2617 333 2668 ribus
353 2612 595 2681 obliquis
622 2651 632 2674 ,
664 2626 799 2679 quos
828 2608 1042 2663 ltalicos
1082 2608 1379 2678 appellant,
1409 2617 1467 2661 ut
1492 2608 1599 2661 ictu
1630 2606 1769 2661 oculi

185 2704 524 2775 percipiatur
553 2701 812 2772 quidquid
841 2701 1063 2755 retinuit
1091 2700 1326 2768 scriptor
1347 2698 1446 2752 sub
1468 2697 1771 2753 Justinianu

188 2812 249 2849 cx
280 2795 528 2849 lndiculo
552 2793 653 2848 sub
676 2793 913 2855 Liberio,
955 2802 1010 2845 et
1036 2792 1293 2860 quidquid
1317 2790 1521 2844 addidit
1556 2803 1622 2842 ex
1653 2787 1774 2843 aliis

191 2887 535 2941 documentis
567 2886 619 2938 in
650 2884 815 2952 priori
845 2882 1098 2951 Catalogo
1131 2896 1235 2935 non
1264 2894 1602 2949 expressum.
1640 2878 1775 2933 Ter-

192 2979 273 3030 tia
308 2992 436 3030 vero
475 2975 750 3039 columna,
790 2990 907 3044 qua:
944 2974 1245 3028 destinatur
1277 2972 1595 3040 excipiendo
1642 2986 1772 3025 con-

199 3068 365 3120 textui
399 3065 552 3121 Libri
580 3064 931 3128 Pontificalis,
956 3064 1144 3117 eadem
1166 3061 1418 3116 methodo
1446 3060 1610 3114 refert
1640 3059 1776 3113 cha-

195 3159 506 3213 racteribns
539 3156 766 3222 Italicis,
792 3156 905 3210 sive
939 3154 1178 3224 obliquis,
1209 3168 1543 3224 qurecunque
1574 3150 1778 3206 descri-

196 3259 283 3317 pta
334 3258 467 3302 sunt
520 3248 739 3302 totidem
789 3247 968 3302 verbis
1010 3262 1077 3301 ex
1128 3245 1384 3327 Catalogo
1437 3242 1653 3298 condito
1679 3242 1778 3296 sub

197 3339 541 3400 iustiniano;
574 3337 810 3390 rotundis
840 3352 968 3392 vero
1011 3336 1207 3390 litteris
1250 3335 1376 3402 alia,
1408 3348 1525 3403 qum
1550 3333 1781 3401 scriptor

200 3430 333 3485 Vita:
366 3430 571 3497 adjecit
627 3445 733 3483 non
781 3443 1036 3499 expressa
1084 3428 1138 3482 in
1179 3427 1447 3497 Catalogis
1487 3425 1777 3495 prazdictis,

1867 2242 2071 2296 stianos
2096 2240 2299 2311 passim
2343 2239 2597 2295 confundi
2625 2238 2975 2294 consuevisse
3003 2252 3097 2307 per
3122 2237 3274 2293 illam
3310 2248 3443 2293 teta-

1870 2339 1977 2387 tem
2009 2347 2166 2386 nemo
2186 2330 2446 2400 dubitat);
2473 2329 2612 2385 unde
2636 2328 2800 2384 etiam
2828 2328 3087 2385 Clementi
3120 2339 3319 2382 nostra:
3344 2344 3432 2382 re-

1870 2422 2084 2493 ligionis
2113 2420 2379 2492 professio
2425 2421 2481 2476 in
2526 2420 2747 2490 scriptis
2778 2420 2924 2474 edita
2961 2420 3238 2489 negotium
3268 2420 3441 2473 faces—

1873 2530 1992 2569 sere
2042 2530 2139 2584 per
2182 2514 2453 2570 delatores
2496 2512 2710 2568 facilius
2744 2512 2935 2582 potuit.
2993 2511 3132 2580 Quin
3158 2513 3320 2566 etiam
3348 2513 3449 2567 sub

1873 2608 2106 2663 mitioris
2132 2606 2333 2678 ingenii
2357 2606 2691 2677 principibus
2712 2604 2987 2659 Antonino
3022 2604 3137 2668 Pio,
3168 2611 3222 2658 et
3245 2602 3313 2657 Μ.
3344 2603 3457 2656 Au-

1875 2698 2030 2763 relio,
2064 2712 2185 2752 cum
2240 2706 2427 2767 postea
2471 2704 2807 2766 compertum
2836 2695 2906 2750 sit
2936 2695 3141 2766 scripta
3177 2695 3231 2749 in
3268 2694 3456 2749 defen-

1875 2789 2080 2843 sionem
2106 2788 2404 2843 Christiam
2452 2788 2718 2857 dogmatis
2757 2786 2988 2856 capitale
3022 2784 3285 2854 judicium
3308 2784 3455 2840 intu-

1877 2882 2004 2936 lisse
2051 2880 2286 2945 Justino,
2334 2880 2631 2947 Quadrato,
2677 2879 3066 2949 Athenagorzn,
3126 2879 3409 2948 Apollonio
3439 2919 3456 2943 ,

1878 2986 2093 3040 pmnam
2126 2984 2432 3039 supremam
2458 2970 2780 3025 decernente
2802 2979 2990 3023 senatu
3034 2968 3115 3022 vel
3158 2969 3454 3039 magistra-

1882 3062 2043 3125 tibus,
2077 3060 2443 3115 adnitentibus
2470 3059 2790 3130 plerumque
2815 3058 3186 3115 sacerdotibus
3212 3060 3458 3114 ethnico-

1883 3163 2001 3206 rum
2026 3160 2085 3205 ut
2112 3151 2164 3205 in
2186 3166 2285 3205 nos
2310 3150 2676 3215 Christianos,
2708 3158 2971 3219 tanquam
3003 3149 3196 3219 impios
3221 3148 3456 3204 violato-

1885 3258 1974 3297 res
2030 3241 2435 3312 superstitionis
2466 3257 2597 3305 suae,
2628 3241 2791 3296 etiam
2816 3239 3043 3311 Augusti
3076 3240 3341 3305 mitiores,
3374 3250 3460 3296 ut-

1882 3346 2009 3405 pote
2058 3334 2492 3391 ceremoniarum
2537 3348 2761 3389 suarum
2806 3332 3079 3397 vindices,
3131 3340 3187 3388 et
3224 3332 3463 3387 maxime

1884 3425 2165 3497 gentilium
2207 3438 2487 3480 sacrorum
2514 3424 2728 3490 arbitri,
2751 3424 2965 3480 easdem
2990 3438 3183 3494 ptenas
3203 3423 3465 3479 decerne-

200 3522 290 3576 sed
322 3521 548 3575 aliunde
577 3530 847 3591 percepta.
880 3520 1183 3576 Observare
1227 3530 1407 3574 tamen
1434 3519 1563 3574 licet
1589 3520 1690 3573 hoc
1721 3518 1775 3572 in
1810 3539 1857 3598 Β
1886 3527 2006 3573 rent
2034 3529 2088 3573 et
2118 3519 2458 3586 irrogarent;
2511 3517 2709 3572 mirum
2758 3532 2865 3571 non
2919 3525 3023 3581 est,
3075 3517 3175 3571 sub
3226 3514 3462 3585 Trajano

202 3613 504 3683 specimine
536 3613 660 3665 vitae
686 3611 743 3666 S.
774 3612 1090 3677 Clementis,
1118 3612 1420 3667 additiones
1448 3628 1476 3664 a
1518 3612 1784 3681 scriptore

201 3704 348 3759 Libri
403 3703 739 3758 Pontificalis
783 3704 1054 3774 appositas
1079 3704 1353 3758 contextui
1392 3704 1679 3758 verborum
1697 3720 1785 3759 se—

206 3796 369 3849 cundi
404 3795 650 3865 Catalogi
676 3810 795 3850 esse
826 3796 915 3849 vix
946 3794 1120 3858 aliud,
1154 3809 1313 3863 quam
1350 3802 1526 3859 notas,
1573 3804 1665 3849 aut
1694 3812 1789 3851 ex-

202 3888 534 3958 plicationes
563 3888 874 3941 earumdem
904 3902 1108 3950 rerum,
1132 3901 1253 3956 qua:
1289 3885 1341 3940 in
1367 3884 1625 3957 Catalogo
1654 3903 1787 3941 con-

204 3990 416 4046 tracta,
490 3990 546 4034 et
601 3981 993 4049 quodammodo
1041 3980 1293 4035 involuta:
1349 3980 1785 4035 continebantur.

207 4071 352 4125 Duas
381 4070 690 4125 additiones
723 4072 826 4125 hoc
850 4071 901 4123 in
929 4070 1172 4140 exemplo
1198 4069 1417 4124 exhibet
1450 4068 1613 4123 Liber
1650 4069 1791 4123 Pon-

208 4162 452 4226 tiﬁcalis,
485 4162 713 4230 primam
758 4160 811 4214 in
842 4162 1100 4231 martyrio
1135 4160 1449 4226 Clementis,
1481 4160 1705 4214 alteram
1736 4159 1789 4213 in

212 4254 585 4309 successionis
612 4254 825 4317 ordine,
858 4264 911 4307 et
945 4254 1290 4319 auctoritate,
1319 4270 1422 4323 qua
1453 4262 1572 4324 post
1598 4253 1656 4306 Β.
1697 4252 1795 4307 Pe-

210 4357 357 4401 trum
388 4346 645 4400 Ecclesia:
675 4344 905 4413 prefuit.
938 4344 1249 4414 Martyrium
1273 4343 1794 4414 expresseratCata-

212 4437 369 4506 logus
402 4437 512 4488 illis
541 4437 759 4488 verbis:
795 4433 933 4487 Obiit
962 4446 1164 4503 martyr
1192 4435 1341 4487 tertio
1385 4433 1604 4504 Trajani
1637 4447 1794 4502 :quae

213 4527 379 4581 Liber
419 4524 752 4581 Pontilicalis
802 4526 877 4577 ita
936 4526 1158 4578 retulit:
1210 4524 1349 4578 Obiit
1402 4534 1603 4594 martyr
1656 4539 1795 4577 anno

218 4618 447 4689 Trajani
469 4618 643 4670 tertio.
672 4617 777 4670 Sed
808 4618 963 4670 istius
999 4617 1120 4669 libri
1155 4626 1345 4670 auctor
1374 4617 1587 4685 putavit
1612 4630 1797 4669 recen-

213 4712 441 4764 sendam
462 4723 585 4763 esse
606 4708 942 4762 occasionem
974 4708 1219 4777 martyrii
1247 4706 1539 4761 Clementis
1564 4724 1576 4759 :
1607 4720 1797 4775 nempe

213 4818 337 4855 cum
363 4801 537 4853 libros
576 4799 879 4867 complures
924 4800 1293 4853 conscriberet
1332 4797 1521 4851 beatus
1556 4798 1793 4866 pontifex

1890 3612 2145 3681 primum,
2191 3610 2276 3667 vel
2320 3608 2652 3681 prmeipuum
2686 3618 2806 3679 post
2852 3607 3122 3679 apostolos
3150 3616 3204 3663 et
3232 3622 3468 3679 evange-

1891 3704 2040 3759 listas
2090 3712 2366 3759 auctorem
2428 3710 2507 3757 tot
2568 3701 2904 3757 voluminum
2947 3701 3256 3757 Christiana
3308 3715 3467 3755 sacra

1891 3797 2156 3851 tuentium
2184 3795 2527 3851 occasionem
2576 3794 2823 3866 martyrii
2855 3794 3119 3850 subeundi
3149 3808 3216 3849 ex
3242 3793 3308 3848 iis
3337 3808 3467 3863 ope-

1891 3889 2042 3943 ribus
2064 3887 2408 3957 percepisse:
2444 3886 2587 3956 quod
2616 3886 2831 3941 videtur
2881 3886 3121 3941 indicare
3148 3886 3200 3940 in
3235 3886 3333 3940 hac
3360 3884 3472 3955 pri-

1893 3993 1979 4031 ma
2018 3977 2292 4033 additione
2318 3977 2385 4032 ad
2421 3975 2739 4048 Catalogum
2788 3977 3083 4033 secundum
3112 3976 3274 4032 Liber
3316 3975 3461 4032 Pon-

1894 4066 2125 4122 tilicalis.

1965 4156 2144 4211 Altera
2176 4154 2379 4211 additio
2425 4156 2649 4227 reSpicit
2676 4157 2920 4214 ordinem
2955 4158 3334 4225 successionis,
3362 4174 3472 4229 qua

1893 4249 1956 4304 B.
1983 4251 2141 4306 Petro
2190 4252 2510 4321 subrogatus
2559 4260 2643 4306 est
2697 4252 2948 4308 Clemens
2999 4254 3306 4309 omnimoda
3349 4270 3477 4310 cum

1895 4351 2163 4414 potestate
2204 4344 2374 4399 totius
2410 4342 2665 4400 Ecclesia:
2708 4344 3032 4402 Christiana:
3086 4348 3473 4417 gubernandze.

1897 4436 2023 4490 Haec
2069 4444 2249 4491 autem
2292 4436 2548 4507 periocha
2600 4452 2705 4493 non
2740 4434 3027 4494 admodum
3064 4438 3245 4495 differt
3281 4442 3349 4496 ab
3378 4458 3477 4496 an-

1898 4528 2191 4592 notatione,
2227 4535 2281 4582 et
2315 4529 2471 4597 quasi
2507 4529 2950 4598 interpretatione
2985 4538 3162 4585 textus
3201 4530 3463 4602 Catalogi.

1900 4618 2179 4687 Siquidem
2218 4616 2273 4673 in
2329 4615 2801 4689 priori’Catalogo
2847 4618 3099 4675 Clemens
3136 4622 3472 4691 praeponitur

1901 4708 2081 4774 Cleto;
2116 4725 2237 4763 cum
2262 4710 2313 4762 in
2343 4709 2580 4764 secundo
2609 4709 2865 4781 Catalogo
2887 4720 2941 4766 et
2972 4712 3025 4766 in
3052 4710 3215 4766 Libro
3248 4712 3473 4766 Pontili-

1902 4799 2004 4853 cali
2039 4799 2287 4854 Clémens
2318 4809 2696 4868 postponatur.
2734 4800 2962 4855 Causam
2993 4801 3324 4856 diversitatis
3343 4803 3479 4856 scri-

215 4892 332 4945 selo
364 4890 687 4943 Christiana:
716 4889 1009 4959 religionis,
1054 4899 1108 4943 et
1150 4890 1281 4945 Acta
1334 4901 1635 4960 martyrum
1667 4891 1795 4944 dili-
1826 4897 1870 4958 (ζ
1902 4900 2024 4959 ptor
2054 4888 2269 4958 adjecit.
2299 4890 2527 4959 Quanta:
2557 4900 2737 4947 autem
2776 4894 3118 4951 auctoritatis
3139 4884 3385 4949 habenda
3402 4896 3476 4951 sit

214 4992 409 5050 genter
441 4981 620 5050 colligi
666 4990 878 5035 curaret
917 4997 1012 5051 per
1050 4983 1291 5035 notarios
1330 4982 1516 5036 fideles
1539 5024 1552 5044 ,
1587 4993 1796 5052 septem

216 5072 533 5141 regionibus
594 5072 902 5141 singillatim
948 5074 1265 5136 attributos,
1320 5075 1582 5144 martyrio
1628 5074 1797 5130 fuisse

217 5172 564 5215 coronatum.
614 5161 853 5231 Utraque
907 5164 1105 5232 scripta
1150 5164 1444 5219 Clementis
1472 5176 1527 5220 et
1559 5167 1799 5221 notario-

221 5273 339 5311 rum
390 5258 560 5312 etiam
607 5258 660 5311 in
694 5256 950 5327 Catalogo
1003 5268 1389 5313 memorantur.
1429 5261 1634 5315 Auctor
1663 5260 1798 5315 Vita:

219 5348 438 5403 videtur
461 5350 516 5403 in
545 5350 818 5404 additione
845 5351 1135 5414 immuere,
1155 5352 1451 5405 Clementis
1474 5353 1796 5423 martyrium

222 5449 577 5495 consecutum
613 5456 677 5494 ex
730 5442 1017 5495 occasione
1047 5441 1320 5512 religionis
1351 5452 1543 5496 nostra:
1571 5456 1668 5511 per
1697 5443 1800 5496 hu-

221 5530 455 5597 jusmodi
492 5532 694 5601 scripta
726 5532 1123 5601 pr0pugnandae
1155 5548 1217 5587 ac
1249 5536 1627 5604 propaganda).
1658 5533 1801 5589 Con-

229 5628 334 5672 stat
380 5620 525 5673 enim
559 5622 659 5675 sub
691 5622 992 5676 Domitiano
1030 5638 1097 5677 ex
1138 5622 1395 5678 Suetonio
1435 5624 1487 5677 in
1513 5621 1633 5690 ejus
1659 5623 1800 5689 Vita,

228 5723 343 5775 cap.
380 5708 484 5774 l2,
520 5710 805 5765 Judaicum
839 5711 1025 5767 [iscum
1075 5714 1426 5769 acerbissime
1479 5725 1681 5781 actum,
1733 5715 1803 5768 ad

230 5811 375 5864 quem
401 5801 792 5870 deferebantur,
819 5802 907 5871 qui
936 5801 1070 5855 velut
1107 5804 1328 5873 professi
1350 5804 1634 5861 Iudaicam
1663 5807 1803 5862 intra

633 5892 904 5954 Puram.
937 5890 1254 5956 CXXVII.

1906 4981 2019 5035 haec
2048 4980 2250 5035 additio
2298 4981 2474 5053 colligi
2507 4992 2686 5053 potest
2715 4998 2780 5036 ex
2808 4984 2989 5037 verbis
3013 4983 3071 5038 S.
3103 4983 3301 5041 Leonis
3324 5002 3479 5056 papa:

1905 5073 2147 5138 secundi,
2179 5089 2209 5127 a
2234 5072 2529 5128 Vendelino
2561 5073 2744 5128 relatis
2790 5074 2929 5143 apud
2973 5073 3249 5130 Labbeum
3280 5075 3477 5131 Conci-

1904 5161 2098 5218 liorum
2135 5166 2463 5235 generalium
2493 5175 2638 5220 tomo
2661 5165 2703 5230 l,
2738 5179 2841 5234 pag
2866 5164 2987 5220 l90.
3020 5164 3310 5235 Postquam
3333 5167 3480 5221 enim

1904 5258 2183 5323 retulerat,
2213 5274 2279 5313 ex
2311 5274 2576 5329 anonymo
2602 5259 2866 5330 scriptore
2895 5261 3103 5327 Graeco,
3136 5263 3351 5316 beatum
3378 5261 3480 5315 Pe-

1906 5356 2048 5404 trum
2104 5350 2271 5405 Roma
2319 5352 2696 5405 abscedentem
2752 5353 3033 5408 ordinasse
3069 5352 3284 5419 Linum,
3316 5352 3484 5408 veluti

1911 5440 2277 5510 coadjutorem
2329 5442 2384 5495 in
2432 5442 2498 5495 iis
2540 5444 2859 5499 exercendis
2904 5460 3023 5514 quae
3077 5450 3203 5499 sunt
3242 5443 3485 5499 muneris

1911 5534 2252 5604 episcopalis,
2276 5548 2552 5589 reversum
2586 5535 2639 5591 in
2668 5535 2867 5592 Urbem
2908 5536 3227 5591 duodecimo
3250 5535 3483 5590 Neronis

1911 5640 2053 5681 anno
2101 5626 2373 5681 invenisse
2424 5626 2619 5681 Linum
2669 5628 2931 5699 martyrio
2968 5642 2998 5682 e
3029 5627 3138 5681 vita
3174 5626 3482 5681 sublatum:

1911 5730 2081 5785 quare
2109 5716 2161 5769 in
2189 5715 2428 5784 ejusdem
2449 5716 2623 5772 locum
2655 5718 2977 5785 subrogasse
3002 5716 3358 5780 Clementem,
3391 5715 3487 5787 qui

1910 5805 2067 5877 paulo
2116 5815 2236 5879 post
2282 5806 2444 5863 Petro
2490 5807 2540 5861 in
2596 5824 2811 5864 crucem
2847 5820 2969 5865 acto
3004 5808 3305 5874 successit;
3338 5808 3487 5862 addit
