4010 6302
492 385 595 449 45,
1247 366 1339 422 AI)
1376 353 1821 417 ANASTASIUM
1856 343 2372 433 PROLEGOMENA
2409 339 2592 398 EDlT.
2637 334 3061 397 ROM.-VATIC.

492 442 867 550 tesiimonium
920 480 1117 538 Leonis
1171 473 1398 534 secundi
1427 511 1445 537 ,
1493 469 1637 526 idem
1684 460 1974 521 indicantis
2011 457 2079 516 de
2108 464 2158 525 Α
2182 464 2368 513 votum
2394 454 2636 527 (Dissert.
2663 452 2733 507 ad
2757 451 2911 506 Fast.
2945 445 3227 505 Comular.
3249 460 3365 515 par.
3386 442 3449 516 ι),
3470 448 3535 498 ut
3551 442 3772 498 easdem

496 589 673 644 Cleto.
704 580 881 640 Verba
903 572 1182 634 Vcndeiini
1209 571 1322 626 haec
1348 574 1511 623 sunt:
1547 581 1566 616 ι
1595 563 1756 626 Ecce,
1777 567 1839 615 ut
1863 557 2080 613 vivente

495 682 673 739 adhuc
691 677 852 734 Petro
875 660 1040 727 Linus
1072 664 1273 722 sederit
1292 661 1579 743 cpiscopus
1600 672 1617 711 :
1642 669 1808 743 quem
1825 658 2079 722 propter-

494 788 559 828 ea
588 762 1037 834 chorepiscopum
1087 753 1364 810 Marianus
1389 788 1405 813 ,
1452 745 1652 816 aliique
1709 742 2079 811 scripserunt:

495 827 640 915 inter
681 827 819 926 quos
863 827 973 907 Leo
1029 844 1097 912 Il,
1149 853 1434 926 successor
1468 833 1821 926 Agathonis:
1868 827 2082 893 Petrus,

496 922 996 1019 inqttit,—adjutores
1038 936 1140 993 sibi
1183 929 1368 988 ascivit
1402 925 1617 991 Linum,
1641 934 1690 979 et
1728 922 1954 985 Cletum,
1980 934 2084 973 non

497 1008 1037 1105 tamen'pontiﬁciam
1075 1029 1381 1098 potestatem
1426 1016 1502 1070 eis
1559 1014 1802 1080 tradidit,
1845 1012 1936 1066 sed
1972 1008 2088 1064 Cle-

497 1124 681 1181 menti.
711 1097 1100 1178 ‘l‘am'certum
1153 1121 1368 1181 semper
1417 1102 1545 1171 fuit,
1595 1118 1701 1160 una
1743 1116 1867 1158 cum
1924 1097 2088 1154 Petro

498 1217 697 1274 Linum
742 1209 1025 1285 praefuisse
1066 1206 1316 1264 ﬁdelibus
1355 1197 1641 1262 Romanis,
1683 1201 1741 1250 et
1786 1191 1856 1248 ab
1895 1188 2088 1285 eodem

501 1309 667 1365 Petro
704 1281 966 1362 traditum
1014 1298 1390 1373 pontiﬁcatum
1417 1287 1703 1350 Clementi.
1730 1285 1822 1344 Sic
1847 1297 1977 1355 ergo
2020 1281 2088 1335 li-

503 1398 721 1471 quidior
755 1395 949 1467 incipit
998 1391 1172 1450 ﬂuere
1229 1392 1348 1447 haec
1404 1380 1757 1452 ebrouologia
1820 1378 1878 1433 in
1942 1376 2091 1433 hunc

503 1487 748 1544 modum.
786 1504 808 1539 ι
1748 1484 1751 1485 ⁷

575 1579 677 1634 Hic
710 1592 816 1633 non
843 1588 1062 1632 assumo
1089 1569 1444 1653 dirimendam
1471 1561 1824 1636 quaestionem
1875 1561 1941 1615 de
1968 1556 2113 1612 Lini'

510 1681 568 1726 et
604 1669 743 1729 Cleti
788 1668 1105 1739 pontiﬁcatu
1138 1648 1394 1726 maximo,
1444 1671 1606 1729 quam
1648 1655 1793 1710 inter
1821 1657 1981 1708 notas
2024 1648 2093 1704 ad

504 1761 729 1817 Librum
769 1737 1143 1815 Pentiﬁcalem
1204 1750 1272 1806 ad
1325 1762 1552 1804 examen
1600 1742 1991 1800 revocabimus.
2034 1737 2092 1793 ιι]

2179 549 2358 619 potius
2409 545 2756 601 membranas
2782 558 2946 613 quam
2987 539 3200 595 illarum
3234 537 3537 606 fragmenta
3581 531 3779 602 Cuspi-

2181 640 2375 696 nianus
2422 637 2715 708 vulgasset.
2754 631 3081 697 Laterculos,
3134 628 3329 700 inquit,
3365 625 3666 681 consulares
3711 640 3781 681 ea:

2181 730 2400 786 laudato
2438 726 2686 798 anonymi
2707 725 2885 780 codice
2907 731 3176 793 excerptos
3200 735 3297 776 suo
3313 716 3559 774 uolumini
3581 716 3779 787 passim

2183 820 2566 891 inseruit,quos
2594 833 2722 872 sane
2742 815 2843 870 viri
2880 813 3335 891 eruditi_integros
3359 809 3424 864 ab
3457 810 3636 863 eodem
3664 808 3783 863 edi-

2184 922 2263 969 t'os
2311 911 2639 967 maluissent.
2695 907 3013 980 Exemplum
3069 905 3264 977 duplex
3322 902 3486 958 hodie
3537 909 3787 971 superest

2186 1004 2403 1063 indicati
2423 1001 2691 1074 Catalogi,
2713 998 3099 1069 descriptum'a
3119 995 3416 1051 vetustiore
3434 993 3616 1062 aliquo
3635 1001 3791 1046 auto-

2185 1097 2414 1168 grapho,
2431 1092 2588 1161 cujus
2611 1090 2981 1163 apographum
2998 1087 3329 1143 membranae
3349 1084 3480 1166 ipsae
3492 1081 3789 1138 censenda:

2189 1160 2336 1255 sunt,
2389 1160 2741 1256 Cuspinianov
2765 1181 2895 1238 olim
2933 1186 3200 1243 tractatze,
3245 1175 3407 1232 hodie
3464 1160 3782 1244 deperditae.

2189 1276 2367 1337 Unum
2389 1278 2694 1349 exemplum
2716 1283 2898 1331 servat
2922 1258 3253 1328 bibliotheca
3274 1268 3525 1324 Ctesarea
3574 1264 3787 1320 Vindo-

2189 1371 2446 1427 honensis
2474 1370 2619 1424 inter
2642 1382 2769 1422 mss.
2795 1364 3085 1421 historicos
3106 1361 3483 1431 consignatum
3509 1371 3663 1411 num.
3692 1354 3788 1419 56,

2192 1470 2330 1516 teste
2364 1458 2654 1514 Lambecio
2710 1456 2803 1511 lib.
2843 1470 2899 1509 tv
2940 1439 3587 1514 Commentariorum,'et
3613 1445 3790 1502 Sche-

2194 1550 2439 1607 iestratio
2476 1549 2692 1605 dissert.
2738 1548 2796 1614 3,
2846 1561 2967 1616 cap.
2994 1543 3074 1610 .2,
3128 1559 3288 1616 num.
3331 1541 3382 1604 1,
3431 1538 3794 1609 Antiquitatis

2196 1640 2474 1697 Ecclesiae.
2524 1613 2787 1693 Alterum
2816 1613 3013 1691 visi-tur
3062 1634 3116 1688 in
3172 1613 3499 1688 bibliotheca
3554 1629 3795 1683 Antuer-

2195 1731 2373 1803 piensi
2407 1723 2524 1784 RR.
2545 1727 2651 1783 PP.
2679 1727 2869 1783 societ.
2894 1725 3041 1790 Jesu,
3068 1738 3175 1794 quo
3203 1738 3334 1777 usus
3359 1731 3441 1777 est
3468 1721 3521 1775 in
3548 1735 3644 1774 sua
3673 1718 3798 1773 edi-

505 1867 673 1908 unum
729 1847 1015 1906 ostendere
1061 1842 1239 1913 cupio,
1298 1839 1440 1910 quod
1480 1835 1866 1910 proponebam,
1902 1843 2095 1901 nempe
2128 1842 2173 1902 Β
2200 1825 2348 1880 tione
2395 1820 2708 1884 Bucherius,
2762 1824 3091 1887 conquestus
3134 1813 3482 1871 membranas
3523 1807 3793 1866 Brenneri

508 1950 821 1999 contextum
849 1936 996 1992 Libri
1016 1932 1350 1990 Pontiﬁcalis
1371 1946 1401 1986 a
1442 1937 1630 1986 sancto
1655 1926 1818 1983 Petro
1839 1938 2008 1993 usque
2030 1922 2098 1976 ad

506 2033 742 2091 Felicem
764 2028 833 2086 IV
857 2027 1067 2084 desumi
1095 2025 1412 2097 plerumque
1459 2038 1527 2078 ex
1566 2018 1824 2089 Catalogo
1862 2030 2098 2071 summo-

509 2138 631 2178 rum
672 2118 989 2193 pontiﬁcum
1028 2130 1126 2187 per
1152 2128 1273 2169 eam
1309 2120 1525 2168 aetatem
1555 2108 1776 2165 condito
1808 2121 1825 2160 :
1860 2115 1918 2161 et
1944 2104 2101 2160 addi-

509 2202 704 2275 tiones,
744 2224 868 2280 quae
911 2206 982 2262 ab
1022 2214 1247 2262 auctore
1294 2202 1443 2258 Libri
1492 2198 1826 2255 Pontiﬁcalis
1879 2194 2104 2265 adjecta:

511 2291 656 2369 sunt,
702 2301 1013 2369 desutnptas
1048 2296 1213 2351 fuisse
1255 2311 1321 2351 ex
1376 2291 1716 2349 documentis
1765 2286 2103 2344 auctoritatis

509 2412 618 2452 nou
649 2391 927 2450 dissimilis
955 2390 1024 2446 ab
1045 2382 1341 2445 enuntiatis
1370 2385 1424 2441 in
1450 2384 1628 2456 primo
1661 2390 1716 2437 et
1737 2377 1975 2436 secundo
2000 2377 2115 2457 Ca-g

512 2471 714 2557 talogo.
998 2483 1006 2492 '

548 2562 670 2643 C13.
718 2574 921 2631 Verum
975 2569 1109 2628 ordo
1156 2566 1426 2624 ratiocinii
1480 2565 1718 2639 postulat
1763 2571 1823 2618 ut
1874 2562 1991 2633 ipsa
2039 2560 2107 2617 de

511 2654 835 2724 auctoritate
859 2679 1036 2721 rerum
1067 2662 1121 2715 in
1150 2669 1380 2731 utroque
1405 2656 1663 2727 Catalogo
1691 2654 2119 2711 enuntiatarum.

517 2745 680 2829 paulo
727 2753 1040 2824 diligentius
1085 2751 1443 2822 inquiramus.
1497 2748 1631 2803 Cum
1683 2745 1825 2801 enim
1883 2743 2109 2815 hujusce

516 2828 667 2903 Libri
699 2852 908 2901 textura
932 2840 1202 2913 praecipua
1226 2834 1387 2895 fuerit
1405 2853 1470 2894 ex
1499 2828 1771 2907 Catalogis
1799 2838 2104 2905 desumpta,

514 2938 893 3010 ignoraremus
913 2932 1160 3007 profecto
1183 2940 1445 3001 quantum
1477 2929 1639 2984 tribui
1664 2913 1834 2998 possit
1860 2928 2106 2982 Vitarum

516 3020 919 3091 collectoribus,
942 3024 1047 3080 nisi
1076 3032 1201 3078 ante
1238 3020 1573 3093 exploratam
1596 3018 1919 3073 haberemus
1945 3015 2108 3071 ﬁdem

516 3108 801 3188 utriusque
829 3113 1095 3185 Catalogi,
1145 3112 1416 3181 totiusque
1445 3108 1625 3178 operis
1676 3105 2106 3161 fundamentum.

2199 1924 2360 1972 aatate
2388 1929 2486 1969 sua
2510 1928 2616 1968 non
2646 1926 2768 1966 esse
2792 1908 3135 1981 superstites.

2273 2002 2692 2060 Schelestratius
2720 2000 2919 2072 (Antiq.
2959 1996 3133 2061 Ecct.,
3163 1995 3299 2052 diss.
3347 1995 3400 2057 ‘5,
3433 2010 3552 2064 cap.
3575 1993 3612 2049 2
3644 2009 3701 2047 n.
3737 1992 3797 2062 i)

2166 2095 2412 2161 {curavit
2458 2093 2741 2149 lectionem
2791 2090 3024 2161 exempli
3077 2087 3309 2146 Caesarei
3363 2086 3799 2142 Vindobonensis

2202 2186 2437 2243 conferri
2475 2200 2596 2240 cum
2625 2183 2981 2245 Bucheriana,
3013 2181 3127 2237 sive
3156 2179 3562 2249 Antuerpiensi,
3592 2193 3691 2249 per
3721 2176 3795 2230 Β.

2206 2274 2272 2330 Ρ.
2313 2273 2676 2343 Janningum;
2723 2281 2856 2337 tum,
2890 2277 2948 2324 ut
2974 2268 3197 2326 lacunas
3246 2267 3404 2338 hujus
3446 2267 3695 2336 impleret
3729 2280 3799 2320 ex

2207 2363 2637 2430 Vindobonensi;
2682 2373 2794 2417 tum
2840 2362 3029 2427 etiam,
3074 2370 3134 2416 ut
3183 2361 3460 2415 variantes
3511 2359 3800 2429 utriusque

2205 2453 2435 2525 exempli
2467 2453 2729 2509 lectiones
2761 2452 2915 2507 daret
2946 2469 2960 2507 :
2991 2448 3443 2521 quemadmodum
3497 2447 3800 2502 Bucherius

2207 2546 2262 2601 in
2292 2545 2533 2616 margine
2562 2543 2841 2599 annotavit
2875 2556 2938 2597 ea
2969 2557 3090 2613 quae
3144 2541 3358 2596 variant
3386 2541 3441 2595 in
3470 2554 3569 2596 suo
3610 2539 3801 2595 codice

2211 2654 2241 2692 a
2273 2637 2503 2692 lectione
2527 2635 2862 2707 Cuspiniani.
2896 2634 3100 2691 Horum
3127 2634 3294 2705 igitur
3320 2633 3608 2689 illustrium
3644 2634 3801 2687 viro-

2211 2743 2330 2783 rum
2381 2726 2593 2782 collatis
2640 2725 2937 2791 laboribus,
2985 2722 3438 2795 deprehendimus
3482 2720 3801 2792 Catalogum

2209 2818 2425 2895 quidem
2447 2817 2609 2873 fuisse
2627 2816 2941 2873 contextum
2967 2815 3067 2871 sub
3089 2815 3302 2871 Liberio
3331 2830 3494 2885 papa,
3526 2813 3621 2869 sed
3648 2812 3799 2883 ejus-

2210 2911 2330 2985 dem
2366 2909 2759 2981 autographum
2784 2925 2890 2962 non
2913 2922 3217 2978 superesse.
3257 2907 3334 2961 Ex
3355 2906 3599 2976 pluribus
3616 2912 3801 2960 tamen

2210 3000 2474 3072 exemplis
2524 3000 2649 3056 inde
2702 3000 3045 3069 transcriptis
3103 3013 3267 3054 unum
3323 2998 3802 3053 membranaceum

2210 3092 2544 3167 Cuspiniano
2565 3100 2866 3161 spectatum
2904 3089 3064 3146 hodie
3090 3090 3408 3155 desiderari,
3451 3089 3559 3145 duo
3585 3089 3806 3144 charta-

517 3199 636 3280 Age
664 3178 829 3279 igitur
855 3178 1092 3276 primum
1122 3201 1188 3257 de
1208 3178 1597 3270 exemplarium
1621 3196 1725 3250 ﬁde
1752 3210 1819 3251 ac
1842 3202 2112 3273 vetustate
2139 3185 2183 3247 C
2214 3197 2310 3239 088
2336 3196 2619 3252 superesse
2645 3181 2871 3237 minoris
2898 3181 3259 3252 antiquitatis,
3286 3189 3341 3236 et
3378 3181 3431 3235 in
3473 3180 3555 3234 eis
3602 3178 3806 3249 depre-

517 3270 821 3360 videanms,
845 3270 987 3348 unde
1010 3289 1251 3359 Catalogi
1277 3286 1530 3359 descripti
1579 3293 1738 3350 sunt;
1769 3299 1893 3338 mox
1928 3283 1994 3338 de
2015 3270 2109 3337 do-

525 3374 799 3441 (iumentis
872 3381 1121 3453 genuinis
1186 3379 1330 3434 unde
1381 3376 1677 3447 scriptores
1733 3374 2110 3445 Catalogorum

523 3471 802 3546 potuerint
840 3470 930 3527 illa
966 3469 1253 3525 desumere
1283 3474 1403 3538 Quae
1440 3466 1507 3522 ad
1536 3481 1638 3522 nos
1674 3464 2108 3520 transmiserunt.

555 3557 688 3641 ‘M.
746 3579 1064 3649 Catalogum
1110 3566 1348 3650 priorem
1403 3576 1505 3633 sub
1566 3574 1784 3632 Liberio
1832 3574 2110 3630 conditum

536 3676 682 3731 circa
707 3672 905 3730 annum
937 3670 1042 3726 554
1068 3670 1236 3725 edidit
1280 3670 1489 3739 primus
1535 3668 1696 3723 Pater
1724 3666 1972 3738 Egidius
2004 3665 2114 3719 Bu-

523 3754 745 3820 cherius
768 3763 827 3818 in
875 3759 1135 3833 praeclaro
1181 3774 1280 3814 suo
1308 3744 1712 3815 Commentario
1743 3756 1809 3810 ad
1838 3753 2112 3810 Canonem

523 3844 842 3910 Paschalem
876 3848 1101 3906 Victorii
1132 3848 1411 3920 Aquitani,
1440 3862 1546 3902 una
1582 3861 1703 3903 cum
1734 3855 1970 3916 quatuor
1997 3844 2117 3900 aliis

525 3934 803 4015 opusculis
829 3941 897 3996 ad
931 3939 1177 3994 eamdem
1200 3946 1415 3993 aetatem
1452 3927 1774 4002 referendis,
1805 3934 1883 3989 uti
1903 3942 2120 3990 constat

527 4026 609 4097 ex‘
639 4033 1064 4093 enumeratione“
1096 4029 1377 4086 consulum
1424 4029 1815 4093 Romanorum,
1863 4042 2119 4097 expressa

528 4128 584 4184 in
606 4127 786 4199 primo
813 4120 1075 4195 Opusculo
1100 4120 1167 4176 de
1191 4117 1465 4192 praefectis
1507 4117 1659 4182 Urbi,
1694 4125 1753 4174 et
1778 4116 1831 4170 in
1860 4100 2117 4179 secundo,

528 4216 815 4289 complcxo
840 4211 1230 4283 Fragmentum
1256 4218 1503 4265 veterum
1532 4207 1841 4274 Fastorum,
1865 4221 1988 4261 cum
2016 4205 2123 4260 Fe-

528 4309 649 4377 riis,
672 4305 913 4377 Epactis,
944 4311 1000 4357 et
1028 4299 1191 4374 Cyclo
1213 4299 1535 4355 LatitIOrtlm
1578 4311 1676 4368 per
1704 4310 1877 4351 annos
1915 4294 1986 4350 84
2015 4292 2122 4347 dif-

528 4400 651 4456 fuso
698 4414 713 4452 :
756 4397 823 4451 de
873 4408 983 4465 quo
1028 4391 1193 4446 etiam
1224 4389 1418 4445 librum
1449 4386 1720 4443 celebrem
1748 4393 1907 4440 aetate
1934 4392 2121 4439 nostra

530 4485 854 4558 cOnscripsit
905 4479 1172 4538 Henricus
1224 4477 1517 4534 cardinalis
1553 4474 1824 4531 Norisius.
1872 4474 2123 4544 Quinque

2215 3272 2378 3328 bendi
2400 3271 2606 3341 aliquot
2629 3280 2808 3326 errata
2853 3272 3284 3335 amanuensium,
3316 3285 3437 3341 qtae
3463 3268 3806 3324 Schelestra-

2217 3361 2325 3416 tius
2377 3361 2590 3416 curavit
2640 3359 2924 3430 detergere
2970 3375 3070 3429 per
3114 3359 3459 3414 collationem
3518 3358 3808 3426 utriusque

2216 3450 2418 3507 codicis
2464 3466 2588 3507 cum
2622 3449 2985 3521 Cuspiniano;
3033 3451 3167 3505 adeo
3227 3458 3284 3504 ut
3325 3450 3377 3504 in
3432 3448 3810 3505 Scltclestratii

2216 3543 2455 3599 editione
2483 3543 2618 3599 satis
2650 3542 2997 3599 emendatum
3051 3542 3368 3613 opusculum
3418 3544 3728 3598 habeamus.

2292 3638 2379 3692 15.
2411 3636 2563 3691 Alter
2589 3635 2876 3704 Catalogus
2894 3637 2962 3691 ad
2983 3645 3197 3691 aetatem
3224 3634 3516 3692 Iustiniani
3548 3633 3813 3701 refertur,

2219 3744 2341 3784 cum
2373 3727 2583 3783 desinat
2612 3728 2664 3781 in
2690 3725 2869 3782 Felice
2894 3725 2984 3792 IV,
3020 3727 3167 3783 circa
3201 3742 3403 3783 annum
3433 3725 3634 3782 Christi
3678 3726 3812 3783 530.

2218 3826 2413 3881 Editus
2462 3826 2696 3896 primum
2749 3822 2850 3878 fuit
2891 3838 2958 3879 ex
3002 3822 3188 3880 codice
3226 3823 3815 3892 membranaecmqua-

2219 3917 2390 3972 (irata:
2416 3916 2623 3977 formae.
2660 3916 2864 3986 scripto
2911 3916 3056 3970 circa
3087 3922 3300 3969 aetatem
3344 3913 3526 3968 Caroli
3554 3912 3731 3982 Magni
3796 3929 3812 3968 :

2221 4008 2383 4078 quem
2406 4007 2630 4063 Parisiis
2649 4016 2891 4078 emptum
2910 4022 2940 4061 a
2973 4005 3157 4076 regina
3179 4004 3477 4068 Christina,
3502 4013 3558 4058 et
3581 4003 3818 4057 Romam

2224 4101 2565 4164 translatum,
2604 4110 2726 4172 post
2774 4099 2893 4169 ejus
2940 4114 3072 4155 vero
3111 4106 3343 4154 mortem
3382 4097 3451 4153 ab
3503 4095 3823 4153 bzeredibus

2225 4203 2532 4263 coemptum
2551 4192 2859 4248 Alexander
2870 4207 3007 4263 papa
3029 4190 3141 4246 Vili
3165 4188 3821 4248 bibliotbeme.Vaucaii:e

2226 4285 2448 4341 donavit
2490 4301 2613 4341 cum
2657 4286 2869 4342 eieteris
2896 4285 3172 4340 codicibus
3224 4298 3357 4338 mss.
3409 4282 3487 4337 Ex
3514 4296 3582 4336 eo
3626 4281 3823 4338 codice

2228 4377 2731 4447 regiumeristinze
2756 4376 3044 4448 vulgarunt
3064 4373 3223 4445 primi
3254 4374 3370 4428 RB.
3401 4371 3506 4427 PP.
3536 4372 3823 4428 llensche-

2228 4472 2353 4527 nius
2388 4479 2444 4528 ct
2495 4470 2901 4542 Papcbrochius
2946 4471 2999 4525 in
3056 4467 3460 4539 Prolegomenis
3505 4466 3573 4522 ad
3614 4474 3827 4519 tomum

532 4582 650 4638 haec
686 4543 971 4650 opuscula,
1003 4573 1147 4628 inter
1192 4586 1313 4642 quae
1358 4568 1651 4639 principem
1684 4568 1860 4623 locum
1913 4543 2122 4623 obtinet
2151 4543 2203 4602 Ῐ)
2228 4563 2463 4633 primum
2491 4562 2711 4632 Aprilis.
2741 4562 2938 4616 Verum
2979 4575 3086 4616 non
3137 4560 3272 4614 satis
3311 4564 3567 4612 accurate
3609 4554 3824 4612 deseri-

529 4659 821 4740 catalogus
847 4664 915 4721 de
943 4679 1052 4735 quo
1095 4663 1322 4734 agimus,
1356 4658 1778 4715 continebantur
1797 4657 1850 4713 in
1875 4656 2114 4727 antiquis

536 4756 889 4823 membranis,
914 4771 942 4809 a
968 4752 1175 4809 Joanne
1202 4750 1497 4812 Brennero,
1549 4747 1701 4819 regio
1737 4747 2036 4802 secretario
2066 4754 2122 4801 et

533 4846 777 4904 actuario
799 4843 851 4899 in
878 4851 1069 4898 senatu
1099 4836 1586 4906 Luxemburgensi,
1612 4836 1754 4891 dono
1790 4835 1931 4891 datis
1953 4834 2126 4891 Auso-

534 4936 708 5002 villio,
733 4933 847 5004 regi
876 4929 1144 4987 catholico
1175 4944 1203 4983 a
1229 4927 1459 4998 privatis
1490 4926 1755 4982 Bruxellac
1810 4925 2053 4982 consiliis
2104 4941 2120 4981 :

535 5034 590 5088 et
618 5045 685 5086 ex
717 5028 785 5083 iis
807 5023 1172 5094 Cuspinianus
1205 5018 1623 5089 transcripserat
1652 5018 1866 5072 nomina
1893 5016 2131 5087 complu-

540 5125 680 5181 rium
709 5119 1014 5184 consulum,
1040 5126 1099 5171 ut
1122 5129 1364 5187 persaepe
1391 5119 1621 5168 testatur
1649 5113 1699 5169 in
1737 5098 1834 5167 suo
1861 5110 1996 5167 libro
2023 5111 2128 5166 Fa—

537 5225 743 5272 storum
800 5229 815 5266 :
876 5210 950 5265 ita
998 5209 1161 5265 etiam
1207 5208 1528 5261 observante
1566 5204 1828 5258 Bucberio
1865 5202 2128 5273 (001).”,

536 5324 658 5377 pag.
698 5302 829 5374 ΞΗ)
859 5323 871 5356 :
903 5301 981 5373 Iis
1012 5295 1388 5370 (membranis)
1434 5294 1676 5364 pluscula
1705 5296 1866 5365 ignoti
1896 5295 2131 5367 quidem,

536 5396 626 5449 sed
649 5390 1027 5463 antiquissimi,
1072 5400 1120 5444 et
1158 5387 1247 5459 qui
1287 5385 1381 5441 sub
1426 5383 1772 5440 Constantino
1798 5383 2131 5438 Constantini

542 5485 723 5556 Magni
753 5476 1092 5554 ﬁlio’rixisse
1147 5480 1371 5545 videtur,
1418 5477 1691 5549 scriptoris
1732 5475 2131 5531 continebantur

536 5575 813 5646 opuscula,
835 5589 953 5646 qua:
990 5570 1343 5643 Cuspinianus
1368 5568 1422 5622 in
1448 5584 1636 5622 manus
1667 5567 1907 5622 habuisse
1930 5584 1985 5621 se
2007 5565 2131 5637 plu-

538 5668 682 5722 ribus
734 5663 1021 5720 Fastorum
1078 5652 1295 5717 suorum
1344 5659 1472 5713 locis
1502 5659 1782 5730 signiﬁcat.
1842 5657 1937 5713 His
1984 5656 2134 5710 addit

538 5756 829 5815 cardinalis
876 5754 1122 5810 Norisius
1175 5750 1511 5809 eruditorum
1570 5749 1787 5805 nomine
1847 5761 2134 5805 commune

2231 4661 2380 4723 ptum
2405 4653 2760 4724 deprehendit
2802 4652 2877 4707 ill.
2907 4650 3102 4723 pnesul
3125 4648 3572 4712 Sehelcstratius,
3598 4662 3724 4703 cum
3752 4647 3828 4701 ab

2234 4744 2435 4816 inclyta
2477 4745 2663 4815 regina
2690 4745 2875 4799 Romae
2918 4750 3292 4798 commorante
3330 4737 3642 4794 facultatem
3683 4737 3830 4793 obti-

2236 4836 2443 4890 nuisset
2463 4833 2580 4903 ejus
2601 4834 2812 4890 vivendi
2840 4849 2905 4889 ac
2925 4849 3091 4903 penes
3118 4847 3177 4888 se
3220 4830 3452 4888 habendi
3482 4844 3581 4900 per
3608 4842 3833 4885 menses

2239 4929 2564 4998 complures.
2590 4927 2728 4994 Quin
2761 4927 2923 4981 etiam
2952 4941 3074 4982 cum
3108 4925 3438 4994 percepisset
3464 4921 3610 4976 aliud
3638 4935 3832 4975 exem-

2239 5020 2386 5090 plum
2417 5017 2653 5086 ejusdem
2681 5016 2919 5087 Cataiogi
2951 5015 3177 5086 reperiri
3203 5014 3256 5068 in
3288 5021 3504 5068 vetusto
3531 5010 3724 5065 codice
3746 5009 3834 5064 bi-

2236 5112 2523 5169 bliothecm
2549 5108 2873 5165 Colbertinae
2904 5108 3073 5178 (num.
3127 5103 3286 5177 1868)
3325 5103 3565 5173 ejusdem
3593 5098 3839 5169 antiqui-

2239 5204 2387 5267 tatis,
2414 5217 2607 5271 nempe
2629 5198 2806 5254 a-tatis
2834 5197 3013 5253 Caroli
3062 5195 3258 5268 Magni,
3309 5191 3621 5264 impetravit
3653 5206 3682 5243 a
3715 5190 3835 5246 cla-

2236 5295 2454 5351 rissimo
2501 5294 2619 5347 viro
2677 5291 2955 5362 Stephano
3004 5290 3225 5345 Baluzio
3284 5297 3344 5341 ut
3406 5285 3529 5340 inde
3601 5281 3842 5338 ﬁdeliter

2239 5384 2712 5440 transcriberctur.
2774 5380 3071 5434 Plurimum
3122 5393 3250 5432 vero
3302 5376 3521 5447 gavisus
3572 5381 3658 5428 est
3706 5385 3842 5426 cum

2237 5486 2523 5542 utramque
2546 5472 2855 5531 lectionem,
2901 5469 3107 5524 codicis
3143 5467 3366 5538 Reginae
3392 5465 3708 5528 Christiute,
3736 5477 3839 5518 seu

2237 5561 2506 5628 Vaticani,
2536 5572 2588 5616 et
2611 5558 2909 5617 Colbertini
2936 5557 3095 5628 plane
3108 5556 3418 5613 consentire
3437 5560 3694 5626 expertus
3708 5561 3795 5605 cst
3820 5567 3839 5604 :

2240 5650 2423 5708 leviori
2475 5662 2683 5707 tantum
2757 5650 3070 5705 discrimine
3119 5646 3407 5718 aliquando
3460 5643 3843 5700 intercedente

2241 5745 2401 5801 unius
2428 5743 2680 5800 clementi
2711 5742 2765 5797 in
2796 5741 2994 5798 litteris
3016 5740 3099 5798 vel
3127 5739 3352 5796 unitatis
3379 5738 3430 5794 in
3461 5735 3704 5793 numeris
3734 5748 3752 5787 :
3778 5741 3840 5787 et
