4010 6302
216 388 295 447 ιδ

1685 389 2113 467 PRZEFATIOJ

3438 419 3510 475 ιϐ

210 521 319 576 per
351 511 646 574 utrumque
668 504 912 559 codicem
952 504 1089 558 vidit
1118 505 1234 560 dari
1275 508 1577 562 ordinatam
1621 509 1817 565 seriem
1846 514 1897 575 Α
1922 510 2119 580 Patris,
2146 511 2318 569 Filius
2340 514 2435 570 Dei
2454 519 2572 584 vivi,
2598 520 2843 576 eumdem
2862 522 3139 580 Simonem
3167 526 3509 598 designatum

208 596 461 664 priorum
486 593 803 664 pontiﬁcum
821 595 1212 664 Romanorum,
1235 613 1464 669 eamque
1490 602 1817 670 responden-

210 697 324 741 tem
374 686 619 752 Canoni;
673 703 835 757 quam
880 687 1165 745 lectionem
1209 692 1375 746 editio
1405 690 1813 751 Henscbeniana

212 776 553 829 turbaverat.
602 776 678 831 De
704 778 955 833 codicum
1007 781 1275 849 scriptura
1309 792 1470 852 atque
1496 792 1655 839 aetate
1685 802 1812 856 sup-

202 868 326 936 pari
359 866 560 923 Carolo
592 868 785 940 Magno
828 871 1079 925 dubitare
1123 889 1229 928 non
1261 874 1391 929 sinit
1420 876 1589 945 ﬁgura
1622 878 1815 932 chara-

205 965 425 1011 cterum
450 969 509 1011 et
531 958 675 1021 lihri,
694 975 933 1035 _neenon
968 962 1200 1030 adjectio
1228 966 1569 1033 sequentium
1596 966 1814 1035 pontiﬁ-

198 1063 354 1111 cum,
392 1048 446 1100 in
486 1031 797 1104 Colbcrt'ino
823 1052 1038 1120 quidem
1088 1054 1155 1107 ad
1208 1031 1505 1109 Adrianum
1554 1031 1805 1126 primum,

192 1147 256 1192 et
280 1137 525 1193 Leonem
555 1149 839 1209 quartum;
869 1141 922 1195 in
965 1141 1225 1198 Vaticano
1264 1160 1409 1209 vero,
1441 1162 1536 1201 seu
1581 1145 1811 1202 Christi-

201 1229 372 1282 niano
424 1239 486 1283 et
532 1230 899 1286 Alexandrino
945 1233 1017 1305 ad
1052 1232 1367 1289 Paschalem
1396 1236 1447 1301 l;
1498 1236 1587 1290 ubi
1644 1239 1809 1292 etiam

195 1321 402 1393 legitur
423 1324 795 1379 testimonium
823 1328 996 1382 aetatis
1022 1328 1076 1382 in
1109 1331 1365 1399 periocha
1405 1332 1488 1386 his
1533 1340 1805 1402 concepta

197 1415 423 1469 verbis:
459 1415 506 1468 Α
530 1419 775 1485 passione
815 1418 1026 1473 Domini
1072 1424 1236 1476 nostri
1256 1423 1385 1477 Jesu
1422 1424 1615 1477 Christi
1647 1442 1807 1495 usque

192 1507 265 1557 ad
287 1507 471 1560 sedem
500 1508 785 1562 beatissimi
818 1509 1120 1565 Marcellini
1151 1531 1302 1583 papa:
1334 1525 1454 1568 sunt
1504 1516 1631 1570 anni
1672 1516 1802 1581 276,

190 1616 402 1653 menses
428 1602 485 1655 8.
538 1600 618 1654 De
654 1602 951 1671 apostolatu
986 1604 1102 1673 jam
1133 1606 1275 1675 [acto
1315 1606 1511 1661 Christi
1555 1609 1802 1679 martyris

200 1692 507 1747 Marcellini
559 1711 722 1765 usque
760 1696 830 1749 ad
875 1706 1075 1767 tempus
1097 1698 1300 1752 domini
1348 1699 1527 1754 Caroli
1555 1702 1688 1771 regis
1734 1701 1804 1755 25

195 1787 352 1838 annis
374 1787 526 1855 regni
549 1787 684 1855 ejus,
727 1788 825 1841 hoc
870 1798 945 1841 est
980 1806 1139 1859 usque
1170 1791 1239 1843 ad
1288 1807 1380 1845 vm
1430 1790 1555 1845 Kal.
1604 1792 1801 1861 Aprilis

1918 605 2179 660 vicarium
2194 622 2350 662 suum
2372 610 2891 667 nominatSimonem
2913 613 3210 682 Bar-Jona,
3239 619 3510 675 Simonem

1916 695 2087 764 ﬁlium
2115 697 2358 765 Joannis,
2389 701 2582 756 deinde
2607 700 2830 773 Cephas,
2862 704 3075 760 Petrum
3120 708 3335 779 (Matth.
3369 715 3509 783 xvr).

1916 785 2228 842 Prreeursor
2288 789 2489 845 Christi
2539 793 2775 850 Joannes
2824 797 2891 851 de
2940 813 3139 867 genere
3185 803 3510 858 sacerdotali

1914 875 2114 932 dicitur
2133 878 2369 936 Joannes
2393 882 2665 938 Zacharia:
2695 886 2861 954 ﬁlius.
2884 889 3124 946 Joannes
3147 894 3505 965 evangelista,

1912 975 1968 1019 et
2010 967 2244 1025 Iacobus
2274 970 2515 1039 ejusdem
2549 974 2716 1030 frater
2742 978 2916 1031 vocati
2946 980 3401 1050 ad-apostolatum
3430 986 3509 1039 di.

1912 1070 2109 1115 cuntur
2150 1062 2249 1130 ﬁlii
2297 1061 2538 1119 Zebedei.
2593 1064 2739 1122 Satis
2785 1068 2961 1124 elucet
3011 1071 3095 1125 his
3137 1072 3189 1125 in
3240 1074 3507 1143 exemplis

1909 1151 2247 1205 consuetudo
2278 1154 2453 1208 aetatis
2506 1170 2570 1209 ac
2609 1157 2843 1227 regionis
2889 1177 2903 1213 :
2955 1176 3117 1230 quam
3164 1162 3232 1215 ab
3261 1162 3501 1218 Hebrmis

1910 1240 2111 1309 passim
2138 1250 2402 1297 retentam
2417 1259 2479 1299 ea
2502 1252 2822 1316 tempestate
2848 1249 3176 1307 addiscimus
3196 1252 3265 1306 ab
3285 1268 3505 1307 eorum-

1911 1330 2033 1383 dcm
2084 1334 2363 1390 sacerdote
2402 1345 2566 1406 atque
2610 1338 2871 1395 historico
2918 1340 3171 1411 Josepho,
3221 1345 3501 1413 proprium

1911 1438 2105 1477 nomen
2131 1425 2202 1479 ita
2242 1429 2596 1496 consignanle
2622 1431 2673 1484 in
2696 1432 2919 1503 prologo
2953 1434 3019 1488 ad
3050 1434 3244 1488 librum
3268 1436 3334 1490 de
3359 1435 3501 1492 bello

1906 1513 2131 1571 Iudaico
2179 1536 2193 1571 :
2237 1516 2352 1589 Ego
2399 1518 2659 1591 Iosephus
2710 1521 2985 1578 Natathia:
3019 1525 3185 1593 ﬁlius,
3212 1525 3500 1591 Hebrams,

1906 1607 2151 1661 sacerdos
2202 1624 2266 1663 ea:
2304 1608 2705 1681 Hierosolymis.
2768 1612 2906 1680 Quid
2949 1615 3075 1669 huic
3117 1617 3499 1671 consuetudini

1906 1696 2156 1762 similius,
2182 1714 2342 1768 quam
2381 1715 2445 1755 ea
2475 1716 2597 1770 qua:
2644 1711 2894 1757 servatur
2936 1704 2990 1757 in
3041 1704 3279 1760 secundo
3334 1704 3495 1760 Cata-

1854 1826 1865 1835 .
1906 1788 2065 1860 logo?
2099 1790 2368 1852 Anicetus.
2410 1795 2622 1847 natione
2649 1793 2835 1864 Syrus,
2886 1812 2950 1849 ea:
2977 1806 3124 1867 patre
3154 1797 3384 1863 Joanne,
3428 1800 3505 1853 de

192 1885 315 1939 sunt
344 1876 479 1927 anni
501 1874 609 1931 490
637 1887 683 1929 et
707 1893 903 1930 menses
934 1878 1018 1930 15.
1050 1877 1175 1933 llmc
1203 1881 1269 1934 de
1296 1880 1674 1951 Catalogorum
1704 1899 1798 1937 an-
1830 1867 1874 1924 Β
1902 1882 2011 1935 vico
2040 1882 2241 1949 Amisa,
2264 1891 2371 1938 etc.
2396 1882 2550 1949 Pius,
2575 1886 2784 1939 natione
2806 1885 3001 1952 Italus,
3027 1903 3092 1941 ea:
3110 1897 3258 1958 patre
3280 1888 3503 1958 Ruﬁno,

194 1967 474 2036 tiquitate,
510 1983 575 2023 ac
617 1969 685 2023 de
716 1978 981 2026 vetustate
1006 1982 1169 2039 atque
1197 1975 1523 2030 auctoritate
1549 1976 1793 2032 codicum

194 2059 335 2113 unde
365 2059 541 2127 petita
584 2060 753 2113 editio
806 2061 1017 2115 illorum
1069 2062 1189 2129 fuit,
1224 2064 1493 2121 delibasse
1546 2065 1791 2122 suﬁiciat.

184 2146 290 2214 Qui
320 2148 485 2216 plura
512 2148 686 2218 cupit,
712 2150 868 2204 adeat
896 2150 1170 2208 laudatam
1199 2152 1565 2211 Scbelcstratii
1593 2156 1795 2211 disser-

188 2239 485 2292 tationem.

256 2329 343 2383 16.
389 2330 612 2385 Gradus
660 2332 783 2387 inde
833 2330 1112 2390 faciendus
1162 2344 1245 2391 est
1285 2336 1352 2391 ad
1407 2337 1789 2408 inquirendum

185 2419 251 2475 de
275 2422 617 2478 auctoritate
641 2438 817 2477 rerum
858 2426 911 2479 in
936 2435 1165 2496 utroque
1194 2427 1452 2498 Cataiogo
1477 2430 1787 2482 enuntiata-

185 2525 324 2563 rum.
358 2510 694 2566 Summatim
723 2514 987 2580 agendum
1011 2524 1115 2580 est,
1168 2516 1363 2585 quibus
1393 2506 1657 2571 subnixus
1687 2518 1786 2571 do-

182 2590 461 2656 cumentis
490 2613 684 2659 auctor
732 2606 912 2674 quarti
962 2607 1144 2663 srcculi
1192 2609 1292 2663 sub
1322 2607 1540 2663 Liberio
1587 2610 1787 2664 rescire

184 2702 387 2759 posset,
419 2708 485 2748 ac
516 2695 673 2749 nobis
706 2697 917 2751 tradere
941 2714 1273 2768 quaecunque
1296 2700 1495 2769 scripta
1530 2701 1710 2755 retulit
1732 2702 1785 2756 in

183 2785 421 2852 primum
446 2786 800 2857 Catalogum;
830 2792 1054 2861 parique.
1080 2792 1196 2863 lege
1217 2795 1565 2863 qmerendum
1607 2807 1689 2851 est
1718 2798 1784 2853 de

181 2876 411 2930 alterius
431 2878 677 2949 Catalogi
706 2891 927 2936 auctore
964 2883 1063 2938 sub
1090 2882 1415 2949 Iustiniano,
1451 2888 1776 2954 quibusnam

184 2965 253 3020 de
276 2966 514 3023 fontibus
549 2969 826 3036 hauserit;
860 2981 971 3026 tum
1000 2988 1061 3026 ea
1091 2990 1212 3043 quzc
1241 2974 1440 3043 adjecit
1469 2990 1631 3045 supra
1675 2977 1784 3032 Ca-

183 3057 423 3133 talogum
453 3060 693 3130 primum
722 3063 1067 3132 pontiﬁcibus
1089 3065 1140 3119 in
1168 3080 1233 3119 eo
1261 3068 1574 3120 memoratis
1607 3082 1780 3137 usque

178 3153 243 3204 ad
268 3150 578 3217 Liberium,
609 3163 719 3207 tum
748 3170 811 3208 ea
841 3172 959 3224 qua:
1008 3156 1060 3209 in
1087 3156 1301 3211 cancris
1340 3166 1462 3228 post
1505 3157 1777 3213 Liberium

176 3243 436 3311 perduxit
475 3246 545 3298 ad
577 3246 812 3301 Felicem
836 3246 924 3301 IV.

247 3331 319 3386 Ut
338 3333 513 3401 justze
535 3334 895 3404 disquisitioni
924 3336 1120 3392 faciam
1164 3337 1317 3404 satis,
1349 3340 1550 3395 attendi
1593 3338 1773 3407 velim,

180 3418 228 3474 in
267 3423 446 3490 priori
477 3422 736 3494 Catalogo
779 3441 808 3479 a
838 3435 1025 3482 sancto
1067 3427 1227 3483 Petro
1256 3430 1320 3483 ad
1362 3428 1635 3483 Liberium
1664 3431 1776 3485 lucc

180 3519 454 3571 recenseri
505 3517 557 3570 in
608 3517 832 3589 singulis
864 3519 1206 3588 pontiﬁcibus
1250 3539 1263 3574 :
1317 3538 1535 3581 nomen,
1584 3537 1773 3588 annos,

174 3620 416 3671 menses,
450 3623 517 3661 ac
575 3608 692 3662 dies
752 3612 1065 3665 eorumdcm
1129 3613 1448 3681 regiminis;
1496 3613 1773 3668 consulum

175 3698 344 3767 paria,
397 3697 599 3765 quibus
649 3698 862 3753 initium
909 3716 974 3754 ac
1026 3702 1186 3756 ﬁnem
1217 3703 1566 3772 pontiﬁcatus
1595 3703 1777 3757 consi-

173 3795 337 3855 gnat;
392 3796 449 3840 et
499 3786 695 3841 alicubi
744 3789 959 3843 decreta
1015 3791 1289 3856 nonnulla,
1324 3801 1383 3845 ut
1414 3792 1466 3845 in
1496 3790 1769 3857 Fabiano;

172 3876 382 3945 aliquot
404 3891 536 3931 vero
562 3877 786 3932 nidiﬁcia
818 3879 870 3932 in
896 3878 1057 3945 Julio,
1089 3896 1248 3950 quem
1293 3881 1538 3936 Liberius
1570 3884 1775 3951 excipit

175 3968 311 4021 illius
342 3966 588 4036 Catalogi
613 3978 936 4035 postremus.
962 3969 1016 4023 in
1036 3971 1272 4025 secundo
1303 3982 1483 4025 autem
1513 3971 1773 4042 Catalogo

173 4059 395 4113 additur
432 4073 634 4113 nomen
670 4060 860 4129 patris,
889 4070 945 4114 et
983 4060 1132 4116 locus
1158 4062 1209 4115 in
1242 4060 1408 4127 Urbe,
1439 4072 1533 4116 aut
1572 4063 1623 4117 in
1651 4078 1775 4132 pro-

172 4154 373 4217 vincia,
406 4153 500 4207 ubi
535 4162 693 4207 natus
723 4163 805 4209 est
856 4155 900 4208 is
928 4156 1017 4225 qui
1072 4155 1313 4224 pontifex
1360 4164 1545 4226 postea
1579 4158 1768 4212 evasit.

171 4244 397 4313 Adjecta
440 4253 563 4297 sunt
598 4244 813 4299 decreta
844 4254 896 4299 et
925 4246 1291 4301 institutiones
1335 4248 1533 4301 rituum
1581 4262 1769 4303 sacro-

172 4351 313 4399 tum,
342 4335 650 4404 prmscrtim
698 4336 750 4390 in
798 4335 1071 4391 sacriﬁcio
1119 4338 1297 4392 missae
1322 4340 1651 4408 peragendo,
1679 4348 1772 4394 aut

172 4429 313 4482 circa
346 4427 618 4496 publicam
651 4426 900 4481 Ecclesia:
938 4427 1277 4497 disciplinam
1329 4430 1576 4484 inductze.
1604 4430 1770 4497 Adje-

166 4528 269 4574 cta:
296 4521 466 4573 etiam
494 4519 864 4573 ordinationes
892 4519 943 4572 in
987 4519 1185 4589 duplici
1213 4520 1402 4575 ordine
1432 4522 1767 4577 hierarchico

1899 1970 2067 2038 frater
2098 1972 2356 2038 Pastoris,
2384 1975 2450 2029 de
2475 1976 2682 2030 civitate
2726 1977 2990 2047 Aquileia,
3033 1988 3138 2034 etc.
3194 1978 3369 2045 Soter,
3398 1998 3498 2035 na-

1896 2061 2036 2115 tione
2061 2061 2382 2133 Campanus,
2406 2081 2470 2119 ea:
2489 2075 2638 2136 patre
2666 2065 2982 2133 Concordia,
3012 2070 3076 2124 de
3098 2068 3319 2125 Cioitate
3347 2069 3496 2126 Fun-

1891 2151 2001 2215 dis,
2028 2161 2133 2208 etc.
2166 2153 2401 2217 Eleuter,
2437 2157 2648 2210 natione
2668 2155 2904 2223 ercus,
2937 2175 3002 2214 ea:
3023 2169 3172 2229 patre
3198 2161 3496 2225 Abundan—

1893 2241 1987 2305 tio,
2020 2244 2084 2297 de
2120 2245 2308 2313 Oppido
2356 2245 2633 2315 Nicopoli,
2679 2255 2785 2301 etc.
2818 2248 2974 2318 Apud
3029 2250 3303 2305 Romanos
3333 2265 3487 2315 vero,

1890 2334 2194 2402 prmsertim
2224 2336 2275 2389 in
2312 2336 2584 2408 Catalogis
2626 2339 3004 2403 contexendis,
3052 2340 3104 2393 id
3128 2342 3329 2409 passim
3372 2356 3491 2397 ser-

1894 2431 2076 2477 vatum
2129 2423 2295 2480 fuisse
2343 2428 2539 2482 docent
2586 2428 2993 2498 inscriptiones.
3052 2430 3188 2485 Cum
3231 2432 3375 2486 enim
3431 2433 3488 2487 in

1891 2509 2138 2578 pluribus
2164 2513 2287 2566 vitae
2317 2513 2494 2568 civilis
2528 2514 2718 2569 usibus
2740 2515 2989 2570 habenda
3020 2526 3164 2572 esset
3187 2519 3329 2573 ratio
3357 2530 3491 2573 aeta-

1892 2600 1983 2666 tis,
2016 2600 2343 2672 familiazque
2385 2604 2611 2673 plebeia:
2646 2615 2741 2659 aut
2784 2607 3033 2676 patriciae
3083 2622 3146 2662 ea
3186 2610 3486 2665 necessitas

1890 2694 2228 2747 memorandi
2258 2702 2535 2763 parentes,
2569 2694 2826 2763 patriam,
2857 2704 3073 2751 aetatem
3103 2696 3316 2753 induxit
3341 2699 3488 2768 apud

1890 2781 2164 2838 Romanos
2189 2786 2635 2841 consuetudinem
2659 2794 2719 2841 ut
2738 2787 2825 2841 illa
2855 2789 3176 2857 plerumque
3201 2790 3486 2859 consigna-

1890 2882 2079 2926 rentur
2126 2888 2232 2928 non
2288 2876 2449 2929 modo
2503 2877 2557 2930 in
2604 2877 2759 2932 libris
2808 2878 3073 2933 censoriis
3126 2879 3308 2948 (unde
3352 2896 3485 2951 pars

1887 2964 2123 3017 maxima
2160 2964 2474 3019 eorumdem
2501 2966 2743 3021 historiae
2774 2966 2949 3031 ﬁnxit,
2983 2976 3120 3023 teste
3148 2969 3217 3023 Μ.
3258 2970 3481 3038 Tullio),

1886 3069 2077 3109 verum
2105 3055 2269 3108 etiam
2316 3056 2369 3109 in
2414 3056 2611 3112 tabulis
2641 3058 2988 3123 marmoreis,
3013 3060 3345 3116 auctoritate
3375 3076 3480 3129 pu-

1884 3147 2024 3201 blica
2061 3148 2251 3217 positis
2278 3157 2371 3202 aut
2398 3149 2630 3217 privata.
2659 3149 2814 3215 Quod
2842 3160 3022 3205 autem
3066 3153 3274 3207 attendi
3305 3168 3482 3208 mere-

1807 3223 1852 3284 C
1885 3248 1993 3302 tur,
2018 3241 2288 3310 praecipue
2316 3242 2368 3295 in
2396 3242 2635 3296 secundo
2658 3241 2934 3313 Catalogo,
2982 3243 3034 3297 id
3069 3252 3175 3308 est,
3204 3244 3257 3298 in
3292 3244 3478 3299 Ponti-

1885 3332 2075 3386 ﬁcibus
2098 3331 2358 3387 Romanis
2380 3333 2434 3387 in
2458 3333 2603 3389 Urbe
2627 3337 2791 3399 natis,
2818 3349 2925 3389 non
2951 3336 3474 3403 memoraritribum,

1881 3424 1967 3476 cui
2006 3432 2163 3477 erant
2186 3424 2408 3493 ascripti
2431 3432 2489 3478 ut
2509 3424 2672 3486 cives,
2702 3425 2796 3480 sed
2831 3426 3115 3494 regionem.
3146 3425 3204 3480 Id
3232 3440 3363 3483 vero
3392 3428 3476 3482 in-

1880 3513 2043 3577 dicat,
2069 3523 2128 3568 ut
2153 3530 2255 3585 ego
2290 3516 2545 3581 arbitror,
2588 3506 2753 3571 hasce
2791 3516 3060 3581 nationes,
3087 3532 3208 3585 quae
3234 3517 3287 3571 in
3315 3518 3476 3573 Cata-

1880 3607 2016 3676 logis
2072 3609 2457 3677 reperiuntur,
2513 3609 2679 3665 fuisse
2733 3609 2988 3666 collectas
3034 3624 3104 3666 ex
3166 3613 3364 3668 tabulis
3414 3622 3473 3668 et

1882 3698 2107 3767 regestis
2136 3699 2455 3769 conscriptis
2503 3714 2602 3769 per
2658 3707 2864 3768 septem
2910 3701 3155 3755 notarios
3209 3702 3470 3758 Ecclesia:

1880 3786 2153 3856 Romanae,
2185 3804 2215 3842 a
2244 3789 2524 3845 Clemente
2553 3790 2570 3843 l
2597 3790 2740 3844 Petri
2775 3791 3040 3861 discipulo
3066 3801 3122 3846 et
3150 3808 3469 3849 successore

1878 3881 2181 3951 assignatus
2234 3882 2461 3937 totidem
2501 3882 2816 3951 regionibus
2850 3883 3235 3939 ecclesiasticis
3282 3884 3470 3951 Urbis,

1878 3972 1933 4026 in
1960 3988 2095 4041 quas
2113 3973 2389 4027 contraxit
2414 3974 2822 4042 quattuordecim
2840 3976 2908 4028 ab
2932 3975 3174 4045 Augusto
3194 3977 3467 4032 constitu-

1877 4068 1982 4123 tas,
2004 4062 2072 4115 ad
2102 4068 2403 4130 martyrum
2431 4071 2581 4132 gesta
2606 4062 2928 4130 colligenda.
2958 4062 3255 4134 Martyrum
3279 4074 3465 4119 autem

1877 4150 1929 4204 in
1960 4166 2185 4205 numero
2213 4160 2339 4205 sunt
2364 4166 2553 4205 omnes
2598 4152 2828 4204 Romani
2871 4154 3156 4220 pontiﬁces
3188 4169 3358 4223 usque
3395 4156 3466 4222 ad

1876 4241 2229 4312 Sylvestrum.
2283 4240 2384 4294 Hic
2433 4241 2554 4311 fecit
2599 4251 2791 4311 septem
2824 4243 3059 4312 regiones
3108 4243 3259 4313 (sunt
3293 4246 3464 4301 verba

1873 4332 2114 4403 Catalogi
2142 4333 2362 4389 secundi
2388 4334 2439 4386 in
2463 4333 2761 4404 Clemente)
2786 4344 2834 4387 et
2859 4334 3033 4387 divisit
3075 4336 3293 4391 notariis
3329 4337 3465 4405 ﬁde-

1873 4425 2006 4479 libus
2033 4423 2303 4490 Ecclesiae,
2326 4424 2420 4494 qui
2443 4435 2587 4494 gesta
2610 4434 2902 4494 martyrum
2933 4424 3154 4480 sollicite
3180 4435 3227 4479 et
3255 4428 3463 4482 curiose

1872 4533 2008 4574 unus
2043 4533 2268 4582 QUISQUB
2308 4533 2407 4570 pen
2444 4532 2710 4572 REGIONEN
2738 4532 2875 4571 sunt
2901 4516 3178 4587 diligenter
3196 4519 3461 4589 perquire-

168 4608 331 4676 hujus
353 4616 557 4663 sancta:
584 4606 836 4663 Ecclesiae
874 4607 1152 4673 Romanae,
1185 4609 1623 4680 presbyterorum
1655 4613 1764 4668 sci-
1799 4593 1845 4652 D
1872 4617 1967 4661 ret.
1992 4606 2105 4661 Mos
2128 4607 2228 4661 iste
2249 4607 2316 4661 ad
2340 4613 2589 4660 octavum
2612 4606 2866 4660 szeculum
2890 4607 3183 4675 perductus
3205 4618 3308 4673 est,
3332 4623 3459 4662 cum

169 4700 294 4754 licet
319 4714 385 4753 ac
408 4698 781 4762 diaconorum,
816 4714 1021 4754 necnon
1058 4699 1431 4768 episcoporum
1476 4710 1628 4755 extra
1657 4699 1765 4755 Ur-

165 4793 312 4856 bem,
340 4793 412 4847 ab
454 4791 575 4845 aliis
615 4789 959 4860 pontiﬁcibus
1000 4791 1305 4845 celebratae.
1353 4790 1459 4845 Per
1489 4792 1607 4847 illas
1636 4808 1764 4846 vero

164 4892 379 4947 :etates,
408 4882 552 4935 unde
596 4880 881 4952 incipiunt,
911 4890 966 4934 et
992 4881 1045 4934 in
1078 4896 1214 4950 quas
1241 4880 1497 4935 desinunt
1522 4881 1762 4953 Catalogi

164 4974 434 5044 przedicti,
466 4987 565 5026 usu
598 4981 874 5041 receptum
925 4982 1043 5026 erat
1092 4972 1208 5026 haec
1254 4972 1433 5026 omnia
1488 4974 1763 5029 memoria:

165 5070 452 5131 mandare,
476 5067 772 5137 prmertim
797 5066 850 5120 in
881 5064 1252 5135 describendis
1278 5065 1544 5121 indicibus
1572 5082 1756 5121 sacer—

1870 4700 2012 4756 infra
2040 4700 2310 4756 Adrianus
2336 4701 2355 4754 l
2377 4700 2548 4773 (num.
2582 4700 2709 4769 29l)
2747 4715 2777 4754 a
2820 4699 2989 4754 Paulo
3015 4699 3034 4753 Ι
3064 4699 3230 4755 fuerit
3253 4700 3457 4756 consti-

1869 4799 2015 4845 tutus
2046 4792 2282 4845 notarius
2307 4790 2656 4861 regionarius.
3278 4810 3282 4815 ’

1938 4884 2189 4953 Legimus
2215 4883 2396 4952 itaque
2434 4882 2485 4935 in
2523 4881 2759 4938 secundo
2796 4879 3053 4948 Catalogo
3079 4896 3094 4935 :
3124 4877 3320 4947 Cletus,
3357 4899 3453 4937 na-

1864 4976 2004 5029 tione
2056 4974 2345 5039 Romanus,
2392 4974 2456 5027 de
2507 4973 2711 5043 regione
2750 4969 2912 5025 Caelio
2956 4980 3148 5034 monte,
3199 4987 3264 5024 ea:
3301 4982 3451 5042 putre

1861 5064 2144 5130 Faustino,
2186 5075 2293 5120 etc.
2330 5063 2587 5135 Regionis
2623 5061 2853 5117 Urbana:
2898 5061 3155 5117 iudicatio
3181 5063 3450 5119 omittitur

1860 5156 1912 5211 in
1949 5156 2250 5227 Zephyrino
2280 5156 2526 5226 proximo
2556 5154 2840 5208 decessore
2873 5151 3078 5207 Callisti
3112 5172 3124 5206 :
3157 5155 3301 5223 quod
3342 5157 3449 5210 sci-

1856 5249 1987 5303 licet
2024 5249 2177 5311 Acta,
2210 5264 2329 5317 quae
2358 5246 2490 5301 satis
2520 5246 2727 5315 integra
2758 5244 2858 5299 sub
2895 5243 3186 5299 Antoninis
3229 5255 3445 5301 servata

1862 5339 2090 5405 fuerant,
2124 5356 2246 5395 cum
2291 5338 2366 5392 illi
2411 5336 2683 5406 principes
2713 5335 3007 5390 Ecclesium
3051 5336 3236 5389 mitius
3276 5335 3445 5392 habe-

1856 5441 2000 5496 rent,
2026 5432 2161 5486 adeo
2188 5430 2395 5484 turbata
2428 5438 2556 5480 sunt
2591 5426 2643 5481 in
2674 5425 3136 5496 persecutionibus
3174 5424 3359 5480 Severi
3386 5435 3443 5481 et

1856 5522 2026 5587 Decii,
2053 5530 2113 5574 ut
2151 5518 2486 5590 providentia
2524 5516 2746 5572 Fabiani
2778 5516 2878 5571 sub
2903 5515 3063 5569 Decio
3088 5514 3230 5583 passi
3275 5515 3442 5569 fuerit

1856 5612 2053 5666 iterato
2076 5609 2490 5670 occurrendum,
2535 5623 2603 5663 ne
2640 5607 2860 5665 omnino
2885 5605 3185 5669 interirent,
3220 5616 3275 5660 et
3308 5621 3440 5662 con-

1855 5701 2137 5757 sulendum
2169 5699 2495 5770 reparationi
2538 5700 2793 5754 Actorum
2830 5704 3097 5760 veterum,
3134 5711 3197 5751 ac
3226 5694 3436 5749 futuro-

1855 5809 1972 5848 rum
2028 5791 2304 5849 securitati
2372 5807 2469 5863 per
2528 5806 2719 5847 novam
2769 5780 3087 5845 divisionem
3157 5801 3432 5858 regionum

164 5162 371 5213 dolum.
410 5156 714 5213 Videndum
741 5164 826 5213 est
845 5167 1097 5213 accurate
1124 5172 1219 5225 per
1250 5156 1477 5227 singula.

233 5258 324 5313 Π.
374 5256 588 5312 Nomen
646 5257 919 5326 pontiﬁcis
970 5253 1299 5324 conjungere
1351 5270 1471 5309 cum
1518 5258 1756 5324 parentis

166 5348 503 5403 indicatione
530 5347 769 5402 solemne
799 5346 902 5401 fuit
927 5354 1040 5400 tum
1072 5347 1211 5420 apud
1246 5344 1601 5410 Christianos,
1643 5356 1754 5401 tum

164 5439 303 5506 apud
327 5438 606 5501 Hebrmos,
646 5436 755 5491 imo
776 5444 831 5490 et
859 5435 998 5504 apud
1023 5433 1294 5488 Romanos
1321 5434 1584 5499 ethnicos,
1616 5449 1749 5488 con-

166 5536 341 5584 stante
391 5528 514 5583 Vita
546 5528 687 5583 beati
721 5526 886 5581 Petri.
937 5525 1151 5580 Nullum
1197 5525 1578 5579 documentum
1625 5526 1747 5578 illu—

168 5623 329 5686 strius
352 5620 535 5675 afferri
557 5627 736 5691 potest
760 5633 921 5687 quam
943 5618 1084 5688 quod
1107 5617 1465 5672 sacrosanctis
1485 5615 1539 5669 in
1568 5615 1746 5669 Evan-

164 5710 316 5778 geliis
362 5712 566 5765 veritas
616 5708 972 5779 consignavit.
1021 5707 1178 5764 Iesus
1229 5706 1477 5762 Christus
1514 5715 1747 5761 aeternus

165 5802 403 5869 pontifex
446 5819 476 5856 a
529 5802 747 5857 Simone
792 5818 915 5857 cum
954 5802 1243 5867 diceretur,
1281 5800 1605 5857 iudicationc
1632 5801 1746 5856 veri
