4010 6302
490 378 582 434 -Π

1243 358 1335 414 AD
1373 344 1815 410 ANASTASIUM
1848 331 2366 400 PBOLEGOMENA
2403 329 2581 389 EDlT.
2618 317 3044 386 ROM.-VAT|C.

3713 309 3790 369 ιδ

517 496 722 561 septem
756 483 811 540 in
834 477 1009 546 Urbe,
1032 472 1257 532 totidem
1283 466 1528 527 diaconis
1549 459 1860 533 assignatis,
1875 452 2104 529 parique
2131 454 2178 514 Α
2207 463 2344 504 anno
2407 443 2630 514 suscepti
2681 442 3007 512 episcopatus
3059 426 3331 488 undecimo
3360 469 3376 494 ,
3430 422 3793 497 pontiﬁcatum

1575 558 1587 561 -
1778 553 1790 561 -
2054 545 2067 556 -
2217 538 2461 561 ουκ-...η
2506 532 2650 561 ..-ιλ
2698 529 2909 561 “non...
2963 518 3035 561 ,ἐν
3090 521 3346 561 Πηηῑιηιι-
3397 516 3647 561 Historias.
3680 515 3793 561 An—

516 583 692 639 ferme
722 588 949 633 numero
983 567 1458 626 subdiaconorum,
1498 558 1591 630 qui
1618 553 1858 611 notarios
1899 545 2101 604 sollici-

519 638 699 731 tarent
739 670 809 725 ad
854 659 1153 733 colligenda
1193 663 1491 726 martyrum
1525 656 1675 720 gesta
1707 660 1723 699 :
1751 638 2102 714 quemadmo-

518 767 646 822 dum
678 769 907 829 uterque
943 749 1233 820 Catalogus
1270 752 1502 801 teStatur
1546 742 1602 795 in
1646 736 1907 798 Fabiano,
1951 744 2103 786 num.

517 821 581 915 ἐι
612 876 625 911 :
663 853 765 909 Hic
795 821 1028 921 regiones
1052 841 1226 897 divisit
1271 833 1598 891 diacoaibus.
1627 829 1711 884 ita
1751 825 1920 881 refert
1951 821 2110 876 Cata-

515 908 674 1017 l—o‘gus
716 908 943 1014 primus.
986 931 1150 989 Addit
1200 925 1468 986 secundus
1513 919 1841 989 Catalogus:
1874 911 1941 967 Et
1988 908 2107 981 fecit

519 1052 613 1092 sea:
637 1030 1011 1090 subdiacouos,
1050 1021 1141 1091 qui
1182 1026 1377 1087 septem
1420 1010 1639 1067 notariis
1675 1005 2026 1064 imminerent,
2051 1007 2108 1053 ut

520 1136 664 1201 gesta
695 1132 986 1192 martyrum
1015 1113 1241 1187 ﬁdeliter
1275 1107 1597 1177 colligerent.
1628 1099 1829 1155 Verum
1853 1097 1969 1151 tunc
1994 1092 2112 1162 ipsa

520 1180 674 1291 gesta
711 1211 1015 1269 recentiora
1064 1202 1291 1260 collecta
1332 1206 1454 1270 post
1497 1193 1817 1252 Fabianum,
1861 1180 2111 1239 incendio

519 1275 840 1384 plerumque
903 1300 1113 1359 sublata
1175 1310 1272 1367 per
1326 1291 1619 1346 immanem
1682 1275 2113 1354 persecutionem

521 1375 860 1468 liiocletiani,
886 1393 1131 1470 praeclari
1168 1389 1349 1461 operis
1377 1382 1630 1454 reliquias
1667 1375 1954 1434 admodum
1981 1384 2114 1440 pan-

523 1517 616 1559 eas
639 1480 805 1556 nobis
829 1465 1745 1552 transmiserunt,‘quemadmodum
1772 1465 2121 1529 Schelestrag

519 1554 895 1650 ti'u's'annotat
940 1582 1007 1638 ad
1049 1582 1193 1635 hunc
1233 1575 1414 1629 locum
1442 1587 1456 1623 :
1483 1567 1562 1623 De
1600 1562 1785 1635 paucis
1828 1554 2114 1625 admodum

522 1677 864 1751 martyribus,
903 1672 1003 1735 ait,
1047 1665 1242 1721 mentio
1279 1662 1338 1730 fit
1376 1659 1433 1713 in
1475 1652 1769 1725 antiquiore
1816 1644 2113 1714 Catalogo;

521 1781 572 1828 et
619 1734 801 1824 eorum
848 1734 995 1817 Acta
1025 1773 1135 1814 non
1173 1751 1441 1815 describit,
1478 1745 1569 1802 sed
1621 1751 1820 1798 tantum
1872 1734 2114 1805 martyrii

522 1876 684 1935 genus
709 1855 867 1912 ’verbo
896 1851 1115 1907 indicat.
1157 1844 1309 1900 Unde
1348 1849 1523 1913 putem
1557 1837 1689 1891 Acta
1722 1840 2038 1901 martyrum,

524 1915 747 2007 notariis
794 1955 841 1999 et
890 1935 1295 1997 subdiacom'bus
1323 1929 1599 2002 primitivis
1632 1921 1879 1978 Ecclesia:
1918 1915 2114 1972 descri-

522 2051 635 2114 pta,
662 2040 719 2092 in
746 2031 1155 2107 persecutionem
1189 2019 1500 2094 Diocletiani
1544 2030 1663 2070 cum
1703 2010 1906 2067 steteris
1934 2004 2114 2059 Eccle-

526 2097 621 2185 '85!!!
646 2097 963 2182 membranis
985 2119 1219 2192 periisse.
1245 2112 1337 2168 Vel
1358 2112 1403 2167 si
1424 2124 1540 2182 qua:
1560 2108 1763 2177 integra
1786 2117 1851 2157 ea:
1874 2097 2114 2155 incendio

527 2227 821 2280 evaserunt,
863 2229 925 2267 ea
971 2210 1039 2265 ad
1084 2220 1273 2261 manus
1312 2209 1518 2269 nostras
1558 2212 1663 2251 non
1696 2191 1979 2255 devenisse,
2025 2185 2114 2241 sed

530 2320 818 2379 temporum
840 2309 1089 2357 uetustate
1106 2296 1267 2367 ferme
1293 2291 1471 2346 omnia
1494 2293 1798 2356 consumpta
1821 2297 1951 2338 esse.
1980 2278 2116 2333 Acta

528 2377 661 2456 vero
690 2398 841 2468 plura
865 2399 1077 2450 servata
1107 2395 1233 2445 sunt
1260 2390 1583 2461 martyrum,
1614 2377 1705 2449 qui
1728 2377 2121 2446 praecesserant

529 2512 546 2551 ι
576 2501 645 2549 et
683 2461 724 2546 ir
768 2485 967 2543 saeculo
997 2497 1121 2538 aera:
1169 2475 1494 2535 Christianae
1529 2484 1653 2526 cum
1698 2464 1970 2536 descripta
2004 2461 2119 2532 jam

528 2584 710 2639 forent
738 2582 932 2644 exiguo
977 2580 1069 2627 aut
1104 2567 1256 2624 nullo
1294 2561 1536 2635 periculo
1564 2559 1667 2615 sub
1694 2552 2015 2617 Antoninis;
2046 2551 2118 2603 ita

531 2682 592 2728 ut
620 2668 950 2741 Hcgesippus
981 2662 1167 2715 Romae
1210 2669 1375 2727 agens
1392 2653 1535 2723 ﬁnde
1562 2646 1797 2721 potuerit
1831 2658 1894 2700 ea
1922 2651 2121 2710 tempe-

533 2771 676 2821 state
700 2730 989 2816 contexere
1016 2754 1183 2809 libros
1203 2748 1442 2819 quinque
1469 2738 1850 2799 ecclesiasticae
1871 2730 2123 2788 Historia:

535 2858 637 2915 sub
656 2854 945 2910 Eleutliero
957 2861 1132 2918 papa,
1171 2841 1400 2897 testibus
1440 2836 1766 2904 Hieronymo
1791 2837 1847 2883 et
1870 2822 2120 2886 Eusebio,

537 2938 768 3020 quorum
798 2950 955 2998 astate
972 2912 1299 3007 superstites
1319 2928 1497 2984 luisse
1529 2925 1668 2981 idem
1697 2917 1965 2977 Eusebius
1991 2912 2126 2969 scri-

536 3003 733 3097 bitJib.
758 3050 833 3100 Iv,
856 3047 977 3102 cap.
1005 3003 1096 3081 ἓξ..
1130 3024 1218 3080 .Ex
1260 3020 1452 3076 iisdem
1493 3008 1911 3072 Commentariis
1949 3003 2123 3074 Hege-

539 3094 698 3204 sippi,
731 3094 852 3184 cum
879 3094 982 3179 iste
1008 3115 1281 3184 fateaturi.
1289 3110 1426 3165 Hist.
1448 3105 1592 3163 Eccl.
1614 3103 1715 3158 .lib.
1742 3116 1820 3167 tv,
1844 3113 1962 3168 cap.
1991 3094 2128 3204 8)

2208 538 2461 592 Romana!
2506 532 2650 587 urbis
2695 529 2909 584 sortitas
2961 518 3035 580 est
3085 521 3347 592 Hyginus.
3397 516 3647 571 Historiae
3679 515 3796 568 Au-

2204 636 2374 701 gustae
2427 624 2722 694 scriptores
2763 618 2934 675 Grzeci
2979 630 3042 669 ac
3094 611 3269 667 Latini
3326 607 3645 679 consignant
3700 621 3800 659 an-

2207 733 2334 773 uum
2385 712 2735 770 emortualem
2790 706 3047 777 Adriani,
3099 710 3153 756 et
3196 700 3429 771 primum
3479 697 3805 766 imperantis

2206 804 2465 862 Antonini
2495 807 2851 872 cognomento
2878 795 2980 858 Pii,
3012 792 3174 863 Nigro
3207 798 3261 845 et
3289 786 3575 843 Camerino
3601 796 3805 841 consu-

2208 899 2381 962 libus;
2410 893 2767 949 conﬁrmante
2794 885 2967 958 lapide
2992 883 3130 953 apud
3161 881 3469 941 Gruterum,
3498 873 3593 931 fol.
3623 888 3802 938 cem,

2210 1004 2267 1044 n.
2300 985 2357 1052 ι,
2384 984 2595 1056 signato
2635 981 2687 1034 in
2730 978 2953 1032 adversa
2998 981 3150 1045 parte
3176 969 3486 1026 eorumdem
3516 964 3803 1021 consulum

2212 1054 2455 1147 collegio,
2472 1081 2534 1128 ut
2552 1068 2788 1126 advertit
2808 1063 3266 1122 eminentissimus
3287 1057 3530 1113 Norisius
3545 1054 3807 1127 Epistolas

2212 1146 2515 1224 consularis
2547 1178 2667 1234 pag.
2706 1160 2794 1216 85.
2826 1156 3116 1226 Catalogus
3143 1151 3410 1207 secundus
3444 1146 3610 1201 refert
3637 1160 3805 1200 exor-

2213 1262 2359 1317 dium
2393 1257 2738 1330 poutiﬁcatns
2772 1250 2964 1324 Hygini
2996 1250 3062 1303 ad
3103 1243 3351 1301 consules
3374 1241 3717 1296 Camerinum
3749 1244 3811 1293 et

2214 1348 2463 1422 Magnum
2495 1349 2593 1420 (ita
2621 1345 2766 1399 enim
2810 1342 2939 1395 vitio
2979 1334 3383 1393 amanuensium
3430 1331 3809 1400 imperitorum

2214 1445 2417 1500 factum
2448 1446 2613 1495 estut
2639 1433 2864 1506 Nigrum
2901 1432 2956 1486 in
2990 1425 3238 1499 Magnum
3260 1420 3579 1479 conversum
3604 1410 3808 1474 Avidea-

2215 1535 2378 1605 mus),
2416 1545 2608 1600 nempe
2632 1526 2977 1584 Camerinum
3016 1529 3071 1576 et
3100 1520 3341 1591 Nigrum.
3369 1511 3521 1570 Licet
3554 1513 3606 1569 in
3634 1511 3810 1583 priori

2215 1600 2470 1696 Catalogo
2498 1624 2688 1677 laetum
2721 1617 2976 1688 impediat
3011 1630 3079 1669 ne
3122 1609 3403 1668 consulum
3453 1602 3668 1663 nomina
3703 1600 3812 1674 legi

2217 1716 2446 1791 possint,
2487 1713 2804 1786 supplentur
2840 1710 2957 1767 lucc
2997 1706 3154 1761 facile
3181 1717 3247 1759 ex
3288 1699 3715 1774 praecedentibus
3757 1701 3818 1751 et

2080 1842 2112 1880 α
2147 1809 2189 1869 Β
2219 1787 2700 1879 consequentibus;
2727 1798 2924 1872 quibus
2967 1798 3224 1852 tribuitur
3265 1794 3387 1847 vitae
3429 1789 3695 1845 terminus
3721 1787 3814 1840 de-

2212 1901 2453 1959 cessoris
2498 1906 2555 1954 et
2597 1894 2811 1950 initium
2847 1889 3189 1962 episcopatus
3232 1884 3288 1939 in
3333 1896 3667 1939 successore.
3707 1876 3813 1933 Po.

2212 1991 2399 2047 stremi
2423 1984 2695 2050 consules,
2727 1996 2864 2053 quos
2886 1980 3029 2034 idem
3053 1975 3341 2045 Catalogus
3370 1978 3622 2026 numerat
3657 1968 3811 2023 sedis

2214 2078 2546 2150 Telcspbori,
2589 2083 2714 2132 sunt
2737 2073 2921 2128 Caesar
2947 2078 2998 2122 et
3022 2067 3279 2122 Balbinus
3309 2063 3584 2135 (Albinum
3620 2070 3813 2114 corru-

2215 2183 2304 2244 pte
2348 2168 2579 2225 reddidit
2609 2162 2955 2220 amanuensis
2985 2174 3091 2212 una
3124 2158 3302 2211 littera
3343 2152 3584 2223 dempta)
3615 2161 3816 2218 nempe

2216 2239 2279 2319 λ.
2308 2262 2487 2317 ίΕιὶιιε
2513 2259 2693 2314 Caesar
2725 2255 2787 2309 II
2815 2266 2862 2308 et
2907 2250 2973 2304 P.
3019 2249 3215 2304 Crelius
3244 2246 3518 2305 Balbinus,
3550 2244 3622 2296 ita
3656 2239 3817 2295 incisi

2217 2356 2271 2435 in
2299 2350 2569 2408 Auximati
2602 2361 2872 2403 marmore
2915 2343 3055 2414 apud
3092 2340 3397 2404 Gruterum'
3430 2335 3521 2391 fol.
3545 2349 3814 2398 ccccxu,

2218 2432 2309 2513 10,
2332 2444 2504 2517 posito
2524 2459 2578 2496 γι
2625 2441 2750 2495 ldus
2782 2436 2931 2493 Julii.
2963 2434 3068 2489 llos
3100 2444 3350 2487 cor;su.es
3381 2428 3627 2499 proxime
3665 2425 3820 2480 exci-

2217 2516 2374 2611 piunt
2421 2530 2741 2592 Camerinus
2791 2538 2846 2584 et
2893 2527 3052 2598 Niger
3100 2526 3153 2579 in
3199 2518 3374 2577 Fastis
3406 2516 3822 2581 Consularibus,

2220 2608 2415 2700 quarto
2469 2621 2669 2681 Christi
2725 2618 2920 2677 saeculo
2959 2614 3245 2685 descriptis
3293 2611 3576 2684 (adeoque
3636 2608 3821 2662 aetatis

2222 2719 2464 2791 ejusdem
2492 2730 2614 2769 cum
2655 2711 2818 2783 priori
2849 2707 3124 2777 Catalogo)
3173 2713 3227 2760 et
3272 2718 3303 2757 a
3352 2699 3619 2757 BllCllBl‘lO
3656 2692 3823 2753 simul

2222 2810 2400 2875 editis,
2432 2798 2721 2862 illustralis‘
2736 2816 2867 2857 vero
2888 2816 2920 2854 a
2946 2799 3093 2856 card.
3123 2794 3341 2851 Norisio
3366 2794 3418 2846 in
3455 2792 3672 2846 dissert.
3696 2794 3825 2858 post

2224 2902 2459 2974 epochas
2511 2896 3028 2969 Syromacedonum.
3090 2889 3255 2942 Recte
3318 2884 3484 2953 igitur
3538 2890 3819 2950 ponuntur

2226 2992 2486 3067 postremi
2514 2991 2761 3046 consules
2783 2983 3115 3055 Telesphoro
3140 2975 3396 3048 assignati
3425 2973 3602 3029 .Elius
3635 2969 3826 3025 Caesar

2232 3059 2295 3141 ll
2322 3093 2376 3139 et
2409 3082 2686 3144 Balbinus,
2715 3085 2771 3134 et
2807 3074 2965 3148 primi
3010 3068 3220 3143 Hygino
3242 3064 3487 3122 attributi
3516 3059 3830 3117 Camerinus

539 3149 583 3191 δ’
662 3149 674 3185 Ι
731 3148 852 3184 cum
880 3148 982 3179 Ιδιυ
1009 3148 1227 3174 Ιῑιιυιιιυι
1248 3148 1426 3184 4.!150‘.
1448 3148 1592 3163 υννη
1614 3148 1715 3158 τη...
1748 3148 1820 3167 -.ν
1849 3148 1960 3168 τῇ..-
2001 3148 2042 3164 _l

539 3148 754 3280 dtfdisse
776 3213 1052 3283 complura
1094 3219 1214 3277 quae
1234 3199 1576 3257 verissimam
1603 3190 1909 3265 apostolica:
1940 3182 2131 3258 prmdi-
2156 3156 2200 3217 ί)
2230 3188 2285 3234 et
2318 3176 2499 3246 Niger.
2533 3173 2741 3227 Rursus
2773 3167 3265 3224 conﬁrmanturex
3313 3159 3434 3214 aliis
3473 3148 3828 3228 praecedenti.

1883 3279 1894 3283 _
2035 3273 2069 3283 ι.
2231 3269 2247 3283 ι
2419 3266 2451 3283 n
2468 3281 2478 3283 _
2498 3265 2587 3283 H99-
2616 3264 2663 3283 9,,
2692 3272 2917 3283 __._-_--..
2938 3255 3193 3283 ι’..ιηιΛι-ιι
3214 3250 3493 3283 mann-ncilla
3519 3261 3638 3283 nsum
3664 3243 3828 3283 anni:

543 3309 774 3371 eationis
799 3273 1085 3362 historiam
1112 3273 1635 3364 complectebamur,
1657 3293 1712 3340 et
1723 3279 2005 3352 prmcipue
2030 3273 2133 3328 Ca-

547 3406 806 3475 talogum,
853 3405 910 3453 et
959 3387 1355 3450 successionem
1400 3377 1716 3451 pontiﬁcum
1762 3373 2132 3428 Romanorum

545 3465 763 3566 colligat
807 3503 912 3545 non
959 3485 1016 3542 in
1054 3495 1161 3537 uno
1205 3477 1325 3533 loco
1370 3474 1547 3547 (ibid.,
1595 3483 1714 3538 cap.
1751 3465 1869 3536 ξε),
1908 3472 2136 3533 arguere

545 3551 1187 3661 possiimus‘superfuisse
1219 3566 1554 3624 notariorum
1593 3560 1752 3623 Acta,
1776 3551 2134 3626 exprimentia

549 3642 770 3740 immeo,
798 3642 1054 3743 patriam,
1080 3661 1359 3733 regionem
1393 3663 1448 3710 et
1476 3666 1649 3707 annos
1681 3648 1823 3703 illius
1864 3642 2137 3715 pontiﬁcis

550 3771 645 3843 qui
674 3736 934 3837 martyrio
978 3753 1344 3816 adiciebatur;
1383 3751 1636 3802 unonente
1663 3741 1826 3797 etiam
1868 3736 2139 3807 Cypriano

551 3826 649 3919 lib.
679 3873 763 3923 ιιι,
785 3826 1012 3926 epistola
1033 3848 1092 3914 6,
1119 3845 1186 3901 ad
1210 3840 1556 3915 presbyteros
1578 3843 1634 3890 et
1661 3831 1919 3888 diaconos
1939 3826 2143 3879 Roma-

554 3916 660 4009 nos
682 3916 835 4013 data,
870 3952 933 3999 ut
973 3956 1043 3997 ne
1091 3926 1748 3998 omitterenticonsignare
1779 3921 1920 3976 diem
1959 3916 2143 3972 obitus

557 4055 746 4099 eorum
770 4037 864 4108 qui
905 4033 960 4089 in
990 4039 1209 4086 carcere
1252 4036 1352 4095 pro
1381 4017 1599 4076 Chaisto
1626 4012 1947 4071 decedentes
1984 4012 2144 4064 erant

559 4129 891 4204 martyribus
911 4115 1256 4179 acccnsendi.
1648 4142 1655 4147 .
2136 4120 2141 4125 ~

565 4238 573 4262 -'
631 4198 720 4280 18:
749 4218 889 4287 Quin
926 4214 1089 4271 etiam
1118 4206 1326 4264 loculus
1367 4198 1685 4272 scpulcralis
1708 4210 1821 4251 non
1843 4205 1981 4248 raro
2017 4203 2146 4246 cou-

560 4284 876 4388 signabatur
920 4306 1006 4362 die
1058 4309 1117 4358 et
1167 4312 1311 4354 anno
1353 4287 1704 4364 depositionis
1755 4284 1991 4340 indicato
2048 4293 2149 4348 per

565 4369 816 4462 cgnsules
838 4390 1174 4453 ordinarios;
1199 4384 1342 4457 quod
1368 4384 1422 4437 iu
1445 4378 1670 4451 privatis
1692 4374 1854 4431 etiam
1881 4369 2145 4431 ﬁdelibus,

564 4513 668 4555 nec
695 4487 955 4563 martyrio
980 4480 1213 4544 allectis,
1253 4490 1353 4531 nec
1382 4470 1687 4529 sacerdotio
1718 4463 1987 4536 insignitis
2027 4476 2152 4532 pas-

567 4590 670 4648 sim
698 4552 1100 4642 occui-rit,‘dum
1134 4566 1448 4638 inspicimus
1475 4557 1787 4618 emmeteria
1817 4552 2149 4615 suburbana,

566 4642 849 4740 etv—titulos
893 4668 1121 4741 legimus
1164 4659 1251 4716 vel
1293 4658 1348 4713 in
1386 4653 1591 4726 cryptis
1635 4658 1955 4720 martyrum,
1984 4642 2068 4699 vel
2097 4643 2151 4717 in

759 4737 972 4822 Romae-
992 4757 1383 4813 subterraneae,
1413 4745 1636 4801 eﬁ‘ossas
1685 4742 1808 4797 inde
1850 4737 2060 4793 tabulas
2101 4742 2156 4790 et

571 4826 891 4937 epigrapbes
914 4847 1364 4912 memorantibus.
1396 4841 1533 4896 Hinc
1557 4834 1821 4893 Eusebius
1838 4828 2017 4903 potuit
2043 4826 2155 4881 Ro-

574 4922 1216 5018 ma‘norumepontiﬁcum
1259 4934 1415 4991 initia
1461 4938 1517 4987 et
1558 4922 1917 4984 successionis
1949 4930 2159 4988 tempus

580 5049 852 5114 ﬁnemque
895 4999 1146 5094 conferre
1190 5043 1315 5085 cum
1364 5021 1523 5078 annis
1567 5019 1954 5088 imperatorum
1994 4999 2167 5079 (quod

579 5151 722 5208 saepe
747 5098 898 5200 facit)
920 5141 985 5181 ex
1008 5119 1208 5178 indicio
1229 5113 1562 5174 consulatus,
1586 5121 1694 5178 quo
1715 5104 1917 5161 electus
1939 5098 2168 5168 quisque

582 5195 762 5285 fuerat
805 5195 889 5277 adi
914 5216 1154 5288 regimen
1202 5206 1457 5264 Ecclesia:
1499 5195 1927 5270 capessendum,
1970 5198 2025 5243 et
2061 5200 2168 5258 quo

587 5304 948 5380 sacerdotium
974 5280 1039 5363 ac
1079 5305 1247 5359 vitam
1278 5296 1606 5369 expleverat.
1635 5284 1950 5354 Exemplum
1981 5280 2171 5333 demus

657 5370 1003 5476 v'lv'elespboro
1028 5406 1085 5453 et
1111 5394 1341 5467 Hygino.
1369 5385 1571 5443 Scribit
1597 5377 1860 5435 Eusebius
1903 5373 2039 5427 Hist.
2075 5370 2168 5423 lib.

588 5518 667 5568 xv,
693 5514 808 5569 cap.
834 5466 1246 5551 .10:Ca2terum
1293 5480 1527 5534 Adriano
1566 5471 1672 5527 vita
1706 5466 2007 5538 perfuncto,
2054 5474 2176 5514 cum

594 5605 757 5648 unum
784 5595 832 5641 et
861 5579 1040 5653 viginti
1087 5590 1253 5630 unitos
1296 5570 1617 5638 imperasset,
1648 5555 1945 5611 Antoninus
1980 5563 2178 5620 cogno-

594 5692 768 5741 mento
815 5639 943 5731 Pin;
988 5664 1492 5727 administrationem
1532 5651 1735 5723 imperii
1773 5645 2014 5718 suscepit.
2056 5639 2179 5695 Ha-

592 5779 686 5851 jus
732 5786 870 5831 anno
911 5766 1078 5840 primo
1112 5775 1229 5814 cum
1278 5748 1617 5821 Telesphorus
1668 5741 1936 5811 migrasset
1991 5750 2018 5789 e
2078 5732 2180 5787 rita

2231 3269 2333 3324 bus
2352 3243 2591 3337 collegiis
2616 3264 2669 3318 in
2692 3272 2920 3330 utroque
2937 3255 3193 3326 Catalogo
3214 3250 3496 3307 recensitis
3519 3261 3640 3303 cum
3662 3243 3829 3299 annis

2233 3360 2571 3435 pontiﬁcum,
2598 3366 2654 3411 et
2672 3355 2898 3426 pariatis
2921 3368 3043 3408 cum
3070 3347 3230 3403 annis
3254 3346 3660 3415 imperatorum.
3691 3336 3834 3391 Nam

2234 3462 2462 3521 uterque
2483 3424 2771 3515 Catalogus
2792 3443 3031 3512 assignat
3060 3436 3390 3507 Telesphoro
3421 3444 3593 3486 annos
3616 3424 3834 3498 episco—

2234 3553 2394 3617 patus
2446 3539 2718 3601 undecim,
2766 3543 2821 3589 et
2872 3546 3084 3587 menses
3136 3537 3264 3591 tres,
3310 3525 3533 3595 ejusque
3581 3516 3834 3589 proximo

2238 3631 2508 3689 decessori
2555 3627 2725 3700 Xysto
2770 3638 2942 3678 annos
2975 3620 3184 3683 decem,
3216 3625 3270 3670 et
3310 3627 3526 3668 menses
3561 3609 3696 3662 duos
3741 3604 3833 3660 vel

2238 3734 2351 3780 tres
2389 3739 2407 3776 :
2466 3733 2696 3790 quorum
2751 3716 2823 3771 sit
2871 3712 3152 3769 exordium
3203 3706 3490 3777 collegium
3548 3696 3834 3757 consulum

2239 3815 2388 3887 Nigri
2411 3821 2467 3869 et
2487 3788 2806 3883 Aproniani,
2836 3805 2960 3860 ﬁnis
2988 3818 3116 3858 vero
3155 3799 3309 3856 Coss.
3336 3794 3513 3851 Verus
3554 3801 3610 3848 et
3644 3788 3837 3846 Ambi-

2245 3878 2425 3961 bulas.
2457 3878 2680 3957 Summa
2707 3897 3112 3968 episeopatuum
3135 3889 3290 3962 Xysti
3313 3895 3367 3943 et
3396 3880 3708 3953 Telesphori
3739 3878 3841 3933 dat

2243 4010 2416 4053 annos
2440 4008 2533 4048 xu
2562 3999 2619 4047 et
2647 4002 2861 4044 menses
2894 3984 3114 4041 circiter
3137 3996 3253 4035 sex.
3281 3976 3554 4032 Adrianus
3581 3973 3634 4027 in
3664 3972 3841 4040 impe—

2248 4090 2331 4146 rio
2357 4085 2536 4156 exegit
2565 4096 2735 4138 annos
2758 4095 2830 4133 xx
2859 4085 2915 4132 et
2938 4085 3152 4130 menses
3179 4087 3256 4135 χι,
3290 4067 3457 4123 Dione
3479 4072 3614 4120 teste
3638 4062 3694 4116 in
3719 4060 3845 4131 ejus

2249 4182 2408 4247 Vita;
2445 4178 2531 4233 cui
2564 4172 2774 4231 nummi
2809 4179 2866 4226 et
2898 4168 3105 4240 lapides
3136 4162 3518 4232 suil‘ragantur,
3551 4155 3596 4211 si
3640 4151 3849 4209 Norisii

2247 4271 2653 4330 observationes
2701 4263 3053 4321 adhibeamus
3111 4258 3280 4328 Epist.
3340 4250 3657 4310 Consularis
3707 4261 3847 4318 pag.

2248 4366 2336 4423 83.
2360 4365 2459 4420 Dio
2490 4370 2668 4417 autem
2690 4357 2862 4413 tradit
2890 4369 2949 4410 se
2977 4350 3252 4422 accepisse
3290 4362 3352 4401 ea
3382 4359 3502 4415 qua:
3531 4340 3749 4410 scripsit
3776 4339 3851 4394 ab

2255 4455 2585 4529 Aproniano,
2624 4459 2779 4520 patre
2803 4463 2921 4510 suo,
2950 4444 3039 4514 qui
3072 4452 3201 4496 tute
3226 4436 3420 4493 Ciliciae
3447 4438 3697 4504 praeerat,
3720 4444 3853 4485 cum

2256 4545 2547 4602 decedente
2597 4539 2829 4609 Trajano
2883 4537 2936 4589 in
2994 4532 3184 4587 eadem
3237 4525 3557 4598 provincia,
3619 4518 3857 4575 Adriani

2258 4636 2493 4707 adoptio,
2523 4642 2577 4688 et
2606 4630 2890 4702 imperium
2914 4624 3152 4679 factione
3182 4619 3402 4673 Plotium
3425 4611 3706 4685 processit.
3745 4609 3860 4676 Qui

2259 4726 2507 4786 consules
2541 4701 2703 4794 igitur
2729 4717 2947 4772 fuerunt
2969 4711 3251 4775 ordinarii,
3293 4704 3528 4785 Traiano
3554 4701 3862 4759 decedente

2262 4782 2542 4877 Haliartum
2562 4782 2670 4867 vdie
2716 4812 2782 4865 lt)
2821 4805 3045 4877 Augusti
3086 4801 3334 4875 (luerunt
3374 4782 3565 4854 autem
3600 4793 3760 4864 Niger
3798 4799 3868 4847 et

2261 4907 2625 4979 Apronianus,
2658 4910 2716 4955 ut
2744 4899 2994 4953 universa
3032 4893 3362 4948 monimenta
3392 4884 3772 4956 comprobant,
3804 4891 3869 4938 et

2266 4996 2509 5054 historici
2547 5009 2668 5049 cum
2698 4990 2908 5059 Dione),
2937 4984 3153 5042 eosdem
3174 4982 3436 5036 incidisse
3470 4976 3747 5031 fatendum
3778 4983 3873 5030 est

2268 5089 2322 5143 iu
2351 5084 2629 5141 exordium
2656 5077 2831 5152 Xysli.
2877 5075 3114 5144 Uterque
3148 5080 3331 5126 autem
3382 5066 3659 5137 catalogus
3686 5063 3874 5132 pariat

2272 5179 2483 5233 initium
2528 5170 2682 5245 Xysti
2749 5183 2873 5225 cum
2926 5167 3115 5222 iisdem
3162 5162 3317 5217 Coss.
3375 5157 3541 5227 Nigro
3587 5162 3642 5211 et
3694 5153 3875 5208 Anto—

2273 5272 2455 5325 niano.
2498 5265 2716 5321 Decimo
2754 5268 2933 5315 autem
2974 5250 3045 5311 ab
3071 5253 3176 5309 illis
3219 5252 3338 5307 loco
3363 5247 3784 5316 subsequuntur
3814 5243 3873 5298 in

2276 5360 2430 5414 lastis
2450 5356 2623 5411 Verus
2649 5362 2705 5409 et
2730 5348 3045 5405 Ambibulns
3062 5385 3076 5408 ,
3101 5359 3237 5414 quos
3257 5341 3464 5416 pariter
3488 5344 3703 5416 aequata
3728 5335 3877 5389 ratio

2277 5463 2543 5505 annorum
2586 5442 2830 5499 undecim
2862 5439 3034 5510 Xysto
3066 5413 3461 5505 assignatorum
3504 5413 3744 5483 ostendit
3780 5439 3876 5479 re-

2279 5540 2560 5611 spondere.
2585 5535 2893 5590 Conseusus
2922 5531 3105 5598 itaque
3126 5538 3352 5580 summa:
3377 5532 3641 5575 annorum
3674 5524 3785 5570 tam
3820 5515 3878 5569 in

2283 5599 2508 5703 imperio
2548 5626 2850 5698 principum
2894 5635 3057 5691 quam
3098 5618 3153 5672 in
3198 5614 3509 5684 episcopatu
3555 5599 3878 5679 pontiﬁcum

2283 5697 2648 5781 Romanorum
2702 5711 3032 5785 respondens
3078 5703 3355 5762 laterculis
3395 5697 3679 5760 consulum
3717 5704 3881 5751 utro-
