4010 6302
203 389 288 447 l9

2606 315 2630 326 υ

1646 388 2035 448 ΡῐῐιίΕῈΆἸῚΟ.
3417 387 3494 446 5ῐ)⁴

203 507 375 577 hique
418 504 632 577 positis,
666 513 775 562 tam
808 505 861 561 in
899 505 1159 579 cataiogi's
1199 505 1510 561 memoratis
1548 521 1708 577 quam
1750 507 1803 560 in
1832 512 1881 571 Α
1908 506 2107 578 reperit
2127 506 2360 577 primum
2405 507 2746 579 catalogum;
2778 524 2849 565 ex.
2877 508 3074 564 indicio
3109 506 3489 588 praefectorum

203 598 430 653 Eusebii
460 598 732 654 Chronico
760 607 822 652 et.
852 596 1109 663 Historia,
1148 597 1337 652 eodem
1379 597 1576 651 s:eeulo
1605 598 1812 668 scripta.-

204 705 318 760 quo
345 690 501 760 prior
523 689 814 760 Catalogus
837 690 1117 750 edebatur,
1146 688 1483 743 demonstrat
1522 687 1608 740 illa
1647 697 1812 751 aetate

203 780 549 850 superfuisse
577 780 840 835 indiculos
882 791 937 835 et
968 782 1295 835 documenta.
1329 780 1661 834 notariorum
1703 781 1806 834 Ec-

204 867 391 925 clesiae
419 871 706 934 Romanae,
735 870 876 924 unde
903 871 1194 940 scriptores
1215 870 1455 939 Catalogi
1487 886 1592 923 non
1631 870 1807 925 minus

205 973 419 1018 certam
452 965 910 1034 quam-Eusebius
938 964 1340 1036 chronologiam
1370 974 1425 1019 et
1455 965 1646 1019 seriem
1678 980 1808 1034 pon-

211 1053 422 1108 tificum
453 1056 864 1110 concinnareut.

277 1143 371 1198 i9.
404 1142 607 1199 Verum
655 1147 780 1216 quis
807 1146 1015 1201 dubitet
1061 1154 1220 1202 aatate
1262 1146 1477 1202 Eusebii
1521 1157 1576 1202 et
1613 1149 1811 1219 prioris

203 1233 454 1305 Catalegi
473 1236 539 1289 ad
553 1235 827 1302 Liberium
851 1237 1224 1308 pertingentis,
1243 1239 1293 1292 in
1312 1239 1550 1293 Ecclesia
1569 1240 1812 1293 lioniana

203 1326 488 1380 exstitisse
520 1326 782 1382 indiculos
813 1344 1076 1382 annorum
1108 1337 1165 1384 et
1190 1317 1586 1394 consulatuum,
1611 1331 1813 1386 unicui-

203 1434 310 1487 que
365 1421 610 1487 pontiiici
664 1421 1098 1492 assignalorum?
1133 1437 1256 1476 eum
1304 1422 1437 1478 Acta
1487 1434 1815 1495 martyrum,

204 1509 300 1576 qui
316 1509 510 1564 Ruina:
543 1513 842 1580 praesertim
880 1513 1223 1580 patiebantur
1249 1522 1420 1567 uitale
1450 1515 1518 1567 ab
1556 1515 1813 1584 apostolis

204 1605 485 1672 proxima,
520 1620 765 1676 persche
799 1607 1104 1675 exprimant
1142 1607 1360 1661 nomina
1401 1608 1681 1662 consulum
1721 1617 1816 1663 aut:

206 1699 595 1768 praefectorum
631 1701 786 1768 Urbi,
827 1713 920 1756 aut
966 1701 1175 1770 imperii
1220 1701 1542 1772 principum,
1583 1712 1638 1756 et
1669 1705 1812 1757 diem

209 1794 508 1862 passionis.
539 1794 597 1848 In
627 1793 779 1849 Actis
809 1795 979 1850 sancti
1007 1793 1220 1864 Ignatii,
1245 1810 1300 1848 ιι.
1338 1794 1374 1847 2
1401 1803 1456 1848 et
1487 1810 1542 1847 ιι.
1571 1795 1604 1849 8
1625 1795 1814 1850 editio-

1909 603 2132 670 perinde
2162 617 2227 656 ac
2253 615 2322 654 cxi
2347 603 2564 656 notione
2599 603 2878 658 consulum
2910 601 3147 672 epochas
3185 611 3486 673 martyrum

1910 693 2182 763 (adeoque
2224 702 2279 747 et
2327 693 2666 764 pontiﬁcum)
2712 694 2892 763 colligi
2943 709 3103 764 posse
3151 702 3484 762 compertum

1907 785 2067 839 foret.
2107 785 2310 851 Quarto
2355 795 2532 839 antem
2581 786 2782 841 satculo
2807 773 3004 839 Christi
3043 785 3169 840 dum
3199 784 3488 855 Catalogns

1908 876 2056 946 prior
2109 875 2585 937 conscribebatur,
2639 875 2834 930 seriem
2891 873 3266 943 prtefectorum
3319 871 3489 928 fuisse

1909 975 2245 1036 perspectam
2273 965 2452 1035 arguit
2487 964 2845 1036 fragmentum
2871 965 2997 1018 illud
3027 978 3364 1034 praservans
3394 978 3502 1031 per.
3529 947 3534 958 ’

1912 1059 2111 1114 solidos
2157 1073 2327 1112 annos
2376 1066 2591 1111 centum
2640 1056 2878 1127 singulos
2927 1071 3289 1111 successores.
3340 1054 3489 1108 llane

1911 1166 2040 1206 vero
2063 1149 2530 1212 consuetudinem,
2559 1149 2674 1204 sive
2695 1149 2857 1202 etiam
2900 1147 3278 1203 necessitatem
3317 1146 3506 1201 histo-:

1913 1249 2081 1302 ricam
2115 1246 2337 1300 eosdem
2359 1243 2704 1313 magistratus
2730 1241 3186 1297 eormnemorandi
3231 1239 3284 1294 in
3323 1238 3506 1309 gestis-

1912 1338 2169 1394 E‘celesia:
2193 1336 2428 1407 viguisse
2465 1335 2574 1390 dixi
2612 1343 2790 1390 tetate-
2813 1334 2899 1386 ab'
2926 1332 3184 1403 apostolis
3221 1332 3488 1400 proxima.

1913 1431 2096 1502 Neque
2124 1431 2189 1485 i'd‘
2217 1430 2382 1484 moris
2413 1426 2576 1495 justo-
2598 1426 2863 1481 maturius
2905 1440 2934 1479 a
2964 1440 3050 1480 me
3081 1423 3322 1479 inchoari
3345 1422 3503 1491 quis--

1914 1525 2055 1595 piam
2087 1530 2316 1592 reputet,
2365 1535 2488 1574 cum
2529 1517 2855 1588 evangelicis
2895 1516 3134 1572 oraculis
3176 1516 3489 1576 doceamur,

1915 1631 1944 1669 a
2002 1613 2184 1668 divino
2224 1611 2436 1682 Spiritu
2481 1611 2738 1665 dictatam
2790 1608 3030 1679 regulam
3081 1607 3155 1660 ita
3205 1603 3495 1660 detiniendi

1915 1705 2151 1774 epochas
2181 1700 2470 1756 inustrium
2501 1709 2775 1770 gestorum
2807 1697 3030 1762 Christi,
3070 1696 3296 1768 ejusque
3328 1693 3494 1750 disci-

1914 1793 2181 1864 pulcrum.
2207 1791 2413 1846 Natalis
2439 1789 2657 1845 Domini
2697 1788 3045 1860 consignatus
3083 1802 3113 1841 a
3147 1787 3204 1842 S.
3244 1785 3500 1841 Mattlneo

207 1883 292 1935 nis
324 1880 603 1936 Rniuartii
649 1882 875 1953 legimus
915 1899 1130 1953 quoque
1177 1899 1376 1937 annum
1425 1883 1634 1955 imperii
1684 1900 1806 1940 cum
1840 1873 1882 1933 Β
1912 1882 2126 1955 (Matth.
2158 1882 2198 1953 ι)
2227 1896 2323 1951 per
2351 1895 2523 1936 annos
2543 1888 2847 1950 postremos
2872 1877 3019 1948 regni
3045 1876 3272 1938 Herodis
3295 1874 3496 1945 Magni,

205 1973 527 2028 consulibus
555 1975 846 2044 pariatnm.
883 1973 1049 2028 Facta
1079 1985 1251 2030 autent
1281 1985 1400 2029 sunt
1429 1977 1539 2031 [nec
1576 1977 1660 2030 die
1687 1987 1808 2031 ante

205 2081 304 2120 xm
329 2064 465 2119 Kal.
492 2065 784 2120 Ianuarias
813 2067 1207 2136 prmaidentibus
1239 2067 1380 2132 apud
1415 2066 1675 2120 Romanos
1712 2066 1810 2136 Sy-

207 2160 285 2211 ria
314 2169 365 2212 et
396 2155 622 2212 Senecio
660 2158 888 2212 secundo
916 2158 1010 2229 (ita
1061 2158 1262 2212 habent
1309 2175 1455 2211 nmu.
1489 2159 1541 2221 8‘,
1587 2171 1812 2213 numero

205 2259 388 2303 autent
420 2248 462 2302 2
484 2249 762 2319 scribitur)
786 2258 897 2318 post
928 2266 1123 2302 annum
1144 2259 1388 2319 quartum
1416 2249 1601 2320 [Rniln
1631 2249 1809 2302 corri-

185 2339 279 2412 git
309 2337 544 2410 nonum]
575 2337 816 2408 Trnjmu',
853 2339 1068 2408 ejusque
1104 2340 1349 2393 victorias
1393 2339 1456 2392 de
1497 2337 1597 2408 Scy
1621 2340 1698 2392 his
1747 2354 1812 2391 ac

207 2430 506 2484 Thracibus
536 2429 800 2502 [intellige
842 2431 1026 2503 Dacis]
1075 2442 1376 2501 reportatus
1401 2447 1462 2485 ea
1493 2433 1804 2502 contigisse.

209 2523 269 2577 C.
304 2522 505 2578 Sosius
547 2523 778 2578 Senecio
825 2524 888 2578 lll
926 2533 980 2580 et
1021 2524 1080 2578 L.
1114 2524 1352 2580 Licinius
1398 2525 1534 2579 Sura
1583 2524 1622 2578 ll
1653 2524 1807 2579 Cass.

207 2629 350 2667 anno
398 2612 620 2681 Trajani
680 2624 874 2683 quarto
922 2625 1336 2685 processerunt,
1389 2624 1442 2670 et
1496 2615 1825 2692 interposito.

209 2705 585 2773 quinquennio
619 2721 740 2759 cum
772 2722 943 2759 nonus
965 2723 1139 2762 annus
1159 2706 1396 2774 ejusdem
1427 2707 1635 2776 imperii
1668 2706 1812 2760 labe-

209 2807 384 2858 retur,
399 2796 566 2848 iidcm
581 2796 832 2850 consules
850 2795 1076 2850 Senecio
1095 2796 1161 2851 ιν
1178 2807 1232 2852 et
1253 2799 1391 2852 Sura
1415 2796 1478 2851 ΙΙΙ
1505 2801 1665 2852 fastos
1685 2812 1812 2868 ape-

211 2895 458 2939 ruerunt.
499 2884 737 2940 Victoria
772 2901 901 2941 vero
924 2886 1140 2958 Trajani
1181 2888 1374 2943 Dacica
1406 2889 1630 2958 contigit
1670 2903 1812 2942 anno

219 2985 375 3030 sexto
405 2977 619 3047 imperii
651 2975 891 3046 Trajani,
931 2976 1157 3047 ejusque
1197 2978 1486 3032 tribunitiae
1525 2979 1812 3048 potestatis

215 3069 468 3132 labente,
535 3078 596 3122 ut
641 3085 703 3123 ex
752 3070 1167 3124 nnmismalibus
1221 3070 1525 3126 luculenter
1568 3071 1815 3141 probavit

212 3161 682 3214 eminentissimus
731 3160 978 3216 Norisins
1022 3162 1275 3232 Epistulae
1312 3162 1640 3226 Consularis,
1684 3177 1807 3232 pag.

1909 1989 1940 2030 a
1971 1972 2030 2029 S.
2061 1973 2205 2028 Luca
2247 1971 2517 2027 indicatur
2541 1985 2637 2042 per
2678 1968 3101 2038 descriptionem
3136 1966 3401 2036 primam,
3429 1981 3500 2020 ex

1909 2066 2087 2123 edicto
2108 2065 2330 2136 Augusti
2351 2064 2544 2119 factam
2567 2061 2795 2133 praeside
2821 2062 2994 2133 Syria!
3015 2059 3215 2132 Cyrino
3230 2058 3383 2130 (Luc.
3409 2059 3492 2128 ιι).

1910 2155 2164 2225 Ejusdem
2209 2155 2512 2226 baptismus
2541 2170 2606 2209 ac
2652 2153 2967 2224 praedicatio
2999 2153 3222 2208 Joannis
3264 2151 3499 2206 refertur

1911 2248 1976 2301 ad
2001 2261 2198 2301 annum
2223 2247 2472 2316 quintum
2496 2245 2761 2300 decimum
2784 2244 2996 2316 imperii
3021 2243 3222 2298 'l‘iberii
3244 2243 3508 2306 Caesaris,

1911 2346 2236 2408 procurante
2262 2335 2454 2392 Pontio
2481 2334 2654 2390 Pilato
2685 2333 2925 2390 Judaeam
2953 2375 2967 2398 ,
3009 2334 3278 2388 tetrarcha
3318 2343 3496 2386 autem

1912 2429 2142 2485 Galiltete
2163 2427 2397 2492 Herode,
2423 2426 2670 2496 Philippo
2696 2437 2874 2480 autem
2903 2425 3069 2480 fratre
3089 2423 3204 2492 ejus
3226 2425 3495 2479 tetrarcha

1911 2521 2116 2578 [turmae
2140 2530 2194 2575 et
2220 2520 2620 2576 Trachonitidis
2653 2519 2906 2590 regionis,
2937 2528 2992 2572 et
3019 2517 3238 2589 Lysinia
3271 2517 3497 2571 Abilinze

1916 2613 2226 2676 tetrarcha,
2287 2611 2386 2667 sub
2440 2610 2774 2680 principibus
2827 2609 3169 2664 sacerdotum
3235 2607 3390 2661 Anna
3443 2616 3501 2661 et

1912 2701 2112 2770 C.iiplia
2142 2701 2292 2772 (an.
2320 2701 2434 2771 ill);
2480 2701 2634 2771 cujus
2661 2701 2819 2755 etiam
2863 2701 3119 2771 postremi
3154 2715 3333 2754 annuo
3368 2715 3500 2768 pon-

1914 2793 2117 2848 tificatu
2166 2792 2482 2862 designatur
2521 2808 2549 2846 a
2595 2791 2882 2856 Mattiaco,
2939 2791 3154 2856 Marco,
3201 2799 3256 2847 et
3293 2790 3510 2847 Joanne-

1916 2899 2091 2938 annus
2143 2883 2435 2938 Dominicce
2475 2883 2743 2953 passionis
2789 2881 3002 2953 (Matt/1.
3047 2899 3194 2947 xxvi,
3261 2882 3324 2947 5,
3389 2883 3494 2946 37;

1917 2973 2089 3028 Marci
2114 2990 2228 3039 xw,
2257 2975 2361 3040 6|;
2397 2974 2559 3028 Joan.
2603 2988 2681 3037 xl,
2720 2971 2787 3027 49
2813 2989 2836 3038 ;-
2865 2988 3021 3038 xvm,
3062 2972 3172 3042 14).
3214 2973 3508 3042 Apostolo-

1917 3079 2036 3118 rmn
2060 3079 2188 3118 vero
2214 3073 2361 3134 gesta
2392 3079 2486 3133 per
2527 3062 2583 3118 S.
2623 3061 2821 3118 Lucam
2851 3063 3036 3118 [lorum
3078 3063 3384 3132 conscripta
3427 3071 3503 3116 tot.

1919 3157 2193 3210 abundant
2225 3155 2438 3210 indiciis
2473 3150 2839 3223 chronologiae
2866 3171 2964 3224 per
2983 3155 3352 3210 successiones
3367 3170 3504 3223 prte-

210 3253 296 3306 66.
335 3252 533 3319 Quare
575 3253 828 3306 nionehat
866 3263 1010 3306 recte
1043 3251 1354 3306 liuinartius
1390 3263 1500 3320 post
1531 3271 1727 3306 annum
1759 3269 1811 3307 tv
1841 3247 1885 3307 C
1917 3247 2091 3301 sidum
2117 3245 2310 3316 Syriae,
2338 3254 2392 3299 ct
2428 3245 2796 3314 magistratus,
2829 3253 2939 3298 tum
2970 3245 3021 3298 in
3051 3244 3345 3315 provinciis
3387 3254 3506 3296 tum

213 3341 439 3412 Trajani
487 3343 742 3396 mendum
788 3357 907 3398 esse
952 3343 1297 3396 amanuensis
1345 3345 1605 3397 vertentis
1654 3344 1707 3396 in
1757 3359 1809 3398 tv

212 3448 507 3488 mrmerum
541 3449 628 3499 Ix;
667 3435 752 3487 cui
805 3435 1005 3502 optime
1043 3435 1295 3488 convenit
1350 3435 1551 3503 epocha
1603 3433 1811 3489 Dacicte

208 3523 461 3577 victoria:
483 3533 612 3578 ante
642 3523 932 3577 triennium
963 3523 1164 3586 relatte,
1189 3533 1245 3577 et
1269 3525 1538 3594 expeditio
1563 3535 1810 3593 suscepta

210 3614 261 3666 in
298 3613 542 3667 Parthos
579 3621 630 3666 et
662 3611 718 3665 in
746 3612 1077 3676 Armeniam,
1127 3628 1251 3682 qua:
1286 3613 1338 3666 in
1379 3611 1616 3680 ejusdem
1661 3615 1812 3670 Actis

207 3708 418 3776 pariter
449 3714 807 3759 menmratur.
861 3705 928 3758 Et
972 3721 1156 3759 revera
1204 3715 1487 3760 contextus
1522 3708 1808 3760 verberum

207 3798 278 3851 ita
305 3797 534 3852 videtur
565 3797 861 3866 requirere,
890 3811 1011 3850 cum
1043 3794 1272 3851 Senecio
1310 3804 1363 3850 et
1393 3796 1532 3851 Sura
1573 3796 1810 3852 secundo

210 3887 574 3954 praesidentes
601 3926 616 3949 ,
659 3887 762 3940 hoc
809 3896 894 3940 est
934 3888 1127 3940 iterum
1169 3886 1388 3957 collegae
1442 3887 1494 3941 in
1529 3887 1810 3943 consulatu

207 3978 587 4049 (negligenter
612 3989 869 4045 expresso
896 3992 992 4046 per
1017 3992 1178 4032 voces
1205 3975 1360 4046 Syria
1384 3988 1436 4032 et
1465 3978 1684 4032 Senecio
1730 3995 1810 4032 se-

208 4070 407 4139 cando)
453 4077 739 4124 recurrant
780 4083 931 4124 anno-
962 4067 1180 4139 Trajani
1228 4084 1388 4122 nono.
1435 4068 1490 4122 In
1536 4069 1811 4137 sepulcra-

208 4163 354 4217 lihus
382 4163 552 4217 etiam
594 4160 766 4216 titulis
811 4161 1078 4230 depositio
1103 4172 1403 4232 martyrum
1445 4161 1653 4232 signata
1703 4177 1809 4216 non

209 4269 336 4307 raro
350 4252 556 4324 tegitur
575 4250 884 4306 nominibus
900 4251 1202 4314 consulum,
1222 4259 1282 4305 ut
1301 4252 1500 4322 passim
1522 4254 1811 4309 ostendere

209 4357 505 4412 possumus
526 4342 578 4394 in
611 4339 928 4412 fragmentis
951 4341 1187 4412 lapidum
1216 4357 1336 4411 quae.
1360 4358 1389 4398 e
1408 4345 1578 4398 sacris
1603 4359 1808 4399 cmme-

215 4432 371 4486 teriis
398 4431 645 4501 quotidie
693 4432 1079 4485 extrahuntur.
1125 4431 1178 4485 In
1226 4431 1376 4487 Actis
1425 4443 1722 4504 martyrum
1757 4435 1807 4488 in

213 4522 358 4577 Urbe
407 4520 700 4592 paSsorum
751 4537 946 4576 nornen
988 4521 1228 4592 praefecti
1276 4514 1438 4580 Urbis
1486 4528 1810 4596 mtandoque

1917 3336 2103 3390 llomm
2128 3344 2322 3407 agente
2346 3334 2512 3389 Paulo
2537 3334 2733 3390 ibidem
2772 3336 3099 3401 recensitos,
3127 3344 3184 3388 ut
3212 3335 3270 3388 S.
3312 3333 3511 3390 Hiero-

1915 3445 2109 3500 nymus
2162 3429 2377 3500 colligat
2431 3429 2712 3484 historiam
2764 3430 3070 3500 pertingere
3127 3429 3196 3482 ad
3237 3422 3501 3503 triennium

1915 3519 2098 3574 Roma:
2124 3522 2494 3576 commorantis
2529 3521 2706 3588 Pauli,
2733 3522 2786 3576 id
2816 3533 2912 3585 est,
2948 3539 3109 3592 usque
3143 3523 3211 3576 ad
3253 3531 3510 3592 qum-(mir

1917 3610 2154 3666 Neronis
2192 3628 2389 3666 annum
2438 3611 2518 3683 (S.
2561 3612 2874 3684 Hieronym.
2927 3614 2981 3667 in
3028 3613 3119 3666 lib.
3171 3612 3235 3666 de
3301 3610 3501 3680 Script'.

1918 3703 2060 3756 Eccl.
2091 3703 2146 3758 in
2175 3703 2354 3774 Luc.).
2383 3705 2480 3760 His
2508 3705 2673 3776 igitur
2699 3705 2960 3777 exemplis
2987 3705 3184 3760 eruditi
3209 3705 3504 3773 scriptores

1914 3795 2300 3851 ecclesiastica:
2328 3797 2585 3860 historiae,
2617 3799 2916 3868 praesertim
2943 3798 3130 3853 Romae
3155 3806 3408 3867 agentes,
3447 3807 3504 3850 et

1912 3903 2033 3942 cum
2056 3888 2314 3958 apostolis
2339 3889 2536 3946 versati
2554 3899 2647 3944 aut
2675 3905 2796 3946 eum
2817 3890 2944 3945 viris
2970 3889 3301 3960 apostolicis,
3318 3904 3503 3958 quem-

1921 3979 2208 4034 aimodum
2255 3989 2503 4036 versatus
2553 3989 2637 4035 est
2681 3981 3018 4053 llegesippus
3046 4023 3059 4047 ,
3112 3981 3252 4036 inter
3303 3990 3502 4036 ett-tera

1913 4070 2158 4125 veritatis
2199 4071 2449 4136 criteria,
2490 4071 2688 4140 quibus
2731 4087 2895 4140 opera
2944 4088 3041 4127 sua
3075 4071 3500 4132 confirmarunt.

1911 4177 2016 4216 non
2069 4162 2300 4216 omisere
2334 4173 2608 4232 gestorum
2657 4170 2897 4232 tempora
2950 4163 3014 4215 ad
3058 4171 3214 4217 notas
3265 4164 3515 4233 epochas.

1913 4269 2190 4308 revocare.
2246 4252 2535 4324 llegesippi
2585 4252 2759 4308 locum
2805 4254 3056 4325 produxit
3113 4255 3381 4309 Eusebius
3434 4255 3510 4308 de

1911 4345 2174 4418 martyrio
2197 4343 2383 4401 Jacobi
2419 4345 2606 4400 fratris
2638 4346 2868 4400 Domini.
2889 4346 3161 4416 Epocham
3189 4345 3330 4401 illius
3359 4359 3503 4400 mar-

1912 4437 2036 4507 tyrii
2091 4436 2416 4507 significavit
2453 4437 2756 4508 proximam
2795 4437 3091 4492 obsidionis
3114 4437 3502 4510 Hierosolymi-

1914 4537 2051 4581 tame
2075 4530 2236 4598 paulo
2280 4537 2399 4599 post
2429 4529 2749 4584 subsecutae.
2781 4529 2896 4586 Nec
2925 4530 3088 4585 multo
3125 4540 3260 4601 post,
3306 4531 3501 4599 inquit,

212 4612 578 4682 exprimitur:
607 4611 698 4681 qui
729 4613 1075 4682 magistratus
1101 4613 1227 4668 licet
1247 4629 1353 4670 non
1383 4624 1528 4672 esset
1566 4633 1808 4682 annuus,
1845 4612 1890 4670 D
1917 4619 2116 4674 obsidio
2155 4619 2480 4692 Vespasiani,
2504 4632 2550 4675 et
2580 4620 2892 4676 Jnciteorum
2927 4623 3196 4692 captivitas
3229 4623 3506 4675 subsecuta

213 4705 421 4759 relatus
447 4715 627 4759 tamen
657 4706 723 4760 ad
754 4705 896 4763 alias.
918 4707 1163 4761 notiones
1183 4708 1607 4776 expeditionum,
1634 4710 1804 4765 victo-

211 4795 444 4860 riarum,
471 4797 666 4850 mortis
689 4797 1014 4867 principum,
1043 4808 1135 4853 aut
1157 4801 1334 4856 simile
1369 4802 1645 4872 quidpiam
1672 4843 1686 4868 ,
1721 4805 1805 4858 in-

212 4888 399 4942 cidens
419 4888 478 4942 ia
499 4902 562 4942 ea
590 4898 922 4957 tempora,et
944 4888 996 4942 in
1023 4888 1172 4945 Actis
1198 4892 1442 4962 martyrii
1465 4907 1806 4962 expressum,

211 4980 462 5036 redditur
489 4979 773 5034 character
812 4981 947 5035 satis
972 4980 1198 5036 idoneus
1227 4983 1293 5035 ad
1331 4985 1650 5052 pariandnm
1683 5001 1805 5040 cum

213 5075 525 5129 consulatu.
555 5072 610 5126 in
641 5073 791 5128 Actis
833 5071 1030 5128 Justini
1078 5075 1332 5146 martyris
1380 5076 1636 5132 Rusticus
1666 5093 1806 5147 prte-

217 5163 386 5219 fectus
427 5162 558 5218 Urbi
595 5153 846 5218 eumdem
881 5178 947 5217 ac
984 5163 1162 5219 socios
1194 5166 1488 5234 interrogat
1528 5177 1583 5221 et
1629 5169 1807 5236 capite

215 5255 424 5323 plectit.
487 5252 750 5309 Publicus
799 5253 1090 5324 praefectus
1140 5253 1272 5309 Urbi
1326 5256 1520 5325 legitur
1556 5256 1608 5310 in
1656 5257 1807 5313 Actis

214 5347 272 5402 S.
318 5346 622 5403 Felicitatis
665 5345 766 5402 sub
821 5347 1114 5402 Antonino.
1173 5347 1230 5402 Si
1271 5348 1432 5402 hodie
1483 5349 1807 5405 haberemus

215 5438 486 5510 integram
535 5437 734 5493 seriem
752 5436 1134 5508 prtefeetorum
1173 5436 1302 5493 Urbi
1349 5453 1446 5508 per
1477 5440 1582 5495 duo
1621 5441 1802 5509 priora

216 5531 411 5587 secula
472 5543 598 5583 aera:
649 5528 1009 5596 Christianae,
1071 5528 1526 5600 quemadmodum
1591 5530 1802 5600 integra

217 5622 386 5676 series
408 5620 607 5690 legitur
641 5633 1016 5675 successorum
1047 5619 1101 5674 in
1128 5633 1194 5674 eo
1214 5618 1535 5689 magistratu
1565 5635 1630 5675 ex
1659 5635 1804 5677 anno

218 5713 417 5769 Christi
444 5711 554 5766 254
587 5709 657 5765 ad
678 5711 807 5776 354,
839 5710 892 5766 in
934 5710 1196 5780 opusculo
1229 5711 1408 5780 quarti
1451 5710 1631 5766 saeculi
1658 5712 1805 5766 edito

220 5821 313 5874 per
358 5804 685 5860 But-borium
735 5818 801 5860 ex
847 5803 1036 5860 iisdem
1089 5803 1455 5871 membranis,
1507 5803 1563 5862 in
1610 5804 1804 5874 quibus

1913 4719 2006 4762 est.
2027 4709 2154 4764 Mira
2174 4708 2511 4780 Hegesippus,
2528 4728 2646 4764 cum
2661 4709 2922 4766 Clemente
2940 4713 3262 4765 consentiens
3280 4712 3499 4782 (Euseb.

1915 4799 2058 4854 Hist.
2090 4797 2234 4854 Eccl.
2276 4801 2370 4856 lib.
2396 4817 2454 4866 rt,
2477 4817 2598 4871 cap.
2630 4801 2902 4871 25).S‘unt
2930 4803 3090 4855 verba
3121 4800 3334 4854 Eusebii
3360 4817 3375 4863 ;
3409 4801 3501 4868 qui

1913 4906 2037 4946 cum
2062 4892 2293 4946 adducat
2327 4892 2666 4947 eodem-loco
2693 4891 3059 4946 testimonium
3082 4890 3324 4959 Joscphi,
3357 4890 3504 4944 refe-

1913 4983 2088 5038 rentis
2141 4983 2354 5039 aedem-
2401 4983 2587 5039 Jacobi
2639 4983 2779 5038 Justi
2828 4983 2892 5036 ad
2947 4981 3289 5035 intervallum
3339 4981 3502 5036 trium

1916 5075 2208 5150 mensium,
2260 5087 2604 5130 numeratum
2635 5089 2701 5129 ex
2747 5072 3104 5150 morte'Festi
3136 5073 3201 5126 ad
3249 5072 3504 5127 Albinum

1911 5145 2320 5237 procuratorem
2344 5181 2374 5220 a
2419 5165 2630 5220 Nerone
2673 5147 3022 5234 subrogatum
3049 5205 3064 5228 ,
3092 5179 3198 5233 quo
3239 5160 3506 5219 trimestri
3579 5218 3582 5220 .

1913 5259 2088 5326 spatio
2108 5259 2329 5312 Auanus
2346 5257 2533 5327 jnnior
2561 5256 2728 5325 gessit
2760 5249 3143 5325 pontificatum
3169 5293 3184 5316 .
3217 5253 3504 5308 confirmat

1914 5364 2122 5404 morem
2157 5364 2333 5420 genus
2363 5359 2526 5416 atque
2555 5349 2733 5401 aetatis
2765 5362 2894 5410 sure,
2943 5355 2995 5401 et
3024 5345 3210 5399 Roma:
3256 5345 3503 5400 scriben-

1916 5439 2049 5493 tium
2078 5438 2486 5504 historicorum,
2519 5445 2578 5492 ut
2602 5437 2834 5507 epochas
2858 5452 2975 5492 non
3008 5437 3320 5491 oniitterent
3350 5433 3502 5488 iden-

1907 5532 2070 5587 tidem
2123 5545 2426 5586 memorare
2477 5539 2757 5602 gestorum.-
2805 5547 2926 5602 quae
2981 5525 3413 5585 deseribebanti
3444 5539 3502 5583 et

1907 5619 2149 5674 historiae
2175 5634 2286 5674 sua:
2313 5620 2414 5675 hoc
2441 5620 2620 5676 lumen
2650 5636 2755 5675 non
2779 5621 3070 5690 denegare,
3095 5620 3236 5689 quod
3261 5619 3503 5672 Romana

1909 5711 2127 5766 archiva
2177 5712 2228 5765 in
2281 5702 2943 5783 gestis-provincialibus,
2997 5720 3052 5764 et
3111 5709 3502 5779 inscriptiones

1909 5803 2135 5874 publica:
2161 5804 2561 5860 ministrabant.
2594 5803 2794 5860 Eadem
2839 5818 2968 5858 vero
2994 5801 3236 5869 archiva,
3265 5809 3320 5856 et
3357 5815 3500 5855 mar-
