3996 5412
536 227 600 282 51
1269 222 1364 278 AD
1399 220 1845 278 ANASTASIUM
1882 217 2394 277 PROLEGOMENA
2435 217 2608 275 EDIT.
2653 218 3079 276 ROM.-VATIC‘.

3735 218 3824 277 5%

533 372 712 439 mora,
741 364 797 413 et
822 353 1065 420 indiculi,
1095 363 1153 409 et
1183 354 1425 409 historia:
1452 353 1630 409 adhuc
1658 354 1880 424 integra:
1904 352 2123 410 labente
2148 364 2201 423 Α
2225 369 2335 410 sua:
2356 354 2750 410 ordinationis:
2784 369 2921 424 quas
2947 368 3136 425 preces
3163 352 3330 408 edidit
3351 351 3642 409 cardinalis
3663 353 3825 408 Tbo~

533 459 730 519 quarto
754 447 959 504 Christi
981 445 1201 510 saeculo,
1232 461 1341 516 quo
1392 446 1653 502 Eusebius
1680 455 1735 500 et
1763 446 2129 517 Hieronymus
2225 447 2427 502 masius
2457 446 2596 500 libro
2634 461 2692 501 tu
2725 444 2973 502 Sacram.
3013 446 3172 501 Rom.
3205 444 3491 509 Ecclesiae,
3519 459 3648 515 pag.
3675 445 3821 508 2H,

532 536 832 603 ﬁorebant,
879 545 1127 608 apertum
1166 536 1526 591 ostendebant
1568 536 1670 591 hoc
1714 536 1886 606 ipsum
1942 536 2121 592 lumen

532 639 836 700 temporum
868 622 1086 683 auctori
1125 626 1370 698 Catalogi
1418 625 1520 681 sub
1556 626 1774 682 Liberio
1798 666 1813 690 ,
1858 625 2012 695 cujus
2054 626 2123 681 de

529 719 872 774 documentis
911 716 1312 787 chronologicis
1341 716 1621 786 inquirere
1651 717 1781 772 duxi
1823 732 1928 771 non
1954 720 2120 771 omit-

500 792 509 805 .
527 813 770 869 tendum.

596 903 692 957 ‘20.
743 900 983 957 Gradum
1035 901 1163 956 hinc
1218 899 1417 957 faciam
1467 901 1536 955 ad
1587 903 2018 970 cognoscendam
2064 912 2121 959 et

526 994 651 1050 aliis
670 993 1133 1064 comprobandum
1152 992 1534 1049 certitudinem
1554 1000 1717 1062 atque
1738 993 2118 1051 auctoritatem

525 1095 849 1143 caeterarum
871 1100 1055 1141 rerum
1080 1099 1201 1155 qua:
1241 1085 1297 1140 in
1346 1094 1586 1155 utroque
1616 1084 1872 1156 Catalogo
1915 1100 2120 1141 memo-

523 1185 739 1231 rantur.
768 1174 1150 1232 Ordinationes
1177 1173 1649 1245 presbyterorum,
1674 1180 1728 1227 et
1761 1173 2120 1228 diaconorum

525 1264 713 1331 Urbis,
747 1280 850 1323 nec
873 1282 982 1324 non
1005 1266 1383 1336 episcoporum
1413 1264 1543 1319 binc
1570 1263 2018 1319 transmissorum
2047 1264 2121 1319 ad

528 1357 664 1413 alias
693 1357 956 1414 ecclesias
976 1356 1060 1412 vel
1087 1355 1412 1421 fundandas,
1431 1354 1511 1408 vel
1542 1354 1919 1425 gubernandas
1937 1395 1953 1419 ,
1977 1355 2118 1410 obti—

526 1455 662 1501 nent
691 1445 872 1501 loeum
907 1445 1172 1514 potiorem
1197 1484 1215 1510 ,
1247 1459 1371 1498 cum
1430 1444 1485 1498 in
1512 1442 1742 1513 singulis
1772 1442 2117 1513 pontiﬁcibus

523 1537 888 1607 reperiantur.
919 1535 1220 1592 Videndum
1243 1536 1408 1606 igitur
1428 1546 1517 1591 est
1542 1536 1634 1604 qui
1659 1534 1777 1591 ﬁeri
1798 1536 2038 1605 potuerit
2058 1546 2118 1594 ut

520 1643 624 1700 per
642 1628 744 1683 tria
766 1628 951 1698 priora
982 1626 1183 1683 sarcula
1206 1641 1237 1680 a
1254 1625 1460 1682 Christi
1482 1626 1693 1683 Domini
1720 1627 1975 1696 passione
2004 1636 2115 1683 tam

2222 538 2326 594 hoc
2364 537 2517 593 titulo
2546 554 2559 592 :
2590 534 2773 592 Oratio
2813 538 2869 591 in
2912 535 3080 592 natali
3104 536 3423 606 presbyteri,
3454 536 3687 607 qualiter
3706 536 3823 591 sibi

2219 632 2439 685 missam
2466 630 2647 686 debeat
2678 630 2959 687 celebrare.

2290 721 2425 776 Cum
2446 723 2629 788 itaque
2644 729 2699 774 et
2720 735 2836 774 mos
2861 718 3257 774 vetustissimus
3280 717 3441 773 fuerit
3461 719 3823 775 sacerdotum

2218 812 2418 882 prioris
2446 810 2689 876 fmderis,
2719 817 2778 864 ut
2801 809 3185 879 consignarent
3208 808 3348 862 dicm
3375 808 3823 878 inaugurationis

2218 912 2275 960 et
2298 901 2483 959 obitus
2511 902 2741 972 publicis
2781 900 3018 966 tabulis;
3056 909 3113 955 et
3145 900 3199 954 in
3236 898 3459 955 exordio
3500 897 3820 954 Sacerdotii

2216 994 2342 1050 novi
2366 992 2589 1050 fmderis
2612 992 2727 1048 dies
2749 990 2946 1046 natalis
2996 989 3270 1044 cathedra:
3295 1003 3402 1045 non
3433 988 3617 1046 minus
3643 1002 3813 1059 quam

2218 1084 2499 1140 natalitius
2546 1082 2794 1154 martyrii
2838 1081 2894 1137 in
2940 1080 3102 1136 Petro
3150 1080 3223 1135 sit
3268 1089 3604 1161 annotatus;
3637 1096 3825 1151 eaque

2219 1174 2359 1229 ratio
2388 1173 2461 1229 sit
2488 1173 2670 1231 habita
2703 1172 2756 1227 in
2787 1170 3197 1226 successoribus
3223 1169 3403 1236 Petri,
3422 1179 3479 1226 et
3505 1170 3576 1225 ad
3599 1171 3819 1240 episcou

2215 1279 2313 1334 pos
2343 1266 2619 1320 minorum
2636 1262 2853 1319 urbium
2870 1262 3115 1317 derivata
3141 1261 3233 1326 sit,
3262 1260 3397 1326 imo,
3424 1260 3552 1315 etin
3581 1260 3819 1331 presby-

2218 1359 2319 1415 teri
2376 1355 2791 1415 consecratione
2852 1353 3093 1411 adhibita
3156 1352 3641 1421 deprehendatur,
3691 1352 3825 1421 quis

2217 1448 2426 1506 dubitet
2448 1464 2481 1505 a
2514 1446 2746 1503 notariis
2766 1443 3022 1501 Ecclesia:
3043 1443 3307 1498 Romame
3324 1443 3444 1498 haec
3464 1441 3821 1512 potissimum-

2215 1543 2537 1600 documenta
2558 1541 2615 1598 in
2633 1539 2845 1596 litteras
2872 1538 3044 1593 relata
3070 1545 3128 1591 et
3153 1536 3207 1591 in
3230 1534 3483 1611 Archivis
3509 1534 3818 1600 custodita,

2215 1635 2360 1690 unde
2391 1633 2739 1704 postmodum
2774 1629 3024 1700 catalogi,
3074 1636 3129 1684 et
3157 1627 3449 1701 diptycha,
3480 1636 3539 1683 et.
3582 1625 3817 1685 indiculi:

522 1718 811 1790 diligenter
854 1726 1169 1774 numeratas
1190 1718 1495 1787 repererint
1526 1717 1899 1783 ordinationes
1920 1719 1975 1774 in
2014 1720 2117 1776 Ec-
2144 1721 2192 1782 Β
2218 1735 2345 1782 sunt
2365 1724 2577 1780 collecti
2606 1724 2636 1777 *ἒ

521 1808 687 1864 clesia
708 1808 951 1865 Romana
974 1817 1225 1863 auctores
1245 1808 1471 1863 secundi
1499 1806 1764 1879 Catalogi,
1792 1809 2122 1880 pertinentis

520 1897 590 1955 ad
629 1904 849 1955 atatem
882 1893 1079 1952 Felicis
1108 1896 1287 1966 quarti
1310 1906 1366 1951 et
1393 1895 1712 1951 Iustiniani.

593 1982 769 2040 Nemo.
790 1984 1070 2057 negaverit
1096 1985 1167 2040 ab
1187 1984 1411 2040 exordio
1458 1984 1711 2041 Mosaicae
1755 1986 1897 2058 legis
1946 1985 2117 2044 fuisse

523 2077 902 2149 consignatum
927 2091 1129 2132 annum
1155 2091 1222 2131 ac
1247 2076 1392 2132 diem
1418 2078 1711 2134 erectionis
1746 2080 2111 2148 tabernaculi,

521 2164 755 2235 ejusque
785 2165 1234 2229 consecrationis,
1263 2165 1542 2236 simulque
1554 2167 1786 2223 Aaronis
1810 2168 2110 2239 pontiﬁcis,

521 2268 580 2315 et
608 2258 843 2314 ﬁliorum
874 2257 994 2327 ejus
1023 2261 1367 2314 sacerdotum
1396 2258 1569 2314 Exodi
1603 2259 1781 2329 capite
1802 2276 1909 2315 xu:
1944 2260 2117 2317 Locu-

521 2362 711 2421 tusque
735 2359 809 2403 est
841 2348 1101 2404 Dominus
1126 2350 1196 2404 ad
1226 2349 1446 2421 Moysen
1473 2351 1691 2407 dicens:
1722 2351 1903 2408 Mense
1919 2355 2115 2424 primo,

516 2442 692 2512 prima
715 2440 800 2494 die
828 2442 1020 2495 mensis
1059 2442 1226 2511 eriges
1262 2442 1662 2497 tabernaculum
1707 2444 2025 2508 testimonii,
2067 2454 2115 2500 et

516 2548 679 2603 pones
705 2533 764 2585 in
793 2548 857 2585 eo
875 2547 1077 2599 arcam,
1099 2540 1205 2586 etc.
1235 2531 1638 2604 Applicabisque
1687 2534 1870 2588 Aaron
1900 2545 1946 2588 et
1969 2535 2121 2602 ﬁlios

518 2624 635 2693 cjus
679 2624 751 2679 ad
793 2623 931 2692 {ores
975 2624 1305 2678 tabernaculi
1351 2626 1672 2695 testimonii,
1724 2636 1774 2680 et
1803 2618 1939 2683 lotos
1979 2645 2117 2699 aqua

518 2719 708 2774 indues
739 2719 937 2774 sanctis
974 2718 1220 2783 vestibus,
1247 2727 1303 2772 ut
1332 2719 1625 2773 ministrent
1650 2718 1816 2785 mihi,
1863 2728 1911 2773 et
1940 2721 2118 2775 unctio

518 2826 702 2865 eorum
754 2809 812 2864 in
857 2809 1213 2869 sacerdotium
1265 2818 1519 2863 reternum
1565 2808 1830 2879 proﬁciat.
1866 2807 2118 2879 Fecitque

521 2901 733 2973 Moyses
756 2901 932 2957 omnia
955 2916 1073 2974 qua:
1095 2911 1411 2973 prrecepcrat
1434 2900 1710 2955 Dominus.
1742 2900 1920 2970 Igitur
1941 2916 2126 2956 mense

2287 1816 2379 1873 2i.
2410 1816 2599 1871 Rome
2629 1829 2761 1871 vero
2790 1814 3104 1870 accuratius
3130 1820 3352 1868 curatas
3378 1819 3435 1871 et
3457 1810 3820 1880 consignatas

2217 1906 2393 1962 fuisse
2409 1905 2777 1961 ordinationes
2824 1903 3116 1960 Christiani
3147 1918 3212 1958 ac
3254 1916 3385 1958 vere
3416 1900 3586 1956 divini
3622 1914 3813 1954 sacer-

2217 1997 2350 2054 dotii
2384 1996 2509 2066 quis
2539 1994 2887 2059 inﬁciabitnr,
2919 1993 3011 2065 qui
3056 1994 3311 2049 observet
3348 1991 3513 2048 etiam
3550 1988 3822 2060 profanos.

2217 2088 2486 2143 antistites
2510 2085 2851 2142 ethnicorum
2876 2083 3331 2155 superstitionum
3360 2081 3503 2150 apud
3524 2078 3817 2143 Romanos

2219 2177 2445 2234 saluto-in
2468 2176 2643 2247 pretio
2666 2173 2834 2231 ﬁnisse
2864 2174 3098 2241 habitos,
3133 2181 3191 2228 ut
3213 2174 3586 2243 cooptationes
3615 2186 3816 2225 eorum.

2218 2270 2654 2340 insculperentur
2673 2266 2928 2332 nummis,
2947 2265 3333 2329 marmoribus,
3348 2262 3480 2328 aris,
3497 2271 3607 2316 tam
3632 2262 3687 2315 in
3702 2260 3833 2315 Au-’

2217 2362 2390 2433 gustis
2410 2359 2644 2415 universi
2663 2356 2874 2426 imperii
2892 2355 3324 2421 moderatoribus
3336 2369 3458 2408 cum
3477 2359 3821 2420 occuparent:

2220 2454 2449 2509 deorum
2468 2465 2690 2505 suorum
2716 2448 3017 2503 maximum
3040 2445 3610 2517 poutiﬁcatum,quam
3630 2443 3687 2498 in
3709 2441 3820 2513 pri.

2218 2544 2359 2598 vatis
2378 2542 2682 2613 quibusque
2703 2540 2881 2596 minus
2914 2538 3138 2611 aliquod
3159 2537 3530 2593 sacerdotium
3564 2535 3775 2606 adeptis
3790 2534 3819 2588 Tr

2220 2632 2424 2691 Omitto
2468 2631 2691 2687 annales
2721 2629 3037 2701 pontiﬁcum
3068 2642 3366 2697 eorumque
3406 2626 3574 2682 libros
3616 2625 3813 2679 linteos

2219 2740 2341 2781 esse
2372 2725 2600 2795 primatu
2627 2723 2892 2794 originem
2922 2720 3181 2776 Romanae
3207 2719 3476 2784 historiae,
3494 2728 3552 2772 ut
3583 2717 3648 2772 in
3675 2716 3821 2772 libro

2224 2817 2464 2873 secundo
2497 2816 2563 2870 de
2585 2812 2817 2870 Oratore
2846 2820 3112 2866 memorat
3139 2809 3355 2864 Marcus
3394 2808 3602 2864 Tullius
3629 2826 3644 2861 :
3678 2806 3811 2862 Erat

2219 2913 2439 2969 historia
2467 2910 2541 2965 nil
2569 2909 2720 2966 aliud
2762 2909 2864 2964 nisi
2894 2907 3169 2963 annalium
3201 2904 3456 2974 confectio
3484 2919 3504 2958 :
3532 2900 3687 2970 cujus
3717 2899 3819 2963 rei,

518 2996 691 3064 primo
711 2995 839 3050 anni
859 2993 1075 3049 secundi
1115 2994 1287 3065 prima
1329 2994 1416 3048 die
1456 2994 1649 3048 mensis
1690 2993 2004 3048 collocatum
2040 3001 2114 3046 est

2223 3003 2585 3073 memoriaeque
2602 3000 2823 3072 publica:
2846 2998 3130 3054 retinenda:
3157 3008 3339 3062 causa,
3368 2994 3433 3049 ab
3459 2992 3609 3048 initio
3639 2988 3827 3045 rerum

518 3086 939 3141 tabernaculum.
964 3085 1249 3158 Erexitque
1280 3085 1486 3156 Moyses
1512 3085 1666 3151 illud,
1684 3097 1790 3142 etc.
1834 3085 2115 3140 Lauerunt-

2223 3070 2794 3162 Romanarumvusque
2821 3091 2889 3144 ad
2929 3087 2995 3142 Ρ.
3024 3088 3262 3143 Mucium
3299 3085 3601 3157 pontiﬁcem
3637 3083 3823 3137 maxi~

517 3192 619 3247 que
641 3174 870 3247 Moyses,
909 3187 954 3231 et
984 3175 1163 3231 Aaron
1186 3192 1247 3230 ac
1266 3175 1365 3245 lilii
1388 3176 1501 3245 ejus
1526 3191 1715 3230 manus
1743 3191 1868 3229 suos
1895 3185 1945 3228 et
1963 3176 2118 3245 pedes

516 3281 638 3321 cum
673 3266 1068 3337 ingrederentur
1105 3274 1298 3320 tectum
1329 3265 1572 3335 (traderis,
1617 3274 1667 3318 et
1709 3264 2012 3319 accederent
2045 3266 2115 3319 ad

516 3353 706 3422 altare,
734 3356 871 3409 sicut
897 3363 1215 3425 praeceperat
1243 3353 1501 3409 Dominus
1528 3353 1723 3425 Moysi.
1748 3352 1861 3409 Nec
1883 3362 2116 3409 tantum-

515 3445 679 3503 modo
701 3445 755 3500 in
790 3445 962 3501 sacris
991 3443 1189 3517 litteris
1235 3445 1587 3515 consignatus
1635 3454 1720 3500 est
1765 3445 1886 3500 dies
1917 3459 2113 3500 conse-

521 3536 787 3592 crationis
812 3535 1046 3590 Aaronis
1070 3534 1232 3606 primi
1286 3534 1561 3605 pontiﬁcis
1587 3535 1811 3600 summi,
1843 3550 2031 3589 verum
2060 3543 2118 3589 et

517 3625 761 3695 ejusdem
783 3626 964 3681 obitus
984 3625 1122 3689 dies,
1146 3624 1354 3679 mensis
1371 3634 1426 3680 et
1449 3640 1645 3690 annus,
1673 3634 1728 3680 et
1750 3626 1846 3681 ﬁlii
1870 3625 2113 3681 Eleazari

519 3716 795 3773 successio
822 3725 879 3771 et
920 3715 1265 3786 iuauguratio
1304 3716 1373 3770 ad
1415 3716 1709 3770 maximum
1749 3717 2115 3772 sacerdotium

522 3824 785 3880 expresse
817 3817 1156 3863 memoratur
1176 3806 1535 3862 Numerorum
1566 3822 1687 3878 cap.
1716 3823 1894 3863 XXXIII
1915 3849 1930 3872 ,
1965 3824 2111 3864 vers.

518 3900 632 3956 38:
689 3899 1038 3969 Ascenditque
1084 3898 1262 3952 Aaron
1304 3898 1548 3953 sacerdos
1594 3899 1654 3953 in
1702 3909 1930 3954 utentem
1998 3899 2118 3955 Hor

511 3991 729 4062 iubente
755 3990 1025 4046 Domino:
1062 4001 1108 4045 et
1142 3990 1213 4044 ibi
1250 3999 1489 4045 mortuus
1535 4000 1609 4044 est
1640 4007 1779 4044 anno
1822 3990 2115 4062 quadrage-

516 4084 651 4138 simo
696 4083 1008 4154 egressionis
1048 4080 1283 4151 filiorum
1322 4079 1496 4135 Israel
1536 4096 1601 4135 ea:
1637 4080 1901 4151 zEgypto,
1944 4097 2119 4135 mense

516 4177 719 4248 quinto,
751 4175 923 4245 prima
951 4174 1036 4228 die
1056 4173 1268 4235 mensis,
1304 4189 1425 4227 cum
1451 4181 1587 4226 esset
1615 4188 1879 4225 annorum
1900 4182 2111 4227 centum

519 4265 704 4334 viginti
742 4265 923 4317 trium.
954 4262 1085 4319 lude
1105 4262 1296 4331 incipit
1334 4262 1680 4331 pontiﬁcatus
1718 4261 1963 4317 Elcaaari
2017 4261 2114 4318 ﬁlii

517 4356 722 4429 Aaron.
761 4353 989 4408 Domino
1026 4352 1172 4408 enim
1213 4351 1561 4421 praecipiente
1607 4348 1819 4421 Moyses
1865 4350 2114 4420 spoliavit

517 4426 700 4501 Aaron
731 4443 971 4499 vestibus
1015 4443 1150 4509 suis,
1200 4451 1256 4498 et
1304 4443 1477 4497 induit
1520 4442 1601 4497 eis
1646 4441 2003 4509 Eleazarum,
2052 4421 2193 4499 utD

522 4536 763 4593 refertur
791 4534 1152 4592 Numerorum
1198 4550 1292 4589 xx.
1324 4534 1393 4589 Et
1438 4543 1567 4589 tunc
1593 4533 1775 4591 Aaron
1817 4534 2053 4593 decessit
2079 4552 2117 4593 e

520 4629 634 4683 vita
663 4626 926 4684 collectus
970 4627 1039 4681 ad
1082 4633 1265 4700 patres
1294 4640 1441 4680 suos.
1495 4624 1769 4695 Epocbam
1817 4627 2114 4685 sacerdotii

522 4720 723 4776 summi
760 4718 1011 4775 Mosaicae
1053 4717 1195 4788 legis
1224 4716 1516 4787 diligenter
1540 4717 1768 4773 relatam
1809 4718 1861 4772 in
1894 4718 2111 4776 divinas

521 4806 734 4863 litteras
761 4822 885 4861 cum
914 4806 1410 4862 animadverterent
1439 4807 1610 4862 nostri
1646 4809 1932 4878 pontiﬁces
1955 4810 2115 4866 Chri-

523 4900 710 4963 Stiani,
739 4909 1070 4955 censuerunt
1088 4914 1196 4953 non
1225 4898 1425 4955 minori
1457 4914 1588 4954 cura
1625 4915 1745 4955 esse
1768 4899 2110 4958 referendam

521 4994 580 5053 in
606 4989 887 5047 Ecclesiae
940 4989 1153 5046 tabulas
1197 4990 1593 5047 dedicationem
1636 4992 1942 5059 cathedrae,
1992 5009 2117 5063 quae

522 5080 878 5154 responderet
937 5081 1200 5137 erectioni
1258 5081 1635 5147 tabernaculi;
1689 5096 1754 5137 ac
1806 5091 2114 5139 statuerunt

528 5172 812 5244 rujuslibet
837 5171 1072 5243 episcopi
1099 5172 1458 5229 ordinationis
1481 5173 1625 5228 diem
1652 5188 1832 5229 annua
1855 5176 2115 5229 memoria

529 5265 820 5332 celebrare,
844 5279 966 5335 qum
990 5265 1226 5335 Aaronis
1254 5265 1656 5322 consecrationi
1683 5275 2113 5336 compararetur.

525 5364 666 5412 ﬂuin
692 5365 856 5412 etiam
888 5365 940 5412 in
991 5365 1278 5412 ritualibus
1320 5364 1473 5412 libris
1509 5362 1892 5412 vetustissimis
1915 5402 1930 5412 .
1974 5370 2031 5412 et
2064 5362 2119 5412 in

2221 3198 2365 3237 mum
2391 3198 2471 3236 res
2493 3197 2671 3236 omnes
2687 3178 3017 3250 singulorum
3035 3193 3298 3233 annorum
3317 3174 3601 3230 mandabat
3626 3173 3823 3227 litteris

2219 3274 2456 3345 pontifex
2483 3274 2764 3334 maximus,
2794 3271 3141 3343 e/ferebatque
3170 3270 3226 3324 in
3248 3268 3448 3334 album,
3476 3278 3523 3323 et
3548 3281 3811 3335 propone-

2220 3366 2305 3422 bat
2337 3365 2575 3420 tabulam
2606 3364 2750 3419 danti
2774 3405 2788 3428 ,
2829 3372 3057 3434 potestas
3100 3372 3158 3416 ut
3198 3370 3332 3418 esset
3376 3358 3567 3431 populo
3613 3373 3815 3428 cogno-

2187 3508 2195 3515 .
2218 3460 2394 3516 scendi
2414 3476 2431 3524 ;
2455 3459 2495 3514 ii
2520 3459 2611 3529 qui
2635 3459 2794 3513 etiam
2815 3474 2959 3521 nunc
2972 3456 3189 3512 annales
3208 3454 3428 3512 maximi
3448 3452 3816 3508 nonunantur.

2221 3550 2370 3607 Satis
2389 3548 2552 3604 fuerit
2577 3546 2847 3617 inspicere
2871 3545 3084 3603 tabulas
3109 3543 3513 3614 cooptationum
3533 3541 3599 3595 ad
3629 3554 3813 3595 saccis

2220 3643 2365 3699 dotia
2404 3656 2525 3711 qua:
2562 3647 2886 3709 supersunt,
2928 3638 3073 3707 apud
3117 3635 3409 3693 Gruterum
3457 3633 3748 3702 descripta:
3780 3645 3821 3686 θ

2218 3734 2582 3790 marmoribus
2607 3731 2868 3786 Romanis
2898 3730 2989 3786 τοι.
3030 3747 3165 3795 ccc,
3208 3728 3437 3799 et‘apud
3487 3724 3819 3782 Pauvinium

2219 3827 2272 3883 in
2298 3825 2475 3881 Fastis
2513 3825 2579 3879 ad
2604 3839 2807 3879 annum
2846 3822 3007 3879 Urbis
3047 3821 3173 3878 945.
3204 3821 3411 3876 Praeter
3440 3818 3564 3872 anni
3601 3825 3819 3880 notam,

2217 3933 2314 3987 per
2341 3916 2565 3987 collegia
2616 3914 2896 3970 cotisulum
2943 3913 3235 3967 indicatam
3265 3953 3280 3975 ,
3314 3910 3482 3965 incisa
3511 3916 3595 3963 est
3642 3906 3815 3965 etiam

2216 4012 2421 4080 epocha
2444 4025 2709 4064 annorum
2733 4009 2802 4063 ab
2828 4007 2972 4064 Urbe
2993 4006 3227 4062 condita.
3258 4004 3644 4076 Fragmentum
3665 4002 3817 4058 dabo

2215 4117 2283 4156 ex
2309 4101 2624 4156 collectione
2650 4099 2844 4154 excell.
2875 4097 3075 4153 domini
3106 4097 3397 4153 Alexandri
3425 4093 3614 4150 Albani
3640 4108 3663 4149 ξ

2481 4268 2494 4283 .
2532 4268 2547 4284 .
2578 4225 2852 4283 COELIO
2880 4225 3366 4283 APOLLINARE
3403 4224 3545 4282 COS

2608 4298 2673 4353 P.
2710 4298 2773 4352 R.
2812 4298 2874 4353 C.
2915 4299 2979 4352 Α.
3018 4295 3417 4352 DCCCCXXH

2497 4369 2565 4437 ρ.
2613 4366 2934 4424 CLODIVS
2990 4367 3094 4437 MA
3106 4365 3427 4437 uocum
3442 4364 3531 4423 vs

2796 4436 3141 4494 COOPTAT
3147 4436 3231 4493 VS

2221 4510 2284 4568 Τ.
2322 4508 2549 4566 AELIO
2581 4507 2864 4565 CILONE
2908 4508 2992 4563 ΙΙ.
3047 4506 3326 4562 ιιίΑιςιο
3372 4505 3656 4563 LIBONE
3684 4545 3701 4562 .
3734 4546 3749 4561 .
3787 4545 3807 4564 .

2701 4578 2767 4632 P.
2817 4579 2879 4634 Π.
2919 4578 2980 4632 C.
3014 4580 3079 4633 Α.
3117 4577 3347 4633 CCCCL'
3798 4578 3801 4589 τ

2372 4650 2448 4706 Η.
2493 4648 2763 4706 VALERI
2780 4649 2864 4705 VS
2905 4649 3194 4705 PAETVS
3234 4647 3464 4716 AQVIL
3492 4686 3507 4702 .
3542 4686 3558 4702 .
3593 4688 3609 4704 .
3643 4686 3658 4702 .

2796 4717 3227 4775 COOPTATVS

2293 4791 2355 4849 C.
2393 4788 2621 4846 ιγΝιο
2664 4787 2897 4845 ASPRO
2937 4788 2999 4844 II
3035 4788 3097 4843 C.
3140 4787 3354 4843 IVLIO
3389 4785 3631 4844 ASPRO
3661 4825 3679 4844 .
3712 4827 3729 4844 .

2551 4859 2620 4915 Ρ.
2664 4858 2731 4914 R.
2774 4859 2835 4914 C.
2876 4861 2940 4914 A.
2984 4856 3307 4914 DCCCCLX
3339 4898 3354 4914 .
3389 4898 3404 4914 .
3439 4898 3456 4913 .

2713 4929 2810 4983 ΕΑ
2829 4928 3297 4986 γετιΝιΑΝγδ

2775 4997 3110 5055 COOPTAT
3124 4997 3208 5055 VS

2447 5067 3005 5128 .....AVG.III
3048 5068 3573 5125 ETCOMA....

2551 5140 2621 5195 P.
2660 5139 2724 5194 Β.
2752 5138 2815 5194 C.
2846 5138 2912 5194 A.
2950 5137 3324 5195 DCCCCLXX
3357 5181 3372 5195 .
3408 5179 3423 5194 .
3454 5179 3470 5196 .

2293 5269 2555 5329 Nummos
2594 5273 2687 5342 qui
2720 5272 2902 5342 cupiat
2931 5271 3048 5340 ejus
3082 5273 3161 5328 rei
3191 5281 3395 5339 testes,
3433 5273 3686 5331 observet
3709 5289 3801 5329 ar-

2224 5370 2444 5412 aeuteos
2472 5370 2526 5412 et
2551 5375 2747 5412 aureos
2777 5361 2973 5412 Neroni
2997 5361 3195 5412 Caesari
3231 5380 3261 5412 a
3302 5374 3490 5412 senatu
3513 5381 3674 5412 niueos
3702 5364 3801 5412 sub
