4010 6302
518 288 596 365 55,
1250 306 1344 363 AD
1366 311 1812 374 ANASTASIUM
1848 319 2366 385 PROLEGOMENA
2405 333 2587 393 EDIT.‘
2625 341 3051 404 ROM.-VATIC.

510 405 753 526 stiones
768 408 838 466 de
858 409 1144 473 Veteribus
1157 415 1685 485 MonumentisAntii
1711 435 1847 490 etde
1875 435 2093 493 Mithra.
2123 442 2175 501 A
2202 444 2564 516 Persicorum,
2592 461 2650 509 et
2689 453 3018 526 Eliacorum,

511 496 843 557 Referuntur
870 518 1000 561 vero
1028 508 1096 564 ad
1120 520 1373 579 quartum
1401 519 1660 576 saeculum
1682 538 1804 579 tera:
1827 525 2092 583 Christia-

512 602 599 644 na:
627 604 903 647 marmora
935 610 1045 650 non
1073 597 1355 658 dissimilis
1379 611 1708 677 argumenti,
1739 613 1865 669 licet
1898 618 1968 671 ad
1994 617 2096 673 Mi-

513 1040 622 1137 ritu
648 1059 679 1099 a
714 1043 1007 1105 Prudentio
1038 1067 1319 1124 expresso.
1362 1061 1593 1134 Lapides
1620 1068 1737 1137 ejus
1769 1073 1846 1128 rei
1876 1040 2096 1133 testesa

509 1130 746 1191 Grutero
772 1143 1055 1197 memorati
1087 1144 1215 1203 folio
1244 1130 1502 1211 nbxxxvit
1549 1130 1803 1218 visuntur
1824 1130 2095 1223 adhuevin

511 1223 714 1294 palatio
736 1227 1034 1291 Barberino
1053 1236 1121 1293 ad
1146 1238 1499 1307 Quirinalem.
1527 1249 1679 1308 Licet
1700 1255 1843 1311 enim
1874 1258 2102 1315 traditio

3712 361 3793 418 56

3063 469 3119 517 et
3143 451 3502 535 Gryphianum
3538 474 3797 528 ostensio

2200 550 2501 596 memorata
2525 545 2626 600 sub
2648 545 2858 604 initium
2886 550 3256 622 inscriptionis
3281 556 3393 611 sint.
3414 559 3596 628 potius
3614 565 3785 621 verba

2200 645 2500 697 sacrorum,
2555 651 2715 707 quam
2752 640 3072 699 initiationis
3096 645 3337 714 propria,
3385 650 3787 720 utplacetlau-

2203 723 2330 780 dato
2370 730 2580 784 auctori
2622 731 3021 791 dissertationis
3048 737 3116 793 de
3156 737 3374 804 Mithra,
3406 755 3527 811 cap.
3550 742 3618 811 ,5,
3654 763 3794 818 pag.

2029 803 2103 860 iis.
2199 814 2334 880 205,
2375 826 2612 874 attamen
2653 821 2768 877 dies
2802 832 2857 879 et
2894 840 3068 880 annus
3110 803 3787 897 consecrationis
3818 818 3821 821 I

2202 909 2522 979 exprimitur
2552 911 2606 964 in
2636 913 2826 969 eodem
2861 915 3036 984 lapide
3070 927 3306 987 peractae
3338 920 3397 975 in
3426 924 3712 991 consulatu
3747 943 3791 981 ν

2075 1027 2100 1055 ι
2203 996 2447 1054 Valentis
2473 1008 2527 1056 et
2558 1000 2861 1060 Valentiani
2880 1003 3113 1073 iunioris
3137 1009 3335 1078 primo,
3362 1014 3588 1082 quando.
3608 1014 3822 1071 ωηο-⁸

2202 1088 2310 1145 lius
2339 1089 2523 1146 Victor
2548 1092 2847 1164 Augentius
2868 1095 3171 1157 {Emiliano
3206 1099 3429 1159 Corfoni
3460 1104 3571 1163 tilio
3595 1121 3793 1165 conse-

2201 1192 2355 1241 crato
2382 1186 2649 1242 sacerdoti
2676 1187 2821 1246 Solis
2843 1190 3065 1247 tradidit
3087 1192 3367 1253 Coracica.

1608 1387 1938 1449 DATIANO
1985 1393 2078 1449 ET
2105 1391 2446 1449 CEREALE
2488 1392 2687 1450 CONS

1530 1454 1827 1517 NONIVS
1870 1462 2132 1519 VICTOR
2162 1462 2545 1519 OLVMPIVS
2587 1464 2650 1519 V.
2691 1465 2753 1519 C.

1473 1522 1589 1579 PP.
1620 1529 1787 1585 AVB.
1827 1532 2092 1589 VICTOR
2115 1532 2551 1590 AVGENTIVS
2585 1533 2648 1589 V.
2677 1533 2739 1590 C.
2771 1534 2860 1590 P.'

1268 1587 1807 1655 TRADIDERVNT
1837 1587 2154 1659 ρεηὲισὶ
2182 1587 2340 1659 Par.
2375 1587 2559 1660 NON.
2596 1587 2853 1662 Atinii;
2884 1606 3038 1664 FEL

1552 1666 1746 1726 CONS
1785 1670 1885 1726 SS.
1920 1672 2455 1729 TRADIDERVNT
2491 1672 2759 1731 ELIACA

1747 1738 1885 1795 XVI
1925 1742 2088 1798 KAL.
2130 1744 2289 1798 MAI.
2325 1743 2545 1799 FELIC

1584 1808 1982 1867 OSTENDER
1997 1812 2146 1869 VNT
2176 1812 2554 1870 CRYPHIOS
2584 1813 2737 1872 VIII

1846 1881 2009 1938 KAL.
2051 1884 2209 1939 MAI.
2253 1883 2478 1939 FELIC

1684 1949 1803 2005 DD.
1838 1950 1970 2008 NN.
2018 1953 2382 2008 VALENTE.
2435 1952 2497 2009 ν.
2531 1955 2627 2011 ΕΤ

1512 2013 2088 2078 γΑιιςΝΤιΝιΑΝο
2129 2022 2461 2080 IVNIORE
2484 2023 2801 2084 PRIMVM

1575 2088 1794 2145 AVGG.
1851 2091 2071 2148 CONS.
2111 2092 2213 2148 Vl.
2257 2092 2456 2150 IDVS.
2485 2094 2714 2151 APRIL

1552 2158 1719 2214 AVR.
1770 2160 2035 2217 VICTOR
2061 2162 2523 2221 AVGENTIVS.
2563 2165 2625 2220 γ.
2655 2167 2715 2222 C.

1406 2223 1474 2280 Ρ.
1506 2225 1570 2296 Ι).
1606 2227 1837 2286 FILIO.
1875 2230 2042 2288 SVO.
2076 2232 2525 2288 AEMILIANO.
2554 2234 2891 2296 CORFO’NI

1504 2295 1861 2355 OLYMPIO.
1908 2302 1972 2357 C.
2003 2300 2070 2355 Ρ.
2116 2302 2352 2358 ANNO.
2395 2302 2800 2365 TRICESIMO

1275 2363 1945 2440 consrcnarwiws.
1981 2371 2194 2429 svas.
2234 2371 2604 2430 TRADIDIT.
2658 2363 3020 2440 conamen

1558 2436 1802 2496 μεως.
1836 2439 2008 2497 (ΣΟΝ.
2038 2441 2145 2498 SS.
2177 2440 2738 2501 OS'I'ENDERVNT

1583 2507 1977 2570 CRYPHIOS.
2013 2511 2177 2569 VIII.
2206 2511 2283 2567 Κ.
2314 2512 2476 2568 MAI.
2507 2512 2732 2573 FELIC

583 2605 675 2662 25.
698 2607 849 2667 Alias
874 2594 1317 2676 consecrationes
1335 2621 1424 2680 die
1439 2633 1591 2681 certo
1611 2626 1851 2697 signatas
1867 2628 2104 2685 ostendit
2130 2630 2178 2690 B
2205 2629 2516 2686 cathedram
2571 2632 2937 2702 pontificalem
2992 2637 3050 2695 S.
3104 2638 3371 2714 Hippolyti
3428 2644 3666 2719 episcopi
3727 2662 3795 2709 et

508 2696 779 2755 Gruterus
806 2701 900 2756 fol.
929 2720 1096 2762 xxviii
1129 2717 1187 2763 et
1229 2713 1581 2780 sequentibus
1606 2734 1615 2768 :
1642 2696 1778 2786 quas
1823 2718 1963 2773 inter
1988 2719 2099 2774 sin-

509 2787 713 2858 gularis
738 2801 823 2847 est
854 2793 965 2861 illa,
999 2797 1088 2852 tibi
1135 2797 1395 2857 Sextilius
1422 2802 1706 2875 Agesilaus
1743 2808 1998 2866 JEdesius
2041 2824 2100 2866 se

507 2879 565 2933 in
596 2889 858 2939 aeternum
901 2898 1152 2945 renatum
1195 2892 1327 2948 dicit
1352 2893 1677 2954 Taurobolio
1719 2897 2099 2971 Criobotioque

508 2983 766 3043 percepto
817 2976 925 3032 DD.
975 2978 1093 3037 NN.
1139 2980 1367 3041 Valente
1430 2987 1473 3043 V
1506 2996 1562 3044 et
1600 2988 1922 3045 Valentiano
1968 2991 2095 3047 Jun.

511 3063 685 3135 Aiigg.
719 3064 874 3122 Cass.
899 3069 1079 3127 Idibus
1100 3072 1384 3145 Augustis;
1419 3078 1561 3134 unde
1576 3080 1908 3150 dignoscitur
1922 3081 2098 3150 posita

509 3152 659 3210 circa
688 3151 851 3212 linem
873 3161 1056 3216 saeculi
1085 3161 1263 3230 quarti
1285 3177 1406 3219 cum
1433 3166 1682 3237 pluribus
1699 3169 1943 3239 ejusdem
1963 3182 2097 3227 aita—

511 3243 584 3300 tis
609 3245 1059 3319 inscriptionibus
1081 3254 1154 3309 ibi
1191 3256 1401 3312 relatis.

582 3335 716 3393 Cum
744 3339 911 3410 igitur
936 3343 1160 3417 collegia
1198 3349 1553 3405 sacerdotalia
1581 3351 1812 3407 ethnicus
1833 3355 2096 3425 supersti-

509 3425 701 3493 tionis,
723 3444 843 3499 qua:
869 3430 1057 3490 Roma:
1096 3436 1349 3507 vigebant
1379 3455 1409 3493 a
1454 3440 1632 3511 primo
1669 3441 1872 3498 Christi
1900 3445 2099 3503 saeculo

511 3518 581 3575 ad
618 3519 779 3578 tinem
810 3525 1013 3593 quarti,
1046 3529 1312 3586 sodalium
1343 3547 1564 3588 suorum
1605 3533 1795 3592 Fastos
1844 3545 1901 3592 et
1938 3537 2097 3605 Acta,

514 3609 873 3682 initiationes,
899 3616 1057 3684 ritus,
1091 3621 1330 3687 decreta,
1373 3624 1742 3682 dedicationes
1790 3641 1897 3682 non
1938 3630 2099 3685 modo

512 3702 839 3761 mandarent
861 3706 1056 3764 litteris
1077 3710 1131 3765 in
1153 3710 1306 3769 libris
1323 3712 1524 3779 linteis,
1541 3724 1634 3770 aut
1654 3717 1908 3773 eburneis
1931 3718 2099 3775 tabel-

512 3790 583 3848 lis
603 3793 982 3866 inscriberent,
1014 3802 1108 3856 sed
1132 3804 1297 3859 etiam
1319 3807 1684 3864 marmoribus
1709 3808 2098 3880 insculperent,

511 3892 570 3939 et
595 3898 960 3957 proponerent
978 3890 1032 3947 in
1057 3892 1230 3960 atriis,
1259 3904 1314 3951 et
1335 3897 1388 3952 in
1409 3913 1616 3969 pronao
1639 3914 1858 3955 suarum
1879 3903 2097 3969 mdium,

511 3983 629 4030 tum
667 3979 832 4034 etiam
860 3980 1200 4042 Kalendariis
1229 3987 1532 4045 insererent
1558 3990 1609 4046 in
1638 3993 1757 4061 foro
1787 3993 1998 4063 positis,
2029 3993 2098 4049 ad
2125 3980 2170 4046 Ο

515 4069 896 4128 auctoritatem
923 4082 981 4129 et
1015 4078 1415 4145 perennitatem
1442 4080 1838 4139 conciliandam
1869 4086 1982 4142 suis
2016 4085 2100 4140 iu-

510 4158 749 4229 stitutis;
780 4161 1106 4222 Christiana:
1133 4170 1488 4238 professionis
1518 4173 1756 4231 cultores
1784 4191 1890 4231 non
1923 4178 2102 4234 minus
2145 4205 2149 4208 ν

509 4251 759 4320 providi,
782 4263 839 4310 et
876 4257 1049 4314 multo
1088 4263 1454 4321 sanctioribus
1497 4269 1759 4337 exemplis
1787 4267 1977 4324 imbuti
2006 4284 2104 4339 per

511 4339 725 4398 divinas
749 4341 961 4401 litteras
980 4348 1262 4419 utriusque
1285 4351 1635 4418 Testamenti,
1665 4357 1859 4412 merito
1879 4371 2104 4414 censue—

512 4443 644 4489 runt
670 4436 739 4489 ad
763 4435 1085 4507 dignitatem
1112 4456 1260 4498 verae
1285 4444 1562 4516 religionis
1595 4448 1888 4517 pertinere,
1931 4458 1990 4504 ut
2024 4450 2103 4504 la-

508 4523 746 4581 terculos
772 4527 996 4585 ederent
1025 4531 1384 4601 pontiﬁcales.
1413 4544 1781 4609 etmartyrum
1800 4540 2099 4609 passiones,

509 4614 678 4671 veluti
725 4616 922 4675 Fastos
949 4619 1203 4679 Ecclesiae
1231 4624 1590 4697 triumphales
1610 4667 1626 4695 ,
1669 4641 1928 4691 ornarent
1959 4632 2104 4690 notis

511 4707 914 4783 ehronologicis
931 4715 1079 4780 anni,
1097 4729 1192 4771 seu
1218 4720 1524 4785 consulum,
1552 4721 1755 4778 mensis
1770 4738 1835 4778 ae
1851 4723 1976 4790 diei,
1996 4740 2107 4795 quo

2203 2720 2461 2791 martyris
2497 2721 2599 2777 sub
2625 2721 2826 2780 Severo
2848 2725 3157 2787 Alexandro
3184 2748 3308 2788 cum
3335 2732 3572 2802 ejusdem
3603 2748 3789 2796 statua

2201 2809 2489 2878 insidente,
2526 2829 2691 2884 quam
2717 2816 2787 2870 ex
2827 2821 3142 2875 ccemeterin
3168 2822 3389 2880 Lucinre
3431 2827 3484 2882 in
3528 2845 3661 2901 agro
3688 2830 3790 2886 Ve-

2202 2915 2336 2956 rano
2358 2903 2676 2958 translatam
2706 2905 2773 2960 ad
2799 2906 3181 2967 bibliothecam
3204 2911 3521 2972 Vaticanam
3552 2927 3632 2974 tot
3659 2935 3791 2974 eru-

2201 2990 2435 3046 ditorum
2460 2992 2583 3049 libri
2610 2994 2969 3065 illustrarunt,
3002 3000 3226 3057 chorum
3254 3003 3575 3063 ducentibus
3612 3007 3791 3065 Baro—

2201 3085 2293 3140 nio
2317 3095 2372 3141 et
2401 3085 2693 3143 Bucherio.
2733 3087 2944 3145 Titulus
2975 3091 3050 3146 ita
3081 3092 3357 3164 inscriptis
3394 3083 3477 3152 est
3518 3098 3672 3161 ἔτους
3710 3110 3747 3156 Δ
3767 3140 3793 3166 ,

2199 3187 2305 3235 etc.
2342 3179 2394 3234 id
2418 3192 2501 3236 est
2521 3180 2709 3239 ANNO
2742 3181 2955 3240 PRIMO
2997 3183 3345 3243 REGIMINIS
3386 3190 3790 3248 ALEXANDRI

2198 3270 2665 3329 lMPERATORlS
2701 3274 2925 3329 FACTA
2964 3274 3097 3330 EST
3136 3276 3253 3331 XIV
3305 3279 3619 3336 PASCHAE
3668 3282 3785 3336 1οῑ-

2200 3359 2331 3415 BVS
2360 3360 2718 3417 APRILIBVS
2748 3362 3061 3421 SABBATO
3096 3364 3237 3421 CVM
3277 3364 3526 3423 MENSIS
3572 3369 3789 3426 ΕΜΒΟο

2200 3452 2516 3511 LISMALIS
2584 3455 2890 3513 FVISSET.
2951 3460 3253 3529 ERITQVE
3311 3462 3788 3530 SEQVENTIBVS

2199 3547 2404 3604 ANNIS
2470 3548 2668 3605 SICVT
2728 3550 2796 3605 ΙΝ
2855 3550 3127 3607 TABVLA
3185 3552 3587 3610 SVBIECTVM.
3626 3557 3784 3611 EST.

2199 3638 2453 3695 EVENIT
2476 3640 2663 3697 VERO
2688 3641 2759 3695 IN
2784 3641 3239 3697 PRAETERITIS
3282 3643 3483 3700 SICVT
3531 3644 3789 3701 INDICA-

2201 3732 2346 3789 TVM
2395 3733 2548 3789 EST.
2597 3733 2911 3791 SOLVERE
2954 3734 3193 3790 AVTEM
3247 3733 3569 3793 OPORTET
3621 3737 3792 3794 lElVa

2199 3822 2370 3879 NIVM
2416 3823 2531 3879 VB!
2572 3823 2897 3881 DOMINICA
2948 3825 3310 3883 INCIDERIT.
3364 3828 3424 3883 la
3466 3829 3571 3884 hoc
3622 3830 3795 3899 igitur

2204 3914 2405 3987 lapide,
2435 3916 2607 3972 inciso
2630 3932 2775 3972 anno
2796 3917 2995 3973 Christi
3023 3919 3149 3985 222,
3179 3920 3268 3976 lex
3315 3918 3628 3981 Sacrorum,
3665 3939 3797 3993 qua:

2202 4005 2521 4073 proponitur
2538 4006 2875 4062 observanda
2899 4007 2951 4061 in
2979 4007 3140 4064 Festo
3162 4009 3436 4079 prmcipuo
3461 4010 3797 4067 celebrando

2200 4095 2483 4152 Paschatis
2502 4097 2819 4163 Christiani,
2843 4100 3083 4154 continet
3117 4080 3426 4156 instituturir
3445 4100 3641 4171 jejunii
3672 4103 3789 4158 sol-

2200 4186 2362 4241 vendi
2395 4187 2670 4243 Dominica
2699 4187 2806 4248 die,
2852 4188 2925 4242 ab
2971 4188 3265 4259 apostolica
3309 4191 3603 4247 traditione
3660 4207 3793 4261 per-

2202 4277 2424 4332 ductum
2455 4277 2521 4331 ad
2565 4275 2869 4332 Ecclesiam
2907 4277 3242 4334 Orientalem
3262 4288 3317 4334 et
3359 4278 3791 4346 Occiilentalem,

2202 4376 2260 4424 et
2293 4366 2675 4423 confirmatum
2703 4367 2935 4423 decretis
2980 4367 3086 4433 Pii,
3136 4368 3418 4426 Eleutheri
3463 4378 3519 4425 et
3557 4368 3797 4426 Victoris

2202 4457 2517 4528 pontificum
2541 4458 2932 4525 Romanorum,
2955 4468 3078 4530 post
3103 4469 3294 4517 coacta
3331 4460 3491 4530 hujus
3523 4463 3793 4533 postremi

2201 4546 2500 4618 praesertim
2524 4547 2678 4617 jussu
2722 4548 2949 4603 concilia
2997 4564 3025 4602 a
3055 4548 3355 4620 Theophilo
3386 4552 3440 4605 in
3476 4550 3789 4617 Palaestina,

2202 4641 2256 4687 et
2287 4633 2440 4696 alibi,
2481 4632 2557 4687 uti
2599 4649 2698 4689 suo
2728 4633 2846 4689 loco
2876 4633 3161 4690 dicendum
3193 4637 3318 4690 erit.
3371 4637 3551 4704 Quare
3604 4653 3796 4707 super-

2201 4732 2330 4778 sunt
2378 4723 2602 4794 vestigia
2643 4739 2749 4779 non
2793 4724 3024 4779 obscura
3068 4726 3472 4796 pontiﬁciarum
3524 4731 3793 4781 constitu-

508 4800 726 4857 veritati
751 4803 1119 4862 testimonium
1149 4809 1491 4877 praebuerant
1519 4813 1780 4884 sanguine
1806 4822 1861 4869 et
1887 4813 2103 4871 confes-
2152 4812 2157 4817 “
2204 4811 2432 4878 tiouuin,
2468 4822 2522 4868 et
2549 4829 2829 4869 sacrarum
2876 4813 3053 4884 legum
3085 4814 3414 4870 observandi
3442 4816 3578 4871 ritus
3625 4817 3797 4871 festo-

510 4891 685 4948 sione.
712 4892 1087 4967 lntelligebant
1112 4899 1254 4955 enim
1291 4914 1605 4974 pergratum
1618 4905 1727 4961 Deo
1755 4904 2023 4973 futurum,
2045 4914 2102 4964 et

2201 4919 2347 4971 rum,
2377 4915 2429 4959 et
2467 4902 2654 4974 jejunii
2693 4904 2955 4970 solvendi,
2992 4904 3163 4960 incisa
3192 4907 3423 4962 vetustis
3468 4908 3521 4961 in
3550 4922 3795 4961 marum-

510 4985 745 5053 posteris
758 4990 990 5047 maxime
1003 4992 1151 5059 utile,
1184 5003 1242 5050 ut
1259 4994 1391 5052 ﬁdes
1403 4998 1615 5067 publica
1641 5000 1790 5055 Actis
1804 5010 2098 5067 constaret,

2202 4997 2355 5052 ribus
2400 4996 2682 5063 Romanis,
2727 4998 2891 5053 etiam
2945 5007 3230 5053 constante
3277 4999 3675 5067 persecutione,
3729 5008 3793 5054 ut

509 5086 567 5132 et
590 5093 769 5134 annua
795 5083 1055 5138 memoria
1089 5085 1251 5142 recoli
1281 5098 1467 5159 posset
1501 5104 1691 5145 eorum
1729 5091 2005 5164 ingressus
2033 5094 2099 5147 ad
2195 5085 2309 5157 jam
2349 5095 2464 5141 tum
2499 5085 2843 5143 addiscerent
2891 5086 3218 5142 hierarchiae
3265 5088 3463 5143 summi
3494 5086 3794 5190 hujus:

514 5167 734 5190 ...1....ξ-..,
820 5171 865 5190 se
928 5172 983 5190 οι.
1263 5178 1293 5190 ..
1600 5188 1605 5190 .
1680 5182 1691 5190 .
1845 5183 1857 5190 .
1948 5184 1960 5190 -
2058 5185 2067 5190 .
2234 5177 2247 5190 ι
2314 5176 2328 5188 ο
2549 5176 2560 5189 ο
2777 5177 2788 5188 ι
2867 5179 2877 5189 .
2923 5176 2935 5188 ι
3045 5174 3092 5190 ιτ
3126 5176 3139 5190 ι

510 5167 773 5239 gloriam,
819 5171 873 5227 in
925 5172 996 5230 iis
1054 5178 1352 5245 praesertim
1413 5182 1725 5237 caemeicris
1777 5183 2101 5240 suburbanis
2200 5176 2379 5232 etesiae
2416 5176 2658 5232 omnium
2710 5176 2997 5248 principis,
3045 5174 3265 5231 Urbana
3316 5192 3591 5232 marmora
3631 5176 3794 5233 Chri-

512 5260 566 5284 ε..
616 5261 804 5284 ..__!I..___
849 5274 1023 5284 ...Α-,η
1067 5282 1079 5284 _
1160 5277 1201 5284 Α-
1464 5273 1532 5284 Α...
1690 5276 1701 5284 .
1884 5277 1894 5284 .
2238 5269 2271 5284 ,ι
2352 5268 2362 5278 -
2431 5283 2437 5284 ,
2464 5283 2469 5284 ,
2552 5268 2585 5284 0,
2624 5269 2636 5280 ο
2778 5267 2847 5284 ιν.
2977 5270 2988 5282 ι
3120 5271 3132 5284 ι
3393 5268 3406 5284 ι
3445 5269 3458 5281 ο
3535 5278 3547 5284 -
3678 5270 3690 5283 ο
3774 5270 3788 5284 ο

512 5260 567 5313 in
612 5261 807 5330 quibus
848 5274 1117 5337 martyres
1151 5277 1314 5340 ﬂ,un
1345 5273 1634 5342 pontiﬁces
1670 5276 2096 5344 damnabantur,
2126 5337 2166 5344 _
2204 5268 2397 5323 stiauis
2422 5268 2599 5323 SﬂCi‘lS
2624 5267 2889 5338 insculpta
2911 5270 3166 5341 erigenda
3190 5283 3311 5324 esse
3339 5268 3410 5324 ad
3444 5269 3618 5324 instar
3644 5270 3791 5341 cippi

511 5354 742 5411 Decreta
771 5371 902 5413 vero
927 5337 1243 5427 pontiﬁcum
1267 5337 1362 5418 aut
1388 5337 1766 5432 conciliorum,
1795 5382 1915 5436 qua:
1954 5366 2094 5437 prio-
2126 5337 2177 5397 D
2205 5359 2549 5431 triumphalis
2578 5375 2738 5431 supra
2764 5359 3075 5462 confracta-3‘
3109 5360 3318 5462 tabulas
3342 5362 3573 5462 ethnicis
3595 5377 3796 5462 super-

514 5447 666 5503 ribus
711 5446 872 5504 etiam
940 5450 1155 5506 δεεευιεε
1200 5463 1326 5509 ante
1378 5454 1794 5511 constantinum
1846 5455 2097 5528 Magnum
2207 5451 2475 5505 stitionis:
2508 5466 2628 5522 quae
2666 5459 2792 5505 tunc
2830 5467 2859 5504 a
2898 5449 3159 5505 fratribus
3197 5449 3506 5516 Arvalibus,
3559 5450 3795 5520 aliisque

513 5537 660 5594 edita
685 5536 922 5604 fuerant,
955 5539 1248 5611 aliquando
1270 5558 1527 5614 expressa
1553 5538 1723 5600 fuisse
1751 5545 1969 5610 tabulis,
2007 5555 2101 5601 aut
2209 5540 2521 5597 Daemonum
2550 5541 2844 5615 mysteriis,
2888 5551 2942 5597 et
2996 5542 3366 5598 sacerdotibus
3402 5543 3574 5606 lsitlis,
3627 5541 3793 5597 Sera-

514 5626 687 5698 eippis
733 5630 1054 5687 marmoreis
1080 5641 1270 5703 aperte
1318 5634 1473 5690 nobis
1522 5635 1760 5690 ostendit
1804 5635 2099 5718 inscriptio
2207 5631 2367 5702 pidis,
2393 5632 2620 5698 Mithrae,
2654 5632 2816 5698 Solis,
2848 5643 2903 5688 et
2931 5633 3118 5692 Matris
3152 5632 3358 5704 Magna:
3378 5634 3790 5699 dedicabanlur.

513 5716 751 5776 Catienis
778 5720 1055 5779 Paschalis
1092 5723 1148 5781 in
1196 5732 1413 5782 vetusto
1457 5740 1730 5783 marmore
1764 5716 2102 5799 eiprimente
2209 5726 2310 5782 sub
2351 5724 2527 5783 fallaci
2558 5742 2652 5797 spe
2696 5727 2975 5798 promissae
3013 5729 3115 5783 sibi
3154 5727 3495 5803 teternitatis,
3529 5737 3792 5796 tanquam
