4010 6302
219 341 292 398 51
1657 313 2049 375 ΡιιίΕιτΑΤΙΟ.

3433 329 3514 386 58

221 449 480 525 prasidi:
524 444 736 520 profani
769 441 947 500 cultus
991 438 1234 496 inanium
1265 436 1489 492 deorum
1541 449 1816 503 nunquam
1846 440 1893 497 Α
1924 432 2113 488 loculis
2157 448 2491 490 summorum
2544 438 2881 509 pontiﬁcum,
2937 448 3051 499 tum
3107 446 3158 500 in
3191 445 3506 515 «illigendis

223 540 538 606 iuterituri;
582 552 706 593 eum
730 535 922 591 eodem
941 531 1143 588 sarculo
1165 530 1421 584 cederent
1465 529 1518 581 in
1557 525 1816 596 praedam,

219 645 279 691 et
302 640 656 688 verterentur
680 630 732 683 in
761 627 1094 683 monimenta
1117 623 1362 678 victoria
1382 621 1450 676 de
1473 617 1818 688 triumphalis

218 723 510 779 erroribus
557 730 725 791 parta:
784 733 818 772 a
862 717 1091 770 veritate
1138 713 1415 782 religionis
1469 709 1810 765 ϐιιτίειίωιω.

217 816 427 870 Verum
460 815 576 869 lucc
610 812 766 866 alias.
797 808 952 864 Nunc
998 807 1055 862 in
1103 821 1168 859 ea
1215 803 1439 874 digitum
1489 800 1815 855 intendimus

213 910 325 964 hac
348 916 564 962 tantum
599 905 666 960 de
689 918 874 965 causa,
907 908 968 955 ut
1002 908 1258 969 appareat
1287 894 1581 950 auctoritas
1609 907 1814 956 rerum,

212 1016 342 1074 qua:
379 999 742 1056 enuntiantur
766 997 821 1050 in
842 994 1074 1050 vetustis
1097 991 1469 1045 Romanorum
1497 987 1811 1057 pontiﬁcum

211 1092 519 1163 Catalogis,
551 1091 730 1162 quarti
769 1086 1090 1159 praesertim,
1134 1092 1192 1137 et
1238 1082 1378 1137 sexti
1426 1079 1610 1136 saeculi
1647 1078 1812 1149 (unde

210 1183 306 1237 hic
333 1181 500 1237 Liber
526 1177 864 1235 Pontiﬁcalis
890 1175 1203 1247 agnoscitur
1231 1178 1521 1227 contextus
1547 1169 1647 1223 sub
1677 1168 1812 1226 Gre-

210 1277 373 1346 gorio
423 1271 469 1330 Il
525 1282 584 1330 et
635 1273 725 1343 lli)
789 1285 912 1326 cum
962 1283 1062 1339 per
1101 1282 1195 1322 eas
1246 1273 1433 1319 aetates
1479 1261 1816 1317 consuetudo

208 1377 373 1423 vetus
424 1367 612 1422 Roma:
654 1365 890 1435 vigeret,
929 1371 1040 1416 tam
1089 1357 1232 1429 apud
1279 1355 1616 1412 Christianos
1645 1369 1810 1423 quam

209 1460 360 1529 apud
407 1457 677 1520 ethnicos,
706 1450 1060 1524 consignandi
1109 1447 1430 1503 marmoreis
1461 1444 1661 1501 tabulis
1685 1459 1807 1513 per-

210 1551 342 1606 inde
377 1565 449 1606 ac
485 1549 640 1604 libris
678 1543 1076 1617 pontiﬁcalibus
1116 1549 1240 1595 acta
1303 1549 1360 1594 et
1390 1538 1608 1594 decreta
1645 1535 1810 1591 colle-

211 1645 454 1712 giorum,
477 1641 810 1697 initiationes
842 1645 898 1694 et
921 1633 1225 1692 sacerdotia
1248 1647 1436 1688 eorum
1461 1629 1804 1702 potissimum

209 1736 304 1806 qui
327 1735 497 1790 εαξιυὶ
527 1739 843 1805 praeessent.

1919 525 2207 597 diptycliis,
2239 536 2293 584 et
2332 530 2592 599 catalogis
2634 547 2700 586 ex
2730 535 3043 590 earumdem
3090 538 3502 609 inscriptionum

1917 628 1970 673 et
1997 620 2256 675 Actorum
2286 625 2632 694 autographis
2663 644 2822 683 nemo
2858 628 2983 697 jure
3021 634 3368 702 dubitaverit,
3415 642 3500 695 cui

1914 720 2195 779 perspecta
2222 713 2292 767 sit
2317 713 2616 782 diligentia,
2643 735 2803 787 quam
2836 724 2951 789 pari
2981 725 3149 782 ferme
3179 730 3362 785 studio
3399 731 3503 787 im-

1914 806 2216 873 penderunt
2253 811 2619 878 proximarum
2659 814 2824 870 Italiae
2852 818 3136 876 civitatum
3163 824 3408 894 episcopi
3448 827 3511 882 in

1913 897 2257 954 decessorum
2306 916 2526 958 suorum
2569 909 2844 963 memoriis
2887 917 3280 978 pra-servandis
3321 927 3503 987 poste.

1915 987 2080 1042 rilati.
2112 987 2295 1045 Liceat
2327 993 2455 1046 mihi
2478 995 2724 1063 proferre
2750 1014 2816 1052 ex
2849 999 3051 1057 Nolana
3093 1006 3325 1061 ecclesia
3357 1008 3503 1062 illus.

1914 1085 1995 1133 tre
2024 1080 2427 1149 documentum,
2472 1089 2616 1156 quod
2647 1092 2777 1145 ante
2821 1109 2992 1149 annos
3033 1097 3339 1165 quindecim
3374 1101 3500 1156 inde

1911 1171 2127 1242 collegi,
2157 1189 2278 1228 eum
2308 1192 2337 1229 a
2368 1178 2424 1231 S.
2451 1178 2512 1232 D.
2542 1179 2606 1233 N.
2639 1181 2911 1240 Clemente
2945 1185 3014 1241 ΧΙ
3043 1190 3310 1260 ascriptus
3331 1192 3500 1246 comi-

1913 1262 2044 1316 tatui
2099 1279 2308 1330 eorum,
2363 1283 2500 1336 quos
2540 1271 2968 1330 eminentissimo
2999 1279 3261 1333 cardinali
3304 1280 3498 1335 Carolo

1909 1352 2206 1409 Barberino
2232 1355 2407 1426 legato
2433 1358 2498 1412 de
2523 1358 2689 1414 latere
2719 1363 2782 1416 ad
2808 1363 3143 1429 Catliolicum
3170 1384 3349 1439 regem
3374 1370 3496 1425 His-

1909 1443 2192 1513 paniarum
2224 1443 2525 1517 Philippum
2557 1448 2596 1501 γ
2628 1450 2845 1521 Neapoli
2883 1464 3016 1509 time
3038 1467 3284 1526 agentem
3325 1460 3499 1514 adiui-

1909 1533 2110 1590 nistros
2143 1536 2420 1606 delegerat
2453 1537 2755 1609 legationis,
2800 1545 3062 1612 permissu
3094 1547 3333 1616 ejusdem
3369 1565 3501 1604 car-

1908 1625 2104 1680 dinalis
2119 1626 2310 1682 Nolam
2339 1645 2426 1684 me
2455 1631 2804 1688 contulissem
2835 1636 2902 1689 ad
2931 1651 3117 1692 sacras
3148 1640 3506 1709 antiquitates.

1907 1715 2313 1784 periustrandas
2333 1718 2451 1786 ejus
2489 1721 2733 1777 ecclesiae
2778 1733 2834 1778 et
2863 1729 3162 1783 casmeterii
3207 1729 3265 1784 S.
3297 1730 3496 1786 Felicis

277 1825 375 1880 24.
413 1825 555 1879 Acta
580 1833 636 1878 et
657 1819 1030 1876 ordinationes
1052 1814 1309 1872 Ecchsias
1337 1812 1594 1868 Romanae
1622 1809 1800 1881 splen-
1830 1807 1876 1866 B
1907 1805 1958 1858 in
1996 1805 2176 1862 Pincis
2218 1809 2344 1864 dicti
2377 1827 2390 1863 :
2444 1812 2533 1865 ubi
2579 1824 2869 1884 supersunt
2911 1819 3214 1887 complures
3260 1823 3496 1876 basilica;

209 1917 391 1972 didius
420 1917 737 1986 consignata
766 1913 1020 1984 leguntur
1054 1918 1177 1982 post
1205 1917 1467 1964 assertam
1497 1907 1803 1960 libertatem

211 2012 381 2067 divini
413 2010 596 2068 cultus
623 2026 655 2065 a
698 2008 936 2064 Maximo
982 2003 1365 2061 Constantino.
1415 2000 1616 2056 Beatus
1659 1999 1803 2054 enim

210 2105 482 2158 Damasus
526 2116 664 2172 papa
691 2140 708 2166 ,
759 2099 855 2169 qui
905 2097 1104 2153 tabulis
1153 2094 1476 2150 marmoreis
1515 2091 1808 2148 convestiri

207 2196 425 2250 curavit
472 2194 613 2248 atria
667 2191 1044 2255 ecclesiarum,
1095 2189 1280 2244 aditus
1339 2187 1806 2250 cmmeteriorum,

204 2288 458 2358 sepulcra
505 2297 832 2358 martyrum,
871 2299 992 2354 qua:
1038 2282 1232 2337 tabulae
1268 2281 1616 2352 postmodum
1649 2280 1806 2334 dieue

207 2390 332 2435 sunt
355 2377 1000 2448 Platoniw,elegautibus
1026 2375 1190 2429 etiam
1217 2373 1467 2428 versibus
1493 2370 1810 2440 complexus

207 2481 286 2525 est
337 2471 399 2523 in
456 2467 773 2523 earumdem
818 2464 1260 2534 inscriptionibus
1305 2462 1582 2532 complura
1635 2462 1806 2516 docu-

207 2570 390 2616 menta
418 2559 666 2613 historiae
703 2560 1048 2612 decessorum
1083 2569 1325 2618 suorum,
1356 2562 1413 2609 et
1456 2561 1757 2622 martyrum
1788 2567 1805 2605 :

208 2669 443 2725 quorum
492 2651 673 2720 aliqua
724 2651 933 2721 integra
983 2656 1274 2720 supersunt
1319 2655 1477 2702 aetate
1525 2655 1708 2700 nostra
1752 2646 1806 2700 in

207 2748 471 2818 hypogaeo
522 2745 758 2800 basilica:
788 2743 1091 2806 Vaticanzc,
1142 2743 1196 2795 in
1251 2741 1365 2795 aede
1397 2740 1456 2794 S.
1504 2738 1806 2795 Sebastiani

209 2847 363 2892 extra
401 2844 685 2901 muros,ct
725 2835 776 2889 in
813 2834 966 2889 titulo
995 2832 1227 2903 Equitii:
1263 2831 1364 2886 alia
1385 2831 1635 2902 leguntur
1664 2829 1807 2898 apud

213 2927 530 2990 Cruterum,
568 2935 624 2980 et
653 2935 800 2980 tomo
846 2925 912 2980 IV
970 2925 1222 2978 Veterum
1263 2922 1645 2977 Analectorum
1697 2922 1808 2975 Ma-

211 3019 438 3086 billonii,
468 3017 738 3086 descripta
782 3025 944 3070 aetate
979 3013 1157 3069 Caroli
1196 3013 1405 3082 Magni;
1439 3013 1544 3066 alia
1572 3013 1806 3080 denique

210 3110 433 3164 collecta
483 3123 515 3161 a
573 3107 764 3162 Martio
819 3105 1026 3160 Milesio
1079 3106 1133 3159 in
1185 3104 1425 3159 editione
1468 3117 1690 3174 operum
1740 3101 1801 3155 Β.

208 3198 451 3254 Damasi.

273 3289 369 3345 25.
412 3290 550 3345 Cum
594 3303 723 3344 vero
763 3297 819 3342 et
865 3287 920 3342 in
954 3285 1284 3342 ccemeteriis
1309 3293 1606 3357 martyrum
1639 3301 1803 3355 appa-

206 3397 322 3439 reat
379 3399 526 3454 saepe
573 3398 750 3437 annus
796 3397 860 3436 ac
901 3381 1015 3435 dies
1066 3378 1434 3450 depositionis,
1484 3379 1802 3448 plerumque

206 3474 421 3543 scalpro
449 3472 672 3528 celatus
703 3471 754 3526 in
793 3469 988 3525 tabulis
1021 3467 1360 3532 marmoreis,
1392 3467 1801 3522 occludentihus

206 3565 469 3627 loculum,
499 3579 604 3618 non
637 3579 762 3618 raro
794 3563 845 3615 in
893 3561 1041 3616 calce
1079 3568 1357 3623 exaratus,
1384 3567 1480 3612 aut
1517 3559 1684 3613 minio
1710 3574 1802 3612 co-

207 3656 412 3710 loratus
436 3654 493 3708 in
521 3662 782 3708 caemento
811 3660 1021 3706 crustas
1043 3665 1373 3704 marmorum
1399 3649 1798 3719 jungentecum

206 3746 463 3815 margine
491 3743 865 3808 ioculamcnti;
897 3742 1019 3812 quis
1057 3755 1162 3794 non
1197 3741 1396 3804 videat,
1421 3756 1487 3794 ex
1519 3741 1601 3794 his
1640 3751 1793 3794 anto-

203 3838 431 3906 graphis
471 3834 727 3890 collectas
763 3832 930 3888 fuisse
971 3832 1202 3896 tabulas,
1252 3833 1366 3886 sive
1413 3832 1698 3897 indicnlos,
1743 3843 1801 3889 et

205 3924 502 3981 laterculos
533 3923 950 3994 depositionum,
986 3931 1042 3976 et
1067 3923 1375 3977 rudimenta
1414 3923 1500 3977 illa
1532 3922 1798 3995 Martyro-

206 4019 332 4089 logii
386 4018 655 4082 Romani,
705 4031 736 4070 a
788 4016 1057 4070 Bucberio
1102 4024 1314 4085 reperta
1361 4016 1413 4069 in
1464 4015 1798 4070 membranis

206 4112 386 4182 quarti
412 4111 595 4166 saeculi
616 4119 711 4164 aut
740 4110 936 4179 quinti,
958 4117 1012 4162 et
1041 4109 1107 4163 ab
1137 4110 1330 4163 eodem
1365 4109 1508 4162 edita
1540 4117 1658 4177 post
1693 4109 1798 4162 Ca-

206 4219 405 4259 noaem
430 4201 747 4257 Paschalem
781 4199 1004 4255 Victorii
1027 4197 1297 4268 Opusculo
1322 4199 1481 4254 tertio
1511 4214 1632 4268 pag.
1655 4198 1799 4252 276?

534 4377 874 4432 DEPOSITIO
910 4376 1344 4431 EPISCOPURUM
1370 4379 1464 4438 (al.

269 4508 430 4560 Sexto
456 4505 702 4556 Kalendas
723 4506 1000 4564 Ianuarias,
1026 4504 1244 4563 Dionysii
1273 4505 1318 4551 in
1342 4503 1542 4554 Callisti.

264 4571 440 4620 Tertio
467 4569 709 4618 Kalendas
731 4568 966 4621 Januarii.
993 4567 1172 4616 Felicis
1199 4567 1245 4614 in
1269 4566 1462 4616 Callisti.

268 4633 437 4681 Pridie
464 4631 704 4681 Kalendas
723 4630 953 4687 Januarii,
980 4629 1214 4691 Sylrestri
1246 4630 1294 4691 in
1318 4625 1571 4677 Priscillae.

266 4697 452 4752 Quarto
477 4694 590 4742 ldus
613 4691 850 4752 Januarii,
876 4689 1103 4740 Miltiadis
1129 4693 1173 4737 in
1198 4689 1395 4752 Callisti.

267 4748 478 4805 Decimo
498 4765 670 4804 octavo
693 4748 935 4802 Kalendas
953 4752 1205 4802 Februarii
1233 4748 1791 4861 Marcqlllllpjﬂghclﬁlr‘gellli]

1402 4824 1434 4860 Ii
1454 4813 1706 4861 Priscillae.

1383 4815 1434 4861 in
1454 4815 1732 4874 Priscillae.)

267 4877 443 4926 Tertio
467 4877 630 4926 Nonas
652 4877 830 4936 Martii,
857 4873 991 4924 Lucii
1019 4876 1065 4922 in
1089 4873 1288 4925 Callisti.

271 4941 372 4988 Dec
390 4953 471 4988 mo
499 4937 740 4987 Kalendas
762 4938 890 4996 Maii,
915 4938 1010 4984 t‘aii
1037 4937 1082 4984 iu
1109 4936 1326 4987 Callisti.‘

267 5006 456 5060 Quarto
478 5001 640 5050 Nonas
667 5002 890 5058 Augusti,
915 4997 1150 5058 Stephani
1177 5001 1225 5045 in
1249 4996 1452 5060 Callisti.

263 5058 426 5112 Sexto
454 5061 697 5111 Kalendas
721 5061 964 5114 Oetobris.
995 5059 1188 5106 l'lusebii
1217 5062 1264 5107 in
1284 5058 1480 5110 Callisti.

264 5125 419 5173 Nonis
443 5127 693 5180 Octobris,
721 5123 867 5171 Marci
895 5123 941 5170 in
967 5119 1199 5169 Balbinaa.

267 5189 425 5235 Sexto
450 5186 564 5235 ldus
587 5184 894 5244 Decembris,
926 5182 1208 5243 Entycliiani
1235 5184 1282 5231 in
1307 5181 1513 5233 Callisti.

268 5249 437 5300 Pridie
464 5248 577 5297 ldus
596 5246 813 5310 Apriles,
834 5244 952 5294 Julii
987 5246 1033 5294 in
1065 5247 1143 5295 via
1178 5244 1376 5294 Aurelia
1399 5243 1717 5358 milliaéitlihi;i
1744 5245 1791 5358 in

1644 5310 1717 5356 isti
1728 5309 1760 5371 .]

271 5438 366 5494 9.6.
393 5435 596 5492 Verum
619 5437 686 5492 de
711 5433 948 5506 diligenti
970 5448 1099 5488 cura
1129 5431 1461 5487 notariorum
1483 5434 1791 5504 apostolfcze

213 5530 348 5585 sedis
395 5537 508 5583 tum
554 5529 609 5582 in
665 5524 1234 5612 incidendis‘epochis
1279 5524 1672 5593 depositionum
1734 5525 1788 5580 in

278 5667 354 5730 tu)
396 5666 599 5736 Nempe
635 5666 1002 5736 Roiiiauorum
1034 5679 1064 5717 a
1091 5661 1260 5719 Lucio
1293 5663 1359 5718 ad
1385 5661 1603 5718 Juliuiu.

278 5739 351 5808 (iv)
387 5735 544 5792 Auno
568 5737 768 5792 Christi
802 5735 919 5790 458.

1909 1907 2111 1966 partes,
2141 1901 2350 1954 musivo
2377 1910 2433 1954 et
2462 1902 3190 1973 inscriptionibusdecoratte
3209 1927 3238 1964 a
3268 1911 3325 1966 S.
3349 1912 3494 1965 Pan-

1907 1985 2017 2041 lino
2048 1989 2301 2060 episcopo
2323 1989 2544 2046 Nolano.
2572 1993 2726 2047 Tanti
2753 1997 3334 2067 sacrariimonumenta
3357 2001 3503 2057 bene

1907 2079 2075 2134 multa
2097 2081 2258 2136 edere
2281 2098 2402 2137 cum
2430 2085 2629 2152 possim
2661 2087 2873 2156 publica
2915 2087 3034 2142 luce
3063 2089 3398 2159 dignissima,
3428 2093 3496 2147 iis

1909 2177 2116 2226 tantum
2147 2181 2434 2228 contentus
2457 2191 2553 2231 ero
2574 2192 2693 2246 quae
2721 2179 2990 2246 pertinent
3011 2181 3078 2234 ad
3111 2192 3498 2251 argumentum

1907 2278 1936 2316 a
1967 2280 2052 2317 me
2099 2276 2406 2336 susceptum
2456 2268 2521 2321 ad
2577 2271 3016 2338 pertractandum
3066 2272 3117 2325 in
3168 2274 3268 2327 hac
3305 2273 3498 2342 praefa-

1908 2355 2074 2420 tione,
2107 2373 2299 2427 nempc
2335 2359 2404 2413 ad
2447 2361 2809 2432 sarcophagos
2837 2373 2889 2415 et
2921 2364 3248 2432 sepulcrales
3286 2365 3498 2420 tabulas

1906 2447 2110 2516 aliquot
2137 2450 2512 2519 episeOporum
2544 2451 2858 2521 insculptas,
2903 2454 2988 2508 die
3026 2464 3085 2508 et:
3107 2469 3250 2510 anno
3284 2455 3496 2524 deposi-

1908 2536 2070 2591 tionis
2109 2554 2204 2608 per
2240 2541 2489 2595 consules
2520 2541 2777 2597 indicato.

1976 2633 2032 2685 In
2084 2631 2336 2702 Zophoro
2387 2635 2582 2690 litteris
2629 2637 2825 2692 musivi
2883 2638 3064 2707 operis
3126 2639 3322 2708 legitur
3383 2639 3495 2708 epi-

1907 2736 2148 2788 gramma
2176 2723 2233 2777 S.
2274 2723 2505 2790 Paulini,
2537 2727 2748 2796 aequale
2776 2729 3143 2783 testimonium
3171 2731 3301 2785 mdis
3326 2746 3499 2786 sacrae

1907 2827 1938 2864 a
1966 2827 2025 2866 se
2054 2813 2416 2883 ampliﬁcatio.

2001 2948 2182 3019 Parrvs
2196 2955 2311 3019 erat
2336 2951 2466 3000 locvs
2487 2958 2602 3002 ante
2625 2955 2777 3004 sacris
2798 2965 3028 3014 angrstvs
3051 2959 3259 3019 agendis

2063 3012 2464 3078 Svpplicihvsqne
2489 3030 2676 3074 negans
2701 3012 2916 3077 pandere
2942 3012 3291 3078 possevmanrs.

2001 3072 2144 3139 Nvt“:
2162 3076 2336 3139 popvlo
2355 3072 2577 3139 spatiosi
2591 3079 2682 3136 piis
2702 3072 2878 3126 altaria
2905 3072 3096 3139 prabet

2063 3133 2242 3200 Odit-iis
2266 3137 2410 3183 medii
2435 3133 2649 3186 martiris
2674 3141 2718 3185 in
2746 3133 2949 3200 gremio.

1999 3195 2174 3268 Cvncta
2202 3196 2304 3268 _l)e0
2330 3209 2558 3268 renovata
2586 3195 2972 3268 placen't._Novat
2992 3207 3152 3268 omnia
3177 3215 3380 3266 semper

2062 3257 2274 3324 Christvs
2300 3266 2350 3324 et
2376 3257 2677 3324 lnesmvlvni
2704 3263 2896 3310 lvminis
2919 3264 3176 3324 ampliﬁcat

1999 3318 2078 3368 Sic
2101 3326 2152 3366 et
2175 3321 2343 3368 dilecti
2366 3320 2536 3369 solivm
2565 3322 2741 3372 Felicis
2767 3318 3007 3374 honoraris

2061 3380 2121 3429 Et
2145 3381 2405 3442 splendore
2428 3383 2568 3433 simvl
2596 3386 2794 3447 provtlit
2821 3396 2871 3435 et
2894 3389 3070 3449 spatio.

1974 3483 2032 3538 In
2060 3500 2185 3540 arca
2214 3502 2518 3543 marmorea
2549 3489 2689 3560 apud
2716 3490 2888 3546 altare

1976 3613 2147 3668 DEP.
2185 3615 2394 3670 SANC.
2429 3615 2728 3673 FELICIS
2759 3618 2918 3674 EPS.
2957 3617 3018 3673 V.
3055 3619 3133 3672 ID
3194 3618 3416 3675 FEBR.

2118 3683 2276 3739 POS.
2324 3685 2544 3743 CONS.
2598 3686 2711 3742 ΡΑ.
2770 3687 2875 3743 γε.
2921 3689 3015 3743 TI.
3063 3689 3145 3744 VC
3179 3691 3275 3762 (ὁ).

1974 3799 2108 3854 Cum
2140 3799 2198 3855 S.
2232 3800 2438 3856 Paulini
2473 3803 2653 3858 obitus
2689 3803 2954 3859 referatur
2995 3807 3060 3859 ad
3107 3822 3308 3862 annum
3359 3806 3488 3871 450,

1901 3898 2121 3944 sanctus
2170 3889 2323 3945 Felix
2361 3893 2612 3948 octennio
2651 3904 2775 3964 post
2809 3895 3084 3964 depositus
3127 3897 3244 3967 ejus
3273 3905 3489 3952 aetatem

1901 3993 2100 4055 aequat.

1973 4073 2029 4126 lu
2060 4074 2166 4128 alia
2201 4076 2446 4144 proxima
2479 4092 2603 4130 arca
2633 4092 2937 4130 marmorea

1900 4203 2018 4261 ΗΡ.
2037 4206 2156 4261 ΕΡ.
2179 4207 2264 4260 ΡΑ
2283 4207 2493 4262 γιιΝι
2520 4207 2876 4263 IVNIORIS
2907 4211 2970 4263 Ι).
2996 4211 3112 4264 III.
3133 4211 3229 4266 ID.
3250 4210 3490 4266 SEPTE

2181 4277 2297 4332 FL.
2322 4277 2557 4334 DIOSM
2599 4279 2741 4334 0R0
2773 4284 2844 4351 (c)
2893 4280 2975 4334 VC
3005 4281 3200 4336 CONS

1969 4389 2026 4444 In
2057 4389 2162 4445 alio
2186 4392 2522 4462 sarcophago
2544 4391 2756 4446 detrita:
2782 4400 2908 4445 sunt
2940 4391 3132 4446 littera:
3180 4391 3486 4459 inscriptio-

1819 4511 1871 4570 Ι)
1900 4481 1981 4536 nis
2007 4499 2020 4535 :
2052 4482 2123 4535 ita
2145 4493 2205 4535 ut
2227 4483 2488 4537 incertum
2517 4483 2587 4538 sit
2633 4498 2700 4536 an
2730 4482 3014 4552 episcopus
3045 4483 3116 4536 ibi
3141 4481 3484 4536 recondatur.

1899 4573 2004 4628 Sed
2032 4575 2248 4628 nomina
2276 4584 2555 4628 consulum
2587 4584 2877 4644 supersunt
2909 4574 3116 4646 integra
3146 4591 3159 4627 :
3198 4588 3317 4644 qua:
3347 4571 3484 4626 iudi-

1895 4673 2022 4719 cant
2049 4680 2247 4719 annum
2275 4663 2401 4720 559.

2001 4792 2206 4830 SEMPER
2232 4792 2296 4830 OB
2328 4792 2568 4830 HERITVM
2594 4791 2771 4830 \‘lVl-ZIS
2797 4791 3090 4830 ιιιιλεροκιλ
3128 4789 3316 4828 ιΑνυιε

2105 4863 2176 4901 ΕΤ
2206 4863 2336 4901 BONA
2364 4862 2655 4902 PROGENIES
2694 4887 2706 4900 .
2753 4885 2767 4899 .
2812 4886 2828 4900 .

2107 4933 2257 4971 ΡενιΑ
2294 4933 2355 4971 εν
2396 4957 2409 4971 .
2455 4957 2471 4972 ο
2516 4957 2530 4971 .

2109 5004 2395 5052 ιιειιιρωλε
2436 5028 2450 5042 .
2497 5028 2511 5042 .
2556 5028 2570 5042 .

2115 5075 2334 5114 Li...

2114 5169 2128 5182 .
2173 5167 2188 5184 ο
2233 5170 2246 5184 .
2287 5146 2388 5183 ΕΙ.Α
2427 5169 2440 5182 .
2484 5168 2497 5181 .
2542 5167 2557 5182 ο
2596 5143 2797 5183 δεηθειι
2815 5144 2935 5182 Ellis
2974 5166 2988 5182 ι
3032 5167 3047 5182 ο
3087 5167 3101 5182 ο

2107 5217 2587 5255 Δοο.οιὶο..

2478 5307 2492 5323 ο
2533 5309 2547 5322 .
2589 5309 2603 5322 .
2643 5285 2846 5324 πει-ζωοιῆ

1966 5358 2184 5399 ενεειιιο
2211 5359 2280 5397 ΕΤ
2316 5357 2507 5397 YPATIO
2535 5357 2660 5396 COSS
2692 5358 2774 5396 DP.
2807 5358 2857 5396 IN
2887 5356 3017 5396 PACE

2389 5427 2439 5466 Vl
2471 5428 2570 5466 ΚΑΙ.
2598 5427 2684 5467 lVN

3143 5142 3306 5183 OMINE
3327 5143 3445 5182 DVCI

1965 5530 2022 5585 in
2051 5530 2158 5585 alio
2179 5545 2452 5585 marmore

1963 5666 2033 5737 (c)
2073 5665 2148 5719 ita
2172 5667 2434 5737 mendose
2483 5666 2688 5721 incisus
2721 5664 2818 5737 Fl.
2875 5663 3114 5720 Dioscori
3167 5658 3480 5720 consulatus

1895 5736 2137 5794 incidens
2169 5736 2222 5791 in
2250 5752 2451 5794 annum
2475 5737 2679 5794 Christi
2705 5736 2831 5791 ΗΞ.
2862 5758 2869 5765 -
