4010 6302
222 343 286 400 6t
1665 337 2059 395 PRIEFATIO.
2769 389 2773 397 .
3432 345 3508 400 6‘1

291 455 461 511 iuste
493 453 716 523 virginis
765 465 956 507 nomen
995 466 1120 508 cum
1145 451 1382 521 legerem
1414 452 1770 523 compositum
1799 469 1922 508 cum
1963 453 2244 508 consulatu
2278 453 2448 510 Flavii
2483 455 2747 521 Severini,
2779 453 2865 512 bis
2891 465 3211 514 occurrente
3237 456 3302 513 in.
3320 455 3510 514 Fastis

220 556 287 609 ad
317 565 493 606 annos
520 551 620 606 461
651 558 707 605 et
735 547 867 614 482,

1582 645 1804 700 SACRE
1842 645 2139 699 VIRGI‘NIS

1360 717 1510 771 DEP.
1555 716 1694 770 l\'S'l
1714 715 1753 768 ι.
1813 713 1873 768 γ.
1915 715 2042 769 ωδ.
2087 715 2356 771 NOBEBR

1297 787 1446 841 FLS.
1523 785 1866 841 SEVERINO

1941 785 2016 840 V.
2092 786 2169 841 C.
2245 787 2423 842 CONS

218 905 437 964 monuit
506 905 629 976 pius
691 905 948 960 sacerdos
1001 892 1162 976 hujus
1192 905 1399 973 templi
1457 904 1805 973 Prmpositus,
1838 908 1884 964 Α
1914 901 2210 966 Arvalium,
2262 902 2586 959 Pontificum
2624 905 2912 977 Majorum,
2956 907 3259 980 Augurum,
3294 910 3504 982 Epulo-

216 1010 376 1052 sacra
427 997 545 1051 hmo
590 1003 940 1050 monumenta
995 995 1126 1048 mihi
1177 995 1424 1049 iudicans
1458 1035 1473 1060 ,
1535 1003 1807 1064 repertam

217 1087 387 1142 fuisse
439 1086 582 1141 hanc
639 1094 968 1156 postremam
1025 1085 1264 1140 tabulam
1317 1101 1680 1140 marmoream
1738 1086 1808 1139 ita

219 1179 540 1249 inscriptam
573 1180 674 1234 sub
703 1178 950 1233 columna
981 1179 1228 1234 ecclesia:
1257 1179 1388 1233 dum
1413 1179 1594 1249 paries
1624 1179 1809 1232 retice-

219 1280 386 1332 retur,
435 1269 728 1324 occludens
765 1269 997 1322 loculum
1044 1269 1097 1322 in
1134 1270 1299 1339 topho
1349 1279 1688 1332 excavatum,
1719 1270 1807 1323 ubi

221 1362 585 1416 cernebantur
626 1360 794 1416 Justaa
837 1361 1063 1431 virginis
1108 1377 1229 1415 ossa
1284 1361 1514 1430 integra,
1563 1359 1808 1428 deposita

223 1453 475 1506 manibus
526 1451 838 1506 cancellatis
885 1467 1010 1506 cum
1053 1451 1249 1506 lamina
1293 1452 1540 1521 plumbea
1581 1451 1808 1519 pedibus

220 1543 489 1612 apposita,
520 1543 575 1597 in
603 1556 709 1612 qua
739 1542 988 1596 visuntur
1017 1542 1232 1605 litterae,
1264 1556 1480 1605 nomen,
1513 1555 1577 1594 ac
1607 1548 1806 1594 statum

220 1635 448 1705 virginis
525 1634 831 1690 indicantes
901 1633 1003 1689 sub
1069 1641 1534 1687 monocrammate
1606 1631 1807 1687 Christi

221 1727 432 1782 Domini
465 1745 481 1781 :

658 1827 696 1872 Α
733 1825 785 1887 1
820 1824 869 1870 Ω
898 1815 1113 1872 JUSTA
1158 1816 1371 1871 VlRGO

285 1908 358 1962 lbi
402 1909 570 1963 etiam
611 1909 877 1963 nomisma
918 1907 1110 1963 Licinii
1153 1918 1428 1978 repertum
1475 1908 1642 1963 fuisse
1679 1923 1807 1962 nar-
1852 1897 1858 1903 ’

217 2001 382 2055 tavit.

281 2091 372 2146 εδ.
408 2091 540 2147 Haec
565 2092 746 2146 omnia
774 2108 897 2148 cum
927 2102 1138 2163 reputo,
1184 2103 1305 2162 post
1334 2093 1525 2148 Nolam
1551 2111 1580 2148 a
1616 2093 1814 2149 Gothis

215 2193 432 2254 captam
460 2193 516 2238 et
542 2191 832 2249 vastatam,
849 2185 1025 2239 adhuc
1049 2186 1269 2254 reperiri
1297 2187 1455 2241 unius
1482 2187 1534 2240 in
1563 2186 1806 2240 ecclesia:

215 2252 453 2338 ambitu,
479 2288 600 2342 qua:
632 2272 806 2327 fuerat
831 2289 860 2327 a
891 2273 951 2327 Β.
982 2252 1209 2328 Paulino
1243 2275 1491 2328 restituta
1527 2284 1580 2328 et
1609 2275 1805 2344 ampli-
1841 2252 1881 2309 Β

216 2365 398 2429 licata,
429 2373 598 2434 atque
641 2365 692 2418 in
727 2365 1090 2420 marmoribus
1130 2367 1302 2436 quinti
1355 2377 1408 2421 et
1456 2368 1594 2421 sexti
1627 2366 1808 2420 saeculi

213 2456 371 2510 video
429 2455 654 2509 nomina
681 2496 698 2519 ,
739 2464 969 2519 aetates,
1016 2456 1380 2524 depositiones
1433 2457 1808 2525 episcoporum

215 2545 528 2615 consignari
555 2561 653 2614 per
677 2546 1013 2610 consulatus,
1035 2561 1243 2601 necnon
1273 2547 1564 2600 memorari
1585 2546 1808 2619 presby-

215 2643 459 2688 terorum
513 2635 926 2700 ordinationes,
987 2635 1248 2690 diaconos
1301 2637 1465 2690 etiam
1517 2637 1708 2708 (mque
1745 2651 1810 2690 ac

214 2728 609 2796 subdiaconos,
660 2737 716 2781 et
766 2743 955 2783 sacras
1006 2729 1262 2799 virgines)
1313 2729 1512 2784 ibidem
1564 2728 1811 2784 conditos

217 2821 404 2885 fuisse,
434 2836 543 2875 non
591 2820 850 2888 neglectis
879 2832 1180 2892 temporum
1219 2821 1362 2878 notis
1387 2863 1401 2886 ,
1432 2822 1686 2876 universa
1713 2823 1807 2875 de-

219 2927 363 2966 mum
429 2920 616 2982 aptata
669 2913 826 2969 video
892 2915 960 2968 ad
1027 2913 1304 2984 exemplar
1373 2915 1808 2969 cmmeteriorum

221 3001 402 3067 Urbis,
452 3019 680 3059 necesse
707 3014 790 3060 est
819 3014 878 3058 ut
903 3005 1028 3060 inde
1055 3004 1303 3075 colligam
1336 3005 1442 3060 duo
1472 3004 1754 3059 corollaria
1792 3021 1805 3056 :

215 3094 451 3163 primum
483 3101 569 3147 est
593 3134 608 3155 ,
640 3093 701 3148 B.
749 3092 1030 3148 Paulinum
1071 3094 1189 3164 ejus
1221 3093 1457 3148 basilica:
1486 3093 1812 3147 instaurato-

216 3197 352 3245 rem,
396 3182 490 3251 qui
545 3183 753 3253 origine
803 3183 1109 3247 Romanus,
1162 3183 1289 3238 licet.
1338 3183 1392 3236 in
1423 3181 1595 3238 Gallia
1628 3193 1809 3246 natus,

217 3273 516 3326 maximam
559 3274 734 3328 aetatis
778 3285 986 3343 partem
1041 3275 1093 3328 in
1133 3273 1276 3330 Urbe
1326 3281 1701 3343 transegerat,
1756 3273 1808 3326 iu

213 3378 319 3434 qua
352 3363 522 3417 etiam
554 3364 694 3418 inter
732 3373 1010 3418 senatores
1040 3365 1242 3419 relatus
1285 3363 1622 3419 consulatum
1670 3379 1810 3433 quo-

217 3471 320 3524 que
375 3464 625 3525 gesserat
659 3471 801 3510 anno
847 3456 1046 3510 Christi
1097 3454 1202 3510 575
1233 3496 1248 3520 ,
1298 3469 1420 3510 cum
1472 3464 1808 3525 perSpectam

217 3548 447 3602 haberet
508 3549 954 3602 consuetudinem
1020 3547 1276 3602 Ecclesia:
1331 3547 1634 3610 Romanae,
1690 3546 1807 3602 htcc

217 3640 510 3710 diligenter
538 3641 782 3696 curantis
823 3655 920 3709 per
958 3640 1200 3696 notarius
1235 3641 1569 3710 regionarios
1595 3681 1610 3701 ,
1657 3639 1804 3693 intu-

216 3729 344 3786 lisse
364 3729 615 3784 eamdem
645 3731 1088 3785 consuetudinem
1117 3731 1170 3785 in
1197 3729 1493 3786 Ecclesiam
1521 3729 1806 3795 Nolanam,

215 3820 300 3873 vel
338 3829 504 3874 antea
550 3819 822 3874 inductam
873 3820 1244 3876 confirmasse.
1291 3821 1535 3876 Alterum
1583 3819 1812 3876 corolla-

216 3912 358 3965 rium
409 3919 513 3976 est,
563 3920 720 3966 :ctate
748 3911 957 3968 Paulini
989 3923 1041 3966 et
1071 3913 1341 3984 proxima,
1371 3928 1564 3984 nempe
1612 3912 1810 3969 szcculo

214 4015 467 4072 quarto.
515 4005 738 4073 quando
790 4005 1077 4076 Catalogns
1137 4005 1224 4061 ille
1291 4005 1438 4076 prior
1493 4005 1810 4076 pontificum

217 4095 592 4152 Romanorum
628 4094 727 4151 sub
757 4096 974 4152 Liberio
1001 4098 1477 4162 conscribebatur,
1509 4098 1812 4152 abundasse

217 4197 299 4240 tot
323 4186 668 4241 documentis
693 4187 941 4258 genuinis
974 4201 1028 4243 et
1058 4188 1286 4259 publicis
1326 4187 1609 4243 historiam
1653 4187 1812 4257 hujus

221 4279 485 4335 Ecclesia:
520 4277 802 4344 Romanae,
846 4290 905 4334 ut
942 4280 1057 4336 sola
1088 4295 1157 4337 ex
1207 4281 1541 4350 inspectione
1566 4280 1811 4335 brevium

219 4370 665 4442 inscriptionum,
714 4385 834 4440 qua:
867 4370 1183 4441 legebantur
1214 4372 1266 4425 in
1299 4371 1630 4426 cmineteriis
1655 4370 1820 4425 Chri-

221 4462 417 4518 Stianis
443 4461 790 4532 chronologia
819 4462 950 4516 satis
991 4461 1236 4517 absoluta
1277 4461 1644 4518 Romanorum
1673 4477 1811 4530 pon-

226 4555 435 4610 tiﬁcum
482 4553 862 4624 colligeretur;
915 4562 1009 4608 aut
1073 4563 1220 4609 certe
1287 4553 1362 4608 ita
1435 4552 1621 4608 luxata
1673 4553 1812 4607 ratio

225 4657 532 4716 temporum
559 4645 960 4715 pontificiorum
985 4643 1216 4714 proferri
1247 4659 1584 4713 nequaquam
1607 4652 1812 4713 posset,

225 4737 384 4807 cujus
439 4739 751 4794 emendatio
804 4753 912 4792 non
972 4747 1119 4792 esset
1186 4737 1361 4792 facilis
1413 4737 1554 4806 apud
1589 4751 1684 4790 eos
1720 4737 1812 4805 qui

225 4839 437 4886 attente
506 4829 855 4885 consulerent
929 4829 1115 4884 titulos
1171 4828 1498 4897 sepulcrales
1557 4828 1818 4884 Romana:

225 4921 528 4986 Ecclesia,
579 4919 876 4991 praesertim
928 4920 973 4975 si
1016 4919 1400 4975 adhiberentur
1455 4919 1622 4975 etiam
1677 4920 1810 4974 Acta

227 5021 560 5082 martyrum,
589 5011 838 5066 versibus
865 5011 1068 5066 inclusa
1093 5027 1192 5082 per
1213 5011 1525 5077 Damasum,
1556 5019 1611 5065 et
1642 5010 1812 5064 incisa

227 5101 547 5157 eorumdem
592 5101 888 5167 memoriis,
920 5116 1092 5173 eaque
1136 5101 1515 5157 conferrentur
1565 5116 1687 5156 cum
1734 5101 1814 5155 in-

227 5190 617 5260 scriptionibus
656 5189 934 5246 Caesarum
984 5199 1041 5247 et
1083 5191 1495 5261 magistratuum
1545 5207 1576 5246 a
1621 5190 1817 5261 quibus

228 5279 450 5349 publico
502 5276 710 5348 judicio
755 5279 972 5336 fuerant
1033 5280 1274 5338 damnati
1343 5290 1398 5337 et
1445 5297 1545 5353 pro
1598 5281 1818 5338 Christo

229 5374 422 5428 occisi.

297 5463 393 5518 27.
435 5462 621 5519 Redeo
650 5481 794 5520 nunc
823 5465 894 5520 ad
939 5466 1306 5523 intermissam
1356 5465 1820 5536 comparationem

230 5553 496 5607 Actorum
554 5569 676 5624 qua:
723 5569 952 5626 corpora
1010 5556 1125 5612 sive
1177 5556 1490 5613 sodalitates
1537 5557 1635 5626 (ut
1685 5555 1819 5611 Cato

235 5649 472 5720 appellat
516 5650 656 5720 apud
703 5650 936 5708 Tullium
985 5653 1052 5708 de
1100 5653 1429 5724 Senectute)
1476 5654 1816 5708 ethnicorum

240 5740 524 5798 numinum
562 5743 732 5801 cultui
762 5745 816 5800 in
849 5743 995 5802 Urbe
1024 5747 1271 5818 ascripta:
1294 5786 1310 5814 ,
1337 5746 1587 5802 Fratrum
1611 5745 1820 5804 scilicet

1913 1010 2064 1058 mum,
2102 993 2376 1048 Sodalium
2427 996 2715 1062 Titiorum,
2748 1000 3145 1069 Augustalium,
3175 1001 3500 1073 lsiacorum,
3596 1000 3600 1004 ’

1913 1081 2177 1136 eulturum
2233 1083 2498 1150 Herculis,
2551 1086 2713 1151 Solis,
2765 1088 2996 1154 Mithrm,
3035 1091 3261 1161 aliasque
3309 1094 3500 1164 hujus-

1911 1173 2056 1229 modi
2102 1192 2254 1230 sacra
2285 1179 2564 1246 prol'esszc,
2595 1189 2649 1231 et
2682 1181 2732 1233 in
2761 1184 3010 1236 decurias
3036 1184 3353 1254 plerumque
3387 1187 3503 1244 dis-

1912 1265 2156 1327 tributaz,
2213 1275 2270 1319 ut
2321 1269 2572 1321 observat
2608 1269 2894 1325 Fabrcttus
2944 1273 3191 1342 lnscript.
3256 1291 3380 1346 cap.
3423 1277 3495 1343 6,

1911 1369 2034 1422 pag.
2061 1352 2167 1408 429
2193 1364 2247 1407 et
2273 1354 2399 1418 449,
2433 1356 2678 1410 solebant
2712 1361 3032 1413 inarmoreis
3065 1361 3258 1416 tabulis
3299 1363 3498 1417 inscul-

1908 1453 1996 1513 pta
2028 1442 2250 1514 affigere
2277 1446 2593 1515 templorum
2626 1448 2802 1518 adytis
2834 1459 2884 1504 ct
2917 1451 3215 1506 vestibulis.
3247 1453 3342 1508 llis
3369 1469 3506 1509 vero

1908 1532 2060 1586 Actis
2087 1534 2299 1604 publica
2333 1538 2655 1592 auctoritate
2703 1543 3000 1611 propositis
3049 1545 3118 1596 ab
3154 1545 3499 1600 ethnicorum

1909 1627 2295 1694 superstitione
2341 1630 2454 1682 visa
2489 1639 2570 1683 est
2624 1632 2861 1686 indicere
2898 1633 3170 1704 singulare
3223 1647 3496 1693 certamen

1909 1728 2110 1772 nostrre
2145 1721 2421 1790 religionis
2453 1738 2482 1775 a
2521 1723 2632 1777 Deo
2660 1733 2907 1790 protecta
2954 1728 3127 1782 virtus
3155 1736 3209 1782 et
3243 1739 3504 1783 constan-

1913 1809 1982 1862 tia
2013 1825 2110 1878 per
2143 1827 2384 1866 summos
2433 1814 2748 1869 hierarchas
2793 1816 3050 1871 Ecclesiae
3099 1819 3300 1874 Christi
3358 1821 3500 1873 mili-

1913 1901 2080 1955 tautis
2110 1921 2121 1956 :
2154 1912 2210 1956 ut
2232 1903 2365 1958 Acta
2405 1906 2516 1958 veri
2549 1907 2837 1961 sacerdotii
2869 1907 3192 1964 Christiana:
3219 1910 3352 1981 legis
3387 1927 3505 1967 acre

1908 1995 2202 2061 perennius
2230 1995 2401 2050 incisa
2434 1998 2634 2052 nostris
2663 1998 2715 2052 in
2749 2000 3009 2064 basilicis,
3039 2001 3207 2056 titulis
3231 2011 3284 2056 et
3328 2003 3497 2058 colle-

1911 2086 2016 2154 giis
2049 2087 2402 2156 triumphales
2430 2089 2591 2143 veluti
2645 2090 2812 2145 fastos
2859 2103 3198 2162 opponerent
3248 2095 3301 2149 in
3351 2094 3498 2149 Petri

1909 2176 2175 2246 Capitolio
2205 2178 2451 2248 profanis
2495 2182 2836 2235 ethnicorum
2885 2183 3276 2238 initiationibus
3302 2194 3357 2240 et
3387 2200 3501 2254 my-

1910 2269 2091 2322 steriis
2121 2270 2440 2339 impietatis.
2470 2270 2602 2324 Nam
2634 2272 2889 2326 Romanae
2930 2273 3185 2328 Ecclesia:
3211 2275 3502 2343 pontifices

1909 2362 1974 2413 ad
2037 2363 2431 2429 perennitatem
2473 2364 2768 2427 memorim,
2818 2373 2872 2417 ct
2929 2365 3167 2418 historia:
3217 2367 3398 2428 fidem,
3441 2375 3496 2418 et

1910 2449 2291 2507 documentum
2351 2457 2586 2522 posteris
2632 2444 3108 2510 transmittendum
3166 2458 3355 2510 a-terui
3414 2474 3502 2511 sa-

1911 2547 2137 2602 cerdotii
2169 2546 2388 2600 Christo
2415 2546 2594 2599 collati
2627 2562 2659 2600 a
2708 2545 2886 2608 Patre,
2923 2549 2990 2602 ab
3031 2563 3208 2617 eoque
3253 2563 3498 2602 commu-

1910 2639 2075 2692 nicati
2109 2636 2269 2691 Petro
2325 2646 2378 2691 et
2428 2637 2836 2692 successoribus
2883 2638 3032 2692 vices
3077 2653 3203 2692 suas
3253 2638 3306 2692 in
3339 2636 3501 2692 terris

1911 2729 2261 2793 abeuntibus,
2312 2729 2508 2783 ibidem
2533 2714 2541 2724 ’
2562 2737 2768 2798 tropaea
2797 2729 3190 2800 apostolorum,
3229 2737 3284 2781 et
3313 2743 3500 2783 sacras

1913 2821 2080 2893 leges.
2133 2838 2196 2875 ac
2245 2821 2606 2877 successionis
2637 2822 2779 2891 jura,
2829 2831 2883 2876 et
2912 2822 3108 2876 seriem
3149 2821 3499 2891 spectandam

1909 2925 2314 2984 proposuerunt
2344 2927 2616 2966 marmore
2642 2921 2698 2967 et
2727 2927 2833 2966 iere
2868 2912 3117 2983 incisam,
3151 2912 3239 2966 tibi
3268 2913 3336 2964 ah
3381 2912 3498 2965 ido-

1912 3005 2083 3060 lorum
2131 3005 2323 3075 mystis
2357 3005 2758 3073 diligentissima
2795 3003 3162 3070 superstitione
3206 3001 3500 3055 habebatur

1912 3097 2188 3150 collectum
2238 3096 2494 3167 quidquid
2547 3110 2765 3163 usquam
2824 3091 2998 3162 fuerat
3041 3092 3191 3144 vanis
3233 3092 3500 3144 erroribus

1854 3257 1860 3265 _
1909 3188 2209 3242 institutum
2235 3204 2253 3251 ;
2283 3184 2736 3255 quemadmodum
2763 3183 3016 3237 observat
3046 3183 3106 3236 S.
3141 3181 3248 3236 Leo
3275 3181 3502 3252 Magnus

1913 3293 2076 3332 serm.
2109 3279 2161 3342 l,
2188 3277 2254 3332 de
2284 3275 2386 3330 SS.
2420 3275 2680 3344 apostolis
2705 3273 2867 3328 Petro
2889 3282 2943 3327 et
2969 3271 3156 3325 Paulo.
3191 3272 3266 3325 lta
3308 3286 3502 3340 nempe

1912 3385 2011 3440 par
2037 3379 2175 3433 erat,
2224 3377 2282 3422 ut
2323 3369 2468 3422 omni
2522 3383 2721 3438 genere
2772 3366 3222 3420 documentorum
3277 3366 3504 3420 evidens

1914 3461 2250 3524 redderetur,
2279 3458 2553 3513 Christum
2585 3457 2776 3524 Deum,
2815 3456 3040 3526 Regem,
3085 3465 3132 3508 et
3163 3453 3500 3509 Sacerdotem

1914 3551 2201 3604 secundum
2225 3549 2461 3603 ordinem
2492 3548 2872 3602 Melchisedech
2901 3547 3166 3601 dominari
3199 3545 3363 3599 etiam
3405 3559 3503 3614 per

1910 3659 2099 3698 servos
2127 3657 2254 3696 suos
2284 3643 2337 3695 in
2365 3641 2533 3694 medio
2563 3639 2896 3693 inimicorum
2931 3655 3149 3692 sitorum
3175 3635 3348 3715 (Prol.
3383 3635 3496 3705 cx).

1910 3736 1966 3790 ld
1992 3735 2194 3789 clarius
2228 3743 2286 3788 ut
2317 3733 2674 3803 percipiatur,
2701 3731 2843 3800 quod
2877 3730 3170 3799 plurimum
3219 3727 3387 3783 refert
3432 3725 3501 3782 ad

1913 3827 2260 3880 asscrendam
2317 3823 2628 3876 firmitatem
2675 3822 2990 3876 historicam
3022 3835 3200 3873 rerum
3247 3819 3299 3872 in
3334 3817 3502 3872 Libro

1911 3915 2212 3971 Pontilicali
2264 3923 2717 3976 memoratarum,
2767 3920 2988 3981 prastat
3028 3911 3341 3973 observare,
3385 3908 3503 3963 tibi-

1913 4023 2037 4060 nam
2064 4015 2274 4075 reperta
2306 4004 2511 4058 fuerint
2549 4003 2684 4056 Acta
2717 4002 2804 4055 illa
2836 4001 2994 4070 paulo
3040 4010 3168 4054 ante
3201 4006 3503 4054 memorata

1913 4100 2317 4169 cooptationum
2351 4096 2582 4151 ethniczc
2606 4093 2959 4164 professionis
2979 4092 3341 4149 sacerdotum.
3370 4090 3510 4143 Fraa

1913 4198 2057 4243 trum
2086 4187 2387 4251 Arvalium,
2439 4193 2495 4240 et
2523 4183 2792 4238 cultorum
2847 4182 3023 4243 Isidis,
3064 4181 3285 4243 Attidis,
3317 4180 3513 4236 Matris.

1915 4282 2142 4352 Magnae,
2182 4280 2413 4345 Mithrae,
2437 4286 2493 4333 et
2525 4276 2687 4341 Solis,
2736 4275 2933 4346 quibus
2970 4282 3172 4328 nostra:
3221 4272 3508 4340 religionis.

1914 4373 2186 4426 antistites
2208 4371 2322 4425 veri
2363 4370 2653 4426 sacerdOtii
2687 4367 2980 4446 Christiani
3012 4369 3145 4422 Acta
3174 4381 3296 4422 esse
3339 4379 3504 4436 oppo-

1914 4464 2090 4518 nenda
2125 4469 2472 4518 censuerunt.

1984 4555 2072 4610 28.
2133 4552 2518 4623 Cooptationcs
2559 4541 2903 4606 decuriarum
2956 4548 3100 4603 illius
3145 4544 3515 4603 sacerdotalis.

1915 4648 2126 4718 collegii
2154 4648 2521 4710 ethnicorum,
2546 4646 2633 4700 cui
2665 4645 2807 4700 Nero
2835 4643 3017 4698 Ctesar
3064 4644 3333 4712 ascriptus
3371 4641 3504 4711 legi-

1918 4749 2004 4794 tur
2032 4741 2131 4794 sub
2161 4738 2386 4793 Claudio
2419 4738 2778 4807 imperatore,
2810 4721 3339 4791 affirinat'Gruterus
3374 4748 3510 4803 pag.

1915 4847 2029 4892 ccc,
2055 4838 2299 4900 repertas
2343 4827 2509 4884 fuisse
2555 4827 2736 4882 Romae
2785 4829 2838 4880 in
2866 4827 2978 4879 (ede
3017 4842 3148 4879 riora
3180 4824 3242 4880 S.
3271 4822 3418 4878 Petri
3444 4825 3509 4880 in

1927 4920 2181 4992 [Vaticano
2223 4937 2362 4974 anno
2413 4920 2581 4983 1596,
2633 4934 2805 4972 mense
2853 4917 3036 4971 lunia.
3088 4918 3221 4970 Acta
3277 4914 3508 4986 Collegit

1919 5015 2166 5070 Fratrqu
2217 5013 2496 5067 Arvalium
2542 5014 2640 5066 sub
2682 5011 3008 5074 Domitiano,
3053 5023 3174 5078 qua:
3223 5007 3507 5063 V.C.Fa-

1919 5105 2130 5159 brettus
2191 5104 2444 5174 produxit
2494 5101 2908 5170 Inscriptionum
2973 5115 3097 5170 pag.
3155 5099 3281 5162 445,
3347 5099 3505 5154 docet

1920 5197 2192 5252 asservari
2243 5197 2295 5250 in
2335 5194 2559 5248 archivo
2605 5191 2842 5246 basilica:
2869 5191 3162 5255 Vaticana,
3202 5189 3293 5244 ubi
3339 5189 3503 5244 etiam

1919 5286 2327 5342 custodiebatur
2369 5282 2732 5352 fragmentum
2787 5280 2916 5335 illud
2964 5288 3124 5334 aetate
3167 5293 3265 5333 sua
3317 5292 3506 5347 reper-

1924 5387 2060 5443 tum,
2103 5379 2245 5448 quod
2287 5377 2534 5432 exhibuit
2564 5375 2656 5431 fol.
2697 5375 2822 5433 494.
2867 5374 3202 5434 lnitialiones
3249 5373 3507 5428 sacerdo~

1924 5479 2036 5526 tum
2063 5469 2272 5526 Mithrae
2299 5467 2560 5522 criobolio
2595 5466 3008 5534 taurobolioque
3034 5465 3277 5534 perfecto
3307 5463 3365 5520 in
3395 5463 3510 5517 aris

1920 5562 2164 5633 pluribus
2192 5559 2498 5628 insculptas,
2527 5559 2725 5616 additis
2751 5557 3068 5613 consulibus
3092 5565 3147 5611 et
3170 5556 3257 5611 die
3286 5553 3506 5608 dedica-

1922 5654 2084 5708 tionis
2109 5652 2315 5706 effossa:
2348 5661 2474 5706 sunt
2501 5667 2668 5721 prope
2698 5649 2892 5704 flexum
2931 5649 3060 5703 circi
3081 5647 3348 5712 Vaticani,
3375 5645 3504 5697 dum

1922 5743 1974 5799 fu
1982 5760 2014 5798 ιι
2025 5743 2267 5799 lamenta
2278 5743 2592 5812 jacercntur
2604 5740 2970 5804 meridionalis
2983 5739 3168 5796 lateris
3184 5746 3504 5815 transversa:
