4010 6302
466 303 559 363 ’67
1214 306 1304 363 AD
1342 306 1786 364 ANASTASlUM
1811 307 2326 367 PROLEGOMENA
2366 312 2544 369 EDlT.
2586 314 3013 377 ROM.-V.-\TIC.
3186 333 3201 345 ‘
3686 326 3762 388 08

757 430 918 475 VIRES
954 430 1180 474 EXCEI’KT
1221 434 1287 472 Εἰ
1326 432 1594 474 νλτιωηο
1633 435 1804 475 ΤΗΑΝΕ

903 506 1066 545 TULI'I‘
1105 505 1206 542 ΑΒΔ
1248 505 1315 543 ΕΤ
1356 506 1651 544 Βνυκλκινιι

881 576 978 616 8νο
1015 576 1168 615 INPEN
1176 575 1264 614 D10
1302 576 1565 616 CONSECBA
1576 576 1622 614 \'l
1632 577 1664 615 Τ

463 668 499 696 ,
1154 644 1464 687 ελοειιυοτε

804 714 859 764 ο.
902 716 1103 755 εΑωιιο
1141 716 1373 755 εεενκυο
1410 719 1476 755 AB
1519 716 1585 753 κγ
1622 716 1764 756 νικιε

846 787 1048 826 οεεΑιιο
1086 786 1155 825 ΕΤ
1195 787 1400 826 CORONA
1444 786 1724 825 EXORNATO

770 857 1272 897 (IVLSANCTISSIIIVS
1305 856 1445 910 οιωο
1484 856 1823 896 ινςνυνκεκε

730 927 1175 969 PERPETWTATEI
1216 927 1507 966 SAClJiDO'I'I
1549 926 1768 965 DECREVI
1778 929 1809 966 Τ

666 999 779 1037 APP.
820 998 978 1037 ANNIO
1015 998 1198 1037 Αῖιιιο
1234 999 1436 1036 BRADVA
1475 998 1528 1035 τ.
1562 997 1721 1037 ϐιοῦ.
1765 997 1906 1037 Πωο

1138 1068 1279 1108 VABO
1311 1067 1409 1107 COS

551 1165 610 1217 ln
653 1164 872 1218 sinistro
893 1162 1068 1218 latere
1092 1164 1333 1235 ejusdem
1357 1169 1469 1219 ara“:
1492 1162 1816 1236 insculptum
1832 1161 1914 1219 est
1941 1164 2070 1220 Cra-

482 1256 632 1311 nium
652 1256 856 1310 Arietis
887 1255 1143 1322 iudicium
1170 1254 1448 1311 Criobolii.

556 1347 755 1401 Dextro
786 1356 963 1401 autem
997 1347 1048 1401 in
1084 1348 1255 1403 latere
1281 1348 1437 1403 cultri
1485 1348 1652 1419 ﬁgura
1706 1350 1900 1405 visitur
1944 1366 2065 1405 cum

481 1436 715 1494 litteris:
1348 1497 1355 1500 Α

992 1526 1021 1565 C
1030 1524 1146 1564 νινε
1186 1525 1355 1566 1185οΝ
1363 1525 1479 1566 ῗίῖτι
1489 1524 1559 1565 VI

906 1597 1121 1635 εΑυτνιι
1156 1596 1259 1636 EST
1298 1598 1351 1635 ν.
1395 1598 1469 1635 Π).
1510 1597 1608 1637 ι)εο

551 1691 689 1759 Apte
717 1691 977 1746 observat
1004 1694 1197 1747 doctus
1222 1693 1489 1762 interpres
1520 1692 1678 1761 hujus
1708 1696 2062 1760 monumenti,

2080 429 2139 486 Α
2173 415 2424 478 inimicus
2474 427 2718 483 veritatis
2754 438 2811 484 et
2839 432 3136 502 religionis,
3173 448 3239 490 cx
3264 422 3467 493 vicinia
3497 439 3639 496 Petri
3670 458 3763 498 ca-

2172 516 2378 570 thedra:
2425 530 2553 573 suos
2590 520 2909 578 hicrarchas
2960 524 3211 597 ablegare
3261 529 3311 583 in
3342 530 3646 599 provincias
3701 541 3764 588 et

2164 606 2409 663 colonias
2457 608 2686 667 Romani
2732 614 2984 669 nominis.
3038 615 3095 671 In
3143 618 3429 685 Vaticano,
3453 635 3645 692 nempe
3702 624 3759 678 in

2165 700 2444 769 crepidine
2471 702 2588 756 solii
2626 703 2794 770 Petri,
2824 723 2950 762 aras
2989 707 3220 775 Mithrte,
3248 710 3424 778 Isidis,
3463 722 3519 768 et
3570 714 3763 771 Matris

2168 790 2393 863 Magum,
2427 794 2773 863 Tautobolia,
2802 799 3098 868 Criobolia,
3125 813 3180 858 et
3211 804 3473 873 ejusmodi
3501 818 3760 877 portenta

2168 885 2446 939 numinum
2471 880 2545 942 ac
2562 892 2943 959 mysteriorum
2967 894 3035 947 ita
3067 894 3295 961 fundare
3319 915 3606 971 aggressus
3645 911 3756 966 est,

2168 983 2228 1028 ut
2257 975 2378 1031 inde
2399 977 2646 1046 proferre
2668 980 2890 1051 impium
2911 983 3114 1038 cultum
3148 988 3435 1057 utrobique
3460 999 3665 1059 posset,
3702 992 3759 1046 in

2166 1063 2227 1121 Ο.
2247 1067 2442 1121 ientem
2473 1080 2523 1123 et
2548 1069 2940 1141 Occidentem;
2972 1068 3113 1144 quod
3144 1077 3386 1132 insinuat
3406 1080 3759 1137 nonobscurc

2166 1157 2451 1252 inscriptio
2505 1159 2693 1252 (irarca
2753 1178 2870 1232 sup.
2920 1181 2975 1252 n.
3024 1165 3114 1222 28.
3146 1166 3329 1237 Neque
3357 1170 3516 1227 aliter
3551 1171 3759 1252 sentire

2108 1306 2115 1315 ,
2168 1249 2359 1302 suadet
2387 1244 2592 1317 cpoclta
2622 1250 2988 1308 translationis
3009 1270 3291 1310 sacrorum
3326 1259 3378 1312 in
3410 1244 3758 1331 Lugdunensi

2168 1352 2437 1392 marmore
2456 1340 2791 1410 consignata.
2825 1341 3088 1399 Observat
3106 1347 3247 1401 enim
3272 1357 3575 1418 opportune
3599 1349 3662 1404 P.
3687 1353 3758 1406 de

2162 1425 2413 1492 Colonia,
2446 1446 2567 1484 cum
2599 1429 2840 1502 pluribus
2876 1435 3128 1500 eruditis,
3165 1448 3291 1492 ante
3322 1438 3608 1509 imperium
3634 1442 3755 1495 An-

2164 1519 2337 1573 tonini
2390 1519 2491 1575 Pii'
2516 1538 2620 1576 non
2649 1524 2876 1594 reperiri
2930 1525 3095 1580 ullum
3133 1527 3534 1597 Taurobolium,
3566 1531 3758 1601 ejusve

2166 1611 2328 1667 ritum
2370 1611 2540 1667 Roma
2595 1615 2952 1683 translatum;
3005 1617 3099 1672 sed
3126 1634 3300 1689 neque
3344 1620 3512 1676 ullum
3564 1621 3755 1677 Romae

2166 1711 2261 1756 aut
2290 1703 2343 1757 iu
2376 1704 2669 1772 provinciis
2698 1714 2996 1775 peractum,
3027 1717 3120 1761 aut
3152 1719 3466 1780 perceptum
3511 1711 3755 1780 antiquis

477 1801 551 1840 ex
591 1786 950 1852 Tertulliano,
977 1786 1288 1853 Ambrosio,
1314 1785 1551 1841 Firmico
1570 1787 1810 1844 Materno
1836 1790 2062 1860 aliisque
2096 1780 2135 1838 Β
2165 1794 2219 1848 iu
2245 1797 2628 1861 monumentis,
2655 1803 2749 1851 aut
2784 1797 3059 1853 historicis
3088 1800 3401 1855 memorari.
3426 1800 3607 1868 Quare
3637 1801 3758 1857 col-

478 1876 837 1946 scriptoribus
879 1877 1138 1947 antiquis,
1169 1895 1201 1931 α
1232 1877 1464 1941 diabolo,
1503 1877 1654 1941 cuius
1700 1890 1821 1933 sunt
1886 1891 2060 1950 partes

476 1965 768 2020 ἔπνει-ιεΜί
794 1968 1086 2032 veritatem,
1120 1968 1425 2022 institutum
1453 1967 1639 2033 fuisse,
1672 1981 1725 2023 ut
1764 1972 1907 2040 ipsas
1934 1987 2064 2041 quo-

476 2074 574 2126 que
598 2074 678 2110 res
704 2072 1154 2113 sacramentorum
1180 2061 1472 2115 divinorum
1501 2061 1707 2132 (verbis
1731 2063 1901 2116 utitur
1929 2064 2066 2119 Ter-

476 2149 708 2215 tulliani)
755 2152 809 2205 iu
856 2150 1119 2206 idolorum
1155 2155 1416 2223 mysteriis
1464 2154 1759 2209 tumuletur.
1793 2155 1966 2227 Tingit
2014 2166 2063 2211 et

470 2240 581 2307 ipse
625 2241 803 2311 utique
849 2242 1113 2296 credentes
1142 2254 1189 2295 et
1214 2242 1394 2310 ﬁdeles
1418 2260 1564 2309 suos,
1600 2245 1948 2314 expiationem
2000 2247 2065 2301 de

475 2330 689 2382 lavacro
718 2332 1052 2400 repromittit.
1104 2331 1320 2386 Firmici
1358 2349 1576 2403 quoque
1606 2334 1784 2390 verbis
1805 2339 2064 2400 ostendit,

490 2420 635 2474 inter
666 2435 884 2475 errores
921 2420 1271 2490 profanarum
1296 2422 1613 2494 religionum
1640 2441 1671 2479 a
1696 2426 1888 2495 spiritu
1916 2443 2066 2482 men-

474 2509 616 2563 dacii
638 2509 862 2565 subdole
890 2510 1163 2566 inductam
1192 2512 1567 2568 credulitatem
1592 2518 2063 2586 expurgamlormn

474 2602 763 2663 criminum
800 2618 900 2673 per
927 2605 1242 2673 sanguinem
1286 2605 1538 2671 victimae,
1569 2618 1695 2663 ante
1725 2624 1850 2663 aras
1892 2609 2061 2664 idolo-

474 2687 597 2745 rum
640 2692 941 2763 profusum,
980 2704 1036 2748 et
1068 2694 1170 2747 ritu
1217 2696 1498 2765 descripto
1544 2712 1641 2766 per
1680 2696 1975 2751 Ausonimn
2009 2699 2064 2753 iu

470 2777 803 2839 Taurobolio
824 2790 877 2836 ct
895 2782 1255 2838 Criobolioita
1272 2800 1645 2854 conspersum,
1674 2794 1734 2839 ut
1756 2804 1821 2840 eo
1847 2802 2063 2853 cruore.

472 2871 626 2941 quasi
674 2888 798 2931 rore
845 2873 1148 2944 depluente,
1188 2864 1643 2943 perfunderentur
1697 2879 1942 2932 membra
2001 2895 2066 2935 ac

474 2974 652 3019 \estes
698 2966 995 3020 sacerdotis
1046 2966 1291 3020 iuitiaudi
1322 2968 1426 3023 sub
1473 2968 1671 3023 scrobe
1696 2968 1936 3024 latentis.
1963 2969 2065 3026 His

474 3051 672 3127 nempe
714 3058 1088 3127 sycophantiis
1131 3059 1429 3113 conabatur
1478 3061 1770 3131 impietatis
1804 3063 2065 3131 magister

473 3161 531 3205 et
554 3149 661 3207 Deo
690 3151 905 3207 rebellis
944 3151 1165 3220 spiritus
1207 3152 1430 3207 illmlere
1459 3153 1824 3208 sanctioribus
1856 3163 2059 3225 myste-

475 3244 573 3299 riis
624 3245 906 3314 utriusque
949 3244 1280 3299 Testantcnti
1315 3286 1328 3307 ,
1380 3248 1670 3302 traducens
1715 3248 1781 3302 ad
1830 3249 2060 3304 abusum

477 3336 879 3406 superstitionis
908 3337 1349 3405 conspersionetn
1382 3338 1663 3405 sanguinis
1690 3340 1872 3394 divino
1903 3339 2059 3408 jussu

474 3444 505 3496 _a
541 3428 722 3498 Moyse
744 3426 1041 3483 adhibitam
1075 3428 1127 3481 iu
1158 3430 1567 3484 consecratione
1585 3429 1866 3498 pontiﬁcis
1892 3431 2062 3485 Aaro-

475 3522 559 3576 nis
581 3522 803 3590 ejusque
829 3519 1094 3586 ﬁliorum;
1127 3529 1182 3573 et
1210 3521 1474 3591 sacrilego
1513 3537 1645 3576 ausu
1677 3531 1889 3577 tentans
1919 3521 2058 3576 fmda

476 3613 562 3667 illa
595 3612 883 3669 simulacra
913 3610 1133 3667 lotionis
1158 3627 1428 3682 opponere
1452 3614 1801 3685 dogmatibus
1845 3616 1957 3684 spei
1995 3630 2062 3670 ac

478 3705 601 3760 lidci
632 3712 851 3767 nostrae,
881 3703 1148 3768 docentis,
1182 3718 1279 3773 per
1299 3702 1495 3757 Christi
1522 3706 1837 3775 sanguinem
1866 3706 2065 3774 pretio-

469 3809 595 3861 sum
628 3793 849 3863 purgari
875 3808 996 3855 nos,
1021 3800 1078 3849 et
1116 3793 1426 3848 consecrari
1467 3793 1606 3848 ﬁlios
1637 3795 1689 3848 in
1726 3796 1954 3849 salutari
1988 3796 2065 3850 la-

477 3900 641 3941 vacro
685 3885 968 3955 baptismi;
1005 3886 1320 3940 sacerdotes
1353 3901 1482 3940 vero
1505 3886 1740 3941 dedicari
1772 3887 1825 3941 in
1872 3889 2062 3944 eodem

476 3979 740 4049 sanguine
794 3994 890 4048 per
944 3977 1254 4033 unctionem
1280 3977 1490 4033 ordinis
1516 3987 1571 4032 et
1595 3980 1732 4050 signi
1771 3981 1840 4036 ab
1858 3991 2063 4038 aeterno

473 4076 732 4146 pontiﬁce
778 4075 1028 4129 instituti.
1066 4074 1171 4129 Sed
1202 4075 1462 4146 inspectio
1490 4093 1822 4132 marmorum
1857 4095 2063 4135 memo-

475 4179 720 4224 ratorum
749 4168 988 4222 declarat
1021 4167 1231 4239 longius
1271 4176 1555 4238 provectas
1582 4179 1751 4235 artes,
1782 4169 1908 4224 licet
1935 4171 2064 4225 irri-

474 4274 588 4329 με,
609 4275 665 4321 et
691 4265 947 4320 invidiam
979 4264 1198 4334 maligni
1230 4265 1472 4336 spiritus.
1494 4266 1583 4318 'Eo
1604 4265 1749 4319 enim
1780 4265 2068 4320 dementia:

476 4357 770 4427 processit,
803 4365 863 4411 ut
898 4356 1216 4426 cogitaverit
1244 4356 1311 4411 de
1350 4357 1711 4411 subvertenda
1757 4356 2066 4411 hierarchia

486 4449 766 4512 Ecclesiae,
792 4448 952 4516 idque
981 4448 1283 4516 speraverit
1309 4462 1369 4502 se
1396 4457 1795 4511 assecuturum,
1823 4448 1867 4503 si
1891 4458 2065 4504 secta-

490 4540 699 4594 toribus
744 4538 874 4602 suis.
905 4534 1221 4608 inspiraret,
1250 4545 1310 4591 ut
1361 4552 1392 4592 e
1437 4537 1719 4601 Vaticano,
1765 4539 1855 4594 ubi
1907 4539 2064 4594 Chri-

484 4632 674 4686 stianae
689 4629 1087 4693 communionis
1109 4639 1357 4685 centrum
1387 4628 1582 4684 ﬁxerat
1607 4628 1823 4696 Petrus,
1841 4640 2063 4685 auctore

481 4720 719 4785 Christo,
754 4718 1079 4775 diffunderet
1103 4718 1193 4772 ille
1221 4719 1477 4789 mysteria
1505 4719 1693 4773 Matris
1724 4720 1889 4775 Deum
1915 4722 2065 4776 Idam

483 4808 798 4864 auctoribus
847 4806 1306 4878 quindecemviris
1373 4806 1428 4860 in
1488 4806 1676 4861 orbem
1733 4808 2062 4863 Romanum.

483 4900 717 4956 Videbat
737 4900 909 4955 hostis
929 4898 1146 4953 humani
1174 4898 1410 4969 generis,
1443 4913 1473 4951 a
1496 4899 1899 4953 successoribus
1922 4898 2068 4953 Petri

483 5002 609 5064 post
647 4993 765 5063 ejus
812 4992 1017 5050 obitum
1071 4993 1356 5062 episcopos
1411 4991 1690 5061 ablegari,
1736 4993 1961 5062 perinde
2006 5008 2072 5048 ac

484 5083 680 5139 Petrus
702 5089 1082 5145 consueverat,
1105 5083 1401 5152 perorbem
1431 5082 1740 5137 universum
1765 5099 1780 5135 :
1806 5090 1861 5137 et
1895 5082 2074 5138 unita-

485 5186 594 5233 tem
635 5176 895 5232 Ecclesize
940 5176 1145 5232 servari
1180 5190 1277 5248 per
1306 5190 1503 5230 nexum
1531 5175 1819 5229 sacerdotii
1850 5176 2071 5230 maximi

481 5271 745 5327 divinitus
782 5270 1125 5334 institutum;
1158 5285 1282 5325 cum
1304 5279 1438 5323 nutu
1462 5268 2074 5339 principisepiscopalis

485 5362 693 5418 ordinis
738 5362 920 5418 omnia
975 5361 1219 5417 membra
1248 5360 1430 5430 colligi
1454 5360 1508 5415 in
1541 5358 1808 5424 conciliis,
1836 5368 1887 5414 et
1913 5360 2069 5433 dirigi

489 5453 695 5525 legibus
715 5462 1002 5521 cerneret;
1044 5453 1363 5507 moderante
1403 5465 1515 5505 rem
1553 5449 1917 5506 Christianam
1947 5453 2069 5506 uni-

480 5526 702 5606 :versam
728 5560 797 5617 eo
821 5545 989 5617 quiin
1014 5544 1158 5600 Petri
1187 5541 1443 5598 cathedra
1478 5555 1764 5597 successor
1795 5553 1849 5596 et
1874 5558 2070 5596 navar-

489 5638 625 5693 chus
652 5630 867 5694 sederet
890 5637 1045 5709 quasi
1084 5637 1148 5691 ad
1171 5635 1385 5690 clavum
1422 5632 1733 5702 reipublicae
1770 5633 1972 5688 Chrisii
1997 5634 2074 5688 vi-

490 5731 673 5788 carius
726 5732 1011 5804 episcopus
1060 5720 1360 5785 Romanus.
1404 5724 1754 5781 Commeatus
1785 5725 1967 5796 itaque
1992 5735 2077 5782 cst

2164 1885 2330 1957 ligerc
2380 1904 2668 1957 possumus
2693 1889 2837 1944 circa
2865 1904 2986 1945 eam
3012 1899 3252 1956 aetatem,
3280 1907 3386 1961 qua
3436 1891 3756 1948 ordinandis

2164 1977 2374 2048 imperii
2401 1979 2691 2049 provinciis
2712 1979 2984 2035 Adrianus
3007 1989 3062 2036 et
3084 1981 3389 2036 Antoninus
3410 1981 3757 2053 occupaban-

2165 2078 2274 2132 tur,
2306 2079 2362 2123 et
2391 2085 2494 2138 qua
2528 2070 2914 2140 episcopalium
2941 2072 3151 2127 sodium
3180 2073 3603 2137 ordinandarum
3653 2089 3758 2144 par

2161 2179 2292 2218 cura
2316 2163 2588 2219 detinebat
2617 2163 2761 2219 Petri
2791 2180 3157 2230 successores,
3188 2164 3315 2220 dum
3339 2166 3424 2221 isti
3447 2166 3515 2221 ad
3538 2174 3760 2236 aposto-

2166 2255 2339 2309 lorum
2386 2266 2582 2325 tropum
2610 2258 2772 2325 paulo
2802 2267 2930 2312 ante
2959 2266 3269 2314 constructa
3300 2274 3397 2328 per
3421 2257 3753 2321 Evaristum,

2166 2346 2218 2400 in
2259 2346 2609 2402 (Zonl‘essione
2662 2346 2724 2401 Β.
2761 2347 2905 2403 Petri
2936 2349 3140 2403 clerum
3174 2350 3507 2420 colligentes,
3530 2358 3586 2404 et
3635 2350 3757 2419 epi-

2162 2453 2348 2507 copos,
2375 2439 2739 2510 presbyteros,
2760 2440 3016 2496 diaconos
3032 2440 3271 2496 initiatos
3286 2438 3460 2496 sacris
3472 2441 3757 2497 ordinibus
3786 2468 3791 2472 ι

2165 2531 2293 2585 hinc
2322 2529 2637 2600 ablegantes
2661 2531 2731 2585 ad
2768 2530 3076 2586 Christiana
3112 2547 3289 2596 sacra,
3327 2547 3432 2601 qua
3464 2533 3517 2587 in
3555 2533 3758 2587 subur-

2164 2621 2388 2679 bicariis
2428 2621 2647 2677 sedibus
2678 2661 2695 2687 ,
2745 2636 2850 2691 qua
2906 2622 2958 2677 in
3009 2622 3180 2678 titulis
3230 2623 3475 2689 urbanis,
3541 2637 3647 2693 qua
3699 2623 3753 2677 in

2163 2712 2460 2782 provinciis
2484 2715 2811 2780 exercenda,
2836 2715 3001 2769 etiam
3026 2716 3078 2770 in
3104 2723 3218 2773 toto
3247 2717 3435 2777 divisis
3474 2718 3606 2772 orbe
3634 2717 3758 2771 Bri-

2166 2806 2378 2869 tannis,
2425 2820 2509 2871 ea,
2561 2805 2804 2875 inquam,
2836 2815 3018 2871 :etate,
3060 2824 3162 2878 qua
3225 2816 3423 2863 nostrae
3472 2806 3755 2877 religionis

2164 2897 2439 2952 antistites
2489 2897 2685 2952 summi
2742 2898 2815 2952 ita
2875 2900 3241 2968 procurabant
3279 2913 3492 2952 sacrum
3542 2897 3755 2954 Christi

2162 2987 2547 3056 principatum,
2575 2996 2631 3042 et
2658 2987 3020 3042 sacerdotium
3048 3028 3063 3053 ,
3105 2989 3533 3058 quindecemviri
3584 2989 3757 3045 sacris

2165 3077 2452 3141 faciundis,
2478 3078 2677 3148 aliique
2724 3079 3027 3134 daemonum
3080 3088 3269 3150 mysta:
3321 3079 3521 3133 idolum
3568 3079 3754 3149 Dagou

2166 3180 2355 3226 contra
2385 3186 2570 3226 arcam
2594 3171 2808 3227 Domini
2834 3172 3128 3242 erigentes,
3163 3172 3229 3226 ad
3262 3171 3474 3226 radices
3504 3169 3755 3225 Vaticani

2163 3264 2318 3321 collis
2371 3264 2726 3320 instituerunt
2767 3264 3088 3323 Taurobolia
3137 3275 3195 3320 ct
3237 3264 3508 3320 Criobolia
3562 3262 3757 3319 Matris

2162 3353 2389 3425 Magnae,
2422 3364 2477 3411 et
2502 3356 2707 3411 occabo
2747 3364 2971 3413 ornatos
2995 3364 3050 3413 et
3086 3366 3375 3411 coronatos
3443 3354 3759 3411 sacerdotes

2163 3463 2281 3499 cum
2314 3463 2430 3511 ara,
2454 3458 2501 3501 et
2531 3447 2748 3513 viribus,
2778 3457 2827 3501 et
2855 3447 3110 3501 bucranio
3139 3447 3262 3501 inde
3289 3445 3561 3515 perceptis
3585 3444 3756 3499 mise-

2163 3545 2293 3592 runt
2335 3537 2391 3592 in
2418 3537 2675 3592 colonias
2726 3537 2796 3592 ad
2841 3537 3154 3609 contagium
3190 3535 3594 3607 superstitionis
3641 3549 3757 3589 suae

2162 3626 2459 3696 provinciis
2485 3624 2851 3680 inferendum.

2232 3715 2323 3769 50.
2384 3715 2581 3770 Verum
2633 3716 2753 3785 pari
2797 3725 2944 3777 sorte
2992 3731 3058 3770 ac
3088 3716 3215 3770 olim
3243 3716 3425 3787 Dagon
3453 3722 3676 3770 truncus
3703 3714 3758 3769 in

2164 3805 2365 3860 frustra
2386 3806 2638 3861 concisus
2657 3821 2723 3863 ac
2743 3806 2982 3876 dejectus
3006 3817 3131 3861 ante
3157 3822 3340 3861 aream
3365 3804 3577 3860 Domini
3608 3815 3763 3859 stan—

2165 3907 2277 3952 tem
2334 3908 2582 3968 repertus
2633 3897 2832 3966 fuerat,
2863 3900 3027 3953 etiam
3056 3914 3120 3954 ea
3172 3906 3521 3954 monumenta
3565 3897 3760 3953 Matris

2164 3987 2356 4052 Deum,
2377 3986 2609 4053 Mithrm,
2635 3987 2862 4043 fratrum
2883 3989 3159 4045 Arvalium
3179 3998 3233 4044 et
3252 3987 3761 4058 quindecemvirum

2165 4079 2444 4135 confracta
2489 4087 2703 4148 reperta
2744 4088 2872 4135 sunt
2910 4095 2975 4135 ac
3027 4080 3380 4135 tumultuarie
3426 4077 3655 4147 disiecta
3726 4095 3759 4134 a

2165 4173 2513 4238 Christianis.
2541 4180 2598 4227 et
2619 4172 2856 4242 projecta
2887 4174 2940 4228 in
2967 4173 3261 4228 scabellum
3288 4173 3485 4244 pedum
3509 4170 3762 4228 Piscato-

2167 4265 2244 4321 ris
2273 4283 2286 4319 ;
2316 4274 2445 4320 ante
2470 4265 2630 4335 hujus
2654 4264 2934 4320 basilicam
2962 4266 3372 4332 dumjacerent,
3403 4262 3588 4319 futura
3618 4262 3764 4317 indi-

2165 4354 2253 4411 cia
2266 4355 2506 4411 victoria:
2533 4370 2629 4423 per
2648 4354 2808 4408 ﬁdem
2825 4364 3064 4409 nostram
3091 4354 3158 4410 de
3185 4354 3439 4425 gentibus
3457 4367 3763 4424 earumque

2168 4448 2645 4519 superstitionibus
2681 4456 2988 4516 reportatae.
3028 4447 3269 4517 Apparet
3294 4448 3348 4501 in
3379 4448 3463 4502 his
3487 4445 3766 4516 fragmen-

2174 4540 2245 4594 tis
2270 4553 2406 4592 vana
2418 4537 2692 4593 aemulatio
2705 4537 3003 4593 decidentis
3020 4537 3358 4604 idololatria},
3382 4552 3412 4590 a
3426 4536 3767 4591 Tertulliano

2170 4630 2411 4686 indicata
2463 4630 2516 4684 in
2571 4629 2833 4706 idolorum
2865 4628 3158 4700 mysteriis,
3188 4636 3246 4681 ut
3272 4629 3414 4697 ipsas
3435 4643 3642 4699 quoque
3680 4642 3765 4680 res

2170 4730 2619 4778 sacramentorum
2648 4722 2946 4775 traduceret
2968 4720 3039 4774 ad
3073 4721 3297 4775 abusum
3326 4721 3715 4790 superstitionis
3744 4733 3765 4771 :

2170 4815 2300 4870 dum
2348 4813 2660 4883 aspersione
2699 4812 2994 4883 sanguinis.
3024 4812 3403 4868 observatione
3439 4811 3765 4881 mesonyctii

2170 4906 2495 4975 delectuque
2532 4919 2675 4960 arere
2719 4902 2991 4960 Vaticana:
3020 4915 3075 4960 et
3101 4903 3304 4958 mensis
3330 4901 3648 4967 Decembris
3667 4917 3768 4958 co-

2170 5004 2331 5053 natur
2353 5003 2664 5066 pervertere
2680 5005 2879 5053 nostra:
2902 4996 3177 5066 religionis
3193 4994 3437 5050 instituta
3461 4994 3765 5060 sanctiora,

2169 5097 2226 5144 et
2270 5087 2325 5143 in
2375 5089 2510 5152 aris,
2536 5087 2829 5151 laterculis,
2865 5088 3184 5153 marmoreis
3228 5086 3505 5155 :eneisque
3563 5084 3766 5140 tabulis

2170 5180 2394 5251 profana
2432 5196 2529 5235 sua
2560 5179 2816 5250 mysteria
2838 5180 2905 5235 ad
2929 5189 3175 5249 posteros
3197 5178 3463 5235 derivare.
3491 5176 3563 5231 At
3586 5176 3766 5231 nostri

2170 5270 2430 5342 praesules
2454 5270 2598 5325 inter
2630 5270 2821 5325 ruinas
2846 5279 3137 5339 prostratae
3164 5268 3565 5340 superstitionis
3611 5275 3769 5322 stan-

2174 5372 2283 5419 tem
2305 5376 2488 5418 arcam
2513 5360 2635 5426 Dei,
2660 5369 2718 5415 et
2757 5376 3031 5429 nunquam
3058 5359 3480 5416 subvertendam
3514 5355 3769 5413 inferna-

2178 5470 2296 5508 rum
2347 5461 2674 5525 potestatum
2717 5452 2925 5507 viribus
2948 5460 3158 5522 petram
3191 5451 3562 5516 ostendentes,
3594 5464 3767 5519 supra

2178 5561 2338 5622 quam
2353 5543 2591 5599 Ecclesia
2616 5550 2927 5599 constructa
2949 5550 3052 5610 est,
3079 5552 3392 5600 constanter
3412 5549 3771 5612 perseverant

2178 5651 2275 5707 per
2321 5649 2498 5711 annos
2541 5632 2687 5688 mille
2729 5640 3015 5688 sexcentos
3063 5640 3119 5687 et
3163 5631 3307 5704 quod
3357 5630 3599 5697 excurrit
3637 5644 3772 5701 cum

2178 5727 2357 5781 Leone
2386 5723 2601 5793 Magno,
2626 5721 2852 5796 ejusque
2875 5721 3255 5780 decessoribus
3276 5731 3332 5779 et
3353 5719 3774 5778 successoribus
