4010 6302
234 317 307 390 ὀύ

1667 313 2060 372 Ρῐιι-ΕῈΛῚΊΟ.

3427 316 3519 374 θτο

231 454 448 518 quarta.
479 453 526 496 et
549 449 698 495 sexta
720 438 853 508 {cria
871 452 1015 490 more
1036 433 1326 504 Majorum,
1349 428 1560 501 jejunio
1575 429 1824 492 indicere,
1855 433 1901 490 Α
1933 426 2208 488 berentur,
2233 433 2288 478 et
2317 433 2466 494 gesta
2495 434 2794 496 martyrum
2829 427 3234 483 celebrarentur
3262 431 3522 485 carmini-

230 517 281 589 ct
311 533 543 588 Sabbato
567 546 706 600 apuo
728 528 937 580 beatum
967 523 1182 577 Petrum
1217 521 1420 591 vigilias
1451 518 1743 579 celebrare;
1773 517 1826 571 in

229 625 434 696 quibus
460 664 476 688 ,
531 621 856 692 praesertim,
886 630 1058 668 mense
1111 613 1415 675 Decembri,
1457 611 1831 665 ordinationes

231 717 618 772 ministrorum
668 710 1122 775 sacerdotumqne
1150 705 1421 758 minorum
1458 718 1522 757 ac
1561 701 1828 771 majorum

229 810 547 878 perﬁciant.
576 805 682 858 Nec
711 800 949 870 segniori
981 814 1110 852 cura
1141 797 1405 867 platouias
1433 795 1668 849 basilicae
1698 793 1831 846 inci-

229 902 434 953 derunt
486 893 859 950 monumentis
911 905 1183 958 nunquam
1240 889 1496 942 desituris
1541 885 1826 940 sacerdotii

222 992 576 1048 Christiani:
612 989 752 1043 unde
797 983 1129 1056 pontiﬁcalis
1173 981 1400 1036 historia
1448 978 1623 1048 colligi
1659 977 1832 1046 potuit

227 1097 284 1139 et
306 1083 624 1140 conﬁrmari
653 1082 704 1134 in
731 1079 974 1133 texendis
1000 1074 1269 1144 Catalogis
1290 1074 1388 1125 sub
1412 1069 1628 1124 Liberio
1656 1079 1708 1121 et
1729 1067 1828 1122 sub

221 1177 417 1234 Felice
447 1185 665 1247 quarto,
691 1183 745 1227 et
773 1175 824 1227 iu
857 1168 1336 1240 Vitis-pontiﬁcum
1384 1162 1700 1234 colligendis
1727 1159 1828 1215 sub

229 1273 270 1326 G
283 1270 520 1341 regoriis
549 1267 790 1322 secundo
817 1273 871 1318 et
893 1264 1074 1319 tertio.

301 1404 396 1460 3|.
422 1403 730 1459 Jucundum
757 1399 863 1455 erit
886 1399 1154 1467 inspicere
1179 1403 1380 1465 quanta
1402 1397 1708 1462 superesset
1734 1403 1830 1457 per

223 1513 354 1551 eam
383 1503 604 1550 etatem
631 1492 785 1561 copia
812 1492 1278 1548 documentorum,
1306 1499 1412 1537 non
1461 1482 1620 1536 modo
1653 1480 1702 1533 iu
1734 1494 1827 1533 co-

223 1589 448 1644 dicibus
471 1585 680 1640 archivi
710 1581 1012 1653 apostolici,
1047 1580 1142 1634 sed
1171 1577 1336 1632 etiam
1365 1575 1418 1629 in
1451 1572 1750 1642 parietibus
1777 1579 1830 1624 et

224 1675 606 1730 marmoribbs
653 1686 933 1727 sacrarum
991 1669 1210 1730 aedium,
1248 1681 1368 1734 quae
1433 1677 1521 1717 res
1548 1661 1830 1730 plerasque

223 1768 663 1838 comprobarent
711 1766 765 1819 in
819 1765 922 1818 hoc
959 1757 1261 1816 Pontiﬁcali
1289 1755 1454 1811 Libro
1499 1753 1825 1807 enuntiatas.

226 1861 359 1914 Tria
393 1859 573 1914 ferme
599 1858 667 1911 ad
712 1855 890 1925 capita
921 1854 1102 1907 reduci
1125 1861 1350 1922 possunt
1377 1865 1440 1906 ea
1465 1864 1585 1917 qua:
1606 1847 1660 1900 in
1696 1845 1831 1900 Vitis

229 1951 564 2020 pontiﬁcum
592 1945 1195 2006 occurruntAnaslasio
1213 1943 1449 1998 tributis.
1479 1941 1716 1994 Priorum
1743 1954 1830 1992 ea-

225 2048 326 2111 put
354 2048 445 2095 est
472 2038 941 2109 chronologicum,
975 2035 1220 2089 indicans
1248 2043 1458 2101 tempus
1481 2030 1740 2085 sessionis
1774 2029 1827 2083 iu

223 2132 374 2186 Petri
427 2131 717 2196 cathedra,
746 2139 802 2184 et
823 2129 1075 2183 consules
1100 2128 1296 2196 quilnts
1344 2125 1634 2194 respondet
1671 2123 1830 2175 llttitls

225 2225 501 2294 eujusque
530 2222 875 2290 pontiﬁcatus
903 2220 1116 2274 initium
1147 2233 1211 2274 ac
1240 2218 1524 2271 terminus.
1555 2215 1728 2283 Caput
1753 2213 1828 2267 al-

225 2301 423 2379 terum.
439 2321 661 2368 constat
681 2311 918 2367 decretis
945 2319 998 2364 et
1018 2309 1453 2364 ordinationibus
1487 2307 1827 2361 sacerdotum

225 2419 295 2458 ac
326 2403 731 2459 ministrorum.
765 2401 1009 2455 Tertium
1051 2399 1283 2467 denique
1323 2396 1548 2451 includit
1578 2393 1828 2448 donatio-

228 2511 330 2551 nes
357 2495 682 2559 lundorum,
711 2502 1015 2548 structuras
1047 2491 1394 2545 basilicarum
1429 2504 1494 2541 ac
1527 2487 1827 2548 titulorum,

226 2597 558 2642 ornamenta
587 2596 641 2641 et
663 2584 1047 2654 supellectilem
1077 2584 1368 2652 pretiosam
1400 2579 1655 2634 Ecclesia:
1678 2577 1828 2652 obla-

230 2688 342 2733 tam
391 2692 422 2731 a
481 2677 832 2746 pontiﬁcibus
890 2674 1170 2736 Romanis,
1197 2672 1617 2742 imperatoribus
1638 2670 1830 2723 aliisve

225 2770 596 2842 principibus.
645 2769 974 2824 Documenta
1003 2783 1183 2821 rerum
1211 2765 1408 2834 triplici
1450 2765 1618 2818 hocce
1651 2761 1828 2830 capite

227 2864 647 2919 enuntiatarum
686 2863 757 2916 ita
801 2871 961 2916 erant
1010 2862 1063 2914 in
1114 2859 1396 2928 propatulo
1438 2858 1538 2912 sub
1567 2857 1829 2926 Gregorio

227 2955 421 3017 tertio,
453 2954 677 3022 quando
731 2951 894 3006 Liber
943 2951 1046 3005 iste
1098 2949 1432 3004 l'ontiﬁcalis
1468 2949 1520 3001 in
1553 2947 1826 3016 publicum

229 3043 504 3114 prodivit,
531 3051 590 3095 ut
640 3042 918 3111 complura
966 3040 1070 3112 legi
1114 3048 1338 3110 possent
1383 3039 1436 3093 in
1467 3038 1827 3093 marmoribus

229 3135 510 3205 genuinis.
547 3133 698 3188 Licet
730 3132 985 3187 indicium
1033 3132 1318 3185 desumere
1369 3129 1635 3183 ubertatis
1657 3128 1824 3182 docu—

232 3234 555 3280 mentorum
577 3223 737 3277 exiis
770 3237 892 3291 quae
914 3230 1038 3292 post
1067 3234 1240 3273 annos
1272 3217 1414 3272 mille
1439 3217 1550 3287 jam
1584 3216 1828 3272 evolutos

230 3329 262 3367 a
288 3312 552 3382 Gregorii
604 3312 746 3366 tertii
787 3319 948 3365 :etate
991 3312 1059 3363 ad
1109 3317 1344 3364 nostram
1374 3308 1550 3361 adhuc
1584 3306 1832 3360 visuntur

232 3419 533 3476 superesse
553 3404 610 3458 in
640 3403 812 3457 titulis
837 3401 1099 3467 Urbanis,
1127 3398 1482 3463 cwmeteriis,
1513 3397 1749 3452 basilicis
1777 3403 1830 3449 et

231 3496 504 3552 archivis.

297 3632 399 3689 δὲ.
427 3632 586 3701 Quod
635 3633 868 3702 pertinet
889 3630 956 3686 ad
1000 3632 1236 3702 primum
1272 3637 1436 3699 caput
1465 3625 1830 3696 chronologia:

231 3724 575 3797 pontiﬁcalis
601 3738 698 3793 per
721 3721 972 3778 consules
1017 3722 1118 3775 rite
1166 3719 1552 3789 comprobatae,
1589 3716 1827 3770 ostendi-

233 3821 382 3880 mus,
415 3816 473 3870 in
523 3815 676 3870 Actis
721 3823 1043 3884 martyrum,
1075 3813 1127 3865 in
1164 3810 1467 3881 platoniisa
1505 3809 1564 3862 Β.
1598 3807 1831 3861 Damaso

233 3907 460 3970 incisis,
496 3905 550 3959 in
582 3905 910 3960 cmmeteriis
947 3903 1247 3972 [oculisque
1274 3898 1600 3954 Christianis
1633 3907 1712 3952 tot
1741 3913 1833 3952 suv

232 4012 463 4068 peresse
525 3997 846 4050 documenta
891 3993 1298 4049 consuetudinis
1352 3991 1498 4046 illius
1537 3989 1734 4053 sitatis,
1770 3998 1830 4042 ut

232 4099 438 4161 quarto
487 4096 754 4158 sextoque
803 4086 998 4142 seeculo
1049 4085 1251 4141 Christi
1303 4083 1514 4139 abunde
1555 4080 1831 4152 potuerint

234 4184 365 4238 inde
431 4183 611 4253 colligi
667 4181 884 4236 indieuli
920 4222 935 4245 ,
991 4179 1262 4250 catalogi,
1329 4177 1581 4248 diptycha
1614 4216 1629 4240 ,
1688 4190 1831 4229 mar-

235 4272 534 4342 tyrologia.
570 4271 790 4325 Teritur
814 4269 1054 4323 oumium
1085 4267 1334 4322 manibus
1370 4266 1505 4320 liber
1538 4265 1832 4334 impressus

235 4363 434 4420 Romae
463 4379 608 4417 anno
635 4362 795 4427 1654,
827 4360 1140 4430 complexus
1165 4358 1553 4427 inscriptiones
1579 4356 1831 4426 antiquas

237 4456 564 4527 superstites
579 4455 632 4509 in
646 4453 866 4509 basilica
885 4451 942 4507 S.
962 4452 1132 4514 Pauli,
1146 4451 1229 4504 via
1242 4450 1496 4505 Ostiensi.
1511 4448 1723 4504 Placuit
1736 4464 1830 4502 ex-

237 4548 532 4620 perimenti
565 4561 726 4600 causa
762 4559 1050 4599 numerare
1067 4540 1525 4612 quotconsulatus
1543 4539 1645 4593 ilhc
1659 4537 1831 4592 conti-
1858 4548 1909 4606 D
1936 4533 2002 4585 Sti
2032 4531 2134 4584 457

239 4640 430 4694 neant.
456 4637 586 4708 Legi
617 4637 755 4690 duos
783 4650 944 4704 supra
968 4632 1238 4702 octoginta
1267 4633 1318 4684 iu
1353 4632 1416 4684 iis
1438 4627 1834 4699 quzeChristia-

238 4742 435 4782 norum
459 4733 682 4789 sunt,et
719 4723 1030 4794 pertingant
1050 4723 1116 4775 ad
1147 4736 1430 4775 numerum
1445 4719 1569 4772 456.
1589 4717 1837 4788 Complu-

239 4834 327 4873 res
357 4824 624 4887 praeterea
651 4823 776 4869 sunt
809 4813 1218 4882 inscriptiones,
1265 4826 1491 4881 quarum
1534 4809 1837 4879 fragmenta

240 4924 364 4963 cum
396 4922 510 4961 non
541 4906 809 4959 retineant
845 4913 924 4958 tot
961 4903 1226 4958 elementa
1259 4902 1552 4956 dictionum
1580 4900 1630 4954 in
1661 4899 1840 4954 nomi-

239 5001 401 5055 nibus
431 4996 717 5054 consulum
749 4995 1002 5050 indicatis
1021 5035 1035 5057 ,
1077 5003 1136 5048 ut
1165 4993 1386 5064 intelligi
1414 4992 1582 5063 possit
1604 4992 1670 5045 ad
1699 5006 1835 5060 quos

239 5090 492 5146 consules
543 5087 882 5151 referantur,
927 5084 1291 5142 excludendos
1329 5084 1507 5155 putavi
1546 5099 1576 5136 a
1623 5097 1833 5135 summa

241 5168 524 5250 pr.edicta.
573 5178 705 5234 Cum
750 5177 911 5247 igitur
940 5177 1096 5230 unica
1131 5175 1182 5228 iu
1230 5174 1344 5229 atde
1388 5189 1542 5228 sacra
1589 5172 1833 5225 Romana

242 5272 520 5342 supersint
540 5279 664 5339 post
690 5285 862 5323 annos
892 5267 1037 5322 mille
1064 5283 1094 5321 a
1133 5265 1447 5322 collectione
1475 5265 1620 5319 Libri
1653 5262 1833 5318 Ponti-

243 5363 412 5418 ﬁcalis
440 5371 523 5417 tot
551 5362 700 5432 paria
724 5362 1030 5427 COﬂSUllllll,
1048 5370 1106 5413 ut
1124 5361 1408 5430 septimam
1435 5358 1602 5414 ferme
1626 5367 1833 5429 partem

243 5453 530 5508 Fastorum
562 5452 931 5508 consulariun'i
966 5453 1189 5522 implere
1216 5452 1423 5521 possint
1458 5467 1487 5505 a
1522 5448 1742 5505 Tiberio
1767 5449 1835 5504 ad

240 5541 644 5608 Justinianum,
692 5545 808 5599 sive
850 5545 917 5598 ab
957 5560 1098 5599 anno
1135 5542 1403 5614 passionis
1446 5541 1737 5597 Dominicze
1765 5540 1832 5595 ad

247 5631 478 5689 Felicem
517 5645 812 5706 quartum;
849 5645 979 5706 quot
1017 5643 1270 5706 putamus
1310 5633 1549 5704 patuisse
1591 5633 1832 5688 omnium

244 5728 412 5783 oculis
443 5727 543 5782 sub
568 5726 785 5782 Liberio
812 5739 864 5782 et
906 5727 1156 5793 Damaso,
1187 5727 1312 5781 dum
1342 5724 1566 5793 catalogi
1593 5723 1832 5780 conscri-

1934 516 2033 569 bus
2061 516 2243 570 incisis
2275 517 2326 570 in
2357 516 2632 587 platoniis,
2669 519 2814 574 Urbe
2844 520 3078 573 nondum
3105 531 3262 589 capta
3291 530 3347 575 et
3379 522 3522 576 dire-

1932 619 2021 678 pta
2049 627 2078 662 a
2107 608 2319 676 Gothis,
2350 611 2604 666 Vantlalis
2629 622 2684 666 et
2713 612 2960 668 liminis?
3000 613 3054 668 Si
3096 615 3312 684 gentilis
3355 615 3518 670 Delﬁ-

1919 701 2055 756 -nius
2088 701 2360 756 Romanos
2387 703 2558 758 fastos
2585 720 2613 757 a
2644 703 2808 759 Bruto
2838 717 2891 758 et
2917 705 3184 760 Collatino
3213 707 3277 760 ad
3321 705 3517 762 Julium

1917 790 2198 845 Caesarem
2229 794 2516 857 ordinavit,
2551 795 2790 849 collectis
2817 795 3179 851 marmoribus
3201 797 3521 866 Capitolinis

1932 900 1998 937 ex
2029 883 2128 937 fori
2161 884 2386 938 Romani
2419 886 2679 956 reliquiis,
2714 897 2875 956 atque
2910 903 3199 956 paucarum
3237 889 3396 943 Urbis
3427 904 3521 944 ec-

1934 972 2244 1036 clesiarum,
2277 990 2385 1043 quo
2414 985 2614 1030 temere
2647 978 2899 1031 translata
2933 978 3146 1032 [iterant
3186 980 3519 1050 fragmenta,

1929 1063 2381 1128 quemadmmlum
2407 1064 2701 1120 Panviuius
2733 1077 3018 1128 memorat,
3043 1077 3164 1136 post
3185 1083 3357 1122 annos
3379 1068 3522 1122 mille

1934 1152 2260 1222 quingentos
2287 1171 2446 1223 quant
2478 1155 2691 1210 fuerant
2724 1158 2774 1209 iu
2805 1157 2922 1212 foro
2945 1158 3135 1226 positi;
3178 1168 3308 1226 quot
3336 1159 3509 1227 praesi-

1933 1243 2036 1295 diis
2065 1245 2429 1313 ehronologize
2461 1245 2707 1300 sull'ultos
2754 1247 2918 1301 fuisse
2960 1249 3229 1302 credimus
3273 1257 3523 1304 auctores

1925 1333 2305 1404 Catalogorum
2353 1338 2738 1406 pontiticalinm
2789 1340 2887 1393 sub
2920 1339 3136 1392 Liherio
3163 1349 3216 1394 ct
3248 1339 3478 1394 Damaso
3498 1321 3545 1393 ?l

1930 1426 2227 1494 praesertim
2255 1442 2378 1480 cum
2413 1427 2498 1480 illa
2526 1438 2686 1481 :etate
2714 1439 2832 1496 post
2861 1428 3165 1483 Chronicon
3196 1429 3265 1482 ab
3292 1430 3524 1484 Eusebio

1934 1517 2200 1586 digestum
2227 1534 2323 1587 per
2355 1521 2608 1573 consules
2629 1536 2692 1572 ex
2724 1521 3139 1590 Actis-publicis,
3161 1522 3313 1592 jussu
3347 1523 3520 1593 Magni

1919 1607 2273 1663 Constantini
2303 1610 2370 1664 ab
2399 1612 2648 1665 omnibus
2689 1612 2897 1681 imperii
2935 1615 3232 1682 provinciis
3263 1615 3525 1669 submini-

1933 1703 2153 1764 stratis,
2203 1719 2307 1755 non
2345 1712 2450 1756 tam
2483 1703 2770 1757 recudendi
2801 1712 2975 1758 essent
3029 1691 3172 1759 Fas-ti
3209 1706 3525 1760 consulares

1865 1820 1906 1877 Β
1937 1808 2000 1845 ac
2034 1792 2290 1862 pontiﬁcii
2312 1834 2327 1858 ,
2369 1810 2530 1864 quam
2577 1793 2886 1877 conferendi
2935 1811 3057 1849 cuin
3091 1795 3288 1852 tabulis
3315 1795 3523 1852 Latinis

1933 1884 2290 1946 notariorum,
2311 1876 2769 1950 euanteteriortuu,
2791 1887 3026 1941 indicum
3050 1897 3103 1942 et
3122 1888 3524 1959 diptychorum,

1931 1974 2124 2041 quibus
2151 1974 2392 2044 Catalogi
2422 1976 2848 2030 admovebantur
2876 1977 3037 2031 veluti
3080 1979 3144 2030 ad
3188 1978 3410 2049 Lydium
3444 1977 3526 2030 la-

1931 2065 2127 2134 pidem.
2148 2066 2463 2135 Anouymus
2481 2066 2738 2122 collector
2758 2066 3041 2122 Fastorum
3066 2070 3166 2123 sub
3189 2069 3524 2134 Constantio,

1930 2177 2088 2230 quem
2117 2162 2477 2231 Cuspiuianus
2507 2163 2740 2233 primum
2787 2173 3012 2228 nactus,
3058 2180 3180 2218 mox
3229 2165 3390 2218 etiam
3419 2164 3524 2217 iiu-

1931 2252 2186 2315 chcrius,
2237 2254 2442 2321 :equior
2491 2255 2789 2307 :estimator
2838 2255 3078 2323 praeclari
3137 2255 3278 2309 illius
3332 2271 3527 2308 monu-

1932 2343 2120 2406 menti,
2154 2343 2378 2399 feliciori
2407 2362 2551 2400 cura:
2575 2347 2866 2401 cardiualis
2906 2346 3101 2402 Not-isii
3143 2349 3525 2403 illustramlutn

1932 2436 2302 2504 reliquerunt,
2346 2453 2670 2508 auonymus,
2712 2439 2953 2507 inquam,
2985 2440 3073 2494 ille
3100 2441 3232 2495 satis
3255 2442 3485 2495 ostendit
3512 2482 3526 2506 ,

1931 2530 2092 2580 etiam
2122 2529 2255 2582 citra
2288 2545 2442 2598 opem
2473 2529 2726 2583 Chroniei
2753 2531 3060 2595 Eusebiani,
3093 2541 3218 2601 quot
3248 2531 3526 2598 adjumeu-

1935 2619 2002 2672 tis
2049 2617 2456 2674 suﬁ‘uleireutur
2500 2622 2717 2687 epoelue
2764 2621 3075 2676 consulares
3105 2622 3155 2675 in
3191 2621 3484 2677 Occidente
3509 2663 3524 2688 ,

1927 2710 2129 2777 quibus
2175 2711 2461 2778 pontiﬁcize
2505 2711 2662 2765 facile
2702 2711 3078 2781 alligabantur.
3131 2711 3306 2766 Minus
3349 2713 3530 2782 itaque

1933 2803 2294 2880 necessarium
2334 2804 2472 2858 duco
2504 2805 2708 2858 versari
2757 2805 2957 2859 diutius
3001 2807 3051 2859 in
3098 2805 3320 2873 hujusce
3366 2805 3524 2878 primi

1932 2891 2127 2960 capitis
2158 2891 2516 2958 ﬁrmamento,
2560 2910 2681 2946 cum
2729 2895 3093 2964 chronologie
3138 2898 3427 2966 pontiﬁcio:
3475 2903 3529 2954 et

1935 2982 2238 3036 consularis
2264 3000 2394 3052 opes
2423 2993 2604 3038 essent
2653 2985 2703 3038 iu
2751 2995 3036 3039 munerato
3077 2986 3142 3038 iis
3182 2987 3270 3055 qui
3319 2989 3526 3041 acilio--

1934 3089 2078 3126 creut
2131 3088 2314 3127 em'am
2368 3075 2686 3128 adhiberent
2733 3077 3168 3144 quartoChristi
3226 3078 3421 3132 S‘J-lCltiO
3473 3079 3525 3132 iu

1858 3164 2287 3243 Cohscrvandis
2345 3169 2710 3220 monumentis
2771 3167 3068 3231 Itotuauis,
3137 3168 3372 3220 nondum
3434 3185 3530 3237 per

1933 3253 2139 3308 Gothos
2186 3265 2239 3309 et
2277 3257 2546 3311 Vaudalos
2575 3259 2896 3312 deturbatis.
2932 3259 3130 3325 Quinto
3167 3275 3295 3315 ‘vcro
3330 3263 3528 3315 smcuio

1933 3346 2135 3400 Christi
2170 3348 2409 3411 ineunte,
2438 3349 2565 3402 licet
2600 3349 2858 3403 colluvies
2885 3351 3236 3405 barbarorum
3273 3351 3398 3406 Urbi
3438 3353 3529 3408 su-

1933 3439 2146 3508 perl‘usa
2179 3441 2332 3495 houis
2361 3441 2567 3496 artibus
2590 3442 2784 3496 bellqu
2819 3444 3107 3505 iudireret,
3153 3453 3206 3499 et
3247 3445 3528 3515 complura

1932 3542 2250 3586 ormuuenta
2297 3534 2533 3598 deleret,
2581 3536 2874 3588 max'mam
2919 3544 3096 3589 tamen
3124 3549 3332 3606 partem
3366 3539 3529 3591 docu-

1934 3635 2238 3678 mentorum
2272 3624 2486 3679 abolere
2515 3642 2855 3694 nequaquam
2892 3628 3099 3696 potuit,
3145 3645 3319 3698 neque
3361 3629 3530 3683 desti-

1935 3725 2079 3768 tutos
2129 3714 2435 3784 relinquere
2469 3717 2792 3771 testimoniis
2840 3727 3139 3788 temporum
3171 3728 3225 3773 et
3251 3734 3528 3790 gestorum

1933 3802 2292 3873 chronologos
2329 3813 2384 3858 et
2426 3805 2730 3860 historicos.
2783 3804 2850 3860 L’t
2895 3807 3038 3859 enim
3078 3817 3200 3861 aute
3228 3796 3527 3864 Gothorum

1935 3893 2284 3961 irruptiouem
2321 3894 2534 3949 Eusebii
2585 3895 2774 3949 Fastos
2813 3904 2867 3950 et
2910 3896 3214 3952 Clu°ouicon
3262 3897 3529 3968 llierouy-

1934 3999 2086 4045 mus,
2141 3983 2450 4054 Hieronymi
2504 3983 2734 4054 Prosper
2781 3986 3031 4054 perduxit
3077 3979 3142 4040 ad
3187 3988 3527 4042 consulatum

1936 4073 2180 4128 Valentis
2210 4085 2418 4130 sextum
2451 4085 2506 4130 et
2554 4074 2912 4129 Valentiniani
2945 4079 3239 4131 secundum
3260 4119 3274 4140 ,
3322 4078 3526 4132 Christi

1933 4180 2063 4218 vero
2085 4181 2284 4219 antrum
2305 4165 2430 4230 ⁸578,
2452 4167 2522 4219 ita
2549 4180 2654 4218 non
2681 4165 2885 4220 destitit
2907 4168 3093 4234 quinto
3120 4169 3318 4221 saeculo
3349 4167 3530 4223 Victo-

1934 4258 2047 4311 rius
2087 4257 2390 4328 Aquitanus
2435 4257 2708 4312 Cauonem
2759 4257 3094 4323 Paschalem,
3139 4268 3194 4312 et
3237 4259 3527 4315 Pcriodum

1935 4363 2196 4402 annorum
2229 4364 2413 4402 uxxxu
2439 4348 2689 4402 ordinare
2724 4363 2818 4416 per
2843 4349 3091 4403 consules
3127 4367 3154 4400 a
3189 4351 3395 4404 duobus
3423 4349 3528 4404 Ge-

1935 4441 2120 4506 minis,
2154 4439 2353 4495 Chrisli
2379 4439 2470 4505 28,
2500 4441 2565 4493 ad
2595 4439 3007 4495 Constantinum
3041 4452 3087 4490 et
3122 4440 3338 4503 Rufum,
3372 4443 3529 4497 Chri-

2161 4548 2174 4595 ;
2218 4548 2376 4600 quem
2418 4531 2656 4586 laborem
2693 4548 2992 4602 autinymus
3025 4534 3160 4587 sexti
3193 4534 3372 4588 saeculi
3401 4549 3527 4604 pro-

1934 4620 2088 4673 duxit
2130 4621 2194 4672 ad
2242 4621 2400 4674 ﬁnem
2434 4619 2643 4674 Periodi
2681 4620 3006 4676 Victoriarum
3037 4630 3153 4691 post
3185 4620 3540 4678 consulatum-

1935 4708 2114 4762 Basilii
2146 4723 2298 4772 xvru,
2326 4708 2523 4762 Christi
2557 4708 2662 4764 559
2682 4751 2696 4772 ,
2736 4718 2790 4764 et
2827 4710 3003 4764 adhuc
3033 4711 3228 4779 legitur
3254 4714 3394 4779 apud
3423 4713 3528 4766 liu-

1936 4798 2199 4852 elwrium.
2249 4798 2389 4865 Quin
2439 4799 2601 4853 etiam
2653 4799 2800 4854 Fasti
2852 4802 3142 4854 marmorei
3190 4802 3242 4854 in
3289 4802 3530 4858 Colouiis

1939 4893 2156 4959 reperti,
2187 4907 2413 4960 quorum
2436 4889 2737 4962 fragmenta
2768 4892 2937 4946 edidit
2963 4890 3230 4946 Gruterus
3259 4892 3347 4946 foi.
3379 4910 3526 4958 CCIC,

1942 4991 1996 5034 et
2017 4981 2308 5036 Fabrettus
2336 4982 2745 5052 inscriptionum
2776 4981 2870 5037 fol.
2914 4983 3052 5049 485,
3093 4995 3289 5054 praeter
3315 4985 3416 5039 alia
3453 4988 3534 5041 in-

1942 5076 2083 5127 edita
2121 5090 2240 5142 qua:
2267 5091 2365 5129 suo
2395 5085 2636 5144 tempore
2681 5076 2858 5130 daturi
2907 5091 3113 5140 sumus,
3147 5077 3273 5131 dum
3317 5078 3532 5147 pariant

1942 5168 2189 5218 consules
2232 5166 2566 5228 ordinarios,
2599 5164 2781 5219 Bonna:
2808 5167 3162 5235 procedentes
3200 5183 3321 5221 cum
3362 5168 3505 5238 magi

1943 5256 2203 5310 stratibus
2243 5255 2360 5324 ejus
2403 5257 2627 5311 colonia:
2662 5270 2754 5312 aut
2792 5260 3089 5331 municipii,
3120 5261 3410 5315 ostendunt
3439 5276 3535 5332 ne-

1944 5349 2068 5401 dum
2099 5348 2302 5412 Ronue,
2331 5349 2423 5403 sed
2445 5351 2606 5403 etiam
2632 5350 2683 5403 in
2711 5353 3005 5422 provinciis
3032 5353 3263 5423 Spectari
3291 5354 3538 5423 potuisse

1943 5440 2263 5495 documenta
2293 5456 2518 5510 operum
2559 5442 2898 5512 publicorum
2939 5443 2992 5497 in
3026 5443 3221 5512 quibus
3250 5442 3532 5497 consulum

1943 5531 2310 5588 Romanorum
2341 5533 2513 5588 series
2537 5545 2978 5606 cognosceretur.
3017 5534 3168 5602 Quod
3206 5535 3370 5606 igitur
3408 5537 3533 5587 atti-

1943 5634 2034 5680 net
2059 5626 2125 5679 ad
2162 5626 2395 5696 primum
2421 5635 2584 5696 caput
2608 5627 2968 5698 chronologia.‘
2991 5626 3290 5681 consularis
3316 5641 3534 5694 siquan-

1944 5718 2025 5772 dzr.
2053 5733 2176 5771 cum
2208 5718 2482 5787 pontiﬁcio
2504 5759 2518 5784 ,
2562 5719 2693 5772 satis
2736 5732 2986 5774 constare
3014 5719 3252 5773 arbitror
3279 5717 3342 5770 de
3371 5703 3534 5772 docu-
3594 5717 3597 5720 ’
