3996 5412
539 307 606 367 ’11

1259 302 1350 360 AD
1387 293 1824 360 ANASTASIUM
1863 296 2371 357 PROLEGOMENA
2410 295 2587 354 EDIT.
2625 293 3053 351 ῐιοιι.-νΑτι(;.

3721 297 3790 357 ⁸η

543 420 1200 491 ruentisquartoetsexto
1222 414 1419 470 saeculo
1438 412 1782 484 praeservatis
1804 408 2112 465 auctoribus
2136 411 2188 469 Α
2284 406 2340 462 ln
2373 406 2603 462 laudatis
2631 406 2825 462 litteris
2858 406 3095 461 Cornelii
3127 420 3278 476 papa:
3322 405 3388 460 ad
3425 405 3653 464 Fabium
3685 408 3792 465 An-

538 512 919 580 Ca'talngorum
942 507 1042 562 sth
1066 506 1285 561 Liberio
1306 512 1362 559 et
1385 505 1484 563 sub
1508 503 1683 559 Felice
1706 509 1920 571 quarto.

606 602 705 656 33.
734 599 816 655 lle
844 599 1026 668 itaque
1062 594 1340 653 conferam
1374 596 1442 649 ad
1472 594 1700 650 alterum
1735 601 1897 663 caput
1934 592 2137 646 rerum‘

536 693 944 748 enutttiatarum
965 689 1018 743 in
1042 688 1189 743 hisce
1202 684 1339 740 Vitis
1356 685 1692 756 pontiﬁcum,
1706 684 1851 753 quod
1873 680 2113 752 comple—

516 785 707 839 wctitur
730 783 1041 838 earumdem
1067 781 1280 836 decreta
1308 777 1583 840 nonnulla,
1628 787 1683 831 et
1710 789 1993 830 numerum
2028 788 2118 828 sa-

540 887 755 928 crarum
770 870 1168 925 ordinationem
1182 882 1315 936 quas
1327 866 1519 934 singuli
1532 871 1871 934 peregerunt.
1890 863 2113 917 Decreta

541 968 601 1015 ttt
633 959 919 1029 plurimum
947 954 1319 1011 refouebantur
1333 954 1405 1006 ad
1424 952 1781 1020 disciplinam,
1800 952 1866 1006 ad
1890 950 2115 1019 liturgiae

512 1047 865 1111 .tninisteria,
892 1046 960 1101 ad
980 1045 1146 1100 ritum
1176 1051 1658 1099 sacramentorum.
1700 1040 1834 1096 Nam
1864 1039 2113 1110 dogmata

538 1140 665 1193 ﬁdei
697 1149 921 1201 llOall’iE,
959 1137 1005 1192 si
1047 1152 1150 1206 qua
1182 1135 1320 1189 forte
1348 1133 1649 1190 convellere
1675 1132 1917 1188 haeretici
1953 1145 2115 1186 cona-

512 1237 748 1290 rentur,
799 1226 868 1280 ab
905 1226 1130 1280 istorum
1168 1224 1391 1277 audacia
1435 1222 1792 1277 defendebant
1832 1219 2115 1289 pontiﬁces

536 1318 838 1372 redditione
868 1315 1104 1386 Symboli
1125 1313 1426 1384 apostolici,
1452 1312 1712 1383 Maiorum
1739 1302 2116 1364 traditionibus

532 1414 595 1460 et
630 1405 1006 1460 iuterdictidne
1048 1417 1351 1458 sacrorum.
1389 1401 1515 1457 Haec
1557 1410 1737 1455 autem
1784 1399 2115 1452 munimenta

536 1494 684 1559 ﬁdei,
732 1493 856 1548 licet
900 1493 1083 1547 arcani
1130 1491 1410 1561 disciplina
1440 1490 1753 1560 plerumque
1777 1496 2114 1559 contegeret,

534 1600 712 1655 neque
735 1593 1020 1656 prOpterea
1049 1582 1224 1637 lorcnt
1255 1583 1308 1636 in
1334 1580 1618 1650 propatulo
1647 1579 2008 1633 marmoribus
2036 1577 2117 1631 itt-

534 1675 761 1731 cidenda
788 1690 886 1744 per
912 1689 1030 1728 eam
1062 1680 1456 1742 tempestatem,
1483 1671 1575 1725 sed
1598 1671 1651 1724 in
1676 1668 1911 1725 archivis
1935 1668 2116 1723 Eccle—

2217 498 2543 561 tioclienum,
2566 498 2716 553 circa
2748 513 2947 552 annuat
2983 496 3186 553 Christi
3211 496 3349 563 255,
3378 498 3502 552 dum
3539 509 3793 558 narratur

2214 603 2245 642 a
2271 587 2479 643 Novato
2499 589 2815 657 presbytero
2842 588 3165 644 subornatos
3190 587 3357 643 fuisse
3380 597 3435 644 et
3451 590 3660 646 accitos
3686 589 3794 659 epi-

2215 692 2408 745 scopos
2437 685 2571 741 tres,
2594 686 2654 731 ut
2692 692 2947 731 manuum
2990 677 3331 747 impositioue
3371 677 3472 733 sibi
3519 678 3797 734 traderent

2215 766 2582 835 episcopatum
2603 804 2617 830 ,
2666 765 2891 822 miriﬁce
2919 767 3298 836 comprobatur
3328 767 3395 821 ab
3422 768 3794 837 apostolorum

2215 863 2375 911 aetate
2397 856 2543 911 hunc
2583 856 2744 911 ritum
2774 872 2894 912 esse
2918 858 3266 927 repetendum
3285 897 3303 919 ,
3338 873 3497 929 quem
3525 858 3579 914 in
3606 858 3796 914 Gneo:

2213 946 2377 1001 etiam
2409 946 2648 1001 Ecclesia
2691 948 3033 1000 observatum
3078 945 3243 1002 fuisse
3286 956 3411 1001 ante
3439 964 3612 1004 annos
3652 949 3800 1004 mille

2216 1034 2539 1104 quingentos
2565 1034 2768 1106 colligit
2792 1036 3030 1091 Morinos
3055 1041 3353 1105 (sacrarum
3384 1037 3798 1094 Ordinationum

2216 1140 2334 1197 par.
2363 1142 2424 1189 tt,
2456 1142 2574 1195 pag.
2606 1126 2697 1195 2|)
2721 1142 2786 1181 ex
2816 1128 3005 1183 ordine
3037 1144 3068 1182 a
3108 1127 3384 1184 Clemente
3413 1130 3658 1185 Romano
3690 1130 3801 1201 pri-

2219 1231 2363 1270 mum
2396 1217 2628 1282 vulgato,
2661 1218 2949 1271 mandante
2975 1218 3130 1272 beato
3158 1218 3336 1282 Petro.
3376 1234 3500 1274 mox
3542 1236 3572 1274 a
3619 1229 3802 1290 poste-

2220 1306 2453 1362 rioribus
2492 1308 2739 1362 :etatibus
2785 1318 2963 1363 aucto.
3005 1308 3155 1364 Unde
3197 1310 3253 1364 ﬁt
3282 1310 3520 1366 Vitarum
3568 1313 3797 1367 istarum

2218 1408 2491 1455 auctorem
2524 1416 2697 1469 neque
2726 1401 2989 1456 inutiliter
3029 1418 3202 1471 nequc
3242 1404 3378 1457 citra
3419 1406 3797 1461 auctoritatem

2218 1489 2512 1543 asscruisse
2541 1490 2592 1542 in
2637 1489 2756 1543 Vita
2797 1489 3126 1544 Clementis:
3169 1489 3296 1543 Ideo
3330 1490 3494 1546 Linus
3542 1503 3591 1547 et
3619 1493 3796 1548 Cletus

2220 1589 2341 1632 ante
2358 1595 2473 1633 eum
2495 1580 2913 1644 conscribuntur,
2943 1596 3003 1634 eo
3024 1580 3163 1650 quod
3188 1582 3252 1633 ab
3275 1582 3386 1650 ipso
3408 1584 3641 1652 principe
3672 1601 3796 1654 apo-

2220 1668 2473 1723 stolorum
2495 1669 2564 1723 ad
2587 1670 2933 1725 ministerium
2960 1671 3280 1725 sacerdotale
3309 1673 3655 1727 exhibendum
3678 1685 3798 1729 sunt

535 1766 629 1821 sia:
653 1740 979 1819 asservanda
1009 1777 1130 1817 cum
1156 1740 1352 1817 divinis
1389 1761 1598 1823 litteris,
1632 1769 1686 1814 et
1717 1775 1839 1814 cum
1867 1757 2115 1829 genuinis
2150 1740 2190 1798 Β
2218 1761 2443 1830 episcopi
2482 1760 2729 1815 ordinati.
2765 1761 3021 1832 Princeps
3049 1763 3192 1817 enim
3232 1764 3627 1833 apostolorum,
3674 1782 3798 1822 cum

533 1857 753 1913 Palmm
781 1856 1067 1926 operibus,
1100 1856 1348 1909 visuntur
1376 1863 1555 1909 tamen
1593 1854 1822 1909 iudicata
1869 1853 2117 1909 ﬁdelibus

508 1928 588 2009 Lin
620 1961 890 2000 marmore
920 1944 1186 2015 Hippolyti
1218 1945 1453 2015 episcopi
1476 1954 1534 1999 et
1554 1946 1830 2015 martyris,
1855 1943 1943 1998 ubi
1971 1952 2118 1998 cata-

534 2035 690 2104 logus
720 2035 837 2105 ejus
867 2034 1297 2088 lucubrationum
1326 2034 1530 2090 indicat
1562 2032 1674 2103 jam
1724 2042 1834 2088 tum
1859 2033 2118 2088 collectas

532 2124 700 2179 fuisse
722 2125 1042 2195 apostolicas
1066 2127 1400 2192 traditiones,
1425 2140 1520 2195 per
1547 2141 1611 2180 ea
1635 2126 1828 2180 verba:
1852 2136 2119 2184 moero-

514 2230 671 2283 _AICll
696 2228 1034 2280 llAPAAOClC,
1065 2228 1119 2273 et
1143 2216 1408 2287 Opttscnla
1438 2216 1739 2286 dogmalica
1761 2227 1885 2273 Περι
1909 2229 1990 2275 or
2013 2227 2117 2275 Im

531 2322 762 2367 CAPXOC
790 2317 1204 2375 ANACTACEﬂC,
1225 2310 1290 2362 de
1310 2308 1434 2371 Deo,
1456 2316 1501 2359 et
1524 2308 1698 2362 carnis
1722 2312 2115 2374 resurrectione,

531 2415 658 2459 nam
711 2404 1012 2460 T‘Areeor
1038 2412 1143 2458 κΑι
1173 2408 1367 2455 ιιοθεΝ
1395 2410 1476 2454 το
1506 2408 1717 2463 usos,
1762 2399 1826 2453 de
1864 2400 2026 2462 bona,
2067 2411 2114 2455 et

530 2493 669 2548 unde
693 2493 910 2547 malum.
940 2492 1270 2548 Necessitate
1294 2499 1472 2543 autem
1503 2498 1759 2558 poscente
1786 2501 1843 2543 ut
1871 2505 1968 2560 per
1987 2506 2116 2545 con-

530 2582 653 2638 cilia
693 2582 835 2653 apud
874 2581 1055 2636 sedem
1094 2578 1441 2649 apostolicam
1471 2578 1748 2648 graviores
1772 2594 1948 2633 causa:
1968 2579 2117 2650 judi-

528 2681 806 2737 carenlur,
847 2680 902 2729 et
944 2670 1221 2725 sententia!
1248 2668 1469 2721 Patrum
1509 2668 1963 2722 conlirmarentur
2011 2684 2113 2722 au-

530 2764 786 2817 ctoritate
826 2761 1095 2833 pontilicis
1125 2759 1351 2813 Romani
1373 2799 1388 2820 ,
1422 2756 1584 2825 hujus
1623 2759 1862 2826 epistola:
1891 2769 1944 2812 et
1979 2760 2112 2816 Acta

529 2852 743 2908 concilii
779 2851 1282 2906 transmittebantur
1310 2849 1375 2902 ad
1407 2848 1675 2903 Ecclesias
1700 2851 2024 2919 prtecipuzfs,
2058 2860 2115 2905 ut

528 2947 585 3001 in
615 2960 777 3000 causa
806 2942 995 2997 Novati
1022 2942 1235 2998 celebre
1270 2943 1573 3012 exemplum
1610 2942 1805 3013 legitur
1830 2946 1972 3014 apud
2008 2945 2113 3000 Eu-

528 3035 737 3089 sebium
768 3033 1017 3087 Historiae
1060 3032 1151 3086 lib.
1200 3048 1276 3094 vi,
1312 3048 1430 3102 cap.
1475 3032 1581 3088 ᾆδε
1634 3034 1858 3088 Exstant
1904 3038 2107 3102 adhuc,

2217 1865 2468 1904 normam
2494 1851 2801 1907 institueret
2821 1853 2924 1907 hac
2953 1853 3007 1907 in
3036 1853 3278 1908 Ecclesia
3306 1855 3634 1924 reliquarum
3655 1856 3801 1910 ordi-

2214 1940 2514 1994 nandarum
2563 1955 2629 1995 ac
2674 1944 3026 2012 regendarum
3052 1985 3069 2010 ,
3123 1960 3228 2000 non
3280 1947 3464 2001 omisit
3513 1947 3802 2018 designare

2216 2033 2351 2087 duos
2396 2033 2677 2103 episcopos
2716 2034 2868 2089 lateri
2914 2052 3013 2091 suo
3054 2037 3399 2104 adhaasuros,
3427 2054 3551 2094 cum
3599 2042 3799 2116 quibus

2216 2137 2409 2177 manus
2439 2124 2735 2193 imponeret
2760 2125 3029 2197 episcopis
3061 2141 3159 2198 per
3182 2127 3391 2183 diversa
3415 2129 3531 2184 loca
3565 2130 3618 2184 in
3653 2129 3797 2186 Urbe

2217 2212 2552 2279 ordinandis,
2594 2229 2787 2283 nempe
2830 2216 2894 2269 ad
2930 2217 3292 2272 exhibendum
3342 2219 3393 2273 id
3437 2219 3798 2275 ministerium

2206 2301 2501 2355 sacerdotii
2535 2302 2790 2370 majoris,
2821 2306 2963 2375 quod
3004 2315 3115 2361 tres
3155 2308 3436 2378 episcopos
3465 2310 3794 2381 requirebat.

2214 2390 2356 2445 llinc
2402 2392 2543 2445 inter
2575 2408 2812 2448 canones
2836 2409 2972 2463 quos
3000 2406 3195 2451 vocant
3239 2397 3638 2467 Apostolorum,
3676 2416 3797 2456 om-

2212 2483 2361 2537 nium
2392 2483 2621 2538 habetur
2649 2485 2872 2554 primus,
2903 2488 2994 2556 qui
3024 2488 3240 2552 statuit,
3285 2489 3586 2547 ministerio
3626 2492 3792 2548 trium

2214 2572 2586 2645 episcoporum
2617 2577 2927 2647 episcopum
2956 2580 3214 2635 ordinari.
3514 2588 3519 2593 ’

2285 2664 2341 2719 In
2365 2667 2554 2720 eadem
2584 2667 2814 2737 epistola
2840 2668 3071 2723 Cornelii
3113 2671 3308 2725 merito
3341 2671 3590 2742 culpatur
3619 2673 3797 2731 Nova-

2217 2765 2321 2821 tus,
2347 2757 2487 2826 quod
2515 2756 2863 2828 posteaquam
2894 2763 3082 2816 morbo
3101 2764 3397 2828 convaluit,
3416 2765 3466 2819 in
3488 2782 3599 2836 quo
3623 2767 3795 2840 bapti-

2214 2861 2388 2899 smum
2416 2857 2751 2917 miseeperat,
2781 2850 2977 2921 reliqua
3012 2867 3114 2905 non
3151 2856 3468 2923 pepercerit,
3490 2873 3608 2927 qua:
3632 2858 3796 2927 juxta

2213 2935 2620 2989 ecclesiasticam
2649 2939 2881 3008 regulam
2905 2942 3094 3011 percipi
3122 2944 3338 3008 debent,
3380 2960 3542 3012 neque
3578 2947 3645 3000 ab
3685 2950 3795 3017 epi-

2213 3044 2368 3097 scopo
2390 3030 2454 3082 sit
2487 3031 2843 3098 consignatus.
2871 3032 3002 3097 Quis
3022 3049 3125 3087 non
3150 3035 3329 3090 videat
3352 3037 3478 3092 hinc
3497 3037 3796 3095 luculenter

533 3125 731 3195 inquit,
756 3123 988 3195 epistola:
1009 3122 1238 3178 Cornelii
1264 3098 1620 3177 Romanorum
1649 3126 1872 3195 ερῑδεορί
1904 3127 1973 3179 ad
2003 3098 2109 3182 Fa.
2138 3098 2181 3158 (ἶ
2214 3120 2426 3188 probari
2456 3122 2851 3178 ecclesiasticas
2887 3124 3100 3195 regulas
3136 3128 3455 3185 constitutas
3499 3142 3627 3188 ante
3662 3135 3797 3189 Cor-

528 3216 669 3270 bium
689 3213 1047 3267 Antiochensis
1069 3211 1319 3267 Ecclesia'
1338 3213 1612 3282 prtcsulem
1634 3214 1828 3278 missio,
1848 3217 1901 3268 in
1923 3218 2108 3284 quibus
2140 3246 2145 3253 ε

527 3317 575 3361 et
607 3305 859 3359 Romana!
887 3304 1071 3374 synodi
1098 3312 1264 3375 gesta,
1307 3313 1357 3356 et
1397 3305 1628 3357 omnium
1664 3322 1758 3376 per
1790 3304 2029 3371 Italiam,
2060 3316 2108 3361 et

528 3394 783 3464 Africam,
815 3392 1141 3463 aliorumque
1164 3391 1397 3446 locorum
1431 3392 1643 3447 illorum
1674 3396 1966 3463 provincias
1992 3414 2111 3451 sen-

527 3486 702 3539 tentia:
730 3481 1086 3537 declarantur.
1117 3482 1369 3551 Epistula:
1397 3498 1525 3537 vero
1555 3500 1689 3554 quas
1717 3485 1858 3539 l’ctri
1889 3502 2107 3541 succes-

528 3591 679 3631 sores
710 3575 988 3629 dedissent
1017 3574 1082 3630 ad
1110 3574 1415 3640 Ecclesias,
1461 3585 1606 3630 tanta
1646 3577 1900 3646 religione
1938 3579 2109 3634 susci-

527 3670 843 3740 piebantur,
870 3675 1125 3737 tantoque
1153 3667 1205 3721 in
1238 3667 1409 3736 pretio
1439 3668 1797 3733 habebantur,
1836 3679 1893 3722 ut
1919 3671 2106 3723 eadem

529 3759 764 3815 llistoria
813 3758 1029 3813 Eusebii
1077 3774 1175 3813 nos
1216 3760 1438 3824 doceat,
1472 3758 1637 3823 illam,
1673 3775 1833 3829 quam
1863 3759 2110 3816 Clemens

529 3852 748 3905 nomine
776 3849 1033 3904 Romana:
1064 3849 1315 3904 Ecclesia:
1354 3850 1644 3919 scripserat
1671 3851 1740 3906 ad
1768 3851 2108 3920 Corinthios,

527 3943 583 3995 in
606 3940 863 4011 plerisque
888 3939 1137 3993 Ecclesiis
1159 3957 1278 4004 sua,
1301 3953 1347 3993 et
1378 3940 1635 4009 superiori
1663 3942 1912 3994 memoria
1932 3941 2108 4012 palam

530 4030 738 4085 recitari
759 4032 1080 4085 ronsuevisse
1103 4030 1322 4098 (Euseb.
1344 4069 1359 4094 ,
1393 4028 1532 4083 Hist.
1565 4029 1658 4084 lib.
1690 4046 1786 4094 ιιι,
1818 4045 1937 4099 cap.
1976 4031 2063 4103 l6)
2089 4049 2105 4097 ;

530 4131 585 4176 ct
614 4122 685 4176 ita
712 4122 1014 4192 proximam
1062 4120 1226 4176 fuisse
1267 4121 1503 4176 habitam
1548 4122 1829 4176 sententiis
1860 4122 2109 4192 Epistolte

516 4211 679 4289 IPauli
709 4212 776 4267 ad
814 4212 1102 4275 Hebraeos,
1135 4222 1190 4264 ut
1221 4227 1339 4264 cum
1382 4211 1591 4281 reliquis
1632 4210 1865 4282 Apostoli
1904 4213 2109 4282 scriptis

528 4321 633 4358 non
656 4304 767 4358 sine
788 4320 949 4356 causa
970 4303 1151 4356 eadem
1173 4302 1428 4355 recenseri
1457 4301 1694 4353 uideatur
1710 4300 1885 4372 (ibid..
1912 4317 1962 4354 c.
1992 4299 2105 4371 58).

528 4395 752 4459 Verum,
784 4392 859 4446 uti
896 4394 1275 4455 observabant,
1320 4391 1375 4444 in
1422 4390 1573 4444 hisce
1612 4388 1748 4444 Vitis
1795 4391 2107 4460 pontificum

529 4480 744 4540 decreta
764 4484 1079 4552 plerumque
1099 4480 1367 4550 pertinent
1388 4480 1455 4533 ad
1480 4479 1840 4547 disciplinam,
1857 4490 1911 4534 et
1932 4483 2108 4550 potior

518 4591 659 4655 {pars
685 4572 914 4628 refertur
943 4573 1010 4625 ad
1038 4570 1330 4641 liturgiam.
1364 4569 1487 4624 Haec
1515 4571 1695 4640 itaque
1717 4585 1841 4638 pars
1872 4571 2107 4627 historia:

528 4665 853 4738 pontiﬁcalis
897 4664 1171 4718 nitebatur
1237 4662 1542 4717 testimonio
1601 4662 1893 4731 quotidiani
1944 4663 2103 4717 mini-

528 4759 703 4823 s1erii,
747 4755 1051 4827 apostolicae
1078 4754 1222 4809 sedis
1250 4754 1354 4808 ritu
1383 4752 1740 4822 lrcquentati,
1783 4764 1837 4807 et
1879 4753 2105 4809 subinde

529 4848 720 4919 digesti
748 4849 802 4902 in
830 4846 1079 4902 Codicem
1109 4843 1472 4909 Gelasianum,
1497 4842 1885 4921 sive‘Ordinem
1908 4842 2105 4897 Roma-

530 4959 658 4997 num
689 4957 849 5011 quem
874 4948 1107 4996 vocant:
1142 4939 1215 4993 ita
1248 4946 1307 4992 ut
1333 4952 1442 4991 acre
1478 4937 1768 5006 perennius
1797 4951 2107 4989 tnontunen-

530 5042 643 5088 tum
684 5032 947 5102 ejusmodi
991 5033 1188 5087 rituum
1227 5044 1292 5085 ac
1335 5030 1673 5084 decretorum
1704 5028 2009 5082 dedicatmn
2039 5028 2109 5082 sit

531 5123 583 5178 in
614 5125 765 5192 praxi
796 5122 1103 5193 quotidiana
1134 5121 1388 5176 Ecclesia:
1417 5120 1693 5174 Romamn.

508 5285 515 5290 .
597 5212 686 5267 54.
717 5212 852 5279 Quin
885 5213 1045 5266 etiam
1075 5211 1126 5265 in
1159 5211 1401 5280 epistolis
1429 5211 1682 5265 Romanae
1702 5209 1952 5265 Ecclesia:
1976 5226 2108 5280 pon-

528 5298 760 5348 tiﬁcum-
806 5317 940 5346 mm:
970 5301 1127 5346 mmln
1164 5310 1290 5346 ante
1334 5301 1624 5344 τηρ-ποντινί
1672 5302 2021 5357 lrnnclnissas
2050 5309 2105 5355 et,

2212 3213 2411 3267 nelium
2440 3214 2587 3269 circa
2619 3216 2755 3269 ritus
2781 3217 3027 3286 baptismi
3059 3219 3421 3276 observandos
3445 3223 3610 3278 etiam
3636 3224 3706 3279 ab
3726 3226 3794 3282 iis

2212 3304 2305 3373 qui
2338 3305 2657 3359 necessitate
2699 3316 2924 3377 urgente
2963 3312 3420 3379 compendiariam
3469 3314 3791 3373 beneﬁcium

2211 3397 2540 3450 sacramenti
2582 3397 2943 3453 obtinuissent
2975 3396 3129 3467 juxta
3177 3402 3544 3458 deﬁnitionem
3589 3407 3791 3463 decreti

2213 3485 2446 3544 Victoris
2473 3503 2661 3558 papae,
2694 3500 2820 3545 ante
2864 3506 3035 3545 annos
3082 3493 3355 3564 sexaginta
3400 3497 3601 3551 conditi
3642 3508 3699 3554 et
3738 3501 3790 3555 iu

2211 3575 2447 3645 ejusdem
2477 3577 2596 3631 Vita
2627 3578 2697 3632 ita
2727 3580 3013 3650 expressi?
3050 3580 3328 3635 Constituit
3362 3594 3449 3647 ut,
3488 3589 3792 3643 necessitate

2210 3664 2451 3734 faciente,
2484 3668 2572 3731 ibi,
2609 3668 2696 3721 ubi
2724 3673 2956 3724 inventus
2987 3662 3188 3740 fuisset,
3216 3673 3320 3726 sive
3344 3674 3397 3727 in
3421 3675 3663 3744 ﬂumine,
3688 3680 3792 3733 sive

2209 3755 2263 3809 in
2308 3758 2477 3820 mari,
2519 3760 2625 3812 sive
2657 3759 2709 3812 in
2740 3760 2989 3828 fontibus,
3025 3770 3227 3816 tantum
3257 3761 3555 3818 Christiana
3584 3769 3791 3839 confes-

2209 3848 2355 3901 sione
2393 3849 2715 3904 credulitatis
2755 3850 3044 3919 clariﬁcatu
3064 3893 3079 3915 ,
3109 3854 3402 3924 quicunque
3430 3856 3701 3912 hominum
3729 3874 3793 3914 ex

2208 3939 2501 4010 gentilitate
2528 3941 2731 3996 veniens
2760 3951 2812 3994 ut
2840 3942 3211 4012 baptizaretur.
3242 3944 3371 4012 Quis
3397 3963 3502 4001 non
3528 3948 3792 4022 intelligat

2210 4030 2335 4085 hinc
2364 4032 2566 4102 percipi
2594 4033 2931 4101 disciplinam
2971 4036 3319 4101 apostolicam
3349 4037 3696 4106 chrismatis,
3724 4043 3791 4098 ab

2208 4122 2491 4191 episcopo,
2547 4138 2652 4175 non
2710 4138 2839 4176 vero
2888 4138 2918 4176 a
2976 4124 3204 4193 simplici
3260 4129 3574 4201 presbytero
3628 4133 3791 4188 mini-

2210 4212 2437 4274 strandi,
2466 4226 2627 4280 quain
2658 4229 2686 4263 a
2720 4212 2921 4266 Novato
2948 4215 3309 4282 posthabitam
3351 4219 3434 4272 hic
3462 4220 3658 4277 merito
3680 4223 3794 4278 cul-

2208 4310 2301 4370 pat
2346 4299 2670 4355 Cornelius?
2706 4299 2916 4355 Rursus
2948 4304 3001 4357 in
3036 4305 3304 4377 episcopis
3343 4306 3566 4364 subdole
3604 4313 3794 4370 accitis

2212 4402 2310 4455 per
2340 4385 2529 4441 Novati
2560 4387 2798 4444 fautores
2827 4392 2891 4443 ad
2913 4390 3150 4459 ejusdem
3181 4396 3641 4453 consecrationem
3666 4416 3793 4455 cen-

2212 4495 2393 4535 suram
2426 4491 2645 4536 exercct
2668 4483 2968 4550 Cornelius,
3007 4487 3296 4556 objurgans
3322 4504 3416 4544 eos
3448 4490 3615 4546 fuisse
3644 4493 3795 4548 clan-

2213 4570 2391 4624 culum
2414 4583 2785 4641 congrcgatos.
2811 4570 2922 4628 Hoc
2945 4592 3134 4644 nempe
3154 4577 3540 4632 adversabatur
3559 4580 3792 4637 decretis

2212 4662 2349 4716 Sitti
2383 4680 2446 4719 ac
2474 4662 2785 4735 Zepltyrini,
2816 4667 3094 4721 recensitis
3121 4670 3221 4723 hoc
3266 4670 3317 4723 in
3363 4668 3528 4724 Libro
3568 4669 3792 4725 Pontiﬁ-

2210 4752 2389 4807 calide
2409 4752 2647 4822 formatis
2671 4772 2701 4806 a
2721 4755 3020 4823 patriarcha
3043 4756 3399 4825 impetrandis,
3423 4768 3475 4810 ut
3496 4757 3786 4828 episcopus,

2211 4844 2391 4897 relicta
2421 4845 2539 4897 sede
2572 4861 2687 4910 sua,
2722 4843 2939 4899 Romam
2964 4846 3168 4900 veniens
3203 4846 3451 4901 redeundi
3485 4856 3787 4919 potestatem

2212 4936 2440 4989 haberet.
2469 4935 2582 4988 Iino
2610 4946 2654 4987 et
2679 4936 3111 5007 συγκλιισθέντας,
3130 4936 3421 5003 conclusos,
3443 4941 3554 5013 ὦρᾷ
3581 4937 3784 5015 δεκάτῃ.

2210 5024 2338 5078 hora
2368 5025 2590 5087 decima,
2618 5023 2890 5096 μεθύοντας
2918 5030 2999 5080 καί
3025 5027 3409 5102 κραιπαλόντας,
3444 5029 3781 5094 temulentos,

2210 5125 2256 5167 et
2280 5115 2495 5184 crapula
2516 5131 2805 5184 oppressos,
2828 5115 3033 5168 irritam
3062 5126 3117 5168 et
3138 5115 3477 5170 umliratilem
3503 5132 3786 5173 consecra-

2213 5205 2411 5259 tionem
2437 5203 2675 5259 dcclarat
2702 5204 2750 5258 ei
2790 5203 3119 5259 contulisse:
3152 5204 3346 5273 quibus
3389 5200 3533 5261 vitiis
3570 5207 3784 5262 ordina-

2212 5296 2375 5351 tinnis
2412 5311 2515 5340 nnn
2561 5297 2789 5340 alterum
2822 5295 3124 5338 inclinantur
3151 5294 3378 5338 nmmeili
3409 5311 3647 5336 mmmmc
3688 5297 3778 5336 An-

2212 5402 2483 5412 Αιιηηη------
2530 5405 2779 5412 llum-unam
2825 5405 2964 5412 ιιι-ιιι..-
3008 5405 3305 5412 ηη--.νι----η“
3335 5405 3347 5412 ι
3390 5405 3580 5412 --ιι-ι.-.
