4010 6302
194 461 266 516 75
1650 483 1764 540 PR2

1872 485 2039 543 \TIO.
3316 548 3327 553 ν
3406 510 3473 567 74

192 574 312 630 Vita
347 575 551 633 diserte
586 578 836 653 legitur.)
876 592 1102 656 excepta
1138 595 1298 647 nocte
1328 588 1637 651 Nativitatis
1666 598 1777 655 Do-
1804 604 1854 663 Λ
1882 617 1994 657 esse
2035 610 2271 671 oportere
2318 621 2375 661 in
2426 607 2667 665 Ecclesia
2708 613 2986 671 catholica.
3037 616 3106 673 In
3156 637 3261 693 qua
3297 632 3474 681 tamen

192 665 403 693 minim
429 683 442 693 .
478 678 525 693 ΛΙ
561 669 849 693 σ,.,1---..ξ..ε
902 674 973 693 εφι
1008 691 1017 693 _
1070 676 1125 693 .o,
1223 687 1234 693 -
1282 680 1294 691 ι
1603 686 1614 693 .

189 665 443 747 minim};
477 678 532 721 et
561 669 875 742 Zephyrini,
896 674 1138 744 jubentis
1178 687 1234 732 ut
1276 680 1332 734 iu
1370 686 1648 753 prtcsentia
1675 704 1789 742 om-

188 759 333 812 nium
379 760 693 817 clericorum
730 774 777 818 et
826 765 1081 824 laicorum
1132 770 1406 840 ﬁdelium,
1454 777 1563 832 sive
1601 778 1786 848 levita,

184 849 576 925 sireisacerdos
618 855 955 912 ordinaretur
986 860 1240 930 (Euseb,
1288 881 1409 937 pag.
1442 867 1580 935 245,
1641 870 1785 926 Hist.

185 934 277 993 lib.
341 940 470 1011 v1);
513 943 657 1013 quod
700 946 866 1001 etiam
905 948 1083 1005 elucet
1126 951 1232 1008 alio
1269 954 1322 1008 in
1360 934 1600 1026 epistolae
1632 958 1784 1028 loco,

188 1028 279 1084 ubi
330 1030 534 1087 dicitur
580 1033 818 1093 Novatus
864 1041 1190 1112 presbyterii
1241 1046 1449 1104 honore
1497 1051 1786 1124 insignitus

184 1119 251 1173 ab
277 1119 565 1194 @iscopo,
595 1123 962 1199 indulgentius
1013 1144 1137 1187 cum
1169 1132 1260 1189 illo
1309 1147 1528 1208 agente,
1576 1119 1785 1198 etiamsi

180 1208 353 1265 clerus
385 1214 686 1280 universus,
733 1217 988 1291 multique
1027 1238 1092 1276 ea:
1126 1223 1319 1295 papula
1366 1228 1779 1301 refragarentur,

178 1316 238 1355 eo
261 1303 410 1372 quod
433 1320 541 1359 non
565 1305 743 1361 liceret
795 1310 1090 1381 quempiam
1134 1329 1199 1369 ea;
1244 1316 1311 1370 iis
1341 1319 1454 1389 qui,
1487 1332 1702 1391 urgente
1731 1324 1782 1378 vi

183 1394 374 1461 morbi,
411 1396 471 1450 in
515 1398 706 1485 lec_tulo
731 1402 949 1471 perinde
997 1422 1059 1460 ac
1096 1406 1186 1463 ille
1226 1410 1428 1481 perfusi
1454 1413 1698 1485 fuissent,
1725 1419 1783 1473 in

156 1484 383 1557 clerum
413 1472 636 1546 assunii.
672 1491 976 1552 Confirmat
1012 1498 1129 1554 haec
1165 1472 1531 1562 Tertulliatius
1561 1508 1615 1563 in
1643 1472 1781 1567 libro

176 1576 489 1649 deJejunio
537 1583 799 1643 adversus
848 1588 1164 1661 Psychicos,
1210 1595 1322 1661 ubi,
1353 1595 1482 1654 licet
1528 1602 1780 1672 suggillet

175 1671 389 1739 praxim
461 1673 720 1732 Ecclesiae
778 1676 1055 1746 Romanae,
1122 1692 1363 1743 attamen
1413 1671 1658 1747 eamdem
1712 1695 1778 1749 il-

150 1764 400 1835 ,lustrat,
453 1772 766 1839 ostendens,
795 1771 1062 1844 jejunium
1108 1781 1431 1848 perductum
1482 1787 1552 1839 ad
1591 1787 1776 1845 horam

178 1874 371 1913 nouant
423 1876 533 1933 qua
576 1858 1186 1940 Dominus'exspiravit,
1215 1875 1528 1935 refectionis
1551 1883 1771 1938 modum

1860 750 1865 754 ,
1892 693 2086 748 sciebat
2112 694 2404 766 (quomodo
2429 702 2567 756 enim
2608 702 2742 759 illud
2772 710 2972 763 nescire
3001 714 3325 788 potuisset?)
3357 734 3476 787 ρνεα

1889 784 2123 854 sbgteros
2144 789 2354 859 quidem
2382 808 2494 847 esse
2519 803 2748 865 quatuor
2777 807 2826 852 et
2849 800 3237 873 quadraginta;
3280 784 3475 878 septem

1889 888 2065 934 autem
2108 881 2358 939 diaconos
2407 888 2721 961 totidemque
2752 892 3100 951 subdiaconus
3142 912 3163 952 :
3203 899 3475 971 acolythus

1887 968 2019 1023 duos
2040 980 2092 1025 et
2118 974 2490 1045 quadraginta,
2514 981 2800 1037 exorcistas
2837 994 2885 1037 et
2924 985 3139 1043 lectores
3162 1005 3280 1045 cum
3307 968 3475 1049 ostia-

1889 1061 1981 1114 riis
1999 1062 2376 1136 quinquaginta
2400 1069 2554 1124 duos.
2580 1072 2637 1126 ln
2662 1072 2782 1128 Vita
2813 1073 3006 1148 Hygini
3033 1079 3109 1136 ita
3137 1083 3476 1153 reperiemus

1884 1154 2241 1223 perscriptum
2273 1171 2288 1209 :
2328 1157 2431 1213 Hic
2460 1160 2655 1215 clerum
2695 1168 2982 1236 composuit
3022 1180 3068 1224 et
3111 1172 3374 1229 distribuit
3416 1178 3475 1232 in

1883 1245 2101 1314 gradus.
2163 1246 2382 1319 Septem
2432 1253 2782 1313 diaconorum
2839 1277 3122 1319 numerum
3162 1267 3473 1340 assignasse

1884 1336 2119 1393 traditur
2139 1338 2438 1400 Evaristus.
2470 1345 2840 1408 Subdiaconos
2870 1355 3091 1412 totidem
3120 1357 3209 1413 hic
3244 1336 3473 1431 legimus

1884 1430 2160 1490 institutos
2181 1450 2211 1489 a
2240 1437 2488 1507 proximo
2509 1440 2744 1500 Cornelii
2772 1444 3060 1505 decessore
3087 1430 3348 1508 Fabiano.
3377 1453 3476 1511 Or-

1883 1521 2213 1581 dinationem
2264 1525 2582 1585 clericorum
2638 1545 2905 1603 praesente
2955 1539 3101 1595 clero
3162 1552 3219 1598 et
3274 1544 3472 1615 populo

1880 1612 2259 1673 celebrandam
2297 1619 2583 1679 didicimus
2612 1623 2665 1679 in
2697 1626 3020 1700 Zepbyrino.
3050 1633 3230 1701 Quare
3275 1612 3473 1694 merito

1880 1705 2163 1766 Cornelius
2208 1712 2457 1785 miratur,
2511 1734 2541 1774 a
2587 1718 2797 1779 Novato
2837 1729 3161 1800 presbytero
3214 1732 3471 1793 Ecclesiae

1879 1798 2159 1871 Romana),
2187 1804 2410 1880 ejusque
2435 1813 2803 1886 episcopatum
2831 1798 3120 1895 ambiente,
3148 1841 3254 1881 non
3298 1814 3471 1885 teneri

1879 1908 2166 1952 numerum
2197 1901 2591 1960 ordinatorum.
2617 1906 2730 1964 lmo
2772 1908 3071 1983 interrogat
3098 1916 3190 1985 qui
3220 1915 3336 1973 ﬁeri
3374 1936 3471 1991 po-

2208 1952 2247 1955 γέ
2270 1952 2591 1960 ,η-----,-,...--
2617 1952 2728 1964 -.ην
2772 1952 2901 1966 ι-ιιυι
2919 1952 2976 1966 nu
3016 1952 3071 1968 (II
3137 1952 3190 1971 ul
3221 1952 3335 1973 IICII
3428 1952 3469 1975 1·

177 1956 301 2004 tunc
319 1952 663 2052 permisisse.
712 1954 889 2059 Quare
916 1958 1042 2029 jure
1087 1962 1271 2035 culpat
1311 1965 1596 2027 Cornelius
1633 1988 1772 2044 papa
1801 1971 1849 2032 B
1879 1984 2045 2039 tuerit
2076 1993 2271 2043 utrem
2302 1991 2438 2046 adeo
2460 2001 2643 2049 notam
2668 1995 2816 2053 solus
2841 1952 3135 2070 ignorare:
3164 2002 3323 2060 Certe
3344 1952 3469 2062 cii‘m

175 2051 264 2094 eos
288 2040 586 2114 episcopos
614 2061 723 2103 non
744 2043 986 2119 jejunus,
1014 2053 1108 2106 sed
1137 2055 1356 2126 crapula
1404 2040 1772 2132 vinoque—dis-

174 2139 338 2187 tentos
376 2135 517 2191 hora
545 2135 751 2192 decima
792 2156 985 2198 manus
1018 2142 1416 2217 impositionem
1441 2155 1770 2211 exercuisse.

174 2219 402 2281 Demum
447 2226 507 2283 in
549 2227 789 2287 Elencho
839 2232 1163 2293 delictorum
1222 2239 1439 2309 Novati,
1467 2245 1596 2299 dum
1641 2246 1774 2302 illud

173 2314 560 2382 gravissimum
584 2321 849 2377 recitatur
891 2326 961 2382 de
1008 2328 1276 2403 sacrilego
1316 2330 1653 2403 iuramento,
1704 2338 1773 2395 ab

170 2404 468 2467 iisexacto
511 2412 712 2482 quibus
740 2414 1079 2473 Dominicum
1127 2436 1326 2491 corpus
1376 2423 1768 2496 impertiretnr,

171 2500 397 2556 resultat
472 2504 752 2560 contraria
807 2505 1124 2579 disciplina,
1177 2510 1469 2586 Zepltyrini
1535 2517 1773 2575 decretis

169 2593 479 2665 proscripta
534 2596 639 2652 hoc
688 2596 743 2653 in
797 2595 962 2654 Libro
1017 2599 1338 2658 Pontiﬁcali.
1390 2604 1535 2661 Fecit
1574 2609 1770 2679 (inquit

170 2692 358 2742 auctor
384 2687 444 2742 ln
478 2684 603 2743 Vita
624 2688 936 2764 Zephyriui)
967 2695 1304 2750 constitutum
1329 2697 1393 2751 de
1423 2698 1680 2766 Ecclesia,
1713 2712 1770 2759 ut

166 2786 386 2846 paternas
409 2778 606 2833 vitreas
646 2791 767 2835 ante
795 2783 1091 2839 sacerdotes
1132 2786 1188 2839 in
1223 2786 1496 2843 ecclesiam
1540 2792 1769 2847 ministri

167 2877 460 2936 portarent,
498 2868 662 2924 donec
694 2872 965 2944 episcopus
993 2875 1180 2931 missas
1220 2877 1524 2946 celebraret,
1566 2891 1687 2936 ante
1712 2898 1769 2938 se

169 2961 534 3016 sacerdotibus
562 2964 877 3031 astantibus,
928 2976 978 3021 et
1022 2968 1098 3021 sic
1143 2969 1315 3024 missa:
1343 2970 1766 3029 celebrarentur:

167 3331 435 3401 presbyter
467 3331 781 3387 tradendam
802 3333 1014 3405 populo.
1049 3335 1175 3391 Hazc
1204 3338 1485 3409 disciplina
1530 3340 1709 3397 fuerat
1731 3358 1763 3399 a
1792 3339 1836 3402 C

168 3417 482 3493 Zephyrino
505 3422 825 3479 constituta.
875 3423 1014 3492 Quid
1048 3435 1236 3482 contra
1274 3446 1393 3485 eam
1439 3432 1658 3488 molitus
1692 3433 1763 3489 sit

168 3505 409 3567 Novatus
469 3525 538 3567 ex
585 3511 823 3570 Cornelii
883 3531 1034 3587 papae
1079 3518 1306 3589 epistola
1361 3524 1756 3592 cognoscimus.

169 3598 475 3670 Oblatione,
510 3603 707 3675 inquit,
743 3606 910 3677 facta,
932 3610 1222 3680 portionem
1251 3613 1472 3683 singulis
1501 3616 1757 3684 dividens,

165 3694 286 3749 dum
313 3712 437 3751 eam
470 3698 653 3764 tradit,
696 3701 913 3756 miseros
948 3702 1181 3758 homines
1232 3705 1600 3762 benedictionis
1644 3708 1757 3765 loco

158 3783 347 3853 furare
367 3787 530 3858 cogit,
566 3805 754 3845 manus
788 3792 924 3862 ejus,
966 3793 1056 3863 qui
1099 3795 1391 3863 portionem
1431 3798 1618 3867 accipit
1648 3816 1759 3853 am-

166 3874 327 3931 babus
354 3879 469 3932 suis
494 3879 735 3936 manibus
778 3884 1176 3954 comprehensas
1198 3890 1443 3954 retinens,
1477 3905 1569 3943 nec
1610 3890 1757 3961 prius

164 3967 435 4026 dimittens
462 3990 623 4044 quam
641 3975 816 4045 jurati
863 3977 965 4032 ista
998 3978 1229 4034 dixerint
1250 3994 1269 4033 .'
1298 3981 1427 4052 ipsis
1450 3986 1587 4037 enim
1636 3984 1773 4040 utar

164 4061 307 4117 illius
339 4064 506 4120 verbis
553 4080 573 4119 :
611 4065 748 4122 Iura
804 4070 934 4123 mihi
973 4088 1065 4142 per
1100 4088 1307 4145 corpus,
1361 4083 1408 4129 et
1449 4077 1758 4147 sanguinem

162 4152 380 4209 Domini
406 4159 571 4213 nostri
609 4157 739 4214 Jesu
766 4157 984 4229 Christi,
1012 4173 1060 4219 te
1100 4180 1367 4237 nunquam
1397 4184 1539 4223 meas
1581 4179 1756 4239 partes

161 4245 516 4315 deserturum,
562 4266 655 4304 nec
690 4252 759 4305 ad
793 4249 1094 4308 Cornelium
1133 4272 1243 4311 esse
1283 4257 1627 4312 redditurum.
1668 4258 1758 4314 Ita

162 4340 325 4394 miser
348 4340 440 4395 ille
470 4360 575 4397 non
602 4345 747 4415 prius
792 4357 1003 4417 gustare
1031 4350 1242 4416 sinitur,
1289 4368 1448 4423 quant
1500 4353 1598 4408 sibi
1647 4353 1756 4424 ipse

159 4431 364 4486 malum
390 4435 706 4505 imprecatus
738 4439 824 4493 sit.
855 4437 925 4494 Et
956 4457 1075 4496 cum
1104 4459 1290 4513 panem
1319 4443 1467 4498 illum
1497 4446 1755 4516 accipiens

157 4520 335 4577 dicere
360 4524 620 4581 debuisset
647 4530 829 4594 Amen,
873 4532 986 4601 ejus
1015 4531 1128 4587 loco
1163 4534 1287 4588 dicit
1318 4547 1337 4587 :
1374 4533 1497 4590 Non
1528 4546 1756 4591 revertar

157 4612 400 4685 deinceps
425 4618 495 4670 ad
519 4615 837 4673 Cornelium.

1877 2076 2129 2133 ordinum
2154 2081 2583 2140 exercendorum
2627 2095 2869 2158 tempora
2899 2100 3086 2148 essent
3109 2109 3208 2165 per
3256 2097 3471 2169 regulas

1876 2165 2117 2235 definita,
2145 2184 2268 2226 cum
2297 2170 2544 2232 formata:
2564 2176 2887 2236 abeuntibus
2906 2182 2977 2238 ab
3000 2185 3254 2257 episcopo
3278 2165 3469 2244 dandas

1877 2258 2075 2327 forent,
2107 2266 2343 2333 oportuit
2372 2267 2636 2327 indiculos
2661 2281 2717 2327 et
2748 2273 3004 2348 diptycha
3032 2280 3277 2337 omnium
3309 2280 3470 2339 cleri-

1875 2365 2081 2439 corum.
2110 2370 2405 2427 eorumque
2444 2362 2801 2422 ordinationis
2848 2369 3109 2439 epocham
3137 2373 3206 2428 ab
3234 2374 3466 2431 admini-

1873 2446 2004 2501 stris
2046 2428 2361 2517 pontitlcum
2392 2462 2447 2510 et
2494 2459 2721 2515 notariis
2754 2428 3017 2519 Romanas
3058 2464 3314 2523 Ecclesia
3346 2468 3469 2525 dili-

1872 2547 2060 2609 genter
2084 2545 2349 2601 conscribi
2380 2555 2436 2602 et
2462 2552 2754 2607 asservari.
2793 2552 2974 2621 Quare
2998 2556 3282 2627 scripturis
3313 2559 3466 2617 Vitas

1869 2631 2190 2702 pontificum
2247 2639 2436 2695 deesse
2485 2642 2705 2699 minime
2752 2655 3008 2716 poterant
3072 2649 3188 2707 haec
3247 2652 3466 2722 publica

1872 2725 2193 2784 documenta
2218 2745 2286 2786 ex
2311 2735 2547 2791 archivis
2572 2736 2829 2795 Ecclesiae
2871 2741 2939 2797 ad
2978 2757 3109 2799 usus
3146 2742 3464 2816 frequentes

1870 2816 2168 2876 identidem
2197 2826 2564 2894 producenda.

1941 2911 2388 2975 Ordinationibus
2440 2921 2764 2980 clericorum
2812 2924 2987 2983 alllnis
3053 2937 3138 2987 est
3199 2931 3463 2989 memoria

1868 3008 2343 3066 consecrationum
2389 3011 2548 3081 tituli,
2582 3013 2768 3083 fontis,
2804 3018 3013 3087 altaris,
3044 3031 3101 3077 et
3129 3023 3333 3081 oblatio
3360 3027 3460 3083 do-

1869 3296 2173 3344 mentorum
2220 3292 2374 3362 copia
2422 3304 2611 3364 parata
2671 3307 2815 3353 esset
2871 3301 3021 3373 operi
3070 3301 3455 3371 Anastasiano,

1867 3377 1976 3434 illis
2022 3383 2322 3450 prasertim
2371 3386 2621 3459 aetatibus
2674 3390 2869 3461 quibus
2933 3391 3176 3467 Catalogi
3218 3406 3275 3452 et
3319 3398 3458 3455 Vitta

1867 3475 2372 3534 conscribebantur.
2402 3479 2660 3538 Fidenter
2682 3484 2856 3540 dicam
2885 3501 2993 3541 non
3024 3490 3183 3546 modo
3206 3490 3262 3545 in
3286 3507 3458 3548 mem-

1865 3566 2051 3624 branis
2093 3577 2149 3624 et
2187 3570 2413 3644 pbyliris
2460 3575 2690 3641 archivi,
2728 3578 2821 3633 sed
2871 3580 3035 3635 etiam
3072 3581 3127 3636 in
3169 3585 3458 3640 marmori-

1862 3659 1984 3729 bus,
2029 3663 2263 3720 metallis
2320 3674 2377 3721 et
2444 3671 2779 3726 ornamentis
2830 3670 3089 3729 Ecclesiae
3137 3674 3455 3745 quamplura

1863 3756 2217 3828 superfuisse.

1934 3851 2410 3912 Consecratiouem
2431 3856 2570 3914 tituli
2594 3868 2787 3930 quarto
2802 3860 2997 3917 saeculo
3013 3862 3238 3920 incisam
3256 3862 3454 3921 tabulas

1862 3957 2183 4002 marmorete
2198 3963 2296 4018 per
2314 3956 2565 4006 sanctum
2589 3951 2878 4010 Damasum
2896 3956 3142 4012 videmus
3161 3958 3336 4013 adhuc
3358 3973 3452 4013 sn-

1860 4037 2143 4106 perstitem
2172 4039 2315 4095 inter
2335 4042 2624 4111 praeclaras
2650 4044 2770 4100 illas
2799 4047 3177 4117 inscriptiones
3205 4064 3233 4103 a
3263 4048 3452 4105 Fulvio

1863 4126 2065 4188 Ursino
2104 4133 2234 4188 olim
2284 4134 2572 4201 collectas,
2613 4148 2737 4208 post
2782 4137 2899 4208 ejus
2950 4155 3078 4195 vero
3132 4141 3339 4196 obitum
3382 4143 3452 4197 ab

1862 4224 2081 4281 interitu
2115 4226 2413 4284 vindicatas
2451 4228 2775 4286 liberalitate
2821 4230 3113 4288 Alexandri
3156 4234 3453 4290 cardinalis

1857 4315 2102 4373 Farnesii
2136 4335 2149 4372 :
2184 4335 2320 4390 quas
2356 4319 2458 4376 iste
2502 4320 2556 4376 in
2604 4321 2806 4393 palatio
2855 4324 3217 4381 serenissima:
3257 4327 3451 4382 donius

1859 4425 1970 4466 suae
1997 4412 2063 4466 ad
2099 4412 2361 4484 Campum
2394 4412 2568 4470 Flora:
2609 4416 2878 4473 tutissimo
2928 4417 3046 4475 loco
3075 4419 3364 4490 repositas,
3393 4428 3451 4478 et

1857 4502 2052 4559 ferreis
2078 4505 2316 4562 verubus
2342 4516 2522 4578 septas
2546 4518 2887 4579 posterorum
2914 4525 3062 4567 cura:
3086 4513 3449 4584 disponendas

1857 4598 2095 4668 reliquit.
2124 4598 2271 4665 illas,
2298 4600 2425 4655 dum
2454 4602 2569 4657 hinc
2599 4604 2796 4669 scribo,
2829 4606 3215 4660 serenissimus
3237 4605 3448 4661 Parmae

225 4705 319 4760 55.
372 4705 567 4761 Mirum
624 4708 769 4764 diem
819 4720 905 4767 es,
949 4720 1081 4782 quo,
1126 4712 1464 4772 ﬁrmamenta
1514 4715 1754 4776 historia,
1778 4690 2227 4771 DetPlacentite
2272 4694 2378 4748 dux
2422 4693 2767 4761 Franciscus,
2816 4697 3011 4752 vindex
3064 4699 3221 4752 avitae
3260 4697 3446 4768 gloriae

152 4796 487 4866 pontiﬁcalis
516 4797 737 4868 hujusce
762 4800 909 4857 Libri
943 4804 1320 4860 contineantur
1350 4807 1403 4861 in
1432 4806 1581 4862 brevi
1606 4808 1751 4881 frag-

154 4899 342 4945 mento
382 4891 545 4947 unius
591 4906 660 4948 ex
704 4894 947 4964 epistolis
993 4895 1051 4951 S.
1105 4896 1340 4954 Cornelii
1385 4914 1555 4971 papre,
1596 4902 1751 4959 nobis

154 4992 492 5049 praeservato
536 4999 634 5055 per
680 4985 989 5043 Eusebium.
1044 4989 1186 5057 Quot
1236 4991 1398 5062 igitur
1443 4994 1750 5064 adjumenta

155 5083 481 5144 supererant
531 5078 759 5134 notariis
818 5079 1073 5136 Ecclesia:
1131 5082 1386 5138 llon'tanac
1455 5085 1751 5155 aequalibus

155 5161 414 5229 Eusebio,
459 5167 588 5221 dum
618 5168 935 5242 colligerent
962 5173 1097 5228 Acta
1129 5173 1388 5244 Vitasque
1427 5175 1742 5246 pontificum

154 5272 221 5312 ex
249 5256 531 5313 tabulariis
551 5259 808 5318 Ecclesiae
836 5264 1171 5336 singulorum
1215 5269 1476 5338 rescripta
1516 5283 1743 5324 servan-

155 5349 334 5404 tibus?
363 5347 555 5405 Liceat
580 5364 746 5405 unnm
795 5352 975 5408 adhuc
1017 5358 1361 5413 observatum
1392 5368 1640 5430 repetere
1677 5375 1743 5416 ex

153 5442 345 5498 eodem
388 5442 693 5514 fragmento
738 5445 979 5515 epistolas
1011 5448 1365 5516 Cornelianee,
1407 5455 1551 5522 quod
1595 5455 1740 5509 miri-

152 5534 256 5590 tice
281 5535 579 5591 illustrabit
603 5535 925 5594 documenta
952 5540 1289 5597 decretorum
1324 5544 1483 5599 simul
1510 5554 1563 5601 et
1594 5546 1742 5601 ordi-

154 5626 433 5683 nationum
482 5628 538 5684 in
584 5630 790 5688 eisdem
843 5631 977 5692 Vitis
1021 5636 1097 5692 ita
1144 5638 1431 5711 diligenter
1473 5657 1738 5699 memora«

155 5727 332 5776 tarum
358 5737 372 5775 :
1152 5794 1155 5799 .
1238 5734 1241 5737 ’

226 5813 306 5869 De
326 5814 519 5873 Novati
552 5816 871 5890 stupiditate
904 5818 980 5875 ita
1021 5820 1212 5879 scribit
1232 5820 1512 5881 Cornelius
1560 5839 1695 5898 papa
1726 5840 1740 5885 :

156 5901 301 5975 Ergo
330 5906 418 5962 ille
453 5908 727 5982 Evangelii
750 5911 1237 5986 vindexﬁgnorabat
1257 5933 1419 5974 unum
1445 5919 1739 5991 episcopum

600 6003 872 6064 PATROL.
919 6006 1210 6068 CXXVII

1856 4783 2104 4853 bonoque
2126 4782 2456 4854 Reipublicae
2481 4794 2537 4840 et
2556 4785 2861 4841 litterarum
2896 4788 3229 4843 incremento
3257 4800 3440 4854 natus,

1853 4889 1953 4944 pro
2004 4875 2263 4947 singulari
2319 4877 2497 4933 studio
2552 4895 2661 4949 quo
2732 4880 2999 4935 eruditam
3060 4882 3439 4952 antiquitatem

1853 4968 2218 5037 prosequitur,
2256 4969 2399 5025 fovet
2436 4987 2503 5026 ac
2544 4974 2796 5042 protegit,
2849 4974 2901 5027 in
2954 4974 3193 5043 ejusdem
3240 4975 3441 5046 palatio

1852 5057 1973 5114 loco
1995 5059 2275 5117 illustriori
2305 5062 2443 5135 abigi
2470 5065 2819 5135 omniumque
2839 5066 3011 5122 oculis
3037 5069 3262 5139 proponi
3290 5085 3442 5123 man-

1854 5152 2020 5207 davit.
2060 5152 2282 5210 Tabella
2333 5172 2494 5226 quam
2556 5173 2800 5213 memoro
2845 5159 3164 5216 brevissima
3214 5168 3329 5227 est,
3380 5172 3441 5217 ut

1853 5244 2009 5300 titulo
2037 5245 2198 5314 plane
2238 5249 2584 5318 respondeat,
2615 5266 2680 5305 ex
2712 5267 3018 5309 marmorea
3068 5262 3246 5310 crusta
3277 5256 3440 5310 semi-

1851 5337 2077 5405 palmari
2116 5347 2171 5393 et
2197 5340 2343 5396 hisce
2373 5340 2568 5397 litteris
2588 5343 2856 5415 insculpta

2136 5480 2286 5572 t-J-
2741 5488 3017 5572 (IAM?!

2150 5549 2256 5606 VS.
2310 5551 2448 5608 VRB
2484 5554 2696 5611 ROME
2732 5549 2874 5614 Ε’μὸ
2912 5559 3010 5614 ΛΝ

2135 5622 2176 5677 c
2215 5622 2428 5693 aouv
2468 5625 2889 5685 cosecnaw

2138 5732 2153 5748 .
2234 5733 2248 5748 .
2285 5693 2360 5750 Ν.
2405 5695 2466 5752 R.
2505 5698 2571 5765 ρ.
2613 5700 2673 5755 S.
2716 5699 2795 5755 Μ.
2838 5700 2902 5757 S.
2940 5699 3056 5758 PA.
3099 5703 3267 5760 S.PE

1851 5841 2080 5898 quarum
2121 5831 2387 5885 sententia
2425 5831 2550 5887 talis
2590 5832 2806 5888 videtur
2844 5850 2857 5888 :
2892 5833 3097 5891 Titulus
3138 5837 3192 5891 in
3239 5835 3436 5893 Christi

1853 5921 2076 5978 nomine.
2103 5919 2219 5995 Ego
2247 5922 2528 5980 Damasius
2557 5923 2653 5995 (ita
2673 5926 2818 5983 enim
2838 5929 3144 5996 promiscue
3170 5929 3430 5998 scriptum

3000 6022 3039 6080 3
