4010 6302
553 530 628 592 75
1278 520 1371 579 AD
1409 510 1848 578 ANASTASIUM
1889 492 2174 564 PROLE‘Gi

2275 497 2401 555 ENA
2442 490 2621 551 EDIT.
2658 481 3061 546 BNL-VATIC

2237 612 2551 670 collectores
2570 604 2790 661 Bituum
2811 609 3110 659 sacrorum,
3133 600 3189 647 et
3203 587 3471 662 praecipue
3490 585 3634 642 adm.
3659 584 3725 639 Β.
3752 583 3816 639 1).

554 648 868 706 Damasium
909 653 966 701 et
1002 644 1289 697 Damasum
1334 633 1547 706 reperio
1589 632 1641 685 in
1678 623 1915 695 antiquis
1961 617 2133 676 moni-
2158 621 2211 683 Α

588 674 868 706 "summum
909 674 966 701 ῦι
1003 674 1289 697 ualuas;qu
1336 674 1547 706 ινγυιιν
1589 674 1641 685 ι..
1678 674 1911 695 ...ηπ-ι---
1965 674 1977 676 ν
2032 674 2037 675 ,
2158 674 2211 683 __

578 714 602 733 ί
700 744 732 760 --
773 753 782 760 -
828 739 964 760 Δηςιε.
1020 734 1191 760 nn“.
1236 731 1498 760 -..:.........
1550 725 1682 760 ιηηρ
1716 720 1927 760 domum
1968 727 2140 760 nome-
2239 698 2554 760 Edmundus
2579 695 2821 751 Martene
2859 697 3006 745 tomo
3045 683 3209 741 tertio
3247 678 3585 737 celeberrimi
3622 674 3821 747 Operis

569 720 785 813 mentis)
824 739 966 795 urbis
1010 734 1191 791 Romae
1231 731 1498 804 episcopus
1547 725 1682 779 hanc
1716 720 1927 774 domum
1968 727 2140 767 come-

570 836 729 893 cravi.
761 828 1031 905 Siglarum
1078 823 1420 896 sequentium
1452 824 1669 875 sensum
1710 818 1818 866 non
1861 816 2139 874 assequar,

3747 470 3839 527 76.

2244 799 2311 853 de
2337 792 2587 864 Antiquis
2609 785 2867 845 Ecclesiae
2897 781 3134 844 Ritibus,
3162 776 3256 833 lib.
3273 791 3335 841 ιι,
3361 787 3480 843 cap.
3498 770 3590 837 12,
3621 780 3737 825 tum
3768 768 3823 822 in

571 858 729 893 cram.
763 858 818 889 Ol
861 858 1031 885 lill‘lllll
1078 858 1136 883 DC
1180 858 1420 880 uvuuusu
1452 858 1669 875 συιιυυ...
1714 858 1817 866 .-νη
1864 858 1971 861 -.-η
2000 858 2015 874 ι
2126 858 2137 867 ,
2484 858 2500 864 _

571 928 677 986 nisi
706 858 855 983 forti:5
870 858 1261 995 postrema‘rium
1287 910 1450 971 S.PA
1478 911 1537 967 S.
1565 907 1673 965 PE.
1702 917 1837 976 quas
1854 898 1912 957 S.
1941 894 2145 951 Paulus
2244 888 2489 949 Oriente,
2546 892 2661 937 tum
2715 880 2767 934 in
2818 872 3132 938 Occidente,
3172 878 3237 924 ex
3279 871 3439 923 mtate
3484 858 3825 995 Continui

1892 992 1923 995 ’—
2247 979 2297 995 “¹
2348 994 2351 995 ⁷
2408 977 2420 995 ⁹
2454 973 2513 995 *³
2550 978 2936 995 ⁴“*”Α”·“-“·-¹Λι·
2970 963 3022 995 in
3056 975 3205 995 πιέειν-Δ
3233 958 3466 995 nncilnm
3516 961 3576 995 ιιι
3673 992 3680 995 Α
3722 951 3825 995 ’Μ-

574 1022 634 1079 S.
666 1016 875 1083 Petrus,
895 1014 1059 1073 veluti
1081 1008 1412 1084 signaculum
1438 1002 1597 1073 hujus
1622 996 1874 1056 Ecclesiae

571 1111 872 1183 proprium,
900 1117 955 1163 et
981 1120 1011 1160 a
1038 1098 1441 1161 successoribus
1479 1089 1803 1150 cnstoditum
1837 1084 1893 1139 in
1921 1077 2151 1153 publicis

578 1170 915 1259 documentis
957 1197 1296 1253 decretorum
1340 1194 1396 1243 et
1440 1183 1763 1243 litterarum,
1804 1170 2153 1246 exponendas

576 1310 695 1353 esse
729 1291 958 1349 libenter
1002 1285 1235 1344 credam.
1265 1280 1324 1337 In
1360 1290 1548 1334 aversa
1592 1278 1744 1343 parte
1779 1262 2019 1336 ejusdem
2066 1264 2154 1353 ta-

574 1386 731 1444 bella:
759 1384 1012 1457 leguntur
1053 1376 1269 1434 nomina
1300 1376 1609 1429 sanctorum
1643 1373 1869 1436 quorum
1916 1350 2158 1425 reiiquize

577 1481 677 1537 sub
704 1494 769 1534 eo
792 1446 1066 1548 signaculo
1095 1469 1235 1526 tituli
1275 1481 1338 1522 ac
1365 1457 1721 1548 dedicationis
1763 1446 2158 1509 concludeban-

578 1582 683 1636 tur,
726 1569 833 1625 ritu
844 1542 925 1622 'ad
953 1572 1139 1620 nostra
1165 1560 1328 1616 etiam
1354 1566 1594 1624 tempora
1619 1542 1860 1605 derivata
1891 1559 1906 1597 :

864 1719 951 1773 tuo
988 1731 1044 1769 re
1080 1682 1715 1778 onuscrreaetir

866 1786 979 1845 se!
1020 1772 1557 1845 CRESCENTINI.
1580 1772 1645 1845 at

870 1837 971 1912 E'r'
999 1837 1381 1917 RELIQVIE.
1424 1845 1486 1904 s.
1528 1842 1672 1963 svi;
1698 1837 1850 1896 ANT

1890 951 2149 1048 ficulneae
2247 977 2425 1051 Magni
2450 973 2516 1030 ad
2544 978 2939 1045 consequentes
2970 963 3023 1020 in
3056 975 3205 1017 more
3233 958 3491 1030 positum,
3516 961 3577 1008 ut
3612 951 3829 1009 dedica-

2250 1045 2425 1130 tiones
2463 1066 2814 1125 ecclesiarum
2857 1066 2911 1115 ct
2967 1054 3218 1112 altarium
3267 1049 3586 1123 plerumque
3640 1045 3836 1099 tierent

2252 1166 2308 1221 iu
2339 1169 2608 1220 conventu
2648 1157 3048 1229 episcoporum,
3074 1148 3165 1221 qui
3194 1160 3258 1201 ea
3307 1145 3372 1200 de
3399 1154 3568 1199 causa
3612 1138 3836 1195 invitari

2256 1261 2670 1315 consueverant.
2693 1250 2995 1319 Supersunt
3020 1242 3314 1301 etiamnum
3345 1239 3401 1294 in
3442 1234 3593 1292 Actis
3620 1232 3836 1290 concilii

2255 1346 2535 1423 Tyriensis
2563 1344 2701 1416 apud
2720 1338 3009 1398 Eusebium
3037 1334 3130 1390 lib.
3158 1348 3212 1388 tv
3229 1331 3296 1393 de
3324 1327 3448 1385 Vita
3473 1323 3840 1388 Constantini,

2260 1419 2389 1521 cap.
2417 1440 2507 1509 4'5,
2545 1428 3149 1505 Constantinopolitani,
3179 1424 3275 1484 lib.
3307 1438 3368 1494 tt,
3394 1438 3530 1494 .cap.
3575 1421 3666 1488 59,
3700 1419 3844 1491 apud

2258 1510 2574 1600 Socratem;
2621 1522 2938 1585 Arausicani
2986 1537 3129 1579 anno
3176 1519 3301 1586 411,
3341 1530 3461 1589 cap.
3515 1514 3613 1583 i0;
3658 1510 3847 1568 Arela-

2265 1627 2434 1685 tensis
2459 1636 2521 1691 ιι,
2547 1637 2596 1679 c.
2620 1620 2711 1687 37,
2737 1627 2793 1677 et
2821 1618 2875 1673 in
2903 1613 3142 1688 epistolis
3158 1612 3222 1668 Β.
3248 1605 3540 1673 Ambrosii,
3568 1600 3729 1678 epist.
3750 1601 3844 1671 22,

2265 1719 2334 1776 ad
2388 1710 2775 1778 Marcellinum,
2820 1706 3046 1778 aliisque
3094 1700 3479 1775 compluribus,
3523 1697 3848 1754 documenta

2269 1808 2374 1865 diei
2402 1805 2469 1862 ad
2517 1802 2871 1860 dedicandum
2923 1796 3143 1854 delectae
3172 1811 3187 1849 :
3218 1795 3293 1850 ita
3334 1800 3398 1849 ut
3431 1790 3582 1847 Actis
3620 1800 3730 1845 non
3763 1801 3852 1843 so-

2269 1904 2380 1960 lum
2402 1900 2652 1975 publicis,
2680 1897 2774 1955 sed
2806 1892 2968 1953 etiam
3006 1884 3356 1965 "synodalibth
3382 1889 3602 1944 insertae
3628 1876 3851 1939 dedica-

591 2017 712 2074 Uua
739 2022 862 2069 cum
896 2005 1052 2064 titulo
1072 2006 1150 2060 ita
1188 2000 1456 2071 insculpto
1491 1997 1688 2052 visitur
1730 1992 1897 2047 facies
1931 1984 2170 2044 anterior

2275 1994 2481 2052 tionum
2506 1992 2726 2064 epochae
2774 1995 3082 2044 teneantur.
3114 1984 3253 2054 Quin
3278 1982 3441 2038 etiam
3488 1976 3745 2050 colligunt
3788 1989 3858 2031 ex

575 2103 910 2179 'sarcophagi
935 2097 1248 2159 Christiani,
1277 2096 1331 2151 in
1357 2107 1465 2163 quo
1500 2088 1827 2160 insculptum
1853 2091 1937 2140 est
1973 2091 2163 2137 mono-

584 2208 832 2269 gramma
860 2192 1096 2257 nominis
1122 2187 1326 2245 Christi
1354 2183 1567 2240 Domini
1594 2181 1737 2235 intra
1759 2188 2020 2233 coronam
2042 2183 2169 2227 cum

587 2261 892 2351 lemniscis,
906 2296 1059 2339 more
1070 2277 1271 2334 familia
1280 2275 1324 2329 ri
1347 2272 1524 2329 aetatis
1547 2269 1691 2327 beati
1708 2265 1943 2323 Damasi.
1958 2261 2075 2317 Non
2086 2266 2172 2316 est

592 2377 870 2437 dissimilis
891 2378 1059 2448 figura
1078 2382 1172 2427 aut
1194 2368 1561 2441 magnitudine
1589 2361 1744 2418 alteri
1769 2357 1985 2423 tabulae,
2007 2369 2172 2428 quam

590 2468 749 2528 card}
780 2446 1104 2525 Franciscus
1130 2462 1458 2518 Barbcrinus
1483 2458 1538 2513 s.
1574 2457 1637 2511 ιι.
1662 2454 1726 2510 E.
1759 2446 2173 2507 vice-cancella-

595 2563 709 2617 rius
738 2560 792 2615 in
818 2572 917 2614 ara
941 2557 1177 2614 maxima
1203 2552 1341 2609 tituli
1371 2551 1452 2607 sui
1479 2549 1538 2604 S.
1565 2543 1843 2603 Laurentii
1867 2543 1922 2597 in
1944 2541 2176 2596 Damaso

590 2667 664 2710 ex
691 2664 963 2707 marmore
998 2648 1261 2705 nobiliore
1296 2641 1595 2707 substituit,
1634 2648 1895 2701 veterem,
1922 2642 1983 2688 ut
2026 2631 2171 2686 arbi-

598 2755 734 2811 tror,
766 2744 956 2799 altaris
1000 2741 1235 2796 frontem
1266 2738 1506 2791 imitatus
1538 2747 1553 2786 :
1578 2746 1698 2803 qua
1723 2731 1777 2785 in
1805 2727 1947 2784 aedes
1976 2725 2179 2780 Fame-

599 2841 780 2896 sianas
834 2834 1096 2890 translata
1159 2831 1391 2886 fortasse
1438 2826 1573 2892 fuit,
1624 2822 1839 2895 quando
1888 2816 2181 2876 cardiualis

599 2931 895 2989 Farnesius
918 2927 1131 2984 titulum
1164 2924 1412 2982 eumdem
1440 2928 1499 2975 et
1527 2932 1677 2974 aram
1697 2915 1988 2972 maximam
2017 2911 2182 2967 variis

598 3019 937 3079 ornamentis
961 3015 1257 3080 decoravit,
1283 3022 1346 3068 ut
1365 3010 1634 3082 gentilitia
1669 3007 1906 3076 ejusdem
1950 3003 2181 3075 insignia

605 3122 874 3170 testantur
909 3112 961 3165 in
994 3108 1237 3179 iaqucari
1265 3112 1319 3161 et
1353 3102 1650 3175 parietibus
1672 3113 1805 3153 auro
1831 3105 1889 3151 et
1914 3094 2184 3152 coloribus

604 3217 855 3274 expressa
906 3215 1006 3270 per
1054 3196 1380 3252 Tbaddteum
1427 3192 1780 3256 Zuccberum,
1808 3204 1839 3242 a
1867 3202 1975 3259 quo
2019 3187 2185 3240 etiam

2273 2082 2498 2160 epistola
2516 2076 2552 2142 9
2577 2080 2775 2142 Geiasii
2799 2078 2981 2155 primi,
3022 2094 3142 2154 cap.
3174 2076 3207 2132 tl
3234 2085 3292 2133 et
3314 2072 3406 2143 25,
3434 2081 3490 2130 et
3512 2070 3574 2128 S.
3608 2064 3859 2160 Gregorii

2273 2158 2449 2250 liagni
2500 2174 2594 2231 lib.
2627 2189 2682 2242 v,
2722 2188 2808 2246 ep.
2851 2168 2946 2239 15,
2975 2166 3107 2227 adeo
3137 2164 3345 2225 celebre
3399 2160 3645 2227 habitum
3690 2158 3862 2217 fuisse

2273 2270 2637 2327 ministerium
2684 2262 2922 2322 ecclesia:
2962 2260 3290 2328 dedicandae,
3315 2268 3376 2315 ut
3402 2258 3456 2313 in
3481 2254 3633 2312 Italia
3665 2253 3720 2313 id
3750 2269 3862 2309 non

2273 2370 2666 2439 praesumerent
2695 2373 2949 2417 exercere
2985 2355 3221 2429 episcopi
3251 2349 3544 2410 dioecesani
3587 2350 3783 2425 quarto
3808 2355 3865 2401 et

2276 2458 2466 2530 quinto
2488 2455 2707 2522 saeculo,
2732 2454 2831 2509 nisi
2859 2453 3134 2523 impetrata
3160 2449 3306 2520 prius
3333 2463 3367 2501 α
3392 2459 3594 2501 summa
3618 2440 3867 2515 pontiﬁce

2276 2560 2547 2624 potestate.
2596 2547 2863 2605 Craterum
2912 2545 3075 2601 etiam
3132 2541 3190 2599 in
3231 2534 3526 2613 provinciis
3585 2543 3867 2606 receptum

2282 2649 2453 2705 fuisse
2478 2662 2683 2704 morem
2714 2642 2960 2718 signaudi
3008 2632 3268 2713 epocham
3299 2632 3542 2708 primarii
3578 2623 3777 2707 lapidis
3808 2628 3866 2684 in

2286 2739 2640 2795 fundamento
2668 2733 3017 2791 ecclesiarum
3051 2728 3302 2800 jaciendo
3328 2727 3485 2783 docet
3509 2739 3606 2781 nos
3629 2734 3872 2776 marmor

2284 2829 2616 2885 Massiliense
2661 2827 2864 2883 editum
2905 2842 2936 2880 a
2987 2821 3051 2879 V.
3098 2821 3161 2879 C.
3213 2816 3485 2891 Stephano
3532 2812 3755 2872 Baluzio
3805 2812 3874 2868 de

2286 2921 2656 2995 Scriptoribus
2678 2917 3070 2976 Ecclesiasticis
3092 2916 3145 2971 in
3166 2914 3373 2972 Comm.
3406 2913 3473 2968 ad
3499 2908 3867 2973 Lactantium,

2285 3023 2340 3069 et
2389 2992 2456 3068 ab
2505 3011 2802 3067 illustribus
2847 3007 3098 3064 Massiliae
3139 3003 3416 3062 historicis
3463 2992 3630 3057 Ruﬁis
3676 2994 3774 3053 lib.
3812 3012 3869 3062 ιι,

2284 3121 2341 3177 p.
2373 3102 2461 3171 46,
2494 3104 2550 3158 in
2579 3116 2686 3173 quo
2714 3099 2909 3172 legitur
2936 3098 3142 3170 jactum
3187 3094 3352 3150 fuisse
3397 3090 3713 3166 primarium
3742 3086 3878 3157 lapi-

2289 3175 2409 3252 dem
2430 3193 2572 3250 illius
2592 3192 2834 3249 ecclesia).
2861 3207 2891 3246 a
2913 3187 3280 3245 fundamentis
3304 3186 3570 3242 restituta:
3590 3175 3878 3238 consulatu

607 3266 762 3366 gesta
781 3266 993 3349 Vitae-et
1009 3286 1253 3359 martyrii
1273 3284 1417 3341 beati
1443 3280 1722 3337 Laurentii
1741 3278 2017 3349 eleganter
2039 3275 2174 3347 pingi

2290 3295 2441 3346 sexto
2469 3284 2830 3343 Valentiniani
2852 3278 3100 3354 Augusti,
3120 3280 3329 3338 scilicet
3352 3293 3492 3334 anno
3515 3266 3716 3332 Christi
3745 3270 3877 3338 H5,

607 3364 840 3445 curavit.
866 3384 1124 3442 Ecclesiae
1148 3382 1402 3437 Romanae
1426 3376 1576 3433 Libri
1601 3372 1847 3430 Rituales
1870 3381 1930 3427 et
1959 3369 2174 3427 Pontifi-

2292 3398 2391 3439 xm
2419 3379 2536 3436 Kal.
2562 3377 2876 3436 Decembris
2916 3391 3058 3432 anno
3085 3389 3237 3432 xvnu
3261 3372 3600 3445 episcopatus
3621 3364 3871 3431 Rustici;

607 3482 754 3538 cales
775 3495 842 3536 ex
869 3479 1091 3547 antiqua
1120 3469 1506 3531 consuetudine
1525 3466 1842 3541 praecipiunt
1870 3467 1925 3520 in
1947 3463 2174 3521 ecclesia

2297 3473 2388 3530 ubi
2418 3474 2579 3528 etiam
2605 3472 2991 3543 consignantur
3018 3468 3235 3525 nomina
3267 3462 3663 3537 episcoporum,
3700 3458 3883 3515 subsi«

610 3584 667 3629 ei
718 3571 906 3628 allatis
968 3568 1337 3630 dedicatione.
1396 3574 1455 3619 υῑ
1496 3561 1702 3634 θροοὶια
1759 3556 2189 3616 consecrationis
2300 3564 2387 3620 dia
2419 3562 2823 3633 corrogantium
2865 3561 2933 3616 ad
2974 3557 3431 3617 constructionem
3461 3553 3601 3611 sacri
3642 3548 3884 3615 aediﬁcii,

614 3666 818 3738 επίμο
838 3664 1151 3736 εοιιείειιθιει
1175 3666 1466 3731 reponam"
1486 3654 1864 3733 ωιητθιίφίίσ
1882 3659 2190 3708 Βωοιοηιιιι
2302 3663 2579 3711 numerata
2620 3668 2830 3710 summa
2880 3651 3173 3709 solidorum
3207 3664 3369 3720 quam
3416 3647 3643 3719 quisque
3680 3650 3880 3697 contu-

616 3759 684 3813 ad
706 3771 997 3828 perennem
1027 3754 1103 3810 rei
1129 3750 1445 3808 memoriam
1471 3750 1539 3804 ab
1564 3748 1818 3818 episcopo
1840 3750 2196 3801 consecrante
2304 3746 2462 3801 lerat.
2490 3744 2919 3817 Compendiariis
2942 3752 3122 3798 autem
3152 3740 3347 3797 litteris
3376 3739 3447 3794 ita
3490 3743 3752 3805 concepta
3776 3742 3886 3796 est,

617 3853 718 3909 sub
738 3865 931 3908 mensa
978 3847 1185 3903 altaris.
1224 3844 1529 3902 Observant
1559 3856 1773 3913 quoque
1806 3841 1883 3912 pii
1914 3848 1973 3897 et
2000 3838 2198 3894 eruditi
2245 3921 2250 3927 ⁸
2304 3856 2410 3895 non
2441 3853 2596 3897 secus
2627 3815 2694 3895 ac
2731 3837 2947 3893 Damasi
2985 3834 3268 3907 inscriptio
3296 3831 3454 3905 paulo
3481 3837 3606 3886 ante
3635 3815 3888 3884 recitata.

857 3970 2530 4133 assumturus-

622 4193 757 4268 ρῳ,
788 4199 835 4268 et
878 4188 1085 4268 Christo
1132 4186 1418 4268 miserante.
1438 4182 1595 4236 limen
1622 4177 2072 4268 ngcponloltatmg
2117 4193 2174 4259 es

2275 4192 2375 4233 uno
2406 4187 2599 4249 quarto
2628 4176 2854 4232 Consule
2904 4175 3269 4233 latentiniano
3315 4176 3550 4247 Augusto
3598 4166 3689 4226 VI.
3736 4170 3896 4226 tertio

614 4246 892 4339 ﬁniendas
939 4257 1234 4314 Decembris
1271 4256 1439 4312 xviiii.
1475 4267 1611 4306 anno
1644 4248 1987 4320 Episc0patus
2026 4246 2251 4303 Rustici.

692 4405 753 4460 in
790 4399 961 4457 veteri
1002 4396 1209 4452 musivo
1257 4390 1500 4449 ecclesiae
1546 4387 1605 4443 S.
1655 4385 1869 4442 Sabinae
1905 4385 1961 4440 in
2015 4390 2199 4440 monte
2310 4395 2648 4443 constructos
2698 4385 3071 4442 memorabant
3104 4391 3314 4441 vetusta
3335 4381 3725 4455 epigrammata
3755 4374 3900 4433 Gl‘li-

620 4495 889 4555 Aventino
910 4491 1151 4562 ejusdem
1182 4485 1323 4541 tituli
1347 4482 1532 4540 clerici
1562 4481 1635 4536 ita
1664 4485 2049 4550 expresseth
2075 4491 2174 4547 epo

2275 4553 2283 4562 λ
2311 4479 2520 4536 teriano
2549 4480 2603 4536 in
2628 4495 2791 4551 opere
2820 4480 3079 4551 impressa
3102 4494 3154 4549 p.
3180 4474 3338 4543 1165,
3364 4490 3513 4530 num.
3532 4473 3588 4527 11
3610 4489 3624 4539 ;
3650 4478 3704 4525 et
3732 4469 3900 4537 1164,

624 4591 782 4645 cham
806 4582 1154 4657 pontificatus
1195 4576 1370 4633 sancti
1408 4571 1704 4637 Caelestini,
1765 4585 1876 4641 quo
1912 4545 2208 4656 Ecclesiam
2235 4545 2286 4608 Ῑ)
2312 4588 2458 4629 ιιιιιιι.
2491 4564 2527 4625 9
2554 4579 2608 4627 et
2636 4545 2690 4625 4-.
2741 4545 3027 4641 Elega'ntes
3061 4545 3250 4624 versus
3293 4584 3324 4623 a
3363 4565 3518 4622 Sixto
3547 4563 3611 4620 lll
3649 4562 3806 4618 incisi
3844 4562 3903 4616 in

629 4687 854 4752 regente
912 4675 1058 4733 πάθε
1112 4671 1208 4728 illa
1267 4683 1421 4726 sacra
1479 4663 1911 4738 Illasliiﬁceﬂlius
1976 4654 2211 4719 fundabat
2310 4665 2625 4739 baptisterio
2669 4665 3022 4723 Lateraneusi
3051 4661 3339 4735 octastylo,
3375 4660 3528 4718 relati
3566 4674 3599 4714 a
3630 4654 3905 4713 Panvinio

627 4749 739 4828 tur.
2310 4760 2367 4818 in
2401 4761 2538 4818 libro
2562 4761 2631 4817 de
2676 4770 2881 4831 septem
2918 4756 3081 4818 Urbis
3109 4757 3401 4823 Ecclesiis,
3433 4764 3488 4810 et
3512 4769 3544 4810 a
3579 4750 3734 4810 card.
3787 4749 3907 4807 Ra-

2314 4867 2483 4924 spono
2512 4852 2576 4909 de
2602 4850 2830 4908 Basilica
2857 4849 3210 4907 Lateranensi
3237 4847 3330 4904 lib.
3364 4861 3448 4913 ιιι,
3475 4860 3594 4917 cap.
3620 4844 3674 4911 1,
3701 4858 3907 4913 super-

2315 4945 2470 5002 stites
2500 4945 2676 5000 adhuc
2706 4943 2958 5015 leguntur
2987 4942 3043 4998 in
3085 4939 3348 5013 epistyliis
3383 4932 3854 4999 Constantinianis
3890 4951 3905 4989 :

2316 5036 2767 5106 quemadmodum
2793 5033 3066 5090 Ambrosii
3102 5046 3291 5088 versus
3328 5024 3645 5104 legebantur
3672 5025 3725 5080 in
3754 5020 3911 5079 fonte

2318 5128 2562 5186 ecclesia:
2582 5125 2645 5181 Β.
2687 5125 2900 5183 Thecla:
2931 5122 3170 5195 ejusdem
3200 5123 3384 5195 figurae.
3408 5128 3686 5191 octogenae
3710 5115 3911 5189 (cujus

1266 5218 1453 5319 igimlts
1476 5230 1598 5319 quae
1622 5222 1970 5317 monumenta
2003 5211 2221 5269 dedica-
2319 5220 2635 5295 mysterium
2666 5210 2739 5277 ibi
2781 5217 3020 5275 declarat
3046 5225 3270 5273 sanctus
3293 5207 3599 5285 episcopus)
3642 5207 3776 5264 editi
3802 5222 3911 5279 per

2044 5318 2049 5319 ,
2103 5318 2108 5319 ,
2163 5310 2176 5319 .
2327 5304 2360 5319 -.
2808 5318 2811 5319 ν
2883 5309 2896 5319 .
3223 5302 3350 5319 ..οη
3498 5317 3526 5319 ,_
3585 5295 3615 5319 ο
3668 5314 3780 5319 -___-
3821 5315 3879 5319 μ

637 5323 843 5371 tionum
871 5325 1152 5368 sacrarum
1180 5308 1375 5366 aedium
1405 5314 1519 5366 tum
1555 5305 1814 5378 temporis
1836 5310 2216 5377 superessent,
2321 5304 2609 5368 Gruterum
2633 5326 2703 5366 ex
2731 5309 2899 5367 veteri
2926 5324 3030 5365 ms.
3055 5320 3181 5375 pag.
3216 5302 3373 5369 1168,
3406 5317 3558 5358 ιιιιιιι.
3583 5295 3638 5366 8.
3661 5314 3787 5356 cum
3820 5315 3910 5354 re»

640 5406 654 5417 ο
740 5413 750 5417 -
796 5412 806 5417 -
1000 5416 1035 5417 ,,
1072 5400 1125 5417 ,u,
1182 5415 1195 5417 Α
1240 5407 1278 5417 ,ι
1316 5398 1534 5417 κημΑρμε-
1603 5398 1652 5417 ξ..
1706 5394 1939 5417 --ε-.-ιξ-
1975 5393 2191 5417 ΔΑΔΞΑΑ...
2321 5402 2355 5417 υ
2439 5402 2449 5414 -
2532 5416 2537 5417 ,
2589 5401 2601 5414 ο
2740 5399 2991 5417 ,,_s-.:|_-_-
3044 5395 3186 5417 1.--.2
3224 5395 3455 5417 Δ..-.-..ε..
3534 5389 3907 5417 ε-..-12,.,ι-ιιῖ1ι..ρ

638 5406 696 5461 in
738 5412 815 5461 tot
841 5400 1204 5458 marmoribus
1230 5407 1285 5456 et
1314 5398 1558 5466 musivis,
1603 5398 1659 5453 in
1699 5394 1943 5468 epistolis
1969 5393 2174 5450 dedicat

2321 5402 2482 5472 liquis
2519 5399 2996 5472 epigrammatibus
3044 5395 3190 5452 beati
3219 5395 3476 5461 doctoris,
3533 5389 3911 5448 indicantibus

637 5497 773 5552 tium
820 5504 875 5552 et
917 5492 1324 5550 concedentium
1349 5534 1364 5559 ,
1418 5492 1475 5549 in
1523 5489 1677 5547 Actis
1729 5486 2115 5562 synodalibus,
2165 5486 2174 5542 i

2324 5496 2686 5553 dedicationes
2736 5495 2804 5550 ab
2854 5493 2970 5566 ipso
2997 5500 3244 5565 peractas
3264 5531 3281 5559 ,
3327 5499 3383 5547 et
3411 5488 3671 5562 mysteria
3701 5486 3911 5541 rituum

2402 5591 2413 5603 .
2468 5589 2480 5603 .
2572 5588 2643 5603 ..ιι
2738 5602 2741 5603 ,
2774 5586 2812 5603 ιι
2839 5586 2871 5603 οι
2906 5602 2911 5603 ,
2942 5596 2976 5603 ,.
3124 5583 3225 5603 n1,
3285 5583 3475 5603 0244‘
3526 5594 3660 5603 _-_-
3710 5574 3909 5603 ...κη-12

642 5587 915 5692 diptycltis
938 5595 993 5642 et
1019 5584 1362 5643 Kalendariis
1403 5581 1757 5642 ecclesiarum
1777 5621 1792 5650 ,
1819 5579 2112 5653 quotannis
2136 5594 2174 5634 ιιι

2324 5591 2418 5663 qui
2466 5589 2521 5645 in
2559 5588 2676 5692 illis
2727 5586 3069 5644 adhibentur.
3121 5583 3237 5643 Sub
3285 5583 3481 5640 Siricio
3526 5594 3663 5654 papa
3708 5574 3915 5648 aequali

641 5679 936 5739 colentium
966 5678 1109 5735 diem
1132 5677 1514 5736 dedicationis.

2325 5691 2514 5741 sancto
2546 5680 2831 5737 Ambrosio
2864 5679 3090 5735 incisam
3116 5678 3359 5735 videntes
3384 5674 3645 5746 epocham
3670 5668 3915 5726 restituti

712 5794 802 5851 36.
864 5792 1061 5852 Sacros
1118 5793 1295 5851 fontes
1344 5789 1604 5855 Damasi,
1661 5786 1863 5855 Hilari,
1920 5782 2177 5842 Bonifacii
2206 5821 2222 5850 ,
2326 5778 2649 5857 presbyterii
2693 5777 2748 5835 in
2796 5775 3035 5850 platouia
3086 5773 3146 5832 S.
3206 5770 3576 5839 Pudentiauae,
3627 5781 3720 5824 seu
3767 5761 3916 5819 tituli

645 5886 924 5947 leestini
972 5896 1028 5944 et
1077 5884 1298 5942 Joannis
1341 5895 1675 5939 summorum
1725 5878 2039 5950 pontificum
2097 5891 2227 5935 cura
2328 5870 2604 5930 Pastoris:

1046 5972 1269 6033 SALVO
1309 5972 1547 6031 SlRlClO
1586 5970 1915 6028 EPISCOPO
1954 5966 2315 6036 FEIJCIQVE
2351 5962 2721 6024 LEOPARDO
2759 5958 3135 6019 ECCLESIAE
3174 5955 3526 6016 SANCTAE:

728 4908 789 4968 »Β
825 4910 1026 4963 Culmen
1051 4904 1366 4971 apostolicum
1383 4916 1494 4954 cum
1515 4899 1821 4971 Caelestinus
1841 4899 2052 4971 haberet

817 4973 1011 5023 Primus
1032 4964 1094 5021 et"
1107 4976 1158 5020 tu
1184 4976 1286 5019 toto
1303 4966 1520 5028 fulgeret
1541 4965 1801 5027 episcopus
1821 4964 1946 5028 orbe

814 5036 951 5097 Haec
972 5046 1098 5097 quae
1121 5026 1822 5097 mirarigfundavitpresbytel'
1848 5026 1984 5076 urbis

817 5091 1009 5159 Illyrica
1030 5094 1095 5145 de
1117 5100 1270 5156 gente
1295 5091 1490 5152 Petrus,
1517 5095 1614 5140 etc.

702 5220 890 5279 Facile
915 5220 1077 5292 igitur
1104 5217 1453 5289 intelligimus
1476 5230 1598 5287 qua:
1622 5222 1970 5271 monumenta
2003 5211 2221 5269 dedica-
