4010 6302
181 428 260 484 77
1619 421 2015 481 PREFATIO.
3410 432 3484 492 τε

178 555 386 604 extera
411 540 808 602 desiderantur.
845 539 1058 596 Hilarus
1090 537 1515 596 Archidiaconus
1537 580 1550 605 ,
1589 539 1783 594 deinde
1813 546 1861 602 Α
1891 548 1973 595 ter
2049 536 2340 609 parietinas
2397 538 2636 608 ejusdem
2669 541 2848 618 ‘Aildis
2892 545 3032 614 apud
3083 544 3139 600 S.
3189 546 3483 607 Eusebium

175 637 435 694 Pontifex
461 635 739 694 Romanus
772 630 1060 700 Ecclesim,‘
1080 632 1377 687 oratorium
1429 631 1602 687 sancti
1637 630 1777 686 Lau-
1889 640 2074 686 servat
2119 629 2364 688 collectio
2409 647 2742 692 marmorqu
2794 643 3128 692 vetustorum
3185 638 3353 698 Musei
3389 640 3483 698 Al-

176 731 347 786 rentii
407 745 438 784 a
484 743 542 787 se
592 726 856 783 refectum
890 723 1152 780 caelavit:
1208 721 1352 794 quod
1395 729 1670 791 repertum
1722 720 1778 776 in
1886 721 2034 778 bani.

580 868 638 926 »14
675 857 1097 916 AVXILIANTE
1138 855 1276 926 Ι)Νο
1307 854 1397 926 DO
1434 854 1479 910 N
1517 852 1658 912 XPO
1694 852 1974 914 ORANTE
2015 855 2242 916 ΒΕΑΤο
2279 855 2679 917 LAVRENTIO
2719 859 3058 918 MARTYRE

574 925 878 988 HILARVS
913 925 1285 984 ARCHIDIAC
1324 925 1547 983 FECIT.

172 1027 276 1087 Bis
327 1037 518 1088 autem
572 1025 626 1081 in
676 1023 1084 1082 cclebritatibus
1132 1021 1603 1078 consecrationum
1661 1037 1783 1077 cum
1891 1031 1946 1080 et
1988 1024 2250 1081 Anterum
2282 1026 2347 1080 de
2373 1024 2523 1083 Actis
2550 1034 2848 1098 martyrum
2877 1028 3180 1086 scribendis
3225 1040 3283 1088 ct
3309 1033 3363 1088 in
3393 1048 3481 1092 ee-

171 1123 316 1180 dona
365 1120 604 1191 plurima
631 1117 954 1176 offerrentur
995 1131 1059 1170 ac
1104 1115 1448 1181 dicarentur,
1500 1113 1784 1186 largitione
1890 1120 2052 1178 clesia
2102 1123 2458 1194 reponendis,
2511 1139 2720 1180 necnon
2771 1124 2838 1180 iis
2876 1139 3012 1196 quas
3041 1125 3230 1181 eodem
3281 1127 3481 1184 sacqu

170 1213 488 1286 principum
521 1211 634 1266 sive
658 1206 971 1281 prmsulum,
1025 1216 1136 1262 tum
1174 1205 1414 1272 mobilia,
1449 1215 1559 1260 tum
1594 1204 1781 1260 immo-
1887 1215 2138 1286 Cypriani
2191 1216 2342 1271 Felix
2407 1233 2544 1289 papa
2587 1218 2731 1284 tum,
2792 1217 2847 1272 in
2911 1217 3027 1287 ejus
3062 1216 3185 1274 vita
3252 1218 3331 1275 sic
3387 1220 3474 1276 in-

170 1308 321 1374 bilis,
370 1321 497 1380 qua:
535 1303 738 1376 passim
767 1311 1034 1358 memorat
1081 1299 1245 1356 Liber
1288 1298 1747 1369 PontiﬁcalisJLeo

1887 1309 2144 1367 dicatas:
2227 1310 2520 1380 Constituit
2613 1331 2774 1385 supra
2864 1314 3102 1386 sepulcra
3186 1324 3479 1387 martyrum

169 1400 426 1456 rumde
472 1397 734 1452 donorum
780 1394 1144 1460 documenta:
1195 1406 1314 1463 quae
1359 1391 1577 1448 ῑθνῑίυῐη
1615 1399 1776 1464 caput
1885 1406 2072 1460 missas
2129 1405 2399 1461 celebrari.
2429 1404 2866 1478 Comprobantur
2908 1424 3007 1479 per
3043 1407 3240 1465 saecula
3290 1410 3479 1468 subse-

167 1494 516 1552 ωηειίιωωι
561 1500 759 1547 Ποθεινῖέ
811 1487 1108 1554 ἀίνίείοιιίει
1155 1487 1492 1560 ΡΓοΓοΓθιηυε
1559 1486 1770 1558 “Imus:
1881 1509 2006 1555 cuta
2037 1498 2325 1570 diptychis,
2381 1498 2816 1571 martyrologiis,
2875 1509 2928 1556 et
2971 1516 3034 1556 ea
3086 1503 3478 1559 consuetudine

167 1585 211 1642 si
243 1587 400 1657 prius
433 1583 717 1639 absolvere
775 1581 932 1637 nobis
971 1580 1130 1636 liceat
1179 1596 1241 1636 ea
1291 1596 1410 1651 quae
1441 1581 1507 1636 de
1550 1578 1771 1651 Ροιιιίίὶ-
1880 1590 2299 1654 conﬁrmatrice,
2330 1604 2494 1661 quam
2532 1589 2896 1646 Tertullianus
2923 1592 2975 1646 in
2999 1592 3139 1648 libro
3165 1595 3229 1648 de
3258 1593 3472 1649 Corona

168 1694 292 1733 cum
341 1677 580 1732 decretis
613 1682 907 1746 supersunt
951 1674 1192 1729 breviter
1243 1672 1534 1729 indicanda
1568 1673 1670 1728 hoc
1716 1672 1769 1727 in
1877 1680 2061 1737 Militis
2089 1681 2202 1737 hac
2229 1682 2476 1737 eamdem
2520 1696 2811 1739 recensens
2837 1685 3198 1740 commendat.
3244 1685 3474 1742 Demum

166 1767 369 1841 (³³ρῖῑῆ
396 1768 684 1839 οοιιιριειο
725 1768 940 1823 deem“
989 1766 1327 1837 Ροηῑίθευω,
1374 1766 1766 1822 dedicationem
1843 1785 2035 1847 aetate
2084 1775 2142 1833 S.
2195 1775 2443 1849 Gregorii
2470 1778 2609 1833 tertii
2639 1819 2654 1844 ,
2699 1779 2917 1850 quando
2957 1775 3094 1834 Vitae
3155 1779 3473 1850 pontiﬁcum

163 1876 452 1922 sacrarum
498 1860 695 1918 aedium
768 1869 824 1918 et
894 1859 1264 1924 ordinationes
1326 1859 1668 1916 sacerdotum
1718 1875 1747 1915 a

1886 1879 2297 1952 colligebantur,
2348 1883 2481 1938 etin
2522 1881 2667 1938 hunc
2701 1881 2925 1939 Librum
2974 1883 3476 1955 compingebantur,

164 1955 566 2012 minisU‘oruni.

232 2047 328 2104 57.
384 2049 613 2104 Decreta
657 2045 982 2118 pontiﬁcum
1018 2053 1076 2102 et
1121 2045 1472 2103 conciliorum
1522 2045 1768 2104 habenda

164 2153 314 2210 sunt,
346 2160 469 2216 qua:
521 2143 587 2200 de
630 2143 890 2199 natalitiis
928 2152 1228 2216 martyrum
1281 2152 1340 2213 et_
1377 2143 1764 2213 ecclesiarum,

164 2241 329 2295 etiam
395 2247 682 2295 constante
731 2238 1108 2309 persecutione
1177 2239 1486 2309 conscripta
1536 2237 1764 2308 legimus

163 2331 308 2401 apud
337 2331 670 2403 Cyprianum
701 2331 796 2387 lib.
827 2346 910 2398 ιιι,
941 2331 1102 2403 epist.
1135 2331 1207 2386 6:
1238 2332 1360 2385 Dies
1401 2347 1581 2385 eorum
1603 2371 1616 2398 ,
1647 2330 1756 2400 qui-

163 2424 252 2477 bus
278 2425 562 2491 excedunt,
598 2424 877 2491 adnotata,
920 2433 975 2477 ut
1026 2424 1545 2478 commemoratione:
1580 2438 1759 2480 eorum

159 2516 303 2570 inter
377 2518 661 2572 memorias
745 2518 1057 2588 martyrium
1137 2517 1396 2572 celebrare
1481 2519 1760 2588 possimus.

1872 1984 2010 2040 Acta
2040 1985 2258 2042 concilii
2288 1984 2519 2044 Romani
2553 1995 2608 2042 et
2649 1986 2868 2043 decreta
2894 1985 3134 2059 ejusdem
3163 1985 3467 2058 pontiﬁcis,

1872 2103 1993 2160 quae
2019 2099 2210 2146 auctor
2244 2090 2370 2145 vitae
2396 2099 2788 2147 commemorat
2817 2090 2964 2146 circa
2993 2089 3174 2158 tinent,
3201 2091 3276 2146 ita
3301 2089 3478 2152 incisa

1869 2191 2090 2248 fuerunt
2130 2207 2448 2250 uiarmorem
2485 2193 2681 2250 tabula:
2729 2194 2786 2251 in
2826 2194 3051 2250 basilica
3076 2193 3338 2250 Vaticana
3375 2208 3472 2250 ex-

1868 2297 2080 2368 positae,
2098 2297 2176 2352 uti
2199 2297 2638 2368 legunturadhuc
2664 2309 2992 2370 prteservata
3016 2298 3351 2368 postha
3376 2298 3472 2354 de-

1871 2415 2010 2468 cem,
2028 2402 2151 2457 etin
2168 2402 2426 2474 hypogaeo
2443 2400 2683 2472 ejusdem
2697 2401 2935 2458 basilica!
2951 2401 3218 2457 custodita
3240 2400 3472 2472 diligen-

1870 2514 1955 2562 ter
2000 2521 2122 2561 cum
2160 2502 2371 2559 caeteris
2392 2503 2621 2561 vetustis
2654 2503 2931 2560 memoriis
2973 2502 3209 2573 antiquae
3233 2501 3472 2558 basilicae

164 2607 526 2683 Responth
565 2611 710 2667 enim
762 2610 972 2683 legibus
1013 2611 1238 2666 sancitis
1289 2625 1387 2680 per
1430 2610 1767 2666 Clementem
1872 2605 2104 2677 repertis
2129 2603 2228 2660 sub
2249 2601 2418 2658 Paulo
2440 2603 2650 2673 quinto.

774 2705 1022 2762 PETRO.
1065 2702 1501 2761 THEOPHANO.
1544 2696 1816 2759 SERGIO.
1857 2699 2182 2757 IORDANE.
2231 2696 2383 2754 SEV.
2426 2696 2734 2754 IOHANNE

589 2776 1084 2834 ADSTANTIBVS.
1127 2775 1429 2843 ovoovs.
1467 2771 1899 2832 DIACONIBVS.
1944 2769 2262 2843 noscno.
2286 2769 2802 2843 ARCIILDIAGONO

598 2833 1008 2906 ZACCHARIA.
1048 2833 1332 2904 minus.
1371 2847 1480 2902 ET.
1525 2847 1747 2902 THEOI’

1865 2843 2098 2910 mero.
2139 2833 2396 2910 ATQVE.
2436 2840 2780 2898 GEMMVLO

591 2921 744 2974 VEL.
784 2918 1079 2975 CVNCTO.
1122 2917 1370 2974 CLERO.
1414 2917 1850 2974 ANTEFATVS.
1891 2913 2212 2969 DOMINVS.
2255 2911 2676 2970 GREGORIVS.
2716 2912 2990 2973 APOSTO

584 2992 802 3047 LICVS.
845 2990 1044 3046 PAPA.
1079 2989 1288 3046 DIXIT.
1329 2989 1625 3048 REDVCO.
1667 2990 1780 3045 AD.
1821 2986 2116 3044 ANIMVM.
2162 2983 2498 3042 SCNSSIIII.
2541 2981 2867 3040 FRATRES

585 3063 701 3118 MEI
748 3074 866 3118 etc.

163 3138 385 3228 Reliqua
437 3155 544 3228 legi
606 3164 830 3227 possunt
879 3158 1019 3228 apud
1074 3157 1380 3229 Torrigium
1428 3158 1495 3213 de
1543 3157 1758 3230 Cryptis

1863 3163 2018 3226 ptore
2075 3151 2346 3208 carentis:
2398 3150 2489 3221 qui
2539 3149 2772 3206 fortasse
2831 3158 2892 3205 ut
2934 3150 3285 3209 contraheret
3331 3155 3466 3212 Gre—

165 3250 461 3316 Vaticanis,
507 3264 630 3320 pag.
673 3249 758 3317 70,
807 3259 861 3306 et
904 3255 1044 3322 apud
1091 3245 1434 3324 Ciampinum
1466 3253 1532 3307 de
1588 3251 1760 3308 sacris
1786 3264 1834 3328 ρ
1864 3247 1998 3320 gorii
2042 3246 2106 3300 IlI
2133 3245 2365 3317 diploma
2391 3245 2446 3300 in
2469 3245 2773 3301 breviorem
2803 3245 3042 3311 modum,
3074 3263 3238 3304 ausus
3256 3255 3337 3305 est
3367 3265 3465 3307 suo

162 3343 403 3398 adiﬁciis
432 3358 464 3396 a
515 3341 706 3414 Magno
756 3342 1114 3399 Constantino
1159 3344 1513 3409 constructis,
1547 3358 1670 3413 cap.
1701 3341 1756 3409 4,

161 3444 288 3489 sect.
340 3433 434 3498 is,
467 3448 592 3503 pag.
628 3433 747 3488 IOI.

223 3547 314 3605 58.
345 3548 742 3620 Goguoscimus
771 3549 952 3618 itaque
984 3547 1286 3606 Romanam
1315 3547 1616 3604 Ecclesiam
1651 3563 1758 3603 non

158 3644 406 3699 omisisse
460 3643 595 3698 Acta
640 3658 863 3699 suorum
893 3643 1212 3713 pontiﬁcum
1239 3684 1254 3711 ,
1307 3651 1362 3698 et
1403 3643 1757 3699 conciliorum

161 3737 486 3793 marmoreis
534 3736 732 3792 tabulis
776 3737 1134 3807 consignare,
1190 3744 1245 3790 et
1293 3735 1348 3789 in
1402 3734 1758 3790 celeberrimo

159 3830 456 3885 christiani
485 3838 783 3885 conventus
811 3829 950 3895 loco,
981 3828 1050 3882 ad
1081 3827 1270 3882 limina
1302 3825 1510 3884 scilicet
1532 3825 1758 3896 Aposto-

160 3919 332 3978 lorum
358 3922 574 3992 alligere
616 3919 794 3976 futura
824 3920 1054 3990 posteris
1081 3919 1407 3974 documenta
1449 3927 1754 3973 nostrarum

159 4011 356 4085 legum
405 4023 462 4068 et
490 4023 691 4084 tropaea
736 4013 974 4068 victoriae
1019 4021 1210 4068 contra
1253 4011 1492 4068 devictas
1532 4012 1584 4066 in
1618 4012 1754 4067 urbe

158 4111 384 4166 aliarum
399 4112 618 4166 domina
639 4111 982 4168 ethnicorum
998 4110 1411 4182 superstitiones
1430 4127 1444 4174 ;
1464 4119 1523 4164 ut
1539 4109 1628 4164 ubi
1645 4108 1750 4163 fra-

159 4211 302 4259 trum
337 4203 616 4258 Arvalium
638 4214 694 4260 et
719 4204 1232 4272 Quindecemvirum
1269 4204 1486 4259 decreta
1511 4204 1753 4272 ritusque

159 4294 476 4368 legebantur
505 4299 572 4354 de
607 4297 848 4368 profanis
895 4298 1178 4355 sacriﬁciis
1216 4313 1317 4369 pro
1358 4297 1531 4356 salute
1570 4298 1750 4353 Caesa-

161 4402 275 4444 rum
305 4390 598 4460 quotannis
627 4391 952 4446 renovandis
975 4431 990 4457 ,
1021 4406 1142 4462 qua:
1189 4390 1351 4460 paulo
1377 4399 1504 4446 ante
1554 4391 1753 4460 produ-

158 4483 333 4538 ximus
360 4484 604 4538 numeris
630 4484 696 4538 ‘21
720 4493 775 4539 et
802 4483 894 4550 22,
917 4483 991 4539 ibi
1017 4483 1462 4554 conspicerentur
1491 4497 1748 4553 responsa

158 4587 465 4632 nostrorum
515 4578 802 4648 praesulem
827 4618 843 4644 ,
875 4588 930 4634 et
967 4579 1104 4633 Acta
1157 4578 1514 4634 conciliorum
1561 4579 1746 4633 decer-

158 4670 398 4723 nentium
433 4680 493 4723 ut
525 4669 579 4722 in
611 4669 929 4724 memoriam
955 4680 1259 4740 martyrum
1289 4668 1493 4724 Christi
1521 4678 1578 4724 et
1613 4684 1743 4724 con-
1773 4661 1827 4722 D

158 4760 423 4818 fee-orum
466 4761 648 4817 divina
681 4778 770 4816 res
801 4763 977 4828 ﬁeret,
1008 4770 1064 4817 et
1091 4761 1381 4832 hyumodia
1427 4775 1583 4817 sacra
1616 4776 1745 4816 con-

155 4855 444 4909 cineretur.
485 4851 897 4908 Producendum
923 4862 1009 4909 est
1043 4853 1424 4909 documentum
1456 4851 1746 4922 pontiﬁcize

157 4945 284 5018 legis
307 4948 553 5018 ejusdem
576 4949 826 5021 Gregorii
851 4950 994 5005 tertii
1041 4952 1106 5005 dc
1133 4949 1465 5018 quotidianis
1492 4948 1667 5004 sacris
1691 4957 1748 5004 et

156 5040 344 5096 oblatis
369 5042 669 5098 inferendis
715 5058 876 5113 supra
905 5041 1316 5098 Confessionem
1357 5041 1503 5097 beati
1553 5039 1743 5107 Pauli,

158 5134 209 5188 in
257 5135 504 5206 εὶιηάαιι
543 5137 772 5194 basilica
834 5137 1012 5194 adhuc
1062 5135 1360 5207 spectabile
1420 5143 1632 5192 vetusto
1691 5134 1745 5189 in

161 5245 425 5286 marmore
449 5231 505 5286 in
549 5232 693 5286 hanc
737 5231 1063 5288 sententiam
1091 5231 1288 5298 inciso,
1336 5238 1500 5300 atque
1528 5228 1746 5300 vulgato

158 5337 274 5378 eum
301 5324 529 5396 reliquis
552 5323 998 5394 inscriptionibus
1037 5324 1278 5395 antiquis
1303 5321 1550 5393 eiusdsm
1590 5322 1744 5380 Basi-

159 5413 270 5472 licas
321 5417 470 5491 typis
536 5416 765 5473 Moneta).
827 5415 965 5474 I664
993 5457 1008 5483 ,
1072 5417 1276 5472 Romae.
1337 5416 1529 5472 Exstat
1581 5416 1744 5472 etiam

162 5511 293 5580 apud
324 5509 620 5566 Baronium
658 5511 714 5565 in
752 5508 860 5564 ﬁne
889 5509 1020 5566 tomi
1049 5507 1119 5577 Χ,
1145 5523 1269 5580 pag.
1313 5508 1448 5575 965;
1495 5507 1589 5564 sed
1621 5525 1742 5564 cum

161 5601 317 5658 editio
380 5601 598 5658 Baronii
675 5609 858 5656 errata
925 5600 1218 5671 sculptoris
1281 5599 1639 5671 expunxerit,
1691 5614 1723 5654 e

162 5693 472 5764 castigatam
536 5695 823 5750 lectionem
884 5693 1161 5749 reduxerit
1230 5691 1298 5748 ad
1359 5690 1502 5762 leges
1568 5689 1722 5746 Latin

163 5788 421 5842 sermonis
445 5828 460 5854 ,
488 5787 666 5858 placet
693 5801 816 5843 eum
843 5785 1057 5842 Moneta
1105 5787 1194 5842 hic
1222 5785 1354 5840 dare
1381 5799 1507 5838 cum
1534 5781 1714 5838 mendi

165 5875 215 5931 in
243 5896 510 5937 marmore
546 5881 680 5937 satis
715 5880 1092 5951 frequentibus
1123 5878 1190 5935 ad
1241 5877 1401 5932 ﬁdem
1448 5873 1718 5947 prototypi

165 5966 395 6031 Indicant
443 5975 587 6032 enim
629 5974 938 6032 barbariem
983 5974 1191 6043 aetatis,
1231 5967 1556 6028 accuratiori
1593 5963 1711 6024 seu]

1867 3349 2060 3405 marte,
2091 3340 2177 3395 vel
2224 3338 2474 3411 imperito
2515 3337 2696 3410 aliquo
2727 3337 2986 3405 dictante,
3038 3341 3110 3395 ita
3158 3340 3466 3412 insculpere

1865 3447 1929 3488 ac
1991 3431 2297 3489 deformare
2374 3429 2549 3487 sancti
2613 3429 2887 3502 pontiﬁcis
2965 3433 3411 3489 constitutionem
3443 3475 3459 3502 ,

1862 3541 2024 3597 quam
2075 3541 2183 3580 non
2223 3523 2410 3580 dubito
2460 3524 2515 3578 in
2565 3523 2901 3596 autographo
2944 3521 3110 3580 fuisse
3157 3534 3280 3597 apte
3327 3537 3459 3580 con-

1861 3615 2151 3687 scriptam;
2241 3624 2350 3670 tum
2436 3615 2561 3686 quia
2624 3614 2812 3671 Graece
2874 3629 2938 3671 ac
3010 3614 3202 3670 Latine
3266 3613 3461 3672 doctus

1861 3707 2187 3765 describitur
2233 3705 2529 3779 Gregorius
2579 3704 2643 3760 Ill
2691 3706 2746 3761 in
2798 3705 2916 3779 ejus
2948 3704 3069 3760 Vita
3097 3747 3111 3772 ,
3155 3713 3271 3761 tum
3329 3701 3458 3776 quia

1859 3800 2000 3873 stylo
2027 3801 2158 3856 satis
2201 3801 2346 3855 culto
2381 3799 2579 3856 nedum
2635 3799 2922 3854 emendato
2969 3799 3207 3854 dictasse
3257 3813 3462 3868 cogno-

1858 3895 2000 3951 citur
2028 3910 2094 3949 ex
2125 3895 2242 3967 ejus
2268 3894 2530 3967 epistolis,
2559 3909 2678 3966 quae
2725 3902 3051 3966 supersunt,
3077 3895 3216 3967 apud
3240 3892 3455 3950 Binium

1857 3999 1910 4046 et
1938 3989 2217 4046 Labbeum
2247 3990 2407 4044 editae
2434 4005 2556 4044 cum
2601 3985 2867 4045 conciliis.

1967 4111 2025 4169 >I<
2070 4101 2157 4157 IN.
2204 4102 2267 4156 N.
2309 4102 2443 4156 DNI.
2486 4103 2570 4157 DI.
2614 4100 3066 4158 SALVATORIS.
3109 4099 3155 4155 N

2073 4173 2213 4230 IHY.
2256 4172 2387 4227 XPI.
2431 4171 2679 4227 BREVE.
2721 4172 2964 4225 FACTA.
3006 4172 3051 4224 A
3091 4171 3187 4226 ME

2069 4244 2442 4302 GREGORIO.
2484 4242 2758 4300 TERTIO.
2798 4242 3022 4296 PAPIE.

2071 4318 2177 4372 DE.
2222 4315 2674 4372 OBLATIONES.
2719 4315 2876 4382 QVE.
2917 4313 3145 4369 OFFER

2069 4389 2179 4443 RE.
2225 4386 2613 4442 DEBENTVR.
2655 4387 2808 4441 PER.
2855 4384 3194 4442 SINGVLOS

2068 4459 2238 4515 DIES.
2282 4457 2371 4514 IN.
2408 4457 2760 4512 ECCLESIA.
2802 4457 3004 4512 BEATI

2068 4530 2290 4586 PAVLI.
2333 4529 2693 4585 APOSTOLI.
2739 4529 2994 4583 S'I'ATVI

2071 4601 2256 4656 ENIM.
2299 4599 2622 4657 OFFERRI.
2661 4600 2884 4654 IDEST.
2928 4598 2996 4652 IN

2063 4673 2296 4728 PRIMA.
2341 4672 2564 4728 MISSA.
2602 4672 2716 4726 AD.
2759 4671 2896 4726 COR

2058 4744 2207 4799 PVS.
2249 4743 2594 4799 OBLATAM.
2639 4742 2850 4797 VNAM.
2892 4741 2978 4794 IN.
3024 4739 3150 4796 SEC

2062 4815 2268 4869 VNDA.
2291 4816 2516 4869 MISSA.
2540 4815 2662 4868 ADs
2685 4813 2838 4868 SCM.
2865 4808 3274 4867 TIIIOTHEVM

2057 4886 2404 4942 OBLATAM.
2435 4885 2646 4941 VNAM.
2687 4886 2774 4938 ΙΝ.
2800 4883 3072 4938 TERTIA.
3101 4883 3175 4937 Ml

2067 4958 2216 5013 SSA.
2255 4959 2367 5012 AD.
2398 4955 2756 5012 IMAGINEM.
2793 4952 3227 5010 SALVATORIS

2059 5028 2195 5098 QVI.
2228 5030 2334 5084 ET.
2367 5026 2904 5084 APOSTOLORVM.
2935 5025 3206 5098 OBLATA

2059 5097 2275 5156 VNAM.
2320 5101 2403 5156 IN.
2451 5098 2754 5166 QVARTA.
2798 5097 3022 5151 MISSA.
3064 5097 3157 5150 AD

2063 5171 2267 5229 SCVM.
2305 5167 2740 5228 GREGORIVM.
2780 5168 2892 5221 AD.
2935 5167 3096 5224 IANV
3151 5170 3190 5222 ὃ

2062 5243 2409 5302 OBLATAM.
2455 5239 2664 5296 VNAM.
2701 5238 2976 5293 DEINDE.
3018 5240 3085 5294 IN

2063 5317 2287 5375 MISSA.
2330 5311 2609 5381 QVINTA.
2650 5309 2760 5365 AD.
2800 5309 3082 5364 ALTARE

2059 5387 2338 5446 MAIORE.
2363 5380 2366 5381 ν
2391 5381 2727 5440 OBLATAS.
2772 5381 2970 5438 DVAS.
3008 5380 3194 5447 QVOD

2063 5461 2289 5518 SIMVL.
2317 5455 2560 5530 VFIVNLI‘.
2582 5451 3007 5530 90119“ng
3019 5452 3119 5530 nm

2061 5533 2256 5587 EBVS.
2299 5527 2632 5584 OBI.ATAS.
2677 5524 2831 5581 SEX.
2874 5523 3060 5590 QVAE

2061 5605 2171 5660 AB.
2213 5599 2562 5658 ECCLESIA.
2602 5593 3092 5654 OFFERANTVR.
3137 5594 3202 5648 IN

2059 5674 2387 5731 BASILICA.
2427 5671 2584 5727 TVA.
2638 5667 2918 5724 DOMINE.
2962 5665 3146 5722 MEVS

2061 5740 2308 5800 BEATE.
2345 5742 2590 5812 PAVLE.
2630 5734 3239 5812 nros'l'ocinygvsu

2063 5817 2332 5874 BREVIS.
2373 5807 2698 5869 'I‘I'I‘VLVM.
2745 5807 3143 5876 AVCTORITA

2061 5890 2170 5946 TE.
2211 5884 2657 5944 APOSTOLICA.
2700 5881 2890 5937 OMNI.
2935 5875 3166 5935 TEMI’O

2063 5959 2177 6017 RE.
2215 5954 2711 6017 CONFIRMAMVS
2749 5962 2855 6009 etc.
