  <div class='ocr_page' id='page_1' title='image "/cluster/home/n/w/nwhite01/storage/ocr_20150623/127/hvd.32044015471683/045.png"; bbox 0 0 3996 5412; ppageno 0'>
   <div class='ocr_carea' id='block_1_1' title="bbox 610 386 3875 457">
    <p class='ocr_par' dir='ltr' id='par_1_1' title="bbox 610 386 3875 457">
     <span class='ocr_line' id='line_1_1' title="bbox 610 386 3875 457; baseline -0.003 0"><span class='ocrx_word' id='word_1_1' title='bbox 610 401 680 457; x_wconf 79' lang='grc'><strong>⁸19</strong></span> <span class='ocrx_word' id='word_1_2' title='bbox 1350 395 1444 451; x_wconf 84' lang='lat' dir='ltr'><strong>AD</strong></span> <span class='ocrx_word' id='word_1_3' title='bbox 1476 390 1919 451; x_wconf 83' lang='lat' dir='ltr'><strong>ANASTASIUM</strong></span> <span class='ocrx_word' id='word_1_4' title='bbox 1958 388 2473 450; x_wconf 74' lang='lat' dir='ltr'><strong>PROLEGOMENA</strong></span> <span class='ocrx_word' id='word_1_5' title='bbox 2510 388 2692 449; x_wconf 86' lang='lat' dir='ltr'><strong>EDIT.</strong></span> <span class='ocrx_word' id='word_1_6' title='bbox 2728 386 3157 449; x_wconf 79' lang='lat' dir='ltr'><strong>ROM.-VATIG.</strong></span> <span class='ocrx_word' id='word_1_7' title='bbox 3811 391 3875 447; x_wconf 85' lang='lat'><strong>80</strong></span> 
     </span>
    </p>
   </div>
   <div class='ocr_carea' id='block_1_2' title="bbox 681 488 3868 580">
    <p class='ocr_par' dir='ltr' id='par_1_2' title="bbox 681 488 3868 580">
     <span class='ocr_line' id='line_1_2' title="bbox 681 488 3868 580; baseline -0.006 -9"><span class='ocrx_word' id='word_1_8' title='bbox 681 511 944 571; x_wconf 76' lang='lat' dir='ltr'><strong>Constant</strong></span> <span class='ocrx_word' id='word_1_9' title='bbox 971 496 1155 580; x_wconf 73' lang='lat' dir='ltr'><strong>itaque</strong></span> <span class='ocrx_word' id='word_1_10' title='bbox 1189 488 1539 565; x_wconf 69' lang='lat' dir='ltr'><strong>monumenta</strong></span> <span class='ocrx_word' id='word_1_11' title='bbox 1585 522 1690 562; x_wconf 93' lang='lat' dir='ltr'><strong>non</strong></span> <span class='ocrx_word' id='word_1_12' title='bbox 1739 520 1908 576; x_wconf 89' lang='lat' dir='ltr'><strong>pauca</strong></span> <span class='ocrx_word' id='word_1_13' title='bbox 1957 518 2191 560; x_wconf 90' lang='lat' dir='ltr'><strong>marmo-</strong></span> <span class='ocrx_word' id='word_1_14' title='bbox 2218 502 2489 566; x_wconf 75' lang='lat' dir='ltr'><strong>Alittera</strong></span> <span class='ocrx_word' id='word_1_15' title='bbox 2533 504 2633 560; x_wconf 88' lang='lat' dir='ltr'><strong>sub</strong></span> <span class='ocrx_word' id='word_1_16' title='bbox 2657 502 2886 575; x_wconf 87' lang='lat' dir='ltr'><strong>Pippino</strong></span> <span class='ocrx_word' id='word_1_17' title='bbox 2910 512 2965 559; x_wconf 93' lang='lat' dir='ltr'><strong>et</strong></span> <span class='ocrx_word' id='word_1_18' title='bbox 3004 501 3199 560; x_wconf 87' lang='lat' dir='ltr'><strong>Carolo</strong></span> <span class='ocrx_word' id='word_1_19' title='bbox 3247 498 3440 575; x_wconf 78' lang='lat' dir='ltr'><strong>Magno</strong></span> <span class='ocrx_word' id='word_1_20' title='bbox 3463 498 3868 564; x_wconf 78' lang='lat' dir='ltr'><strong>reviviscerent,</strong></span> 
     </span>
    </p>
   </div>
   <div class='ocr_carea' id='block_1_3' title="bbox 608 597 2192 669">
    <p class='ocr_par' dir='ltr' id='par_1_3' title="bbox 608 597 2192 669">
     <span class='ocr_line' id='line_1_3' title="bbox 608 597 2192 669; baseline -0.008 -4"><span class='ocrx_word' id='word_1_21' title='bbox 608 622 732 665; x_wconf 82' lang='lat' dir='ltr'><strong>rum</strong></span> <span class='ocrx_word' id='word_1_22' title='bbox 757 612 1091 662; x_wconf 89' lang='lat' dir='ltr'><strong>vetustorum</strong></span> <span class='ocrx_word' id='word_1_23' title='bbox 1122 603 1178 658; x_wconf 90' lang='lat' dir='ltr'><strong>in</strong></span> <span class='ocrx_word' id='word_1_24' title='bbox 1206 601 1445 659; x_wconf 84' lang='lat' dir='ltr'><strong>Ecclesia</strong></span> <span class='ocrx_word' id='word_1_25' title='bbox 1477 600 1723 657; x_wconf 81' lang='lat' dir='ltr'><strong>Romana</strong></span> <span class='ocrx_word' id='word_1_26' title='bbox 1770 600 1838 655; x_wconf 91' lang='lat' dir='ltr'><strong>ab</strong></span> <span class='ocrx_word' id='word_1_27' title='bbox 1870 606 2028 654; x_wconf 91' lang='lat' dir='ltr'><strong>atate</strong></span> <span class='ocrx_word' id='word_1_28' title='bbox 2056 597 2192 669; x_wconf 61' lang='lat' dir='ltr'><strong>llipe&#39;g</strong></span> 
     </span>
    </p>
   </div>
   <div class='ocr_carea' id='block_1_4' title="bbox 609 689 2192 771">
    <p class='ocr_par' dir='ltr' id='par_1_4' title="bbox 609 689 2192 771">
     <span class='ocr_line' id='line_1_4' title="bbox 609 689 2192 771; baseline -0.004 -19"><span class='ocrx_word' id='word_1_29' title='bbox 609 697 778 771; x_wconf 89' lang='lat' dir='ltr'><strong>polyti</strong></span> <span class='ocrx_word' id='word_1_30' title='bbox 828 697 1083 768; x_wconf 88' lang='lat' dir='ltr'><strong>martyris</strong></span> <span class='ocrx_word' id='word_1_31' title='bbox 1134 695 1202 751; x_wconf 89' lang='lat' dir='ltr'><strong>ad</strong></span> <span class='ocrx_word' id='word_1_32' title='bbox 1251 692 1571 764; x_wconf 82' lang='lat' dir='ltr'><strong>Gregorium</strong></span> <span class='ocrx_word' id='word_1_33' title='bbox 1624 691 1876 755; x_wconf 91' lang='lat' dir='ltr'><strong>tertium,</strong></span> <span class='ocrx_word' id='word_1_34' title='bbox 1936 689 2037 746; x_wconf 85' lang='lat' dir='ltr'><strong>sub</strong></span> <span class='ocrx_word' id='word_1_35' title='bbox 2084 704 2192 760; x_wconf 92' lang='lat' dir='ltr'><strong>quo</strong></span> 
     </span>
    </p>
   </div>
   <div class='ocr_carea' id='block_1_5' title="bbox 608 779 2189 857">
    <p class='ocr_par' dir='ltr' id='par_1_5' title="bbox 608 779 2189 857">
     <span class='ocr_line' id='line_1_5' title="bbox 608 779 2189 857; baseline -0.008 -12"><span class='ocrx_word' id='word_1_36' title='bbox 608 789 749 846; x_wconf 88' lang='lat' dir='ltr'><strong>Vita</strong></span> <span class='ocrx_word' id='word_1_37' title='bbox 806 787 965 857; x_wconf 87' lang='lat' dir='ltr'><strong>hujus</strong></span> <span class='ocrx_word' id='word_1_38' title='bbox 1010 784 1342 843; x_wconf 88' lang='lat' dir='ltr'><strong>collectionis</strong></span> <span class='ocrx_word' id='word_1_39' title='bbox 1384 794 1510 839; x_wconf 87' lang='lat' dir='ltr'><strong>ante</strong></span> <span class='ocrx_word' id='word_1_40' title='bbox 1550 782 1895 839; x_wconf 84' lang='lat' dir='ltr'><strong>Anastasium</strong></span> <span class='ocrx_word' id='word_1_41' title='bbox 1944 779 2189 836; x_wconf 88' lang='lat' dir='ltr'><strong>conscri-</strong></span> 
     </span>
    </p>
   </div>
   <div class='ocr_carea' id='block_1_6' title="bbox 604 870 2189 949">
    <p class='ocr_par' dir='ltr' id='par_1_6' title="bbox 604 870 2189 949">
     <span class='ocr_line' id='line_1_6' title="bbox 604 870 2189 949; baseline -0.006 -13"><span class='ocrx_word' id='word_1_42' title='bbox 604 880 911 936; x_wconf 89' lang='lat' dir='ltr'><strong>bebantur:</strong></span> <span class='ocrx_word' id='word_1_43' title='bbox 941 894 1061 949; x_wconf 85' lang='lat' dir='ltr'><strong>qua</strong></span> <span class='ocrx_word' id='word_1_44' title='bbox 1090 878 1248 934; x_wconf 91' lang='lat' dir='ltr'><strong>nobis</strong></span> <span class='ocrx_word' id='word_1_45' title='bbox 1287 877 1544 933; x_wconf 75' lang='lat' dir='ltr'><strong>exhibent</strong></span> <span class='ocrx_word' id='word_1_46' title='bbox 1589 874 1909 931; x_wconf 87' lang='lat' dir='ltr'><strong>documenta</strong></span> <span class='ocrx_word' id='word_1_47' title='bbox 1957 870 2189 943; x_wconf 88' lang='lat' dir='ltr'><strong>genuina</strong></span> 
     </span>
    </p>
   </div>
   <div class='ocr_carea' id='block_1_7' title="bbox 604 961 2192 1041">
    <p class='ocr_par' dir='ltr' id='par_1_7' title="bbox 604 961 2192 1041">
     <span class='ocr_line' id='line_1_7' title="bbox 604 961 2192 1041; baseline -0.006 -15"><span class='ocrx_word' id='word_1_48' title='bbox 604 978 661 1026; x_wconf 90' lang='lat' dir='ltr'><strong>et</strong></span> <span class='ocrx_word' id='word_1_49' title='bbox 694 968 904 1041; x_wconf 88' lang='lat' dir='ltr'><strong>publica</strong></span> <span class='ocrx_word' id='word_1_50' title='bbox 943 967 1175 1040; x_wconf 88' lang='lat' dir='ltr'><strong>plurium</strong></span> <span class='ocrx_word' id='word_1_51' title='bbox 1224 975 1497 1038; x_wconf 86' lang='lat' dir='ltr'><strong>gestorum</strong></span> <span class='ocrx_word' id='word_1_52' title='bbox 1536 965 1591 1020; x_wconf 94' lang='lat' dir='ltr'><strong>in</strong></span> <span class='ocrx_word' id='word_1_53' title='bbox 1621 963 1864 1020; x_wconf 83' lang='lat' dir='ltr'><strong>conciliis</strong></span> <span class='ocrx_word' id='word_1_54' title='bbox 1914 961 2056 1032; x_wconf 85' lang='lat' dir='ltr'><strong>apud</strong></span> <span class='ocrx_word' id='word_1_55' title='bbox 2104 975 2192 1017; x_wconf 87' lang='lat' dir='ltr'><strong>se-</strong></span> 
     </span>
    </p>
   </div>
   <div class='ocr_carea' id='block_1_8' title="bbox 604 1058 2188 1133">
    <p class='ocr_par' dir='ltr' id='par_1_8' title="bbox 604 1058 2188 1133">
     <span class='ocr_line' id='line_1_8' title="bbox 604 1058 2188 1133; baseline -0.007 -14"><span class='ocrx_word' id='word_1_56' title='bbox 604 1063 729 1119; x_wconf 88' lang='lat' dir='ltr'><strong>dem</strong></span> <span class='ocrx_word' id='word_1_57' title='bbox 757 1061 1107 1133; x_wconf 84' lang='lat' dir='ltr'><strong>apostolicam</strong></span> <span class='ocrx_word' id='word_1_58' title='bbox 1133 1060 1441 1126; x_wconf 84' lang='lat' dir='ltr'><strong>celebratis,</strong></span> <span class='ocrx_word' id='word_1_59' title='bbox 1493 1073 1559 1113; x_wconf 92' lang='lat' dir='ltr'><strong>ac</strong></span> <span class='ocrx_word' id='word_1_60' title='bbox 1585 1058 1806 1113; x_wconf 89' lang='lat' dir='ltr'><strong>decreta</strong></span> <span class='ocrx_word' id='word_1_61' title='bbox 1852 1059 2188 1111; x_wconf 86' lang='lat' dir='ltr'><strong>summorum</strong></span> 
     </span>
    </p>
   </div>
   <div class='ocr_carea' id='block_1_9' title="bbox 602 1146 2188 1224">
    <p class='ocr_par' dir='ltr' id='par_1_9' title="bbox 602 1146 2188 1224">
     <span class='ocr_line' id='line_1_9' title="bbox 602 1146 2188 1224; baseline -0.003 -16"><span class='ocrx_word' id='word_1_62' title='bbox 602 1153 918 1224; x_wconf 73' lang='lat' dir='ltr'><strong>pontificum</strong></span> <span class='ocrx_word' id='word_1_63' title='bbox 971 1152 1224 1223; x_wconf 78' lang='lat' dir='ltr'><strong>legesque</strong></span> <span class='ocrx_word' id='word_1_64' title='bbox 1284 1150 1457 1206; x_wconf 88' lang='lat' dir='ltr'><strong>latas:</strong></span> <span class='ocrx_word' id='word_1_65' title='bbox 1515 1156 1570 1205; x_wconf 91' lang='lat' dir='ltr'><strong>et</strong></span> <span class='ocrx_word' id='word_1_66' title='bbox 1637 1157 1957 1203; x_wconf 86' lang='lat' dir='ltr'><strong>enumerant</strong></span> <span class='ocrx_word' id='word_1_67' title='bbox 2027 1146 2188 1216; x_wconf 86' lang='lat' dir='ltr'><strong>hujus</strong></span> 
     </span>
    </p>
   </div>
   <div class='ocr_carea' id='block_1_10' title="bbox 563 1237 2188 1315">
    <p class='ocr_par' dir='ltr' id='par_1_10' title="bbox 563 1237 2188 1315">
     <span class='ocr_line' id='line_1_10' title="bbox 563 1237 2188 1315; baseline -0.004 -16"><span class='ocrx_word' id='word_1_68' title='bbox 563 1243 858 1309; x_wconf 69' lang='lat' dir='ltr'><strong>,Ecclesiae</strong></span> <span class='ocrx_word' id='word_1_69' title='bbox 886 1243 1232 1315; x_wconf 79' lang='lat' dir='ltr'><strong>presbyteros</strong></span> <span class='ocrx_word' id='word_1_70' title='bbox 1275 1248 1331 1296; x_wconf 90' lang='lat' dir='ltr'><strong>et</strong></span> <span class='ocrx_word' id='word_1_71' title='bbox 1375 1241 1671 1305; x_wconf 89' lang='lat' dir='ltr'><strong>diaconos,</strong></span> <span class='ocrx_word' id='word_1_72' title='bbox 1702 1239 1793 1309; x_wconf 91' lang='lat' dir='ltr'><strong>qui</strong></span> <span class='ocrx_word' id='word_1_73' title='bbox 1835 1237 2054 1311; x_wconf 90' lang='lat' dir='ltr'><strong>synodis</strong></span> <span class='ocrx_word' id='word_1_74' title='bbox 2106 1239 2188 1292; x_wconf 86' lang='lat' dir='ltr'><strong>in-</strong></span> 
     </span>
    </p>
   </div>
   <div class='ocr_carea' id='block_1_11' title="bbox 565 1320 2184 1405">
    <p class='ocr_par' dir='ltr' id='par_1_11' title="bbox 565 1320 2184 1405">
     <span class='ocr_line' id='line_1_11' title="bbox 565 1320 2184 1405; baseline -0.005 -14"><span class='ocrx_word' id='word_1_75' title='bbox 565 1320 944 1392; x_wconf 39' lang='lat' dir='ltr'><strong>&#39;terfuerunt:</strong></span> <span class='ocrx_word' id='word_1_76' title='bbox 976 1343 1035 1388; x_wconf 89' lang='lat' dir='ltr'><strong>ut</strong></span> <span class='ocrx_word' id='word_1_77' title='bbox 1061 1334 1217 1405; x_wconf 83' lang='lat' dir='ltr'><strong>plane</strong></span> <span class='ocrx_word' id='word_1_78' title='bbox 1255 1342 1505 1388; x_wconf 87' lang='lat' dir='ltr'><strong>constare</strong></span> <span class='ocrx_word' id='word_1_79' title='bbox 1546 1330 1718 1401; x_wconf 90' lang='lat' dir='ltr'><strong>possit</strong></span> <span class='ocrx_word' id='word_1_80' title='bbox 1755 1328 2014 1400; x_wconf 88' lang='lat' dir='ltr'><strong>pleraque</strong></span> <span class='ocrx_word' id='word_1_81' title='bbox 2046 1326 2184 1383; x_wconf 87' lang='lat' dir='ltr'><strong>facta</strong></span> 
     </span>
    </p>
   </div>
   <div class='ocr_carea' id='block_1_12' title="bbox 600 1420 2183 1494">
    <p class='ocr_par' dir='ltr' id='par_1_12' title="bbox 600 1420 2183 1494">
     <span class='ocr_line' id='line_1_12' title="bbox 600 1420 2183 1494; baseline -0.004 -13"><span class='ocrx_word' id='word_1_82' title='bbox 600 1426 875 1481; x_wconf 78' lang='lat' dir='ltr'><strong>enuntiata</strong></span> <span class='ocrx_word' id='word_1_83' title='bbox 906 1425 963 1479; x_wconf 92' lang='lat' dir='ltr'><strong>in</strong></span> <span class='ocrx_word' id='word_1_84' title='bbox 991 1424 1094 1480; x_wconf 88' lang='lat' dir='ltr'><strong>hoc</strong></span> <span class='ocrx_word' id='word_1_85' title='bbox 1117 1423 1280 1479; x_wconf 90' lang='lat' dir='ltr'><strong>Libro</strong></span> <span class='ocrx_word' id='word_1_86' title='bbox 1304 1423 1604 1478; x_wconf 87' lang='lat' dir='ltr'><strong>Pontilicali</strong></span> <span class='ocrx_word' id='word_1_87' title='bbox 1634 1423 1875 1494; x_wconf 90' lang='lat' dir='ltr'><strong>potuisse</strong></span> <span class='ocrx_word' id='word_1_88' title='bbox 1916 1420 2030 1489; x_wconf 88' lang='lat' dir='ltr'><strong>jam</strong></span> <span class='ocrx_word' id='word_1_89' title='bbox 2071 1430 2183 1476; x_wconf 89' lang='lat' dir='ltr'><strong>tum</strong></span> 
     </span>
    </p>
   </div>
   <div class='ocr_carea' id='block_1_13' title="bbox 598 1512 2238 1591">
    <p class='ocr_par' dir='ltr' id='par_1_13' title="bbox 598 1512 2238 1591">
     <span class='ocr_line' id='line_1_13' title="bbox 598 1512 2238 1591; baseline -0.002 -17"><span class='ocrx_word' id='word_1_90' title='bbox 598 1519 851 1576; x_wconf 80' lang='lat' dir='ltr'><strong>falsitatis</strong></span> <span class='ocrx_word' id='word_1_91' title='bbox 879 1518 1125 1590; x_wconf 78' lang='lat' dir='ltr'><strong>redargui</strong></span> <span class='ocrx_word' id='word_1_92' title='bbox 1153 1518 1389 1591; x_wconf 24' lang='lat' dir='ltr'><strong>publico;</strong></span> <span class='ocrx_word' id='word_1_93' title='bbox 1413 1518 1722 1575; x_wconf 89' lang='lat' dir='ltr'><strong>testimonio</strong></span> <span class='ocrx_word' id='word_1_94' title='bbox 1747 1558 1763 1585; x_wconf 92' lang='lat'><strong>,</strong></span> <span class='ocrx_word' id='word_1_95' title='bbox 1796 1518 1843 1573; x_wconf 89' lang='lat' dir='ltr'><strong>si</strong></span> <span class='ocrx_word' id='word_1_96' title='bbox 1885 1526 2074 1574; x_wconf 89' lang='lat' dir='ltr'><strong>contra</strong></span> <span class='ocrx_word' id='word_1_97' title='bbox 2122 1517 2180 1572; x_wconf 56' lang='lat' dir='ltr'><strong>lic</strong></span> <span class='ocrx_word' id='word_1_98' title='bbox 2227 1512 2238 1531; x_wconf 78' lang='grc'>¹</span> 
     </span>
    </p>
   </div>
   <div class='ocr_carea' id='block_1_14' title="bbox 598 1610 2179 1681">
    <p class='ocr_par' dir='ltr' id='par_1_14' title="bbox 598 1610 2179 1681">
     <span class='ocr_line' id='line_1_14' title="bbox 598 1610 2179 1681; baseline -0.002 -15"><span class='ocrx_word' id='word_1_99' title='bbox 598 1613 720 1666; x_wconf 71' lang='lat' dir='ltr'><strong>(lem</strong></span> <span class='ocrx_word' id='word_1_100' title='bbox 760 1613 1074 1667; x_wconf 89' lang='lat' dir='ltr'><strong>eorumdem</strong></span> <span class='ocrx_word' id='word_1_101' title='bbox 1120 1619 1593 1666; x_wconf 89' lang='lat' dir='ltr'><strong>monumentorum</strong></span> <span class='ocrx_word' id='word_1_102' title='bbox 1626 1610 1933 1681; x_wconf 90' lang='lat' dir='ltr'><strong>conscripta</strong></span> <span class='ocrx_word' id='word_1_103' title='bbox 1982 1611 2179 1665; x_wconf 83' lang='lat' dir='ltr'><strong>forent.</strong></span> 
     </span>
    </p>
   </div>
   <div class='ocr_carea' id='block_1_15' title="bbox 666 1702 2182 1787">
    <p class='ocr_par' dir='ltr' id='par_1_15' title="bbox 666 1702 2182 1787">
     <span class='ocr_line' id='line_1_15' title="bbox 666 1702 2182 1787; baseline -0.003 -27"><span class='ocrx_word' id='word_1_104' title='bbox 666 1703 758 1760; x_wconf 76' lang='lat'><strong>59.</strong></span> <span class='ocrx_word' id='word_1_105' title='bbox 796 1703 986 1787; x_wconf 88' lang='lat' dir='ltr'><strong>Liceat</strong></span> <span class='ocrx_word' id='word_1_106' title='bbox 1029 1703 1118 1759; x_wconf 92' lang='lat' dir='ltr'><strong>hic</strong></span> <span class='ocrx_word' id='word_1_107' title='bbox 1142 1703 1318 1759; x_wconf 88' lang='lat' dir='ltr'><strong>obiter</strong></span> <span class='ocrx_word' id='word_1_108' title='bbox 1355 1702 1595 1759; x_wconf 90' lang='lat' dir='ltr'><strong>indicare</strong></span> <span class='ocrx_word' id='word_1_109' title='bbox 1624 1711 1884 1773; x_wconf 88' lang='lat' dir='ltr'><strong>quantum</strong></span> <span class='ocrx_word' id='word_1_110' title='bbox 1932 1710 2182 1758; x_wconf 90' lang='lat' dir='ltr'><strong>auctora-</strong></span> 
     </span>
    </p>
   </div>
   <div class='ocr_carea' id='block_1_16' title="bbox 594 1790 2181 1850">
    <p class='ocr_par' dir='ltr' id='par_1_16' title="bbox 594 1790 2181 1850">
     <span class='ocr_line' id='line_1_16' title="bbox 594 1790 2181 1850; baseline -0.002 -1"><span class='ocrx_word' id='word_1_111' title='bbox 594 1794 764 1849; x_wconf 90' lang='lat' dir='ltr'><strong>menti</strong></span> <span class='ocrx_word' id='word_1_112' title='bbox 815 1792 1107 1850; x_wconf 87' lang='lat' dir='ltr'><strong>concilient</strong></span> <span class='ocrx_word' id='word_1_113' title='bbox 1154 1792 1397 1848; x_wconf 89' lang='lat' dir='ltr'><strong>historia</strong></span> <span class='ocrx_word' id='word_1_114' title='bbox 1466 1791 1616 1849; x_wconf 88' lang='lat' dir='ltr'><strong>Libri</strong></span> <span class='ocrx_word' id='word_1_115' title='bbox 1669 1790 2001 1847; x_wconf 88' lang='lat' dir='ltr'><strong>Pontificalis</strong></span> <span class='ocrx_word' id='word_1_116' title='bbox 2064 1791 2181 1847; x_wconf 90' lang='lat' dir='ltr'><strong>hac</strong></span> 
     </span>
    </p>
   </div>
   <div class='ocr_carea' id='block_1_17' title="bbox 594 1883 2254 1957">
    <p class='ocr_par' dir='ltr' id='par_1_17' title="bbox 594 1883 2254 1957">
     <span class='ocr_line' id='line_1_17' title="bbox 594 1883 2254 1957; baseline -0.001 -16"><span class='ocrx_word' id='word_1_117' title='bbox 594 1895 944 1942; x_wconf 86' lang='lat' dir='ltr'><strong>monumenta</strong></span> <span class='ocrx_word' id='word_1_118' title='bbox 965 1924 979 1951; x_wconf 93' lang='lat'><strong>,</strong></span> <span class='ocrx_word' id='word_1_119' title='bbox 1007 1900 1127 1955; x_wconf 75' lang='lat' dir='ltr'><strong>qua</strong></span> <span class='ocrx_word' id='word_1_120' title='bbox 1158 1883 1281 1956; x_wconf 90' lang='lat' dir='ltr'><strong>styli</strong></span> <span class='ocrx_word' id='word_1_121' title='bbox 1315 1884 1623 1941; x_wconf 85' lang='lat' dir='ltr'><strong>barbariem</strong></span> <span class='ocrx_word' id='word_1_122' title='bbox 1656 1883 2012 1955; x_wconf 86' lang='lat' dir='ltr'><strong>praseferunt</strong></span> <span class='ocrx_word' id='word_1_123' title='bbox 2051 1896 2179 1955; x_wconf 87' lang='lat' dir='ltr'><strong>pro-</strong></span> <span class='ocrx_word' id='word_1_124' title='bbox 2203 1894 2254 1957; x_wconf 75' lang='grc' dir='ltr'><strong>Β</strong></span> 
     </span>
    </p>
   </div>
   <div class='ocr_carea' id='block_1_18' title="bbox 593 1977 2180 2050">
    <p class='ocr_par' dir='ltr' id='par_1_18' title="bbox 593 1977 2180 2050">
     <span class='ocr_line' id='line_1_18' title="bbox 593 1977 2180 2050; baseline 0.001 -19"><span class='ocrx_word' id='word_1_125' title='bbox 593 1979 771 2049; x_wconf 85' lang='lat' dir='ltr'><strong>priam</strong></span> <span class='ocrx_word' id='word_1_126' title='bbox 806 1978 949 2034; x_wconf 89' lang='lat' dir='ltr'><strong>illius</strong></span> <span class='ocrx_word' id='word_1_127' title='bbox 990 1978 1184 2044; x_wconf 88' lang='lat' dir='ltr'><strong>atatis,</strong></span> <span class='ocrx_word' id='word_1_128' title='bbox 1223 1994 1329 2050; x_wconf 89' lang='lat' dir='ltr'><strong>qua</strong></span> <span class='ocrx_word' id='word_1_129' title='bbox 1359 1979 1459 2034; x_wconf 88' lang='lat' dir='ltr'><strong>sub</strong></span> <span class='ocrx_word' id='word_1_130' title='bbox 1481 1977 1756 2048; x_wconf 81' lang='lat' dir='ltr'><strong>Gregoriis</strong></span> <span class='ocrx_word' id='word_1_131' title='bbox 1782 1978 1825 2033; x_wconf 91' lang='lat' dir='ltr'><strong>ll</strong></span> <span class='ocrx_word' id='word_1_132' title='bbox 1869 1986 1926 2033; x_wconf 91' lang='lat' dir='ltr'><strong>et</strong></span> <span class='ocrx_word' id='word_1_133' title='bbox 1948 1977 2016 2033; x_wconf 90' lang='lat' dir='ltr'><strong>lll</strong></span> <span class='ocrx_word' id='word_1_134' title='bbox 2042 1977 2180 2034; x_wconf 83' lang='lat' dir='ltr'><strong>Vita</strong></span> 
     </span>
    </p>
   </div>
   <div class='ocr_carea' id='block_1_19' title="bbox 593 2058 2270 2141">
    <p class='ocr_par' dir='ltr' id='par_1_19' title="bbox 593 2058 2270 2141">
     <span class='ocr_line' id='line_1_19' title="bbox 593 2058 2270 2141; baseline 0.001 -18"><span class='ocrx_word' id='word_1_135' title='bbox 593 2068 910 2137; x_wconf 88' lang='lat' dir='ltr'><strong>pontificum</strong></span> <span class='ocrx_word' id='word_1_136' title='bbox 962 2068 1353 2140; x_wconf 87' lang='lat' dir='ltr'><strong>colligebantur</strong></span> <span class='ocrx_word' id='word_1_137' title='bbox 1394 2086 1463 2125; x_wconf 80' lang='lat' dir='ltr'><strong>ex</strong></span> <span class='ocrx_word' id='word_1_138' title='bbox 1508 2070 1766 2141; x_wconf 89' lang='lat' dir='ltr'><strong>catalogis</strong></span> <span class='ocrx_word' id='word_1_139' title='bbox 1797 2078 1853 2125; x_wconf 87' lang='lat' dir='ltr'><strong>et</strong></span> <span class='ocrx_word' id='word_1_140' title='bbox 1899 2067 2178 2124; x_wconf 87' lang='lat' dir='ltr'><strong>tabulariis</strong></span> <span class='ocrx_word' id='word_1_141' title='bbox 2264 2058 2270 2067; x_wconf 57' lang='grc'><strong>“</strong></span> 
     </span>
    </p>
   </div>
   <div class='ocr_carea' id='block_1_20' title="bbox 598 2159 2271 2231">
    <p class='ocr_par' dir='ltr' id='par_1_20' title="bbox 598 2159 2271 2231">
     <span class='ocr_line' id='line_1_20' title="bbox 598 2159 2271 2231; baseline -0.001 -15"><span class='ocrx_word' id='word_1_142' title='bbox 598 2169 904 2231; x_wconf 84' lang='lat' dir='ltr'><strong>temporum</strong></span> <span class='ocrx_word' id='word_1_143' title='bbox 934 2161 1294 2231; x_wconf 89' lang='lat' dir='ltr'><strong>superiorum.</strong></span> <span class='ocrx_word' id='word_1_144' title='bbox 1325 2160 1442 2217; x_wconf 88' lang='lat' dir='ltr'><strong>Una</strong></span> <span class='ocrx_word' id='word_1_145' title='bbox 1472 2160 1780 2231; x_wconf 88' lang='lat' dir='ltr'><strong>inscriptio,</strong></span> <span class='ocrx_word' id='word_1_146' title='bbox 1808 2174 1970 2230; x_wconf 92' lang='lat' dir='ltr'><strong>quam</strong></span> <span class='ocrx_word' id='word_1_147' title='bbox 2017 2159 2178 2214; x_wconf 91' lang='lat' dir='ltr'><strong>modo</strong></span> <span class='ocrx_word' id='word_1_148' title='bbox 2260 2160 2271 2172; x_wconf 85' lang='lat'><strong><em>&#39;</em></strong></span> 
     </span>
    </p>
   </div>
   <div class='ocr_carea' id='block_1_21' title="bbox 591 2250 2180 2323">
    <p class='ocr_par' dir='ltr' id='par_1_21' title="bbox 591 2250 2180 2323">
     <span class='ocr_line' id='line_1_21' title="bbox 591 2250 2180 2323; baseline 0.001 -17"><span class='ocrx_word' id='word_1_149' title='bbox 591 2250 894 2317; x_wconf 88' lang='lat' dir='ltr'><strong>retulimus,</strong></span> <span class='ocrx_word' id='word_1_150' title='bbox 925 2252 1000 2306; x_wconf 90' lang='lat' dir='ltr'><strong>ita</strong></span> <span class='ocrx_word' id='word_1_151' title='bbox 1028 2251 1361 2323; x_wconf 77' lang='lat' dir='ltr'><strong>negligenter</strong></span> <span class='ocrx_word' id='word_1_152' title='bbox 1390 2261 1577 2307; x_wconf 88' lang='lat' dir='ltr'><strong>curata</strong></span> <span class='ocrx_word' id='word_1_153' title='bbox 1610 2251 1679 2307; x_wconf 90' lang='lat' dir='ltr'><strong>ab</strong></span> <span class='ocrx_word' id='word_1_154' title='bbox 1709 2251 1800 2307; x_wconf 90' lang='lat' dir='ltr'><strong>illo</strong></span> <span class='ocrx_word' id='word_1_155' title='bbox 1829 2252 1920 2323; x_wconf 89' lang='lat' dir='ltr'><strong>qui</strong></span> <span class='ocrx_word' id='word_1_156' title='bbox 1946 2259 2180 2322; x_wconf 85' lang='lat' dir='ltr'><strong>praerat</strong></span> 
     </span>
    </p>
   </div>
   <div class='ocr_carea' id='block_1_22' title="bbox 587 2339 2179 2416">
    <p class='ocr_par' dir='ltr' id='par_1_22' title="bbox 587 2339 2179 2416">
     <span class='ocr_line' id='line_1_22' title="bbox 587 2339 2179 2416; baseline 0.003 -21"><span class='ocrx_word' id='word_1_157' title='bbox 587 2339 866 2407; x_wconf 86' lang='lat' dir='ltr'><strong>incisioni,</strong></span> <span class='ocrx_word' id='word_1_158' title='bbox 901 2342 1016 2398; x_wconf 87' lang='lat' dir='ltr'><strong>sive</strong></span> <span class='ocrx_word' id='word_1_159' title='bbox 1067 2344 1312 2399; x_wconf 89' lang='lat' dir='ltr'><strong>notarius</strong></span> <span class='ocrx_word' id='word_1_160' title='bbox 1362 2342 1544 2409; x_wconf 88' lang='lat' dir='ltr'><strong>fuerit,</strong></span> <span class='ocrx_word' id='word_1_161' title='bbox 1584 2344 1701 2400; x_wconf 82' lang='lat' dir='ltr'><strong>sive</strong></span> <span class='ocrx_word' id='word_1_162' title='bbox 1749 2344 2070 2416; x_wconf 85' lang='lat' dir='ltr'><strong>praepositus</strong></span> <span class='ocrx_word' id='word_1_163' title='bbox 2098 2343 2179 2401; x_wconf 82' lang='lat' dir='ltr'><strong>fa-</strong></span> 
     </span>
    </p>
   </div>
   <div class='ocr_carea' id='block_1_23' title="bbox 595 2431 2180 2507">
    <p class='ocr_par' dir='ltr' id='par_1_23' title="bbox 595 2431 2180 2507">
     <span class='ocr_line' id='line_1_23' title="bbox 595 2431 2180 2507; baseline 0.001 -18"><span class='ocrx_word' id='word_1_164' title='bbox 595 2431 783 2500; x_wconf 84' lang='lat' dir='ltr'><strong>brica,</strong></span> <span class='ocrx_word' id='word_1_165' title='bbox 812 2432 927 2489; x_wconf 86' lang='lat' dir='ltr'><strong>sive</strong></span> <span class='ocrx_word' id='word_1_166' title='bbox 951 2433 1088 2489; x_wconf 89' lang='lat' dir='ltr'><strong>alius</strong></span> <span class='ocrx_word' id='word_1_167' title='bbox 1120 2434 1439 2491; x_wconf 86' lang='lat' dir='ltr'><strong>administer</strong></span> <span class='ocrx_word' id='word_1_168' title='bbox 1466 2434 1722 2502; x_wconf 88' lang='lat' dir='ltr'><strong>basilica,</strong></span> <span class='ocrx_word' id='word_1_169' title='bbox 1761 2437 1886 2490; x_wconf 87' lang='lat' dir='ltr'><strong>dum</strong></span> <span class='ocrx_word' id='word_1_170' title='bbox 1923 2450 2023 2507; x_wconf 88' lang='lat' dir='ltr'><strong>per</strong></span> <span class='ocrx_word' id='word_1_171' title='bbox 2066 2435 2180 2491; x_wconf 88' lang='lat' dir='ltr'><strong>sin-</strong></span> 
     </span>
    </p>
   </div>
   <div class='ocr_carea' id='block_1_24' title="bbox 593 2524 2178 2600">
    <p class='ocr_par' dir='ltr' id='par_1_24' title="bbox 593 2524 2178 2600">
     <span class='ocr_line' id='line_1_24' title="bbox 593 2524 2178 2600; baseline 0.001 -19"><span class='ocrx_word' id='word_1_172' title='bbox 593 2524 752 2600; x_wconf 78' lang='lat' dir='ltr'><strong>gulos</strong></span> <span class='ocrx_word' id='word_1_173' title='bbox 780 2524 953 2582; x_wconf 89' lang='lat' dir='ltr'><strong>ferme</strong></span> <span class='ocrx_word' id='word_1_174' title='bbox 979 2541 1168 2583; x_wconf 89' lang='lat' dir='ltr'><strong>versus</strong></span> <span class='ocrx_word' id='word_1_175' title='bbox 1193 2527 1247 2581; x_wconf 90' lang='lat' dir='ltr'><strong>in</strong></span> <span class='ocrx_word' id='word_1_176' title='bbox 1274 2527 1488 2599; x_wconf 91' lang='lat' dir='ltr'><strong>regulas</strong></span> <span class='ocrx_word' id='word_1_177' title='bbox 1513 2527 1893 2599; x_wconf 85' lang='lat' dir='ltr'><strong>grammatices</strong></span> <span class='ocrx_word' id='word_1_178' title='bbox 1922 2526 2178 2597; x_wconf 91' lang='lat' dir='ltr'><strong>frequen-</strong></span> 
     </span>
    </p>
   </div>
   <div class='ocr_carea' id='block_1_25' title="bbox 583 2616 2177 2688">
    <p class='ocr_par' dir='ltr' id='par_1_25' title="bbox 583 2616 2177 2688">
     <span class='ocr_line' id='line_1_25' title="bbox 583 2616 2177 2688; baseline -0.001 -14"><span class='ocrx_word' id='word_1_179' title='bbox 583 2623 674 2675; x_wconf 79' lang='lat' dir='ltr'><strong>ter</strong></span> <span class='ocrx_word' id='word_1_180' title='bbox 717 2624 774 2672; x_wconf 90' lang='lat' dir='ltr'><strong>et</strong></span> <span class='ocrx_word' id='word_1_181' title='bbox 827 2616 1065 2687; x_wconf 81' lang='lat' dir='ltr'><strong>graviter</strong></span> <span class='ocrx_word' id='word_1_182' title='bbox 1111 2626 1338 2688; x_wconf 86' lang='lat' dir='ltr'><strong>peccat,</strong></span> <span class='ocrx_word' id='word_1_183' title='bbox 1388 2619 1571 2673; x_wconf 77' lang='lat' dir='ltr'><strong>vivum</strong></span> <span class='ocrx_word' id='word_1_184' title='bbox 1621 2618 1854 2673; x_wconf 90' lang='lat' dir='ltr'><strong>colorem</strong></span> <span class='ocrx_word' id='word_1_185' title='bbox 1919 2617 2177 2688; x_wconf 83' lang='lat' dir='ltr'><strong>exprimit</strong></span> 
     </span>
    </p>
   </div>
   <div class='ocr_carea' id='block_1_26' title="bbox 586 2705 2178 2782">
    <p class='ocr_par' dir='ltr' id='par_1_26' title="bbox 586 2705 2178 2782">
     <span class='ocr_line' id='line_1_26' title="bbox 586 2705 2178 2782; baseline 0 -16"><span class='ocrx_word' id='word_1_186' title='bbox 586 2705 825 2766; x_wconf 77' lang='lat' dir='ltr'><strong>infelicis</strong></span> <span class='ocrx_word' id='word_1_187' title='bbox 866 2708 1009 2764; x_wconf 89' lang='lat' dir='ltr'><strong>illius</strong></span> <span class='ocrx_word' id='word_1_188' title='bbox 1071 2709 1287 2765; x_wconf 85' lang='lat' dir='ltr'><strong>atatis:</strong></span> <span class='ocrx_word' id='word_1_189' title='bbox 1342 2724 1504 2780; x_wconf 89' lang='lat' dir='ltr'><strong>quam</strong></span> <span class='ocrx_word' id='word_1_190' title='bbox 1558 2709 1901 2782; x_wconf 85' lang='lat' dir='ltr'><strong>Langobardi</strong></span> <span class='ocrx_word' id='word_1_191' title='bbox 1968 2711 2178 2768; x_wconf 89' lang='lat' dir='ltr'><strong>duobus</strong></span> 
     </span>
    </p>
   </div>
   <div class='ocr_carea' id='block_1_27' title="bbox 583 2797 2176 2874">
    <p class='ocr_par' dir='ltr' id='par_1_27' title="bbox 583 2797 2176 2874">
     <span class='ocr_line' id='line_1_27' title="bbox 583 2797 2176 2874; baseline 0.003 -20"><span class='ocrx_word' id='word_1_192' title='bbox 583 2797 760 2854; x_wconf 79' lang='lat' dir='ltr'><strong>ferme</strong></span> <span class='ocrx_word' id='word_1_193' title='bbox 815 2799 1027 2856; x_wconf 85' lang='lat' dir='ltr'><strong>saculis</strong></span> <span class='ocrx_word' id='word_1_194' title='bbox 1074 2801 1460 2858; x_wconf 88' lang='lat' dir='ltr'><strong>dominationis</strong></span> <span class='ocrx_word' id='word_1_195' title='bbox 1506 2801 1561 2856; x_wconf 93' lang='lat' dir='ltr'><strong>in</strong></span> <span class='ocrx_word' id='word_1_196' title='bbox 1606 2801 1759 2856; x_wconf 86' lang='lat' dir='ltr'><strong>Italia</strong></span> <span class='ocrx_word' id='word_1_197' title='bbox 1821 2801 2049 2874; x_wconf 83' lang='lat' dir='ltr'><strong>expletis</strong></span> <span class='ocrx_word' id='word_1_198' title='bbox 2101 2804 2176 2859; x_wconf 87' lang='lat' dir='ltr'><strong>ita</strong></span> 
     </span>
    </p>
   </div>
   <div class='ocr_carea' id='block_1_28' title="bbox 583 2890 2174 2963">
    <p class='ocr_par' dir='ltr' id='par_1_28' title="bbox 583 2890 2174 2963">
     <span class='ocr_line' id='line_1_28' title="bbox 583 2890 2174 2963; baseline 0.002 -15"><span class='ocrx_word' id='word_1_199' title='bbox 583 2891 853 2963; x_wconf 88' lang='lat' dir='ltr'><strong>hospitem</strong></span> <span class='ocrx_word' id='word_1_200' title='bbox 880 2890 1170 2948; x_wconf 73' lang='lat' dir='ltr'><strong>effecerant</strong></span> <span class='ocrx_word' id='word_1_201' title='bbox 1205 2891 1412 2948; x_wconf 86' lang='lat' dir='ltr'><strong>Latina</strong></span> <span class='ocrx_word' id='word_1_202' title='bbox 1443 2892 1762 2960; x_wconf 91' lang='lat' dir='ltr'><strong>locutionis,</strong></span> <span class='ocrx_word' id='word_1_203' title='bbox 1808 2902 1869 2948; x_wconf 86' lang='lat' dir='ltr'><strong>ut</strong></span> <span class='ocrx_word' id='word_1_204' title='bbox 1917 2894 2174 2951; x_wconf 81' lang='lat' dir='ltr'><strong>Actorum</strong></span> 
     </span>
    </p>
   </div>
   <div class='ocr_carea' id='block_1_29' title="bbox 583 2981 2173 3055">
    <p class='ocr_par' dir='ltr' id='par_1_29' title="bbox 583 2981 2173 3055">
     <span class='ocr_line' id='line_1_29' title="bbox 583 2981 2173 3055; baseline 0.003 -18"><span class='ocrx_word' id='word_1_205' title='bbox 583 2981 927 3051; x_wconf 89' lang='lat' dir='ltr'><strong>publicorum</strong></span> <span class='ocrx_word' id='word_1_206' title='bbox 969 2992 1310 3053; x_wconf 79' lang='lat' dir='ltr'><strong>exceptores,</strong></span> <span class='ocrx_word' id='word_1_207' title='bbox 1346 2990 1408 3038; x_wconf 92' lang='lat' dir='ltr'><strong>ut</strong></span> <span class='ocrx_word' id='word_1_208' title='bbox 1454 2999 1640 3055; x_wconf 89' lang='lat' dir='ltr'><strong>regum</strong></span> <span class='ocrx_word' id='word_1_209' title='bbox 1684 2985 1925 3055; x_wconf 90' lang='lat' dir='ltr'><strong>ipsorum</strong></span> <span class='ocrx_word' id='word_1_210' title='bbox 1974 2986 2173 3041; x_wconf 88' lang='lat' dir='ltr'><strong>notarii</strong></span> 
     </span>
    </p>
   </div>
   <div class='ocr_carea' id='block_1_30' title="bbox 586 3073 2167 3146">
    <p class='ocr_par' dir='ltr' id='par_1_30' title="bbox 586 3073 2167 3146">
     <span class='ocr_line' id='line_1_30' title="bbox 586 3073 2167 3146; baseline 0.003 -17"><span class='ocrx_word' id='word_1_211' title='bbox 586 3088 652 3130; x_wconf 86' lang='lat' dir='ltr'><strong>ac</strong></span> <span class='ocrx_word' id='word_1_212' title='bbox 681 3073 1029 3144; x_wconf 89' lang='lat' dir='ltr'><strong>diplomatum</strong></span> <span class='ocrx_word' id='word_1_213' title='bbox 1069 3075 1315 3146; x_wconf 86' lang='lat' dir='ltr'><strong>magistri</strong></span> <span class='ocrx_word' id='word_1_214' title='bbox 1360 3074 1528 3130; x_wconf 87' lang='lat' dir='ltr'><strong>nihilo</strong></span> <span class='ocrx_word' id='word_1_215' title='bbox 1555 3076 1854 3132; x_wconf 90' lang='lat' dir='ltr'><strong>correctius</strong></span> <span class='ocrx_word' id='word_1_216' title='bbox 1877 3076 2167 3133; x_wconf 90' lang='lat' dir='ltr'><strong>dictarent.</strong></span> 
     </span>
    </p>
   </div>
   <div class='ocr_carea' id='block_1_31' title="bbox 581 3163 2170 3234">
    <p class='ocr_par' dir='ltr' id='par_1_31' title="bbox 581 3163 2170 3234">
     <span class='ocr_line' id='line_1_31' title="bbox 581 3163 2170 3234; baseline 0.003 -15"><span class='ocrx_word' id='word_1_217' title='bbox 581 3163 903 3234; x_wconf 82' lang='lat' dir='ltr'><strong>Exemplum</strong></span> <span class='ocrx_word' id='word_1_218' title='bbox 929 3164 1067 3219; x_wconf 86' lang='lat' dir='ltr'><strong>dabo</strong></span> <span class='ocrx_word' id='word_1_219' title='bbox 1096 3179 1159 3220; x_wconf 84' lang='lat' dir='ltr'><strong>ex</strong></span> <span class='ocrx_word' id='word_1_220' title='bbox 1191 3165 1456 3221; x_wconf 89' lang='lat' dir='ltr'><strong>tabulario</strong></span> <span class='ocrx_word' id='word_1_221' title='bbox 1483 3168 1790 3222; x_wconf 86' lang='lat' dir='ltr'><strong>monasterii</strong></span> <span class='ocrx_word' id='word_1_222' title='bbox 1819 3166 1946 3223; x_wconf 90' lang='lat' dir='ltr'><strong>olim</strong></span> <span class='ocrx_word' id='word_1_223' title='bbox 1979 3168 2170 3225; x_wconf 85' lang='lat' dir='ltr'><strong>Salva-</strong></span> 
     </span>
    </p>
   </div>
   <div class='ocr_carea' id='block_1_32' title="bbox 2296 591 3870 667">
    <p class='ocr_par' dir='ltr' id='par_1_32' title="bbox 2296 591 3870 667">
     <span class='ocr_line' id='line_1_32' title="bbox 2296 591 3870 667; baseline -0.004 -14"><span class='ocrx_word' id='word_1_224' title='bbox 2296 611 2415 667; x_wconf 87' lang='lat' dir='ltr'><strong>qua</strong></span> <span class='ocrx_word' id='word_1_225' title='bbox 2472 596 2771 667; x_wconf 89' lang='lat' dir='ltr'><strong>irruptione</strong></span> <span class='ocrx_word' id='word_1_226' title='bbox 2818 595 3220 652; x_wconf 90' lang='lat' dir='ltr'><strong>Saracenorum</strong></span> <span class='ocrx_word' id='word_1_227' title='bbox 3251 594 3414 650; x_wconf 90' lang='lat' dir='ltr'><strong>etiam</strong></span> <span class='ocrx_word' id='word_1_228' title='bbox 3459 592 3533 649; x_wconf 89' lang='lat' dir='ltr'><strong>ibi</strong></span> <span class='ocrx_word' id='word_1_229' title='bbox 3558 591 3870 650; x_wconf 77' lang='lat' dir='ltr'><strong>deformata</strong></span> 
     </span>
    </p>
   </div>
   <div class='ocr_carea' id='block_1_33' title="bbox 2294 683 3867 757">
    <p class='ocr_par' dir='ltr' id='par_1_33' title="bbox 2294 683 3867 757">
     <span class='ocr_line' id='line_1_33' title="bbox 2294 683 3867 757; baseline -0.003 -14"><span class='ocrx_word' id='word_1_230' title='bbox 2294 702 2359 744; x_wconf 91' lang='lat' dir='ltr'><strong>ac</strong></span> <span class='ocrx_word' id='word_1_231' title='bbox 2400 686 2571 744; x_wconf 81' lang='lat' dir='ltr'><strong>ferme</strong></span> <span class='ocrx_word' id='word_1_232' title='bbox 2608 688 2795 746; x_wconf 88' lang='lat' dir='ltr'><strong>deleta</strong></span> <span class='ocrx_word' id='word_1_233' title='bbox 2853 687 3088 754; x_wconf 89' lang='lat' dir='ltr'><strong>fuerant,</strong></span> <span class='ocrx_word' id='word_1_234' title='bbox 3111 696 3173 742; x_wconf 91' lang='lat' dir='ltr'><strong>ut</strong></span> <span class='ocrx_word' id='word_1_235' title='bbox 3212 684 3353 743; x_wconf 85' lang='lat' dir='ltr'><strong>infra</strong></span> <span class='ocrx_word' id='word_1_236' title='bbox 3382 686 3527 757; x_wconf 85' lang='lat' dir='ltr'><strong>leges</strong></span> <span class='ocrx_word' id='word_1_237' title='bbox 3555 686 3610 740; x_wconf 91' lang='lat' dir='ltr'><strong>in</strong></span> <span class='ocrx_word' id='word_1_238' title='bbox 3646 685 3779 741; x_wconf 83' lang='lat' dir='ltr'><strong>Vita</strong></span> <span class='ocrx_word' id='word_1_239' title='bbox 3818 683 3867 738; x_wconf 87' lang='lat' dir='ltr'><strong>S.</strong></span> 
     </span>
    </p>
   </div>
   <div class='ocr_carea' id='block_1_34' title="bbox 2292 775 3870 853">
    <p class='ocr_par' dir='ltr' id='par_1_34' title="bbox 2292 775 3870 853">
     <span class='ocr_line' id='line_1_34' title="bbox 2292 775 3870 853; baseline -0.004 -17"><span class='ocrx_word' id='word_1_240' title='bbox 2292 779 2557 853; x_wconf 88' lang='lat' dir='ltr'><strong>Gregorii,</strong></span> <span class='ocrx_word' id='word_1_241' title='bbox 2603 796 2757 837; x_wconf 92' lang='lat' dir='ltr'><strong>num.</strong></span> <span class='ocrx_word' id='word_1_242' title='bbox 2799 780 2925 848; x_wconf 73' lang='grc'><strong>182,</strong></span> <span class='ocrx_word' id='word_1_243' title='bbox 2950 789 3004 835; x_wconf 91' lang='lat' dir='ltr'><strong>et</strong></span> <span class='ocrx_word' id='word_1_244' title='bbox 3028 780 3478 853; x_wconf 86' lang='lat' dir='ltr'><strong>quemadmodum</strong></span> <span class='ocrx_word' id='word_1_245' title='bbox 3526 778 3584 833; x_wconf 92' lang='lat' dir='ltr'><strong>in</strong></span> <span class='ocrx_word' id='word_1_246' title='bbox 3638 775 3870 832; x_wconf 76' lang='lat' dir='ltr'><strong>Historia</strong></span> 
     </span>
    </p>
   </div>
   <div class='ocr_carea' id='block_1_35' title="bbox 2291 867 3871 943">
    <p class='ocr_par' dir='ltr' id='par_1_35' title="bbox 2291 867 3871 943">
     <span class='ocr_line' id='line_1_35' title="bbox 2291 867 3871 943; baseline -0.003 -17"><span class='ocrx_word' id='word_1_247' title='bbox 2291 870 2610 927; x_wconf 83' lang='lat' dir='ltr'><strong>Massiliensi</strong></span> <span class='ocrx_word' id='word_1_248' title='bbox 2637 871 2880 943; x_wconf 88' lang='lat' dir='ltr'><strong>deplorat</strong></span> <span class='ocrx_word' id='word_1_249' title='bbox 2906 869 3095 927; x_wconf 83' lang='lat' dir='ltr'><strong>Ruffus</strong></span> <span class='ocrx_word' id='word_1_250' title='bbox 3122 870 3217 927; x_wconf 89' lang='lat' dir='ltr'><strong>lib.</strong></span> <span class='ocrx_word' id='word_1_251' title='bbox 3240 885 3318 936; x_wconf 72' lang='grc' dir='ltr'><strong>ιι,</strong></span> <span class='ocrx_word' id='word_1_252' title='bbox 3346 883 3467 940; x_wconf 90' lang='lat' dir='ltr'><strong>cap.</strong></span> <span class='ocrx_word' id='word_1_253' title='bbox 3495 868 3547 936; x_wconf 88' lang='lat' dir='ltr'><strong>l,</strong></span> <span class='ocrx_word' id='word_1_254' title='bbox 3588 867 3871 939; x_wconf 84' lang='lat' dir='ltr'><strong>proferens</strong></span> 
     </span>
    </p>
   </div>
   <div class='ocr_carea' id='block_1_36' title="bbox 2290 958 3871 1034">
    <p class='ocr_par' dir='ltr' id='par_1_36' title="bbox 2290 958 3871 1034">
     <span class='ocr_line' id='line_1_36' title="bbox 2290 958 3871 1034; baseline -0.004 -15"><span class='ocrx_word' id='word_1_255' title='bbox 2290 963 2622 1034; x_wconf 80' lang='lat' dir='ltr'><strong>epitaphium</strong></span> <span class='ocrx_word' id='word_1_256' title='bbox 2670 962 2914 1019; x_wconf 85' lang='lat' dir='ltr'><strong>Eusebia</strong></span> <span class='ocrx_word' id='word_1_257' title='bbox 2943 961 3370 1019; x_wconf 87' lang='lat' dir='ltr'><strong>sanctimonialis</strong></span> <span class='ocrx_word' id='word_1_258' title='bbox 3399 960 3458 1016; x_wconf 91' lang='lat' dir='ltr'><strong>S.</strong></span> <span class='ocrx_word' id='word_1_259' title='bbox 3483 958 3726 1033; x_wconf 82' lang='lat' dir='ltr'><strong>Cyriaci,</strong></span> <span class='ocrx_word' id='word_1_260' title='bbox 3754 972 3871 1031; x_wconf 86' lang='lat' dir='ltr'><strong>pag.</strong></span> 
     </span>
    </p>
   </div>
   <div class='ocr_carea' id='block_1_37' title="bbox 2291 1052 3871 1129">
    <p class='ocr_par' dir='ltr' id='par_1_37' title="bbox 2291 1052 3871 1129">
     <span class='ocr_line' id='line_1_37' title="bbox 2291 1052 3871 1129; baseline -0.003 -18"><span class='ocrx_word' id='word_1_261' title='bbox 2291 1055 2414 1121; x_wconf 72' lang='lat'><strong>128,</strong></span> <span class='ocrx_word' id='word_1_262' title='bbox 2448 1071 2611 1127; x_wconf 88' lang='lat' dir='ltr'><strong>quam</strong></span> <span class='ocrx_word' id='word_1_263' title='bbox 2639 1056 2907 1128; x_wconf 85' lang='lat' dir='ltr'><strong>virginem</strong></span> <span class='ocrx_word' id='word_1_264' title='bbox 2932 1071 3057 1129; x_wconf 88' lang='lat' dir='ltr'><strong>pag.</strong></span> <span class='ocrx_word' id='word_1_265' title='bbox 3087 1054 3158 1111; x_wconf 80' lang='lat'><strong>58</strong></span> <span class='ocrx_word' id='word_1_266' title='bbox 3179 1069 3247 1109; x_wconf 79' lang='lat' dir='ltr'><strong>ex</strong></span> <span class='ocrx_word' id='word_1_267' title='bbox 3275 1053 3513 1125; x_wconf 88' lang='lat' dir='ltr'><strong>antiquis</strong></span> <span class='ocrx_word' id='word_1_268' title='bbox 3532 1052 3871 1109; x_wconf 62' lang='lat' dir='ltr'><strong>documenta</strong></span> 
     </span>
    </p>
   </div>
   <div class='ocr_carea' id='block_1_38' title="bbox 2264 1143 3872 1219">
    <p class='ocr_par' dir='ltr' id='par_1_38' title="bbox 2264 1143 3872 1219">
     <span class='ocr_line' id='line_1_38' title="bbox 2264 1143 3872 1219; baseline 0 -16"><span class='ocrx_word' id='word_1_269' title='bbox 2264 1148 2494 1219; x_wconf 87' lang='lat' dir='ltr'><strong>probat</strong></span> <span class='ocrx_word' id='word_1_270' title='bbox 2518 1162 2642 1204; x_wconf 89' lang='lat' dir='ltr'><strong>cum</strong></span> <span class='ocrx_word' id='word_1_271' title='bbox 2668 1147 2789 1203; x_wconf 88' lang='lat' dir='ltr'><strong>aliis</strong></span> <span class='ocrx_word' id='word_1_272' title='bbox 2822 1147 3076 1204; x_wconf 89' lang='lat' dir='ltr'><strong>undecim</strong></span> <span class='ocrx_word' id='word_1_273' title='bbox 3133 1146 3304 1203; x_wconf 89' lang='lat' dir='ltr'><strong>sacris</strong></span> <span class='ocrx_word' id='word_1_274' title='bbox 3352 1144 3654 1217; x_wconf 86' lang='lat' dir='ltr'><strong>virginibus</strong></span> <span class='ocrx_word' id='word_1_275' title='bbox 3680 1143 3872 1217; x_wconf 79' lang='lat' dir='ltr'><strong>quibus</strong></span> 
     </span>
    </p>
   </div>
   <div class='ocr_carea' id='block_1_39' title="bbox 2291 1237 3871 1313">
    <p class='ocr_par' dir='ltr' id='par_1_39' title="bbox 2291 1237 3871 1313">
     <span class='ocr_line' id='line_1_39' title="bbox 2291 1237 3871 1313; baseline -0.004 -15"><span class='ocrx_word' id='word_1_276' title='bbox 2291 1250 2527 1313; x_wconf 83' lang='lat' dir='ltr'><strong>praerat</strong></span> <span class='ocrx_word' id='word_1_277' title='bbox 2547 1257 2605 1299; x_wconf 90' lang='lat' dir='ltr'><strong>se</strong></span> <span class='ocrx_word' id='word_1_278' title='bbox 2626 1239 2959 1298; x_wconf 88' lang='lat' dir='ltr'><strong>deformasse</strong></span> <span class='ocrx_word' id='word_1_279' title='bbox 2983 1239 3196 1296; x_wconf 85' lang='lat' dir='ltr'><strong>narium</strong></span> <span class='ocrx_word' id='word_1_280' title='bbox 3230 1239 3583 1304; x_wconf 88' lang='lat' dir='ltr'><strong>abscissione,</strong></span> <span class='ocrx_word' id='word_1_281' title='bbox 3613 1251 3731 1294; x_wconf 88' lang='lat' dir='ltr'><strong>nea</strong></span> <span class='ocrx_word' id='word_1_282' title='bbox 3753 1237 3871 1293; x_wconf 50' lang='lat' dir='ltr'><strong>bar-</strong></span> 
     </span>
    </p>
   </div>
   <div class='ocr_carea' id='block_1_40' title="bbox 2286 1328 3869 1403">
    <p class='ocr_par' dir='ltr' id='par_1_40' title="bbox 2286 1328 3869 1403">
     <span class='ocr_line' id='line_1_40' title="bbox 2286 1328 3869 1403; baseline -0.004 -14"><span class='ocrx_word' id='word_1_283' title='bbox 2286 1332 2435 1389; x_wconf 89' lang='lat' dir='ltr'><strong>baris</strong></span> <span class='ocrx_word' id='word_1_284' title='bbox 2460 1332 2775 1399; x_wconf 87' lang='lat' dir='ltr'><strong>violaretur,</strong></span> <span class='ocrx_word' id='word_1_285' title='bbox 2805 1332 2897 1403; x_wconf 90' lang='lat' dir='ltr'><strong>qui</strong></span> <span class='ocrx_word' id='word_1_286' title='bbox 2923 1333 3069 1388; x_wconf 92' lang='lat' dir='ltr'><strong>circa</strong></span> <span class='ocrx_word' id='word_1_287' title='bbox 3099 1346 3271 1388; x_wconf 89' lang='lat' dir='ltr'><strong>annos</strong></span> <span class='ocrx_word' id='word_1_288' title='bbox 3300 1328 3405 1386; x_wconf 73' lang='lat'><strong>725</strong></span> <span class='ocrx_word' id='word_1_289' title='bbox 3431 1337 3487 1385; x_wconf 90' lang='lat' dir='ltr'><strong>et</strong></span> <span class='ocrx_word' id='word_1_290' title='bbox 3508 1328 3637 1395; x_wconf 78' lang='lat'><strong>750,</strong></span> <span class='ocrx_word' id='word_1_291' title='bbox 3679 1342 3869 1399; x_wconf 86' lang='lat' dir='ltr'><strong>nempe</strong></span> 
     </span>
    </p>
   </div>
   <div class='ocr_carea' id='block_1_41' title="bbox 2287 1418 3858 1495">
    <p class='ocr_par' dir='ltr' id='par_1_41' title="bbox 2287 1418 3858 1495">
     <span class='ocr_line' id='line_1_41' title="bbox 2287 1418 3858 1495; baseline -0.003 -19"><span class='ocrx_word' id='word_1_292' title='bbox 2287 1428 2446 1477; x_wconf 85' lang='lat' dir='ltr'><strong>atate</strong></span> <span class='ocrx_word' id='word_1_293' title='bbox 2500 1422 2559 1478; x_wconf 89' lang='lat' dir='ltr'><strong>S‘.</strong></span> <span class='ocrx_word' id='word_1_294' title='bbox 2611 1421 2854 1495; x_wconf 86' lang='lat' dir='ltr'><strong>Gregorii</strong></span> <span class='ocrx_word' id='word_1_295' title='bbox 2877 1421 2920 1477; x_wconf 88' lang='lat' dir='ltr'><strong>ll</strong></span> <span class='ocrx_word' id='word_1_296' title='bbox 2938 1430 2993 1478; x_wconf 90' lang='lat' dir='ltr'><strong>et</strong></span> <span class='ocrx_word' id='word_1_297' title='bbox 3020 1421 3107 1488; x_wconf 90' lang='lat' dir='ltr'><strong>lll,</strong></span> <span class='ocrx_word' id='word_1_298' title='bbox 3161 1420 3503 1477; x_wconf 88' lang='lat' dir='ltr'><strong>Provinciam</strong></span> <span class='ocrx_word' id='word_1_299' title='bbox 3549 1418 3858 1476; x_wconf 82' lang='lat' dir='ltr'><strong>vastabant.</strong></span> 
     </span>
    </p>
   </div>
   <div class='ocr_carea' id='block_1_42' title="bbox 2287 1509 3872 1585">
    <p class='ocr_par' dir='ltr' id='par_1_42' title="bbox 2287 1509 3872 1585">
     <span class='ocr_line' id='line_1_42' title="bbox 2287 1509 3872 1585; baseline 0 -18"><span class='ocrx_word' id='word_1_300' title='bbox 2287 1514 2635 1585; x_wconf 88' lang='lat' dir='ltr'><strong>Epitaphium</strong></span> <span class='ocrx_word' id='word_1_301' title='bbox 2689 1513 2860 1569; x_wconf 90' lang='lat' dir='ltr'><strong>nihilo</strong></span> <span class='ocrx_word' id='word_1_302' title='bbox 2896 1512 3210 1571; x_wconf 90' lang='lat' dir='ltr'><strong>melioribus</strong></span> <span class='ocrx_word' id='word_1_303' title='bbox 3250 1514 3620 1584; x_wconf 82' lang='lat' dir='ltr'><strong>grammatica</strong></span> <span class='ocrx_word' id='word_1_304' title='bbox 3665 1509 3872 1584; x_wconf 81' lang='lat' dir='ltr'><strong>legibus</strong></span> 
     </span>
    </p>
   </div>
   <div class='ocr_carea' id='block_1_43' title="bbox 2285 1606 2849 1678">
    <p class='ocr_par' dir='ltr' id='par_1_43' title="bbox 2285 1606 2849 1678">
     <span class='ocr_line' id='line_1_43' title="bbox 2285 1606 2849 1678; baseline 0 -16"><span class='ocrx_word' id='word_1_305' title='bbox 2285 1606 2363 1663; x_wconf 85' lang='lat' dir='ltr'><strong>ita</strong></span> <span class='ocrx_word' id='word_1_306' title='bbox 2384 1607 2579 1678; x_wconf 86' lang='lat' dir='ltr'><strong>legitur</strong></span> <span class='ocrx_word' id='word_1_307' title='bbox 2601 1606 2849 1663; x_wconf 91' lang='lat' dir='ltr'><strong>incisum.</strong></span> 
     </span>
    </p>
   </div>
   <div class='ocr_carea' id='block_1_44' title="bbox 2387 1750 3775 1806">
    <p class='ocr_par' dir='ltr' id='par_1_44' title="bbox 2387 1750 3775 1806">
     <span class='ocr_line' id='line_1_44' title="bbox 2387 1750 3775 1806; baseline -0.002 -6"><span class='ocrx_word' id='word_1_308' title='bbox 2387 1754 2441 1800; x_wconf 86' lang='lat' dir='ltr'><strong>P.</strong></span> <span class='ocrx_word' id='word_1_309' title='bbox 2472 1757 2561 1799; x_wconf 84' lang='lat' dir='ltr'><strong>mc</strong></span> <span class='ocrx_word' id='word_1_310' title='bbox 2594 1755 2911 1806; x_wconf 76' lang='lat' dir='ltr'><strong>REQVIBSCIT</strong></span> <span class='ocrx_word' id='word_1_311' title='bbox 2944 1756 3000 1798; x_wconf 72' lang='grc' dir='ltr'><strong>ΙΝ</strong></span> <span class='ocrx_word' id='word_1_312' title='bbox 3027 1754 3190 1797; x_wconf 67' lang='grc' dir='ltr'>Ρλεεε</span> <span class='ocrx_word' id='word_1_313' title='bbox 3237 1753 3459 1796; x_wconf 60' lang='grc' dir='ltr'><strong>ενεεωλ</strong></span> <span class='ocrx_word' id='word_1_314' title='bbox 3486 1750 3775 1797; x_wconf 68' lang='grc' dir='ltr'><strong>ιιιζιιςιοει</strong></span> 
     </span>
    </p>
   </div>
   <div class='ocr_carea' id='block_1_45' title="bbox 2390 1824 3325 1869">
    <p class='ocr_par' dir='ltr' id='par_1_45' title="bbox 2390 1824 3325 1869">
     <span class='ocr_line' id='line_1_45' title="bbox 2390 1824 3325 1869; baseline -0.003 0"><span class='ocrx_word' id='word_1_315' title='bbox 2390 1829 2569 1869; x_wconf 67' lang='grc' dir='ltr'><strong>ΜΔΟΝΔ</strong></span> <span class='ocrx_word' id='word_1_316' title='bbox 2591 1828 2829 1868; x_wconf 70' lang='grc' dir='ltr'><strong>ΔΝΟΕΙιῐιᾹ</strong></span> <span class='ocrx_word' id='word_1_317' title='bbox 2855 1828 2953 1868; x_wconf 80' lang='lat' dir='ltr'><strong>DNI</strong></span> <span class='ocrx_word' id='word_1_318' title='bbox 3318 1824 3325 1829; x_wconf 80' lang='grc'><em>’</em></span> 
     </span>
    </p>
   </div>
   <div class='ocr_carea' id='block_1_46' title="bbox 2390 1896 3734 1948">
    <p class='ocr_par' dir='ltr' id='par_1_46' title="bbox 2390 1896 3734 1948">
     <span class='ocr_line' id='line_1_46' title="bbox 2390 1896 3734 1948; baseline 0 -9"><span class='ocrx_word' id='word_1_319' title='bbox 2390 1900 2478 1948; x_wconf 79' lang='lat' dir='ltr'><strong>QVI</strong></span> <span class='ocrx_word' id='word_1_320' title='bbox 2499 1900 2555 1939; x_wconf 82' lang='lat' dir='ltr'><strong>IN</strong></span> <span class='ocrx_word' id='word_1_321' title='bbox 2574 1897 2788 1939; x_wconf 66' lang='lat' dir='ltr'><strong>SECVLO</strong></span> <span class='ocrx_word' id='word_1_322' title='bbox 2818 1899 2884 1939; x_wconf 81' lang='grc' dir='ltr'><strong>ΑΒ</strong></span> <span class='ocrx_word' id='word_1_323' title='bbox 2913 1898 3196 1939; x_wconf 75' lang='lat' dir='ltr'><strong>HBNEVNTB</strong></span> <span class='ocrx_word' id='word_1_324' title='bbox 3217 1898 3398 1940; x_wconf 76' lang='grc' dir='ltr'><strong>ΕτΔτΕ</strong></span> <span class='ocrx_word' id='word_1_325' title='bbox 3431 1896 3531 1938; x_wconf 63' lang='grc' dir='ltr'><strong>ενι</strong></span> <span class='ocrx_word' id='word_1_326' title='bbox 3576 1896 3734 1939; x_wconf 73' lang='lat' dir='ltr'><strong>VIle</strong></span> 
     </span>
    </p>
   </div>
   <div class='ocr_carea' id='block_1_47' title="bbox 2395 1969 3469 2012">
    <p class='ocr_par' dir='ltr' id='par_1_47' title="bbox 2395 1969 3469 2012">
     <span class='ocr_line' id='line_1_47' title="bbox 2395 1969 3469 2012; baseline 0 -1"><span class='ocrx_word' id='word_1_327' title='bbox 2395 1970 2694 2012; x_wconf 76' lang='lat' dir='ltr'><strong>SECOLARES</strong></span> <span class='ocrx_word' id='word_1_328' title='bbox 2725 1970 2893 2009; x_wconf 69' lang='lat' dir='ltr'><strong>ANNVS</strong></span> <span class='ocrx_word' id='word_1_329' title='bbox 2925 1972 3043 2011; x_wconf 72' lang='grc' dir='ltr'>ιιιι.</span> <span class='ocrx_word' id='word_1_330' title='bbox 3083 1971 3153 2011; x_wconf 74' lang='lat' dir='ltr'><strong>ET</strong></span> <span class='ocrx_word' id='word_1_331' title='bbox 3178 1971 3261 2012; x_wconf 80' lang='lat' dir='ltr'><strong>VBI</strong></span> <span class='ocrx_word' id='word_1_332' title='bbox 3303 1972 3335 2010; x_wconf 78' lang='grc' dir='ltr'><strong>Δ</strong></span> <span class='ocrx_word' id='word_1_333' title='bbox 3363 1969 3469 2011; x_wconf 77' lang='grc' dir='ltr'><strong>Ι)Νο</strong></span> 
     </span>
    </p>
   </div>
   <div class='ocr_carea' id='block_1_48' title="bbox 2388 2038 3733 2083">
    <p class='ocr_par' dir='ltr' id='par_1_48' title="bbox 2388 2038 3733 2083">
     <span class='ocr_line' id='line_1_48' title="bbox 2388 2038 3733 2083; baseline 0 -2"><span class='ocrx_word' id='word_1_334' title='bbox 2388 2039 2596 2081; x_wconf 73' lang='grc' dir='ltr'><strong>ΕιεετΑ</strong></span> <span class='ocrx_word' id='word_1_335' title='bbox 2624 2041 2722 2081; x_wconf 80' lang='lat' dir='ltr'><strong>EST</strong></span> <span class='ocrx_word' id='word_1_336' title='bbox 2749 2041 2802 2080; x_wconf 80' lang='lat' dir='ltr'><strong>IN</strong></span> <span class='ocrx_word' id='word_1_337' title='bbox 2830 2040 3167 2081; x_wconf 75' lang='lat' dir='ltr'><strong>IONASTERIO</strong></span> <span class='ocrx_word' id='word_1_338' title='bbox 3198 2040 3512 2083; x_wconf 72' lang='lat' dir='ltr'><strong>SANCTORVI</strong></span> <span class='ocrx_word' id='word_1_339' title='bbox 3549 2038 3733 2083; x_wconf 68' lang='lat' dir='ltr'><strong>CYRICI</strong></span> 
     </span>
    </p>
   </div>
   <div class='ocr_carea' id='block_1_49' title="bbox 2389 2112 3737 2160">
    <p class='ocr_par' dir='ltr' id='par_1_49' title="bbox 2389 2112 3737 2160">
     <span class='ocr_line' id='line_1_49' title="bbox 2389 2112 3737 2160; baseline -0.001 -6"><span class='ocrx_word' id='word_1_340' title='bbox 2389 2112 2652 2154; x_wconf 78' lang='lat' dir='ltr'><strong>SERVIVET</strong></span> <span class='ocrx_word' id='word_1_341' title='bbox 2682 2112 2847 2152; x_wconf 75' lang='lat' dir='ltr'><strong>ANNVS</strong></span> <span class='ocrx_word' id='word_1_342' title='bbox 2891 2112 3295 2160; x_wconf 74' lang='lat' dir='ltr'><strong>QVINQVAGENTA</strong></span> <span class='ocrx_word' id='word_1_343' title='bbox 3324 2112 3588 2152; x_wconf 73' lang='lat' dir='ltr'><strong>RECESSE&#39;I‘</strong></span> <span class='ocrx_word' id='word_1_344' title='bbox 3639 2112 3737 2152; x_wconf 67' lang='lat' dir='ltr'><strong>3V3</strong></span> 
     </span>
    </p>
   </div>
   <div class='ocr_carea' id='block_1_50' title="bbox 2387 2179 3734 2224">
    <p class='ocr_par' dir='ltr' id='par_1_50' title="bbox 2387 2179 3734 2224">
     <span class='ocr_line' id='line_1_50' title="bbox 2387 2179 3734 2224; baseline -0.001 -1"><span class='ocrx_word' id='word_1_345' title='bbox 2387 2183 2478 2223; x_wconf 78' lang='lat' dir='ltr'><strong>DIE</strong></span> <span class='ocrx_word' id='word_1_346' title='bbox 2505 2179 2693 2222; x_wconf 74' lang='lat' dir='ltr'><strong>PRIDIE&#39;</strong></span> <span class='ocrx_word' id='word_1_347' title='bbox 2710 2182 2868 2223; x_wconf 72' lang='grc' dir='ltr'><strong>ΚΑΜ).</strong></span> <span class='ocrx_word' id='word_1_348' title='bbox 2909 2182 3167 2224; x_wconf 73' lang='lat' dir='ltr'><strong>OCTOBBIS</strong></span> <span class='ocrx_word' id='word_1_349' title='bbox 3198 2183 3502 2224; x_wconf 74' lang='lat' dir='ltr'><strong>INDICTIONE</strong></span> <span class='ocrx_word' id='word_1_350' title='bbox 3551 2180 3734 2224; x_wconf 71' lang='lat' dir='ltr'><strong>SEXTA</strong></span> 
     </span>
    </p>
   </div>
   <div class='ocr_carea' id='block_1_51' title="bbox 2280 2301 3627 2375">
    <p class='ocr_par' dir='ltr' id='par_1_51' title="bbox 2280 2301 3627 2375">
     <span class='ocr_line' id='line_1_51' title="bbox 2280 2301 3627 2375; baseline -0.001 -16"><span class='ocrx_word' id='word_1_351' title='bbox 2280 2302 2457 2359; x_wconf 84' lang='lat' dir='ltr'><strong>Aliam</strong></span> <span class='ocrx_word' id='word_1_352' title='bbox 2485 2318 2701 2375; x_wconf 87' lang='lat' dir='ltr'><strong>quoque</strong></span> <span class='ocrx_word' id='word_1_353' title='bbox 2732 2301 2940 2375; x_wconf 80' lang='lat' dir='ltr'><strong>profert</strong></span> <span class='ocrx_word' id='word_1_354' title='bbox 2968 2317 3091 2374; x_wconf 89' lang='lat' dir='ltr'><strong>pag.</strong></span> <span class='ocrx_word' id='word_1_355' title='bbox 3113 2303 3183 2358; x_wconf 82' lang='lat'><strong>55</strong></span> <span class='ocrx_word' id='word_1_356' title='bbox 3207 2301 3449 2371; x_wconf 86' lang='lat' dir='ltr'><strong>ejusdem</strong></span> <span class='ocrx_word' id='word_1_357' title='bbox 3477 2303 3627 2374; x_wconf 86' lang='lat' dir='ltr'><strong>styli.</strong></span> 
     </span>
    </p>
   </div>
   <div class='ocr_carea' id='block_1_52' title="bbox 2352 2393 3863 2466">
    <p class='ocr_par' dir='ltr' id='par_1_52' title="bbox 2352 2393 3863 2466">
     <span class='ocr_line' id='line_1_52' title="bbox 2352 2393 3863 2466; baseline 0 -16"><span class='ocrx_word' id='word_1_358' title='bbox 2352 2393 2493 2463; x_wconf 85' lang='lat' dir='ltr'><strong>Quin</strong></span> <span class='ocrx_word' id='word_1_359' title='bbox 2548 2395 2714 2450; x_wconf 90' lang='lat' dir='ltr'><strong>etiam</strong></span> <span class='ocrx_word' id='word_1_360' title='bbox 2752 2396 2807 2451; x_wconf 92' lang='lat' dir='ltr'><strong>in</strong></span> <span class='ocrx_word' id='word_1_361' title='bbox 2852 2395 2997 2466; x_wconf 88' lang='lat' dir='ltr'><strong>regia</strong></span> <span class='ocrx_word' id='word_1_362' title='bbox 3037 2395 3151 2465; x_wconf 89' lang='lat' dir='ltr'><strong>ipsa</strong></span> <span class='ocrx_word' id='word_1_363' title='bbox 3181 2394 3516 2451; x_wconf 87' lang='lat' dir='ltr'><strong>Francorum</strong></span> <span class='ocrx_word' id='word_1_364' title='bbox 3571 2393 3863 2466; x_wconf 82' lang='lat' dir='ltr'><strong>diplomata</strong></span> 
     </span>
    </p>
   </div>
   <div class='ocr_carea' id='block_1_53' title="bbox 2279 2486 3870 2559">
    <p class='ocr_par' dir='ltr' id='par_1_53' title="bbox 2279 2486 3870 2559">
     <span class='ocr_line' id='line_1_53' title="bbox 2279 2486 3870 2559; baseline 0.001 -18"><span class='ocrx_word' id='word_1_365' title='bbox 2279 2487 2426 2559; x_wconf 87' lang='lat' dir='ltr'><strong>regis</strong></span> <span class='ocrx_word' id='word_1_366' title='bbox 2446 2486 2709 2542; x_wconf 88' lang='lat' dir='ltr'><strong>Chlotarii</strong></span> <span class='ocrx_word' id='word_1_367' title='bbox 2723 2487 2947 2543; x_wconf 88' lang='lat' dir='ltr'><strong>secundi</strong></span> <span class='ocrx_word' id='word_1_368' title='bbox 2968 2486 3323 2558; x_wconf 87' lang='lat' dir='ltr'><strong>autographa,</strong></span> <span class='ocrx_word' id='word_1_369' title='bbox 3338 2486 3527 2542; x_wconf 85' lang='lat' dir='ltr'><strong>cortici</strong></span> <span class='ocrx_word' id='word_1_370' title='bbox 3548 2502 3646 2543; x_wconf 89' lang='lat' dir='ltr'><strong>seu</strong></span> <span class='ocrx_word' id='word_1_371' title='bbox 3667 2502 3870 2559; x_wconf 82' lang='lat' dir='ltr'><strong>papyro</strong></span> 
     </span>
    </p>
   </div>
   <div class='ocr_carea' id='block_1_54' title="bbox 2280 2577 3870 2651">
    <p class='ocr_par' dir='ltr' id='par_1_54' title="bbox 2280 2577 3870 2651">
     <span class='ocr_line' id='line_1_54' title="bbox 2280 2577 3870 2651; baseline -0.001 -17"><span class='ocrx_word' id='word_1_372' title='bbox 2280 2579 2614 2651; x_wconf 85' lang='lat' dir='ltr'><strong>consignata,</strong></span> <span class='ocrx_word' id='word_1_373' title='bbox 2644 2579 2899 2649; x_wconf 82' lang='lat' dir='ltr'><strong>leguntur</strong></span> <span class='ocrx_word' id='word_1_374' title='bbox 2922 2578 3066 2635; x_wconf 91' lang='lat' dir='ltr'><strong>edita</strong></span> <span class='ocrx_word' id='word_1_375' title='bbox 3097 2577 3165 2633; x_wconf 90' lang='lat' dir='ltr'><strong>ab</strong></span> <span class='ocrx_word' id='word_1_376' title='bbox 3188 2578 3335 2634; x_wconf 90' lang='lat' dir='ltr'><strong>adm.</strong></span> <span class='ocrx_word' id='word_1_377' title='bbox 3386 2594 3502 2634; x_wconf 87' lang='lat' dir='ltr'><strong>rev.</strong></span> <span class='ocrx_word' id='word_1_378' title='bbox 3538 2578 3708 2635; x_wconf 88' lang='lat' dir='ltr'><strong>Patre</strong></span> <span class='ocrx_word' id='word_1_379' title='bbox 3736 2578 3870 2635; x_wconf 83' lang='lat' dir='ltr'><strong>Feli-</strong></span> 
     </span>
    </p>
   </div>
   <div class='ocr_carea' id='block_1_55' title="bbox 2278 2668 3866 2742">
    <p class='ocr_par' dir='ltr' id='par_1_55' title="bbox 2278 2668 3866 2742">
     <span class='ocr_line' id='line_1_55' title="bbox 2278 2668 3866 2742; baseline -0.001 -15"><span class='ocrx_word' id='word_1_380' title='bbox 2278 2671 2405 2727; x_wconf 90' lang='lat' dir='ltr'><strong>bien</strong></span> <span class='ocrx_word' id='word_1_381' title='bbox 2459 2671 2515 2725; x_wconf 92' lang='lat' dir='ltr'><strong>in</strong></span> <span class='ocrx_word' id='word_1_382' title='bbox 2558 2670 2796 2727; x_wconf 79' lang='lat' dir='ltr'><strong>Historia</strong></span> <span class='ocrx_word' id='word_1_383' title='bbox 2847 2671 3080 2727; x_wconf 86' lang='lat' dir='ltr'><strong>abbatia</strong></span> <span class='ocrx_word' id='word_1_384' title='bbox 3141 2668 3200 2725; x_wconf 90' lang='lat' dir='ltr'><strong>S.</strong></span> <span class='ocrx_word' id='word_1_385' title='bbox 3248 2669 3512 2742; x_wconf 86' lang='lat' dir='ltr'><strong>Dionysii,</strong></span> <span class='ocrx_word' id='word_1_386' title='bbox 3545 2671 3624 2727; x_wconf 91' lang='lat' dir='ltr'><strong>ita</strong></span> <span class='ocrx_word' id='word_1_387' title='bbox 3669 2670 3866 2728; x_wconf 86' lang='lat' dir='ltr'><strong>dictata</strong></span> 
     </span>
    </p>
   </div>
   <div class='ocr_carea' id='block_1_56' title="bbox 2279 2763 3049 2823">
    <p class='ocr_par' dir='ltr' id='par_1_56' title="bbox 2279 2763 3049 2823">
     <span class='ocr_line' id='line_1_56' title="bbox 2279 2763 3049 2823; baseline -0.001 -3"><span class='ocrx_word' id='word_1_388' title='bbox 2279 2764 2426 2820; x_wconf 83' lang='lat' dir='ltr'><strong>circa</strong></span> <span class='ocrx_word' id='word_1_389' title='bbox 2456 2779 2658 2821; x_wconf 90' lang='lat' dir='ltr'><strong>annum</strong></span> <span class='ocrx_word' id='word_1_390' title='bbox 2689 2763 2891 2823; x_wconf 87' lang='lat' dir='ltr'><strong>Christi</strong></span> <span class='ocrx_word' id='word_1_391' title='bbox 2924 2763 3049 2820; x_wconf 78' lang='lat'><strong>620.</strong></span> 
     </span>
    </p>
   </div>
   <div class='ocr_carea' id='block_1_57' title="bbox 2282 2895 3862 2968">
    <p class='ocr_par' dir='ltr' id='par_1_57' title="bbox 2282 2895 3862 2968">
     <span class='ocr_line' id='line_1_57' title="bbox 2282 2895 3862 2968; baseline 0 -16"><span class='ocrx_word' id='word_1_392' title='bbox 2282 2934 2298 2952; x_wconf 88' lang='lat'><strong>.</strong></span> <span class='ocrx_word' id='word_1_393' title='bbox 2376 2935 2392 2952; x_wconf 90' lang='lat'><strong>.</strong></span> <span class='ocrx_word' id='word_1_394' title='bbox 2471 2937 2488 2953; x_wconf 91' lang='lat'><strong>.</strong></span> <span class='ocrx_word' id='word_1_395' title='bbox 2565 2935 2584 2953; x_wconf 90' lang='lat'><strong>.</strong></span> <span class='ocrx_word' id='word_1_396' title='bbox 2658 2899 2783 2955; x_wconf 82' lang='lat' dir='ltr'><strong>viris</strong></span> <span class='ocrx_word' id='word_1_397' title='bbox 2844 2897 3156 2953; x_wconf 78' lang='lat' dir='ltr'><strong>inlustribus</strong></span> <span class='ocrx_word' id='word_1_398' title='bbox 3214 2895 3568 2968; x_wconf 84' lang='lat' dir='ltr'><strong>Chrodegario</strong></span> <span class='ocrx_word' id='word_1_399' title='bbox 3662 2912 3680 2968; x_wconf 58' lang='grc' dir='ltr'>ᾳ</span> <span class='ocrx_word' id='word_1_400' title='bbox 3761 2933 3779 2952; x_wconf 89' lang='grc'><strong>.</strong></span> <span class='ocrx_word' id='word_1_401' title='bbox 3847 2935 3862 2952; x_wconf 92' lang='grc'><strong>.</strong></span> 
     </span>
    </p>
   </div>
   <div class='ocr_carea' id='block_1_58' title="bbox 2278 2966 3868 3039">
    <p class='ocr_par' dir='ltr' id='par_1_58' title="bbox 2278 2966 3868 3039">
     <span class='ocr_line' id='line_1_58' title="bbox 2278 2966 3868 3039; baseline -0.001 -16"><span class='ocrx_word' id='word_1_402' title='bbox 2278 2969 2415 3023; x_wconf 83' lang='lat' dir='ltr'><strong>iente</strong></span> <span class='ocrx_word' id='word_1_403' title='bbox 2441 2985 2535 3039; x_wconf 87' lang='lat' dir='ltr'><strong>per</strong></span> <span class='ocrx_word' id='word_1_404' title='bbox 2556 2968 2891 3025; x_wconf 81' lang='lat' dir='ltr'><strong>baselecabus</strong></span> <span class='ocrx_word' id='word_1_405' title='bbox 2920 2970 2983 3025; x_wconf 87' lang='lat' dir='ltr'><strong>de</strong></span> <span class='ocrx_word' id='word_1_406' title='bbox 3012 2971 3120 3024; x_wconf 79' lang='lat' dir='ltr'><strong>suis</strong></span> <span class='ocrx_word' id='word_1_407' title='bbox 3158 2970 3386 3039; x_wconf 73' lang='lat' dir='ltr'><strong>propriis</strong></span> <span class='ocrx_word' id='word_1_408' title='bbox 3411 2966 3758 3039; x_wconf 76' lang='lat' dir='ltr'><strong>facultatebus</strong></span> <span class='ocrx_word' id='word_1_409' title='bbox 3784 2984 3868 3039; x_wconf 78' lang='lat' dir='ltr'><strong>per</strong></span> 
     </span>
    </p>
   </div>
   <div class='ocr_carea' id='block_1_59' title="bbox 2278 3037 3866 3111">
    <p class='ocr_par' dir='ltr' id='par_1_59' title="bbox 2278 3037 3866 3111">
     <span class='ocr_line' id='line_1_59' title="bbox 2278 3037 3866 3111; baseline 0 -18"><span class='ocrx_word' id='word_1_410' title='bbox 2278 3037 2575 3095; x_wconf 81' lang='lat' dir='ltr'><strong>testantenti</strong></span> <span class='ocrx_word' id='word_1_411' title='bbox 2601 3040 2851 3111; x_wconf 78' lang='lat' dir='ltr'><strong>paginam</strong></span> <span class='ocrx_word' id='word_1_412' title='bbox 2878 3039 3095 3095; x_wconf 86' lang='lat' dir='ltr'><strong>voluerit</strong></span> <span class='ocrx_word' id='word_1_413' title='bbox 3131 3037 3368 3109; x_wconf 72' lang='lat' dir='ltr'><strong>lég&#39;aliter</strong></span> <span class='ocrx_word' id='word_1_414' title='bbox 3404 3037 3638 3109; x_wconf 79' lang='lat' dir='ltr'><strong>delegari</strong></span> <span class='ocrx_word' id='word_1_415' title='bbox 3657 3054 3756 3111; x_wconf 71' lang='lat' dir='ltr'><strong>per</strong></span> <span class='ocrx_word' id='word_1_416' title='bbox 3782 3037 3866 3111; x_wconf 78' lang='lat' dir='ltr'><strong>no-</strong></span> 
     </span>
    </p>
   </div>
   <div class='ocr_carea' id='block_1_60' title="bbox 2277 3109 3864 3165">
    <p class='ocr_par' dir='ltr' id='par_1_60' title="bbox 2277 3109 3864 3165">
     <span class='ocr_line' id='line_1_60' title="bbox 2277 3109 3864 3165; baseline -0.002 -1"><span class='ocrx_word' id='word_1_417' title='bbox 2277 3111 2400 3164; x_wconf 88' lang='lat' dir='ltr'><strong>stris</strong></span> <span class='ocrx_word' id='word_1_418' title='bbox 2431 3109 2851 3165; x_wconf 79' lang='lat' dir='ltr'><strong>authoretatebus</strong></span> <span class='ocrx_word' id='word_1_419' title='bbox 2878 3120 3245 3165; x_wconf 83' lang='lat' dir='ltr'><strong>testamentum</strong></span> <span class='ocrx_word' id='word_1_420' title='bbox 3323 3150 3337 3164; x_wconf 93' lang='lat'><strong>.</strong></span> <span class='ocrx_word' id='word_1_421' title='bbox 3418 3149 3432 3164; x_wconf 96' lang='lat'><strong>.</strong></span> <span class='ocrx_word' id='word_1_422' title='bbox 3509 3118 3688 3164; x_wconf 80' lang='lat' dir='ltr'><strong>noster</strong></span> <span class='ocrx_word' id='word_1_423' title='bbox 3717 3109 3864 3164; x_wconf 77' lang='lat' dir='ltr'><strong>Dedo</strong></span> 
     </span>
    </p>
   </div>
   <div class='ocr_carea' id='block_1_61' title="bbox 2277 3180 3869 3251">
    <p class='ocr_par' dir='ltr' id='par_1_61' title="bbox 2277 3180 3869 3251">
     <span class='ocr_line' id='line_1_61' title="bbox 2277 3180 3869 3251; baseline 0 -18"><span class='ocrx_word' id='word_1_424' title='bbox 2277 3180 2426 3235; x_wconf 84' lang='lat' dir='ltr'><strong>Abba</strong></span> <span class='ocrx_word' id='word_1_425' title='bbox 2453 3182 2516 3235; x_wconf 87' lang='lat' dir='ltr'><strong>de</strong></span> <span class='ocrx_word' id='word_1_426' title='bbox 2538 3180 2814 3236; x_wconf 85' lang='lat' dir='ltr'><strong>Baselecas</strong></span> <span class='ocrx_word' id='word_1_427' title='bbox 2838 3180 3029 3251; x_wconf 84' lang='lat' dir='ltr'><strong>Domni</strong></span> <span class='ocrx_word' id='word_1_428' title='bbox 3057 3181 3318 3235; x_wconf 83' lang='lat' dir='ltr'><strong>Dioninsii</strong></span> <span class='ocrx_word' id='word_1_429' title='bbox 3333 3180 3616 3251; x_wconf 71' lang='lat' dir='ltr'><strong>Mart/ieris</strong></span> <span class='ocrx_word' id='word_1_430' title='bbox 3637 3180 3869 3251; x_wconf 76' lang='lat' dir='ltr'><strong>peculia-</strong></span> 
     </span>
    </p>
   </div>
   <div class='ocr_carea' id='block_1_62' title="bbox 580 3249 3867 3327">
    <p class='ocr_par' dir='ltr' id='par_1_62' title="bbox 580 3249 3867 3327">
     <span class='ocr_line' id='line_1_62' title="bbox 580 3249 3867 3327; baseline 0 -21"><span class='ocrx_word' id='word_1_431' title='bbox 580 3251 720 3308; x_wconf 82' lang='lat' dir='ltr'><strong>toris</strong></span> <span class='ocrx_word' id='word_1_432' title='bbox 749 3252 926 3319; x_wconf 88' lang='lat' dir='ltr'><strong>titulo,</strong></span> <span class='ocrx_word' id='word_1_433' title='bbox 968 3269 1112 3309; x_wconf 86' lang='lat' dir='ltr'><strong>nunc</strong></span> <span class='ocrx_word' id='word_1_434' title='bbox 1137 3253 1194 3309; x_wconf 91' lang='lat' dir='ltr'><strong>S.</strong></span> <span class='ocrx_word' id='word_1_435' title='bbox 1241 3251 1396 3310; x_wconf 82' lang='lat' dir='ltr'><strong>Julia</strong></span> <span class='ocrx_word' id='word_1_436' title='bbox 1443 3257 1758 3327; x_wconf 71' lang='lat' dir='ltr'><strong>nuncupati,</strong></span> <span class='ocrx_word' id='word_1_437' title='bbox 1812 3257 2010 3314; x_wconf 64' lang='lat' dir='ltr'><strong>Brixia:</strong></span> <span class='ocrx_word' id='word_1_438' title='bbox 2054 3258 2178 3316; x_wconf 74' lang='lat' dir='ltr'><strong>run.</strong></span> <span class='ocrx_word' id='word_1_439' title='bbox 2206 3261 2250 3325; x_wconf 73' lang='grc' dir='ltr'>ρ</span> <span class='ocrx_word' id='word_1_440' title='bbox 2283 3268 2365 3306; x_wconf 86' lang='lat' dir='ltr'><strong>res</strong></span> <span class='ocrx_word' id='word_1_441' title='bbox 2392 3254 2601 3327; x_wconf 72' lang='lat' dir='ltr'><strong>patroni</strong></span> <span class='ocrx_word' id='word_1_442' title='bbox 2628 3253 2808 3327; x_wconf 71' lang='lat' dir='ltr'><strong>nostri</strong></span> <span class='ocrx_word' id='word_1_443' title='bbox 2825 3262 2922 3307; x_wconf 88' lang='lat' dir='ltr'><strong>etc.</strong></span> <span class='ocrx_word' id='word_1_444' title='bbox 2945 3250 3311 3327; x_wconf 75' lang='lat' dir='ltr'><strong>Chlotacarius</strong></span> <span class='ocrx_word' id='word_1_445' title='bbox 3332 3253 3405 3306; x_wconf 88' lang='lat' dir='ltr'><strong>im</strong></span> <span class='ocrx_word' id='word_1_446' title='bbox 3434 3249 3867 3306; x_wconf 23' lang='lat' dir='ltr'><strong>Christi‘nomins</strong></span> 
     </span>
    </p>
   </div>
   <div class='ocr_carea' id='block_1_63' title="bbox 580 3341 2165 3421">
    <p class='ocr_par' dir='ltr' id='par_1_63' title="bbox 580 3341 2165 3421">
     <span class='ocr_line' id='line_1_63' title="bbox 580 3341 2165 3421; baseline 0.005 -24"><span class='ocrx_word' id='word_1_447' title='bbox 580 3341 712 3398; x_wconf 89' lang='lat' dir='ltr'><strong>dato</strong></span> <span class='ocrx_word' id='word_1_448' title='bbox 747 3358 845 3413; x_wconf 86' lang='lat' dir='ltr'><strong>per</strong></span> <span class='ocrx_word' id='word_1_449' title='bbox 873 3344 1076 3400; x_wconf 83' lang='lat' dir='ltr'><strong>Ansam</strong></span> <span class='ocrx_word' id='word_1_450' title='bbox 1103 3343 1365 3415; x_wconf 88' lang='lat' dir='ltr'><strong>reginam,</strong></span> <span class='ocrx_word' id='word_1_451' title='bbox 1396 3346 1536 3416; x_wconf 76' lang='lat' dir='ltr'><strong>regis</strong></span> <span class='ocrx_word' id='word_1_452' title='bbox 1560 3346 1821 3404; x_wconf 89' lang='lat' dir='ltr'><strong>Desiderii</strong></span> <span class='ocrx_word' id='word_1_453' title='bbox 1851 3348 2133 3421; x_wconf 75' lang='lat' dir='ltr'><strong>coniugem</strong></span> <span class='ocrx_word' id='word_1_454' title='bbox 2150 3393 2165 3418; x_wconf 96' lang='lat'><strong>,</strong></span> 
     </span>
    </p>
   </div>
   <div class='ocr_carea' id='block_1_64' title="bbox 581 3432 1605 3513">
    <p class='ocr_par' dir='ltr' id='par_1_64' title="bbox 581 3432 1605 3513">
     <span class='ocr_line' id='line_1_64' title="bbox 581 3432 1605 3513; baseline 0.004 -23"><span class='ocrx_word' id='word_1_455' title='bbox 581 3439 640 3490; x_wconf 83' lang='lat' dir='ltr'><strong>et</strong></span> <span class='ocrx_word' id='word_1_456' title='bbox 662 3432 919 3513; x_wconf 81' lang='lat' dir='ltr'><strong>Adelchis</strong></span> <span class='ocrx_word' id='word_1_457' title='bbox 946 3435 1059 3491; x_wconf 90' lang='lat' dir='ltr'><strong>sive</strong></span> <span class='ocrx_word' id='word_1_458' title='bbox 1087 3434 1325 3507; x_wconf 87' lang='lat' dir='ltr'><strong>Adelgisi</strong></span> <span class='ocrx_word' id='word_1_459' title='bbox 1355 3446 1605 3494; x_wconf 90' lang='lat' dir='ltr'><strong>matrem.</strong></span> 
     </span>
    </p>
   </div>
   <div class='ocr_carea' id='block_1_65' title="bbox 650 3525 2170 3607">
    <p class='ocr_par' dir='ltr' id='par_1_65' title="bbox 650 3525 2170 3607">
     <span class='ocr_line' id='line_1_65' title="bbox 650 3525 2170 3607; baseline 0.008 -27"><span class='ocrx_word' id='word_1_460' title='bbox 650 3525 742 3581; x_wconf 72' lang='lat'><strong>40.</strong></span> <span class='ocrx_word' id='word_1_461' title='bbox 784 3526 865 3582; x_wconf 84' lang='lat' dir='ltr'><strong>Ex</strong></span> <span class='ocrx_word' id='word_1_462' title='bbox 891 3529 1241 3599; x_wconf 87' lang='lat' dir='ltr'><strong>autographis</strong></span> <span class='ocrx_word' id='word_1_463' title='bbox 1266 3530 1530 3599; x_wconf 82' lang='lat' dir='ltr'><strong>exscripsi</strong></span> <span class='ocrx_word' id='word_1_464' title='bbox 1557 3531 1777 3588; x_wconf 79' lang='lat' dir='ltr'><strong>exordia</strong></span> <span class='ocrx_word' id='word_1_465' title='bbox 1800 3541 1855 3589; x_wconf 92' lang='lat' dir='ltr'><strong>et</strong></span> <span class='ocrx_word' id='word_1_466' title='bbox 1882 3534 2170 3607; x_wconf 89' lang='lat' dir='ltr'><strong>subsigna-</strong></span> 
     </span>
    </p>
   </div>
   <div class='ocr_carea' id='block_1_66' title="bbox 580 3617 2164 3695">
    <p class='ocr_par' dir='ltr' id='par_1_66' title="bbox 580 3617 2164 3695">
     <span class='ocr_line' id='line_1_66' title="bbox 580 3617 2164 3695; baseline 0.009 -22"><span class='ocrx_word' id='word_1_467' title='bbox 580 3617 788 3675; x_wconf 87' lang='lat' dir='ltr'><strong>tionem</strong></span> <span class='ocrx_word' id='word_1_468' title='bbox 818 3619 1046 3675; x_wconf 89' lang='lat' dir='ltr'><strong>duorum</strong></span> <span class='ocrx_word' id='word_1_469' title='bbox 1077 3618 1448 3690; x_wconf 88' lang='lat' dir='ltr'><strong>diplomatum,</strong></span> <span class='ocrx_word' id='word_1_470' title='bbox 1482 3637 1605 3693; x_wconf 88' lang='lat' dir='ltr'><strong>qua</strong></span> <span class='ocrx_word' id='word_1_471' title='bbox 1636 3625 1707 3678; x_wconf 91' lang='lat' dir='ltr'><strong>ita</strong></span> <span class='ocrx_word' id='word_1_472' title='bbox 1730 3625 2164 3695; x_wconf 90' lang='lat' dir='ltr'><strong>perscribuntur.</strong></span> 
     </span>
    </p>
   </div>
   <div class='ocr_carea' id='block_1_67' title="bbox 577 3708 1934 3783">
    <p class='ocr_par' dir='ltr' id='par_1_67' title="bbox 577 3708 1934 3783">
     <span class='ocr_line' id='line_1_67' title="bbox 577 3708 1934 3783; baseline 0.001 -15"><span class='ocrx_word' id='word_1_473' title='bbox 577 3708 824 3769; x_wconf 88' lang='lat' dir='ltr'><strong>Primum</strong></span> <span class='ocrx_word' id='word_1_474' title='bbox 849 3720 1059 3783; x_wconf 91' lang='lat' dir='ltr'><strong>spectat</strong></span> <span class='ocrx_word' id='word_1_475' title='bbox 1084 3714 1153 3769; x_wconf 92' lang='lat' dir='ltr'><strong>ad</strong></span> <span class='ocrx_word' id='word_1_476' title='bbox 1175 3729 1375 3769; x_wconf 88' lang='lat' dir='ltr'><strong>annum</strong></span> <span class='ocrx_word' id='word_1_477' title='bbox 1401 3729 1525 3771; x_wconf 86' lang='lat' dir='ltr'><strong>ara</strong></span> <span class='ocrx_word' id='word_1_478' title='bbox 1551 3714 1755 3773; x_wconf 89' lang='lat' dir='ltr'><strong>Christi</strong></span> <span class='ocrx_word' id='word_1_479' title='bbox 1781 3718 1934 3773; x_wconf 63' lang='lat'><strong>771.,</strong></span> 
     </span>
    </p>
   </div>
   <div class='ocr_carea' id='block_1_68' title="bbox 583 3826 2165 3901">
    <p class='ocr_par' dir='ltr' id='par_1_68' title="bbox 583 3826 2165 3901">
     <span class='ocr_line' id='line_1_68' title="bbox 583 3826 2165 3901; baseline 0.004 -20"><span class='ocrx_word' id='word_1_480' title='bbox 583 3864 600 3881; x_wconf 91' lang='lat'><strong>.</strong></span> <span class='ocrx_word' id='word_1_481' title='bbox 680 3866 696 3881; x_wconf 95' lang='lat'><strong>.</strong></span> <span class='ocrx_word' id='word_1_482' title='bbox 767 3865 789 3901; x_wconf 86' lang='lat'><strong>_.</strong></span> <span class='ocrx_word' id='word_1_483' title='bbox 843 3826 1192 3901; x_wconf 85' lang='lat' dir='ltr'><strong>_.__rius_(F_l.</strong></span> <span class='ocrx_word' id='word_1_484' title='bbox 1226 3827 1555 3901; x_wconf 87' lang='lat' dir='ltr'><strong>Desiderius)</strong></span> <span class='ocrx_word' id='word_1_485' title='bbox 1583 3831 1665 3884; x_wconf 84' lang='lat' dir='ltr'><strong>vir</strong></span> <span class='ocrx_word' id='word_1_486' title='bbox 1686 3830 1869 3886; x_wconf 73' lang='lat' dir='ltr'><strong>excell.</strong></span> <span class='ocrx_word' id='word_1_487' title='bbox 1902 3849 2011 3888; x_wconf 77' lang='lat' dir='ltr'><strong>rex.</strong></span> <span class='ocrx_word' id='word_1_488' title='bbox 2042 3832 2165 3888; x_wconf 84' lang='lat' dir='ltr'><strong>Mo-</strong></span> 
     </span>
    </p>
   </div>
   <div class='ocr_carea' id='block_1_69' title="bbox 578 3895 2167 3967">
    <p class='ocr_par' dir='ltr' id='par_1_69' title="bbox 578 3895 2167 3967">
     <span class='ocr_line' id='line_1_69' title="bbox 578 3895 2167 3967; baseline 0.004 -15"><span class='ocrx_word' id='word_1_489' title='bbox 578 3896 812 3952; x_wconf 84' lang='lat' dir='ltr'><strong>nasterio</strong></span> <span class='ocrx_word' id='word_1_490' title='bbox 832 3896 945 3954; x_wconf 69' lang='grc' dir='ltr'><strong>1)ῆὶ</strong></span> <span class='ocrx_word' id='word_1_491' title='bbox 968 3906 1015 3951; x_wconf 92' lang='lat' dir='ltr'><strong>et</strong></span> <span class='ocrx_word' id='word_1_492' title='bbox 1043 3895 1400 3967; x_wconf 82' lang='lat' dir='ltr'><strong>Redemptoris</strong></span> <span class='ocrx_word' id='word_1_493' title='bbox 1448 3895 1739 3955; x_wconf 60' lang='lat' dir='ltr'><strong>noslrisito</strong></span> <span class='ocrx_word' id='word_1_494' title='bbox 1765 3903 1906 3958; x_wconf 86' lang='lat' dir='ltr'><strong>intra</strong></span> <span class='ocrx_word' id='word_1_495' title='bbox 1961 3904 2167 3960; x_wconf 84' lang='lat' dir='ltr'><strong>civitate</strong></span> 
     </span>
    </p>
   </div>
   <div class='ocr_carea' id='block_1_70' title="bbox 580 3967 2167 4041">
    <p class='ocr_par' dir='ltr' id='par_1_70' title="bbox 580 3967 2167 4041">
     <span class='ocr_line' id='line_1_70' title="bbox 580 3967 2167 4041; baseline 0.004 -19"><span class='ocrx_word' id='word_1_496' title='bbox 580 3976 773 4041; x_wconf 75' lang='lat' dir='ltr'><strong>nostra</strong></span> <span class='ocrx_word' id='word_1_497' title='bbox 812 3967 1079 4041; x_wconf 73' lang='lat' dir='ltr'><strong>brixiana,</strong></span> <span class='ocrx_word' id='word_1_498' title='bbox 1106 3984 1265 4039; x_wconf 82' lang='lat' dir='ltr'><strong>quam</strong></span> <span class='ocrx_word' id='word_1_499' title='bbox 1292 3986 1384 4024; x_wconf 89' lang='lat' dir='ltr'><strong>nos</strong></span> <span class='ocrx_word' id='word_1_500' title='bbox 1411 3969 1463 4024; x_wconf 84' lang='lat' dir='ltr'><strong><em>X</em></strong></span> <span class='ocrx_word' id='word_1_501' title='bbox 1465 3988 1530 4041; x_wconf 86' lang='grc' dir='ltr'><strong>ρο</strong></span> <span class='ocrx_word' id='word_1_502' title='bbox 1552 3971 1771 4040; x_wconf 86' lang='lat' dir='ltr'><strong>juvante</strong></span> <span class='ocrx_word' id='word_1_503' title='bbox 1812 3991 1918 4029; x_wconf 86' lang='lat' dir='ltr'><strong>una</strong></span> <span class='ocrx_word' id='word_1_504' title='bbox 1946 3992 2063 4030; x_wconf 75' lang='lat' dir='ltr'><strong>cuin</strong></span> <span class='ocrx_word' id='word_1_505' title='bbox 2094 3991 2167 4029; x_wconf 85' lang='lat' dir='ltr'><strong>re-</strong></span> 
     </span>
    </p>
   </div>
   <div class='ocr_carea' id='block_1_71' title="bbox 576 4037 2163 4115">
    <p class='ocr_par' dir='ltr' id='par_1_71' title="bbox 576 4037 2163 4115">
     <span class='ocr_line' id='line_1_71' title="bbox 576 4037 2163 4115; baseline 0.005 -23"><span class='ocrx_word' id='word_1_506' title='bbox 576 4037 935 4115; x_wconf 75' lang='lat' dir='ltr'><strong>verentissima</strong></span> <span class='ocrx_word' id='word_1_507' title='bbox 951 4037 1178 4115; x_wconf 64' lang='lat' dir='ltr'><strong>conjuge</strong></span> <span class='ocrx_word' id='word_1_508' title='bbox 1198 4049 1376 4094; x_wconf 86' lang='lat' dir='ltr'><strong>nostra</strong></span> <span class='ocrx_word' id='word_1_509' title='bbox 1398 4037 1528 4115; x_wconf 80' lang='lat' dir='ltr'><strong>ansa</strong></span> <span class='ocrx_word' id='word_1_510' title='bbox 1544 4037 1725 4111; x_wconf 82' lang='lat' dir='ltr'><strong>regina</strong></span> <span class='ocrx_word' id='word_1_511' title='bbox 1756 4045 1825 4115; x_wconf 81' lang='lat' dir='ltr'><strong>ad</strong></span> <span class='ocrx_word' id='word_1_512' title='bbox 1847 4045 2163 4115; x_wconf 81' lang='lat' dir='ltr'><strong>fundamen-</strong></span> 
     </span>
    </p>
   </div>
   <div class='ocr_carea' id='block_1_72' title="bbox 577 4107 2165 4185">
    <p class='ocr_par' dir='ltr' id='par_1_72' title="bbox 577 4107 2165 4185">
     <span class='ocr_line' id='line_1_72' title="bbox 577 4107 2165 4185; baseline 0.005 -24"><span class='ocrx_word' id='word_1_513' title='bbox 577 4107 646 4185; x_wconf 74' lang='lat' dir='ltr'><strong>tis</strong></span> <span class='ocrx_word' id='word_1_514' title='bbox 693 4107 1079 4185; x_wconf 63' lang='lat' dir='ltr'><strong>consumimus</strong></span> <span class='ocrx_word' id='word_1_515' title='bbox 1100 4107 1147 4164; x_wconf 75' lang='lat' dir='ltr'><strong>et</strong></span> <span class='ocrx_word' id='word_1_516' title='bbox 1174 4121 1379 4164; x_wconf 83' lang='lat' dir='ltr'><strong>sacrate</strong></span> <span class='ocrx_word' id='word_1_517' title='bbox 1416 4107 1629 4185; x_wconf 7' lang='lat' dir='ltr'><strong>damnari</strong></span> <span class='ocrx_word' id='word_1_518' title='bbox 1666 4107 1967 4185; x_wconf 73' lang='lat' dir='ltr'><strong>anselperge</strong></span> <span class='ocrx_word' id='word_1_519' title='bbox 2000 4116 2165 4169; x_wconf 86' lang='lat' dir='ltr'><strong>abba-</strong></span> 
     </span>
    </p>
   </div>
   <div class='ocr_carea' id='block_1_73' title="bbox 577 4178 2165 4255">
    <p class='ocr_par' dir='ltr' id='par_1_73' title="bbox 577 4178 2165 4255">
     <span class='ocr_line' id='line_1_73' title="bbox 577 4178 2165 4255; baseline 0.005 -23"><span class='ocrx_word' id='word_1_520' title='bbox 577 4178 702 4234; x_wconf 86' lang='lat' dir='ltr'><strong>tisse</strong></span> <span class='ocrx_word' id='word_1_521' title='bbox 731 4178 939 4255; x_wconf 62' lang='lat' dir='ltr'><strong>dilecta:</strong></span> <span class='ocrx_word' id='word_1_522' title='bbox 982 4179 1114 4255; x_wconf 75' lang='lat' dir='ltr'><strong>ﬁlia:</strong></span> <span class='ocrx_word' id='word_1_523' title='bbox 1170 4182 1648 4255; x_wconf 6' lang='lat' dir='ltr'><strong>nostrrcjdetulisti</strong></span> <span class='ocrx_word' id='word_1_524' title='bbox 1675 4178 1978 4255; x_wconf 44' lang='lat' dir='ltr'><strong>excel&#39;leniie</strong></span> <span class='ocrx_word' id='word_1_525' title='bbox 2018 4187 2165 4255; x_wconf 80' lang='lat' dir='ltr'><strong>regni</strong></span> 
     </span>
    </p>
   </div>
   <div class='ocr_carea' id='block_1_74' title="bbox 574 4249 2166 4324">
    <p class='ocr_par' dir='ltr' id='par_1_74' title="bbox 574 4249 2166 4324">
     <span class='ocr_line' id='line_1_74' title="bbox 574 4249 2166 4324; baseline 0.003 -20"><span class='ocrx_word' id='word_1_526' title='bbox 574 4249 742 4304; x_wconf 80' lang='lat' dir='ltr'><strong>nostri</strong></span> <span class='ocrx_word' id='word_1_527' title='bbox 769 4267 827 4303; x_wconf 88' lang='lat' dir='ltr'><strong>eo</strong></span> <span class='ocrx_word' id='word_1_528' title='bbox 850 4250 992 4321; x_wconf 82' lang='lat' dir='ltr'><strong>quod</strong></span> <span class='ocrx_word' id='word_1_529' title='bbox 1041 4250 1504 4324; x_wconf 70' lang='lat' dir='ltr'><strong>excellentissimus</strong></span> <span class='ocrx_word' id='word_1_530' title='bbox 1531 4252 1760 4307; x_wconf 79' lang='lat' dir='ltr'><strong>adelchis</strong></span> <span class='ocrx_word' id='word_1_531' title='bbox 1784 4271 1876 4308; x_wconf 77' lang='lat' dir='ltr'><strong>rea:</strong></span> <span class='ocrx_word' id='word_1_532' title='bbox 1901 4255 2044 4324; x_wconf 80' lang='lat' dir='ltr'><strong>ﬁlius</strong></span> <span class='ocrx_word' id='word_1_533' title='bbox 2075 4249 2166 4309; x_wconf 76' lang='lat' dir='ltr'><strong>no-</strong></span> 
     </span>
    </p>
   </div>
   <div class='ocr_carea' id='block_1_75' title="bbox 572 4323 2164 4393">
    <p class='ocr_par' dir='ltr' id='par_1_75' title="bbox 572 4323 2164 4393">
     <span class='ocr_line' id='line_1_75' title="bbox 572 4323 2164 4393; baseline 0.004 -21"><span class='ocrx_word' id='word_1_534' title='bbox 572 4328 684 4393; x_wconf 78' lang='lat' dir='ltr'><strong>ster</strong></span> <span class='ocrx_word' id='word_1_535' title='bbox 706 4335 983 4393; x_wconf 83' lang='lat' dir='ltr'><strong>germanus</strong></span> <span class='ocrx_word' id='word_1_536' title='bbox 1014 4330 1134 4374; x_wconf 87' lang='lat' dir='ltr'><strong>tuus</strong></span> <span class='ocrx_word' id='word_1_537' title='bbox 1163 4331 1319 4393; x_wconf 83' lang='lat' dir='ltr'><strong>atque</strong></span> <span class='ocrx_word' id='word_1_538' title='bbox 1338 4323 1566 4390; x_wconf 89' lang='lat' dir='ltr'><strong>gloriosa</strong></span> <span class='ocrx_word' id='word_1_539' title='bbox 1602 4324 1795 4393; x_wconf 71' lang='lat' dir='ltr'><strong>conjua:</strong></span> <span class='ocrx_word' id='word_1_540' title='bbox 1823 4337 2003 4379; x_wconf 87' lang='lat' dir='ltr'><strong>nostra</strong></span> <span class='ocrx_word' id='word_1_541' title='bbox 2032 4342 2164 4379; x_wconf 87' lang='lat' dir='ltr'><strong>ansa</strong></span> 
     </span>
    </p>
   </div>
   <div class='ocr_carea' id='block_1_76' title="bbox 575 4390 2159 4461">
    <p class='ocr_par' dir='ltr' id='par_1_76' title="bbox 575 4390 2159 4461">
     <span class='ocr_line' id='line_1_76' title="bbox 575 4390 2159 4461; baseline 0.004 -19"><span class='ocrx_word' id='word_1_542' title='bbox 575 4390 757 4461; x_wconf 75' lang='lat' dir='ltr'><strong>regina</strong></span> <span class='ocrx_word' id='word_1_543' title='bbox 779 4391 1004 4461; x_wconf 72' lang='lat' dir='ltr'><strong>genitria:</strong></span> <span class='ocrx_word' id='word_1_544' title='bbox 1029 4400 1119 4442; x_wconf 86' lang='lat' dir='ltr'><strong>tua</strong></span> <span class='ocrx_word' id='word_1_545' title='bbox 1140 4390 1438 4445; x_wconf 77' lang='lat' dir='ltr'><strong>contulisset</strong></span> <span class='ocrx_word' id='word_1_546' title='bbox 1482 4409 1575 4461; x_wconf 85' lang='lat' dir='ltr'><strong>per</strong></span> <span class='ocrx_word' id='word_1_547' title='bbox 1616 4390 1881 4461; x_wconf 76' lang='lat' dir='ltr'><strong>preceptas</strong></span> <span class='ocrx_word' id='word_1_548' title='bbox 1918 4395 2159 4449; x_wconf 85' lang='lat' dir='ltr'><strong>domina-</strong></span> 
     </span>
    </p>
   </div>
   <div class='ocr_carea' id='block_1_77' title="bbox 572 4457 2164 4534">
    <p class='ocr_par' dir='ltr' id='par_1_77' title="bbox 572 4457 2164 4534">
     <span class='ocr_line' id='line_1_77' title="bbox 572 4457 2164 4534; baseline 0.005 -23"><span class='ocrx_word' id='word_1_549' title='bbox 572 4457 736 4534; x_wconf 69' lang='lat' dir='ltr'><strong>tionis</strong></span> <span class='ocrx_word' id='word_1_550' title='bbox 767 4457 987 4534; x_wconf 81' lang='lat' dir='ltr'><strong>singulis</strong></span> <span class='ocrx_word' id='word_1_551' title='bbox 1015 4461 1165 4534; x_wconf 71' lang='lat' dir='ltr'><strong>rebus</strong></span> <span class='ocrx_word' id='word_1_552' title='bbox 1203 4462 1257 4534; x_wconf 82' lang='lat' dir='ltr'><strong>in</strong></span> <span class='ocrx_word' id='word_1_553' title='bbox 1280 4462 1390 4529; x_wconf 81' lang='lat' dir='ltr'><strong>ipso</strong></span> <span class='ocrx_word' id='word_1_554' title='bbox 1413 4457 1936 4534; x_wconf 56' lang='lat' dir='ltr'><strong>sanctontouaslerio</strong></span> <span class='ocrx_word' id='word_1_555' title='bbox 1962 4465 2015 4518; x_wconf 85' lang='lat' dir='ltr'><strong>in</strong></span> <span class='ocrx_word' id='word_1_556' title='bbox 2040 4465 2164 4534; x_wconf 77' lang='lat' dir='ltr'><strong>ﬁni-</strong></span> 
     </span>
    </p>
   </div>
   <div class='ocr_carea' id='block_1_78' title="bbox 573 4528 2159 4602">
    <p class='ocr_par' dir='ltr' id='par_1_78' title="bbox 573 4528 2159 4602">
     <span class='ocr_line' id='line_1_78' title="bbox 573 4528 2159 4602; baseline 0.006 -20"><span class='ocrx_word' id='word_1_557' title='bbox 573 4528 671 4583; x_wconf 79' lang='lat' dir='ltr'><strong>bus</strong></span> <span class='ocrx_word' id='word_1_558' title='bbox 702 4529 894 4583; x_wconf 82' lang='lat' dir='ltr'><strong>nostris</strong></span> <span class='ocrx_word' id='word_1_559' title='bbox 919 4530 1119 4602; x_wconf 88' lang='lat' dir='ltr'><strong>a_ustrie</strong></span> <span class='ocrx_word' id='word_1_560' title='bbox 1144 4530 1219 4583; x_wconf 83' lang='lat' dir='ltr'><strong>vel</strong></span> <span class='ocrx_word' id='word_1_561' title='bbox 1244 4528 1471 4602; x_wconf 36' lang='lat' dir='ltr'><strong>nAeustrie</strong></span> <span class='ocrx_word' id='word_1_562' title='bbox 1492 4530 1689 4602; x_wconf 84' lang='lat' dir='ltr'><strong>Spoleti</strong></span> <span class='ocrx_word' id='word_1_563' title='bbox 1716 4544 1765 4586; x_wconf 83' lang='lat' dir='ltr'><strong>et</strong></span> <span class='ocrx_word' id='word_1_564' title='bbox 1796 4537 1961 4589; x_wconf 77' lang='lat' dir='ltr'><strong>tuscis</strong></span> <span class='ocrx_word' id='word_1_565' title='bbox 1989 4528 2159 4591; x_wconf 71' lang='lat' dir='ltr'><strong>curtas</strong></span> 
     </span>
    </p>
   </div>
   <div class='ocr_carea' id='block_1_79' title="bbox 570 4598 2237 4685">
    <p class='ocr_par' dir='ltr' id='par_1_79' title="bbox 570 4598 2237 4685">
     <span class='ocr_line' id='line_1_79' title="bbox 570 4598 2237 4685; baseline 0.006 -33"><span class='ocrx_word' id='word_1_566' title='bbox 570 4600 1064 4685; x_wconf 36' lang='lat' dir='ltr'><strong>cum.ma.ssaritials</strong></span> <span class='ocrx_word' id='word_1_567' title='bbox 1104 4610 1225 4685; x_wconf 52' lang='lat' dir='ltr'><strong>etc.”</strong></span> <span class='ocrx_word' id='word_1_568' title='bbox 1251 4598 1588 4685; x_wconf 46' lang='lat' dir='ltr'><strong>Scripsi-ego</strong></span> <span class='ocrx_word' id='word_1_569' title='bbox 1618 4612 1762 4685; x_wconf 73' lang='lat' dir='ltr'><strong>petra</strong></span> <span class='ocrx_word' id='word_1_570' title='bbox 1807 4609 2014 4661; x_wconf 87' lang='lat' dir='ltr'><strong>notario</strong></span> <span class='ocrx_word' id='word_1_571' title='bbox 2041 4616 2157 4661; x_wconf 88' lang='lat' dir='ltr'><strong>acto</strong></span> <span class='ocrx_word' id='word_1_572' title='bbox 2182 4624 2237 4685; x_wconf 68' lang='grc' dir='ltr'><strong>Ι)</strong></span> 
     </span>
    </p>
   </div>
   <div class='ocr_carea' id='block_1_80' title="bbox 570 4666 2151 4745">
    <p class='ocr_par' dir='ltr' id='par_1_80' title="bbox 570 4666 2151 4745">
     <span class='ocr_line' id='line_1_80' title="bbox 570 4666 2151 4745; baseline 0.006 -22"><span class='ocrx_word' id='word_1_573' title='bbox 570 4666 864 4745; x_wconf 53' lang='lat' dir='ltr'><strong>brexiarlie</strong></span> <span class='ocrx_word' id='word_1_574' title='bbox 886 4672 1077 4745; x_wconf 71' lang='lat' dir='ltr'><strong>mensis</strong></span> <span class='ocrx_word' id='word_1_575' title='bbox 1099 4669 1225 4745; x_wconf 83' lang='lat' dir='ltr'><strong>julii</strong></span> <span class='ocrx_word' id='word_1_576' title='bbox 1253 4666 1391 4725; x_wconf 81' lang='lat' dir='ltr'><strong>anno</strong></span> <span class='ocrx_word' id='word_1_577' title='bbox 1420 4666 1702 4740; x_wconf 64' lang='lat' dir='ltr'><strong>ﬁlicissimi</strong></span> <span class='ocrx_word' id='word_1_578' title='bbox 1726 4690 1867 4745; x_wconf 84' lang='lat' dir='ltr'><strong>regn.</strong></span> <span class='ocrx_word' id='word_1_579' title='bbox 1948 4715 1964 4733; x_wconf 96' lang='lat'><strong>.</strong></span> <span class='ocrx_word' id='word_1_580' title='bbox 2042 4716 2056 4732; x_wconf 93' lang='lat'><strong>.</strong></span> <span class='ocrx_word' id='word_1_581' title='bbox 2137 4717 2151 4732; x_wconf 94' lang='lat'><strong>.</strong></span> 
     </span>
    </p>
   </div>
   <div class='ocr_carea' id='block_1_81' title="bbox 569 4741 1132 4811">
    <p class='ocr_par' dir='ltr' id='par_1_81' title="bbox 569 4741 1132 4811">
     <span class='ocr_line' id='line_1_81' title="bbox 569 4741 1132 4811; baseline 0.002 -19"><span class='ocrx_word' id='word_1_582' title='bbox 569 4753 664 4807; x_wconf 80' lang='lat' dir='ltr'><strong>per</strong></span> <span class='ocrx_word' id='word_1_583' title='bbox 685 4741 867 4795; x_wconf 88' lang='lat' dir='ltr'><strong>mdict.</strong></span> <span class='ocrx_word' id='word_1_584' title='bbox 898 4741 1004 4796; x_wconf 82' lang='lat' dir='ltr'><strong>viiii</strong></span> <span class='ocrx_word' id='word_1_585' title='bbox 1040 4741 1132 4811; x_wconf 74' lang='lat' dir='ltr'><strong>fel.</strong></span> 
     </span>
    </p>
   </div>
   <div class='ocr_carea' id='block_1_82' title="bbox 571 4851 2153 5001">
    <p class='ocr_par' dir='ltr' id='par_1_82' title="bbox 571 4851 2153 5001">
     <span class='ocr_line' id='line_1_82' title="bbox 571 4851 2153 5001; baseline 0.007 -94"><span class='ocrx_word' id='word_1_586' title='bbox 571 4942 607 5001; x_wconf 67' lang='lat'><strong>7</strong></span> <span class='ocrx_word' id='word_1_587' title='bbox 645 4851 901 4924; x_wconf 89' lang='lat' dir='ltr'><strong>Sequitur</strong></span> <span class='ocrx_word' id='word_1_588' title='bbox 944 4853 1173 4910; x_wconf 84' lang='lat' dir='ltr'><strong>alterum</strong></span> <span class='ocrx_word' id='word_1_589' title='bbox 1224 4854 1460 4926; x_wconf 86' lang='lat' dir='ltr'><strong>diploma</strong></span> <span class='ocrx_word' id='word_1_590' title='bbox 1520 4857 1797 4929; x_wconf 89' lang='lat' dir='ltr'><strong>pertinens</strong></span> <span class='ocrx_word' id='word_1_591' title='bbox 1845 4859 1911 4917; x_wconf 89' lang='lat' dir='ltr'><strong>ad</strong></span> <span class='ocrx_word' id='word_1_592' title='bbox 1953 4875 2153 4918; x_wconf 89' lang='lat' dir='ltr'><strong>annum</strong></span> 
     </span>
     <span class='ocr_line' id='line_1_83' title="bbox 609 4946 696 5001; baseline 0 0"><span class='ocrx_word' id='word_1_593' title='bbox 609 4946 696 5001; x_wconf 77' lang='lat'><strong>72.</strong></span> 
     </span>
    </p>
   </div>
   <div class='ocr_carea' id='block_1_83' title="bbox 609 4946 696 5002">
    <p class='ocr_par' dir='ltr' id='par_1_83' title="bbox 609 4946 696 5002">
     <span class='ocr_line' id='line_1_84' title="bbox 609 4946 696 5002; baseline 0 0"><span class='ocrx_word' id='word_1_594' title='bbox 609 4946 696 5002; x_wconf 76' lang='lat'><strong>72.</strong></span> 
     </span>
    </p>
   </div>
   <div class='ocr_carea' id='block_1_84' title="bbox 567 5056 2152 5124">
    <p class='ocr_par' dir='ltr' id='par_1_84' title="bbox 567 5056 2152 5124">
     <span class='ocr_line' id='line_1_85' title="bbox 567 5056 2152 5124; baseline 0.006 -12"><span class='ocrx_word' id='word_1_595' title='bbox 567 5056 789 5115; x_wconf 75' lang='lat' dir='ltr'><strong>Flauius</strong></span> <span class='ocrx_word' id='word_1_596' title='bbox 819 5058 1048 5116; x_wconf 84' lang='lat' dir='ltr'><strong>adelchis</strong></span> <span class='ocrx_word' id='word_1_597' title='bbox 1073 5061 1153 5117; x_wconf 81' lang='lat' dir='ltr'><strong>vir</strong></span> <span class='ocrx_word' id='word_1_598' title='bbox 1171 5062 1351 5119; x_wconf 77' lang='lat' dir='ltr'><strong>excell.</strong></span> <span class='ocrx_word' id='word_1_599' title='bbox 1387 5079 1479 5120; x_wconf 82' lang='lat' dir='ltr'><strong>rea:</strong></span> <span class='ocrx_word' id='word_1_600' title='bbox 1528 5063 1850 5121; x_wconf 83' lang='lat' dir='ltr'><strong>Monasterio</strong></span> <span class='ocrx_word' id='word_1_601' title='bbox 1887 5065 2002 5124; x_wconf 66' lang='lat' dir='ltr'><strong>D-‘ni</strong></span> <span class='ocrx_word' id='word_1_602' title='bbox 2029 5065 2152 5124; x_wconf 90' lang='lat' dir='ltr'><strong>Sal-</strong></span> 
     </span>
    </p>
   </div>
   <div class='ocr_carea' id='block_1_85' title="bbox 564 5129 2152 5209">
    <p class='ocr_par' dir='ltr' id='par_1_85' title="bbox 564 5129 2152 5209">
     <span class='ocr_line' id='line_1_86' title="bbox 564 5129 2152 5209; baseline 0.006 -27"><span class='ocrx_word' id='word_1_603' title='bbox 564 5129 765 5209; x_wconf 61' lang='lat' dir='ltr'><strong>uatoris</strong></span> <span class='ocrx_word' id='word_1_604' title='bbox 808 5132 904 5184; x_wconf 77' lang='lat' dir='ltr'><strong>sito</strong></span> <span class='ocrx_word' id='word_1_605' title='bbox 944 5133 995 5187; x_wconf 86' lang='lat' dir='ltr'><strong>in</strong></span> <span class='ocrx_word' id='word_1_606' title='bbox 1020 5134 1225 5209; x_wconf 71' lang='lat' dir='ltr'><strong>civitate</strong></span> <span class='ocrx_word' id='word_1_607' title='bbox 1259 5135 1500 5209; x_wconf 73' lang='lat' dir='ltr'><strong>brixiana</strong></span> <span class='ocrx_word' id='word_1_608' title='bbox 1534 5138 1674 5207; x_wconf 86' lang='lat' dir='ltr'><strong>quod</strong></span> <span class='ocrx_word' id='word_1_609' title='bbox 1722 5139 1915 5193; x_wconf 79' lang='lat' dir='ltr'><strong>damna</strong></span> <span class='ocrx_word' id='word_1_610' title='bbox 1951 5139 2152 5209; x_wconf 76' lang='lat' dir='ltr'><strong>precet-</strong></span> 
     </span>
    </p>
   </div>
   <div class='ocr_carea' id='block_1_86' title="bbox 566 5196 2151 5277">
    <p class='ocr_par' dir='ltr' id='par_1_86' title="bbox 566 5196 2151 5277">
     <span class='ocr_line' id='line_1_87' title="bbox 566 5196 2151 5277; baseline 0.008 -27"><span class='ocrx_word' id='word_1_611' title='bbox 566 5196 855 5277; x_wconf 77' lang='lat' dir='ltr'><strong>lentissima</strong></span> <span class='ocrx_word' id='word_1_612' title='bbox 902 5219 1032 5277; x_wconf 71' lang='lat' dir='ltr'><strong>arisa</strong></span> <span class='ocrx_word' id='word_1_613' title='bbox 1080 5206 1255 5277; x_wconf 82' lang='lat' dir='ltr'><strong>regina</strong></span> <span class='ocrx_word' id='word_1_614' title='bbox 1306 5196 1758 5277; x_wconf 55' lang='lat' dir='ltr'><strong>genitrix&#39;nostra</strong></span> <span class='ocrx_word' id='word_1_615' title='bbox 1785 5219 1832 5261; x_wconf 88' lang='lat' dir='ltr'><strong>et</strong></span> <span class='ocrx_word' id='word_1_616' title='bbox 1862 5196 2033 5262; x_wconf 74' lang='lat' dir='ltr'><strong>dicate</strong></span> <span class='ocrx_word' id='word_1_617' title='bbox 2085 5210 2151 5263; x_wconf 73' lang='lat' dir='ltr'><strong>do</strong></span> 
     </span>
    </p>
   </div>
   <div class='ocr_carea' id='block_1_87' title="bbox 565 5268 2151 5324">
    <p class='ocr_par' dir='ltr' id='par_1_87' title="bbox 565 5268 2151 5324">
     <span class='ocr_line' id='line_1_88' title="bbox 565 5268 2151 5324; baseline 0.002 -3"><span class='ocrx_word' id='word_1_618' title='bbox 565 5268 870 5324; x_wconf 86' lang='lat' dir='ltr'><strong>anselneraa</strong></span> <span class='ocrx_word' id='word_1_619' title='bbox 927 5268 1183 5324; x_wconf 66' lang='lat' dir='ltr'><strong>abbatissa</strong></span> <span class='ocrx_word' id='word_1_620' title='bbox 1237 5268 1421 5324; x_wconf 49' lang='lat' dir='ltr'><strong>dilecte</strong></span> <span class='ocrx_word' id='word_1_621' title='bbox 1455 5294 1700 5324; x_wconf 67' lang='lat' dir='ltr'><strong>nar-mane</strong></span> <span class='ocrx_word' id='word_1_622' title='bbox 1739 5289 1913 5324; x_wconf 78' lang='lat' dir='ltr'><strong>nnstm</strong></span> <span class='ocrx_word' id='word_1_623' title='bbox 1953 5289 2050 5324; x_wconf 67' lang='lat' dir='ltr'><strong>ala-</strong></span> <span class='ocrx_word' id='word_1_624' title='bbox 2085 5296 2151 5324; x_wconf 70' lang='lat' dir='ltr'><strong>nm</strong></span> 
     </span>
    </p>
   </div>
   <div class='ocr_carea' id='block_1_88' title="bbox 2274 3322 3293 3441">
    <p class='ocr_par' dir='ltr' id='par_1_88' title="bbox 2274 3322 3293 3441">
     <span class='ocr_line' id='line_1_89' title="bbox 2274 3322 3293 3441; baseline 0.003 -66"><span class='ocrx_word' id='word_1_625' title='bbox 2274 3322 2539 3441; x_wconf 33' lang='lat' dir='ltr'><strong>lrezf’ltauc</strong></span> <span class='ocrx_word' id='word_1_626' title='bbox 2565 3322 2962 3393; x_wconf 71' lang='lat' dir='ltr'><strong>praceptionem</strong></span> <span class='ocrx_word' id='word_1_627' title='bbox 2990 3322 3293 3394; x_wconf 69' lang='lat' dir='ltr'><strong>subscripsi.</strong></span> 
     </span>
    </p>
   </div>
   <div class='ocr_carea' id='block_1_89' title="bbox 2272 3422 3858 3527">
    <p class='ocr_par' dir='ltr' id='par_1_89' title="bbox 2272 3422 3858 3527">
     <span class='ocr_line' id='line_1_90' title="bbox 2272 3422 3858 3527; baseline 0.001 -18"><span class='ocrx_word' id='word_1_628' title='bbox 2272 3422 2277 3439; x_wconf 16' lang='grc' dir='ltr'><em>Τ</em></span> <span class='ocrx_word' id='word_1_629' title='bbox 2428 3455 2550 3525; x_wconf 90' lang='lat' dir='ltr'><strong>quis</strong></span> <span class='ocrx_word' id='word_1_630' title='bbox 2576 3468 2706 3511; x_wconf 88' lang='lat' dir='ltr'><strong>vero</strong></span> <span class='ocrx_word' id='word_1_631' title='bbox 2731 3455 2915 3527; x_wconf 90' lang='lat' dir='ltr'><strong>cupiat</strong></span> <span class='ocrx_word' id='word_1_632' title='bbox 2940 3454 3249 3512; x_wconf 85' lang='lat' dir='ltr'><strong>barbariem</strong></span> <span class='ocrx_word' id='word_1_633' title='bbox 3293 3455 3607 3512; x_wconf 89' lang='lat' dir='ltr'><strong>earumdem</strong></span> <span class='ocrx_word' id='word_1_634' title='bbox 3637 3461 3858 3511; x_wconf 85' lang='lat' dir='ltr'><strong>atatum</strong></span> 
     </span>
    </p>
   </div>
   <div class='ocr_carea' id='block_1_90' title="bbox 2270 3545 3862 3618">
    <p class='ocr_par' dir='ltr' id='par_1_90' title="bbox 2270 3545 3862 3618">
     <span class='ocr_line' id='line_1_91' title="bbox 2270 3545 3862 3618; baseline -0.001 -17"><span class='ocrx_word' id='word_1_635' title='bbox 2270 3545 2622 3618; x_wconf 86' lang='lat' dir='ltr'><strong>contemplari</strong></span> <span class='ocrx_word' id='word_1_636' title='bbox 2652 3546 2817 3603; x_wconf 87' lang='lat' dir='ltr'><strong>etiam</strong></span> <span class='ocrx_word' id='word_1_637' title='bbox 2855 3548 2911 3603; x_wconf 91' lang='lat' dir='ltr'><strong>in</strong></span> <span class='ocrx_word' id='word_1_638' title='bbox 2938 3548 3196 3605; x_wconf 88' lang='lat' dir='ltr'><strong>brevibus</strong></span> <span class='ocrx_word' id='word_1_639' title='bbox 3245 3546 3715 3618; x_wconf 84' lang='lat' dir='ltr'><strong>inscriptionibus,</strong></span> <span class='ocrx_word' id='word_1_640' title='bbox 3750 3557 3862 3601; x_wconf 86' lang='lat' dir='ltr'><strong>tum</strong></span> 
     </span>
    </p>
   </div>
   <div class='ocr_carea' id='block_1_91' title="bbox 2270 3638 3863 3713">
    <p class='ocr_par' dir='ltr' id='par_1_91' title="bbox 2270 3638 3863 3713">
     <span class='ocr_line' id='line_1_92' title="bbox 2270 3638 3863 3713; baseline 0 -18"><span class='ocrx_word' id='word_1_641' title='bbox 2270 3640 2528 3711; x_wconf 91' lang='lat' dir='ltr'><strong>temporis</strong></span> <span class='ocrx_word' id='word_1_642' title='bbox 2550 3642 2745 3711; x_wconf 90' lang='lat' dir='ltr'><strong>positis</strong></span> <span class='ocrx_word' id='word_1_643' title='bbox 2775 3642 2917 3696; x_wconf 89' lang='lat' dir='ltr'><strong>intra</strong></span> <span class='ocrx_word' id='word_1_644' title='bbox 2942 3642 3077 3697; x_wconf 89' lang='lat' dir='ltr'><strong>fines</strong></span> <span class='ocrx_word' id='word_1_645' title='bbox 3099 3640 3284 3707; x_wconf 87' lang='lat' dir='ltr'><strong>ltalia,</strong></span> <span class='ocrx_word' id='word_1_646' title='bbox 3319 3640 3591 3713; x_wconf 85' lang='lat' dir='ltr'><strong>proferam</strong></span> <span class='ocrx_word' id='word_1_647' title='bbox 3617 3657 3689 3696; x_wconf 79' lang='lat' dir='ltr'><strong>ex</strong></span> <span class='ocrx_word' id='word_1_648' title='bbox 3715 3638 3863 3695; x_wconf 84' lang='lat' dir='ltr'><strong>Pau-</strong></span> 
     </span>
    </p>
   </div>
   <div class='ocr_carea' id='block_1_92' title="bbox 2267 3734 3865 3806">
    <p class='ocr_par' dir='ltr' id='par_1_92' title="bbox 2267 3734 3865 3806">
     <span class='ocr_line' id='line_1_93' title="bbox 2267 3734 3865 3806; baseline -0.001 -17"><span class='ocrx_word' id='word_1_649' title='bbox 2267 3734 2415 3790; x_wconf 91' lang='lat' dir='ltr'><strong>vinio</strong></span> <span class='ocrx_word' id='word_1_650' title='bbox 2466 3735 2734 3806; x_wconf 86' lang='lat' dir='ltr'><strong>Antiquit.</strong></span> <span class='ocrx_word' id='word_1_651' title='bbox 2779 3735 3173 3791; x_wconf 84' lang='lat' dir='ltr'><strong>Veronensium</strong></span> <span class='ocrx_word' id='word_1_652' title='bbox 3207 3735 3301 3791; x_wconf 88' lang='lat' dir='ltr'><strong>lib.</strong></span> <span class='ocrx_word' id='word_1_653' title='bbox 3328 3750 3384 3801; x_wconf 90' lang='lat' dir='ltr'><strong>v,</strong></span> <span class='ocrx_word' id='word_1_654' title='bbox 3411 3750 3531 3806; x_wconf 89' lang='lat' dir='ltr'><strong>cap.</strong></span> <span class='ocrx_word' id='word_1_655' title='bbox 3573 3734 3662 3799; x_wconf 78' lang='lat' dir='ltr'><strong>ll,</strong></span> <span class='ocrx_word' id='word_1_656' title='bbox 3704 3742 3764 3790; x_wconf 87' lang='lat' dir='ltr'><strong>et</strong></span> <span class='ocrx_word' id='word_1_657' title='bbox 3798 3748 3865 3789; x_wconf 74' lang='lat' dir='ltr'><strong>ex</strong></span> 
     </span>
    </p>
   </div>
   <div class='ocr_carea' id='block_1_93' title="bbox 2268 3825 3862 3899">
    <p class='ocr_par' dir='ltr' id='par_1_93' title="bbox 2268 3825 3862 3899">
     <span class='ocr_line' id='line_1_94' title="bbox 2268 3825 3862 3899; baseline -0.005 -12"><span class='ocrx_word' id='word_1_658' title='bbox 2268 3845 2410 3887; x_wconf 88' lang='lat' dir='ltr'><strong>com.</strong></span> <span class='ocrx_word' id='word_1_659' title='bbox 2446 3829 2727 3887; x_wconf 83' lang='lat' dir='ltr'><strong>Moscardo</strong></span> <span class='ocrx_word' id='word_1_660' title='bbox 2757 3828 3011 3886; x_wconf 81' lang='lat' dir='ltr'><strong>Historia</strong></span> <span class='ocrx_word' id='word_1_661' title='bbox 3031 3828 3362 3886; x_wconf 85' lang='lat' dir='ltr'><strong>Veronensis</strong></span> <span class='ocrx_word' id='word_1_662' title='bbox 3384 3827 3476 3884; x_wconf 91' lang='lat' dir='ltr'><strong>lib.</strong></span> <span class='ocrx_word' id='word_1_663' title='bbox 3506 3842 3581 3894; x_wconf 83' lang='lat' dir='ltr'><strong>tv,</strong></span> <span class='ocrx_word' id='word_1_664' title='bbox 3610 3841 3742 3899; x_wconf 86' lang='lat' dir='ltr'><strong>pag.</strong></span> <span class='ocrx_word' id='word_1_665' title='bbox 3770 3825 3862 3891; x_wconf 87' lang='lat'><strong>70,</strong></span> 
     </span>
    </p>
   </div>
   <div class='ocr_carea' id='block_1_94' title="bbox 2267 3918 3866 3995">
    <p class='ocr_par' dir='ltr' id='par_1_94' title="bbox 2267 3918 3866 3995">
     <span class='ocr_line' id='line_1_95' title="bbox 2267 3918 3866 3995; baseline -0.004 -17"><span class='ocrx_word' id='word_1_666' title='bbox 2267 3923 2617 3995; x_wconf 86' lang='lat' dir='ltr'><strong>epigraphen,</strong></span> <span class='ocrx_word' id='word_1_667' title='bbox 2647 3921 2876 3977; x_wconf 89' lang='lat' dir='ltr'><strong>incisam</strong></span> <span class='ocrx_word' id='word_1_668' title='bbox 2918 3918 3237 3986; x_wconf 88' lang='lat' dir='ltr'><strong>columella,</strong></span> <span class='ocrx_word' id='word_1_669' title='bbox 3270 3920 3400 3975; x_wconf 90' lang='lat' dir='ltr'><strong>olim</strong></span> <span class='ocrx_word' id='word_1_670' title='bbox 3429 3919 3528 3975; x_wconf 89' lang='lat' dir='ltr'><strong>sub</strong></span> <span class='ocrx_word' id='word_1_671' title='bbox 3561 3934 3659 3975; x_wconf 89' lang='lat' dir='ltr'><strong>ara</strong></span> <span class='ocrx_word' id='word_1_672' title='bbox 3689 3918 3866 3974; x_wconf 83' lang='lat' dir='ltr'><strong>maxi-</strong></span> 
     </span>
    </p>
   </div>
   <div class='ocr_carea' id='block_1_95' title="bbox 2266 4010 3866 4084">
    <p class='ocr_par' dir='ltr' id='par_1_95' title="bbox 2266 4010 3866 4084">
     <span class='ocr_line' id='line_1_96' title="bbox 2266 4010 3866 4084; baseline -0.003 -13"><span class='ocrx_word' id='word_1_673' title='bbox 2266 4031 2376 4079; x_wconf 90' lang='lat' dir='ltr'><strong>ma,</strong></span> <span class='ocrx_word' id='word_1_674' title='bbox 2406 4030 2554 4071; x_wconf 90' lang='lat' dir='ltr'><strong>nunc</strong></span> <span class='ocrx_word' id='word_1_675' title='bbox 2584 4014 2640 4070; x_wconf 91' lang='lat' dir='ltr'><strong>in</strong></span> <span class='ocrx_word' id='word_1_676' title='bbox 2663 4029 2759 4069; x_wconf 90' lang='lat' dir='ltr'><strong>ara</strong></span> <span class='ocrx_word' id='word_1_677' title='bbox 2782 4013 2994 4069; x_wconf 91' lang='lat' dir='ltr'><strong>laterali</strong></span> <span class='ocrx_word' id='word_1_678' title='bbox 3017 4013 3262 4069; x_wconf 79' lang='lat' dir='ltr'><strong>ecclesia</strong></span> <span class='ocrx_word' id='word_1_679' title='bbox 3291 4012 3349 4069; x_wconf 91' lang='lat' dir='ltr'><strong>S.</strong></span> <span class='ocrx_word' id='word_1_680' title='bbox 3378 4012 3597 4084; x_wconf 88' lang='lat' dir='ltr'><strong>Georgii</strong></span> <span class='ocrx_word' id='word_1_681' title='bbox 3622 4013 3678 4068; x_wconf 90' lang='lat' dir='ltr'><strong>in</strong></span> <span class='ocrx_word' id='word_1_682' title='bbox 3708 4010 3866 4068; x_wconf 80' lang='lat' dir='ltr'><strong>Valle</strong></span> 
     </span>
    </p>
   </div>
   <div class='ocr_carea' id='block_1_96' title="bbox 2265 4107 3864 4164">
    <p class='ocr_par' dir='ltr' id='par_1_96' title="bbox 2265 4107 3864 4164">
     <span class='ocr_line' id='line_1_97' title="bbox 2265 4107 3864 4164; baseline -0.001 0"><span class='ocrx_word' id='word_1_683' title='bbox 2265 4108 2537 4164; x_wconf 87' lang='lat' dir='ltr'><strong>Pollicclla</strong></span> <span class='ocrx_word' id='word_1_684' title='bbox 2567 4108 2635 4163; x_wconf 90' lang='lat' dir='ltr'><strong>ad</strong></span> <span class='ocrx_word' id='word_1_685' title='bbox 2660 4108 3033 4164; x_wconf 88' lang='lat' dir='ltr'><strong>sustinendam</strong></span> <span class='ocrx_word' id='word_1_686' title='bbox 3083 4107 3270 4162; x_wconf 87' lang='lat' dir='ltr'><strong>altaris</strong></span> <span class='ocrx_word' id='word_1_687' title='bbox 3322 4121 3564 4162; x_wconf 88' lang='lat' dir='ltr'><strong>mensam</strong></span> <span class='ocrx_word' id='word_1_688' title='bbox 3609 4121 3737 4161; x_wconf 88' lang='lat' dir='ltr'><strong>cum</strong></span> <span class='ocrx_word' id='word_1_689' title='bbox 3769 4108 3864 4162; x_wconf 84' lang='lat' dir='ltr'><strong>tri-</strong></span> 
     </span>
    </p>
   </div>
   <div class='ocr_carea' id='block_1_97' title="bbox 2265 4197 3862 4270">
    <p class='ocr_par' dir='ltr' id='par_1_97' title="bbox 2265 4197 3862 4270">
     <span class='ocr_line' id='line_1_98' title="bbox 2265 4197 3862 4270; baseline -0.001 -16"><span class='ocrx_word' id='word_1_690' title='bbox 2265 4200 2366 4255; x_wconf 90' lang='lat' dir='ltr'><strong>bus</strong></span> <span class='ocrx_word' id='word_1_691' title='bbox 2391 4199 2657 4255; x_wconf 87' lang='lat' dir='ltr'><strong>similibus</strong></span> <span class='ocrx_word' id='word_1_692' title='bbox 2683 4199 2976 4255; x_wconf 86' lang='lat' dir='ltr'><strong>collocata.</strong></span> <span class='ocrx_word' id='word_1_693' title='bbox 3005 4198 3278 4270; x_wconf 83' lang='lat' dir='ltr'><strong>Epocham</strong></span> <span class='ocrx_word' id='word_1_694' title='bbox 3314 4197 3598 4253; x_wconf 89' lang='lat' dir='ltr'><strong>incisionis</strong></span> <span class='ocrx_word' id='word_1_695' title='bbox 3626 4205 3685 4253; x_wconf 90' lang='lat' dir='ltr'><strong>et</strong></span> <span class='ocrx_word' id='word_1_696' title='bbox 3714 4205 3862 4253; x_wconf 66' lang='grc' dir='ltr'><strong>διε-υς</strong></span> 
     </span>
    </p>
   </div>
   <div class='ocr_carea' id='block_1_98' title="bbox 2265 4291 3863 4365">
    <p class='ocr_par' dir='ltr' id='par_1_98' title="bbox 2265 4291 3863 4365">
     <span class='ocr_line' id='line_1_99' title="bbox 2265 4291 3863 4365; baseline 0 -19"><span class='ocrx_word' id='word_1_697' title='bbox 2265 4300 2433 4346; x_wconf 88' lang='lat' dir='ltr'><strong>ctura</strong></span> <span class='ocrx_word' id='word_1_698' title='bbox 2462 4291 2617 4347; x_wconf 87' lang='lat' dir='ltr'><strong>nobis</strong></span> <span class='ocrx_word' id='word_1_699' title='bbox 2661 4292 2881 4348; x_wconf 85' lang='lat' dir='ltr'><strong>exhibet</strong></span> <span class='ocrx_word' id='word_1_700' title='bbox 2926 4293 3026 4349; x_wconf 89' lang='lat' dir='ltr'><strong>sub</strong></span> <span class='ocrx_word' id='word_1_701' title='bbox 3066 4308 3193 4364; x_wconf 89' lang='lat' dir='ltr'><strong>rege</strong></span> <span class='ocrx_word' id='word_1_702' title='bbox 3240 4292 3598 4365; x_wconf 82' lang='lat' dir='ltr'><strong>Luitprando,</strong></span> <span class='ocrx_word' id='word_1_703' title='bbox 3631 4292 3737 4349; x_wconf 90' lang='lat' dir='ltr'><strong>hoc</strong></span> <span class='ocrx_word' id='word_1_704' title='bbox 3776 4300 3863 4347; x_wconf 83' lang='lat' dir='ltr'><strong>est</strong></span> 
     </span>
    </p>
   </div>
   <div class='ocr_carea' id='block_1_99' title="bbox 2265 4381 3173 4452">
    <p class='ocr_par' dir='ltr' id='par_1_99' title="bbox 2265 4381 3173 4452">
     <span class='ocr_line' id='line_1_100' title="bbox 2265 4381 3173 4452; baseline 0.003 -16"><span class='ocrx_word' id='word_1_705' title='bbox 2265 4381 2426 4452; x_wconf 91' lang='lat' dir='ltr'><strong>paulo</strong></span> <span class='ocrx_word' id='word_1_706' title='bbox 2450 4391 2576 4439; x_wconf 88' lang='lat' dir='ltr'><strong>ante</strong></span> <span class='ocrx_word' id='word_1_707' title='bbox 2596 4399 2795 4439; x_wconf 90' lang='lat' dir='ltr'><strong>annum</strong></span> <span class='ocrx_word' id='word_1_708' title='bbox 2821 4384 3024 4448; x_wconf 84' lang='lat' dir='ltr'><strong>Christi</strong></span> <span class='ocrx_word' id='word_1_709' title='bbox 3050 4384 3173 4440; x_wconf 61' lang='lat'><strong>715.</strong></span> 
     </span>
    </p>
   </div>
   <div class='ocr_carea' id='block_1_100' title="bbox 2333 4473 3858 4546">
    <p class='ocr_par' dir='ltr' id='par_1_100' title="bbox 2333 4473 3858 4546">
     <span class='ocr_line' id='line_1_101' title="bbox 2333 4473 3858 4546; baseline 0.003 -17"><span class='ocrx_word' id='word_1_710' title='bbox 2333 4473 2452 4530; x_wconf 88' lang='lat' dir='ltr'><strong>Non</strong></span> <span class='ocrx_word' id='word_1_711' title='bbox 2479 4475 2748 4546; x_wconf 86' lang='lat' dir='ltr'><strong>gravabor</strong></span> <span class='ocrx_word' id='word_1_712' title='bbox 2770 4476 2908 4532; x_wconf 88' lang='lat' dir='ltr'><strong>hanc</strong></span> <span class='ocrx_word' id='word_1_713' title='bbox 2932 4477 3362 4546; x_wconf 89' lang='lat' dir='ltr'><strong>inscriptionem,</strong></span> <span class='ocrx_word' id='word_1_714' title='bbox 3386 4476 3559 4533; x_wconf 90' lang='lat' dir='ltr'><strong>liceta</strong></span> <span class='ocrx_word' id='word_1_715' title='bbox 3589 4477 3858 4533; x_wconf 88' lang='lat' dir='ltr'><strong>Panvinio</strong></span> 
     </span>
    </p>
   </div>
   <div class='ocr_carea' id='block_1_101' title="bbox 2263 4566 3853 4641">
    <p class='ocr_par' dir='ltr' id='par_1_101' title="bbox 2263 4566 3853 4641">
     <span class='ocr_line' id='line_1_102' title="bbox 2263 4566 3853 4641; baseline 0.001 -19"><span class='ocrx_word' id='word_1_716' title='bbox 2263 4576 2319 4623; x_wconf 92' lang='lat' dir='ltr'><strong>et</strong></span> <span class='ocrx_word' id='word_1_717' title='bbox 2351 4583 2380 4621; x_wconf 89' lang='lat' dir='ltr'><strong>a</strong></span> <span class='ocrx_word' id='word_1_718' title='bbox 2406 4566 2686 4623; x_wconf 85' lang='lat' dir='ltr'><strong>Moscardo</strong></span> <span class='ocrx_word' id='word_1_719' title='bbox 2712 4567 2935 4634; x_wconf 88' lang='lat' dir='ltr'><strong>editam,</strong></span> <span class='ocrx_word' id='word_1_720' title='bbox 2963 4569 3156 4623; x_wconf 90' lang='lat' dir='ltr'><strong>iterum</strong></span> <span class='ocrx_word' id='word_1_721' title='bbox 3185 4569 3325 4641; x_wconf 89' lang='lat' dir='ltr'><strong>typis</strong></span> <span class='ocrx_word' id='word_1_722' title='bbox 3344 4568 3499 4635; x_wconf 89' lang='lat' dir='ltr'><strong>dare,</strong></span> <span class='ocrx_word' id='word_1_723' title='bbox 3527 4584 3655 4625; x_wconf 90' lang='lat' dir='ltr'><strong>cum</strong></span> <span class='ocrx_word' id='word_1_724' title='bbox 3674 4568 3853 4625; x_wconf 87' lang='lat' dir='ltr'><strong>videri</strong></span> 
     </span>
    </p>
   </div>
   <div class='ocr_carea' id='block_1_102' title="bbox 2262 4656 3853 4732">
    <p class='ocr_par' dir='ltr' id='par_1_102' title="bbox 2262 4656 3853 4732">
     <span class='ocr_line' id='line_1_103' title="bbox 2262 4656 3853 4732; baseline 0.001 -19"><span class='ocrx_word' id='word_1_725' title='bbox 2262 4657 2432 4727; x_wconf 88' lang='lat' dir='ltr'><strong>possit</strong></span> <span class='ocrx_word' id='word_1_726' title='bbox 2487 4656 2698 4713; x_wconf 89' lang='lat' dir='ltr'><strong>illorum</strong></span> <span class='ocrx_word' id='word_1_727' title='bbox 2744 4658 2921 4713; x_wconf 91' lang='lat' dir='ltr'><strong>neutri</strong></span> <span class='ocrx_word' id='word_1_728' title='bbox 2966 4667 3226 4730; x_wconf 85' lang='lat' dir='ltr'><strong>spectata,</strong></span> <span class='ocrx_word' id='word_1_729' title='bbox 3287 4660 3384 4715; x_wconf 91' lang='lat' dir='ltr'><strong>sed</strong></span> <span class='ocrx_word' id='word_1_730' title='bbox 3421 4659 3653 4716; x_wconf 87' lang='lat' dir='ltr'><strong>aliorum</strong></span> <span class='ocrx_word' id='word_1_731' title='bbox 3686 4674 3853 4732; x_wconf 87' lang='lat' dir='ltr'><strong>opera</strong></span> 
     </span>
    </p>
   </div>
   <div class='ocr_carea' id='block_1_103' title="bbox 2258 4738 3883 4823">
    <p class='ocr_par' dir='ltr' id='par_1_103' title="bbox 2258 4738 3883 4823">
     <span class='ocr_line' id='line_1_104' title="bbox 2258 4738 3883 4823; baseline 0.002 -21"><span class='ocrx_word' id='word_1_732' title='bbox 2258 4748 2440 4803; x_wconf 91' lang='lat' dir='ltr'><strong>minus</strong></span> <span class='ocrx_word' id='word_1_733' title='bbox 2464 4748 2707 4819; x_wconf 88' lang='lat' dir='ltr'><strong>diligenti</strong></span> <span class='ocrx_word' id='word_1_734' title='bbox 2737 4750 3085 4821; x_wconf 89' lang='lat' dir='ltr'><strong>transcripta.</strong></span> <span class='ocrx_word' id='word_1_735' title='bbox 3110 4749 3240 4807; x_wconf 88' lang='lat' dir='ltr'><strong>Mihi</strong></span> <span class='ocrx_word' id='word_1_736' title='bbox 3263 4765 3394 4807; x_wconf 89' lang='lat' dir='ltr'><strong>vero</strong></span> <span class='ocrx_word' id='word_1_737' title='bbox 3414 4766 3538 4816; x_wconf 80' lang='lat' dir='ltr'><strong>cum</strong></span> <span class='ocrx_word' id='word_1_738' title='bbox 3552 4752 3845 4823; x_wconf 87' lang='lat' dir='ltr'><strong>contigerit</strong></span> <span class='ocrx_word' id='word_1_739' title='bbox 3876 4738 3883 4747; x_wconf 62' lang='grc'><strong>”</strong></span> 
     </span>
    </p>
   </div>
   <div class='ocr_carea' id='block_1_104' title="bbox 2258 4838 3842 4913">
    <p class='ocr_par' dir='ltr' id='par_1_104' title="bbox 2258 4838 3842 4913">
     <span class='ocr_line' id='line_1_105' title="bbox 2258 4838 3842 4913; baseline 0.003 -17"><span class='ocrx_word' id='word_1_740' title='bbox 2258 4854 2400 4896; x_wconf 91' lang='lat' dir='ltr'><strong>com.</strong></span> <span class='ocrx_word' id='word_1_741' title='bbox 2436 4838 2733 4895; x_wconf 90' lang='lat' dir='ltr'><strong>Ottolinum</strong></span> <span class='ocrx_word' id='word_1_742' title='bbox 2785 4840 3007 4896; x_wconf 88' lang='lat' dir='ltr'><strong>Ottolini</strong></span> <span class='ocrx_word' id='word_1_743' title='bbox 3055 4842 3259 4913; x_wconf 89' lang='lat' dir='ltr'><strong>optime</strong></span> <span class='ocrx_word' id='word_1_744' title='bbox 3285 4841 3355 4900; x_wconf 92' lang='lat' dir='ltr'><strong>de</strong></span> <span class='ocrx_word' id='word_1_745' title='bbox 3398 4842 3596 4903; x_wconf 83' lang='lat' dir='ltr'><strong>studiis</strong></span> <span class='ocrx_word' id='word_1_746' title='bbox 3639 4845 3842 4901; x_wconf 88' lang='lat' dir='ltr'><strong>nostris</strong></span> 
     </span>
    </p>
   </div>
   <div class='ocr_carea' id='block_1_105' title="bbox 2258 4928 3856 5009">
    <p class='ocr_par' dir='ltr' id='par_1_105' title="bbox 2258 4928 3856 5009">
     <span class='ocr_line' id='line_1_106' title="bbox 2258 4928 3856 5009; baseline 0.004 -21"><span class='ocrx_word' id='word_1_747' title='bbox 2258 4932 2511 4988; x_wconf 90' lang='lat' dir='ltr'><strong>meritum</strong></span> <span class='ocrx_word' id='word_1_748' title='bbox 2541 4928 2751 5005; x_wconf 88' lang='lat' dir='ltr'><strong>rogare,</strong></span> <span class='ocrx_word' id='word_1_749' title='bbox 2782 4942 2842 4989; x_wconf 87' lang='lat' dir='ltr'><strong>ut</strong></span> <span class='ocrx_word' id='word_1_750' title='bbox 2880 4934 3070 4991; x_wconf 88' lang='lat' dir='ltr'><strong>charta</strong></span> <span class='ocrx_word' id='word_1_751' title='bbox 3095 4936 3402 4993; x_wconf 84' lang='lat' dir='ltr'><strong>humectata</strong></span> <span class='ocrx_word' id='word_1_752' title='bbox 3448 4938 3716 4994; x_wconf 89' lang='lat' dir='ltr'><strong>marmori</strong></span> <span class='ocrx_word' id='word_1_753' title='bbox 3759 4953 3856 5009; x_wconf 87' lang='lat' dir='ltr'><strong>ap-</strong></span> 
     </span>
    </p>
   </div>
   <div class='ocr_carea' id='block_1_106' title="bbox 2230 5026 3842 5103">
    <p class='ocr_par' dir='ltr' id='par_1_106' title="bbox 2230 5026 3842 5103">
     <span class='ocr_line' id='line_1_107' title="bbox 2230 5026 3842 5103; baseline 0.005 -24"><span class='ocrx_word' id='word_1_754' title='bbox 2230 5026 2572 5096; x_wconf 84' lang='lat' dir='ltr'><strong>plicaretur,</strong></span> <span class='ocrx_word' id='word_1_755' title='bbox 2609 5035 2664 5082; x_wconf 88' lang='lat' dir='ltr'><strong>et</strong></span> <span class='ocrx_word' id='word_1_756' title='bbox 2696 5028 3070 5084; x_wconf 81' lang='lat' dir='ltr'><strong>cltaracterum</strong></span> <span class='ocrx_word' id='word_1_757' title='bbox 3094 5030 3495 5103; x_wconf 87' lang='lat' dir='ltr'><strong>ductussinguli</strong></span> <span class='ocrx_word' id='word_1_758' title='bbox 3522 5031 3842 5090; x_wconf 84' lang='lat' dir='ltr'><strong>fidelissime</strong></span> 
     </span>
    </p>
   </div>
   <div class='ocr_carea' id='block_1_107' title="bbox 2256 5118 3847 5194">
    <p class='ocr_par' dir='ltr' id='par_1_107' title="bbox 2256 5118 3847 5194">
     <span class='ocr_line' id='line_1_108' title="bbox 2256 5118 3847 5194; baseline 0.003 -21"><span class='ocrx_word' id='word_1_759' title='bbox 2256 5118 2721 5189; x_wconf 83' lang='lat' dir='ltr'><strong>exprimerentur;</strong></span> <span class='ocrx_word' id='word_1_760' title='bbox 2756 5119 2803 5175; x_wconf 90' lang='lat' dir='ltr'><strong>is</strong></span> <span class='ocrx_word' id='word_1_761' title='bbox 2827 5134 2926 5190; x_wconf 89' lang='lat' dir='ltr'><strong>pro</strong></span> <span class='ocrx_word' id='word_1_762' title='bbox 2959 5122 3220 5193; x_wconf 89' lang='lat' dir='ltr'><strong>singulari</strong></span> <span class='ocrx_word' id='word_1_763' title='bbox 3266 5136 3372 5193; x_wconf 88' lang='lat' dir='ltr'><strong>qua</strong></span> <span class='ocrx_word' id='word_1_764' title='bbox 3406 5131 3637 5194; x_wconf 71' lang='lat' dir='ltr'><strong>prastat</strong></span> <span class='ocrx_word' id='word_1_765' title='bbox 3664 5124 3847 5179; x_wconf 87' lang='lat' dir='ltr'><strong>erudi-</strong></span> 
     </span>
    </p>
   </div>
   <div class='ocr_carea' id='block_1_108' title="bbox 2254 5209 3843 5288">
    <p class='ocr_par' dir='ltr' id='par_1_108' title="bbox 2254 5209 3843 5288">
     <span class='ocr_line' id='line_1_109' title="bbox 2254 5209 3843 5288; baseline 0.003 -24"><span class='ocrx_word' id='word_1_766' title='bbox 2254 5209 2422 5277; x_wconf 88' lang='lat' dir='ltr'><strong>tione,</strong></span> <span class='ocrx_word' id='word_1_767' title='bbox 2449 5221 2504 5267; x_wconf 91' lang='lat' dir='ltr'><strong>et</strong></span> <span class='ocrx_word' id='word_1_768' title='bbox 2540 5227 2669 5267; x_wconf 89' lang='lat' dir='ltr'><strong>cura</strong></span> <span class='ocrx_word' id='word_1_769' title='bbox 2713 5227 2876 5284; x_wconf 90' lang='lat' dir='ltr'><strong>quam</strong></span> <span class='ocrx_word' id='word_1_770' title='bbox 2919 5213 3140 5270; x_wconf 89' lang='lat' dir='ltr'><strong>adhibet</strong></span> <span class='ocrx_word' id='word_1_771' title='bbox 3165 5215 3219 5270; x_wconf 92' lang='lat' dir='ltr'><strong>in</strong></span> <span class='ocrx_word' id='word_1_772' title='bbox 3252 5214 3564 5271; x_wconf 84' lang='lat' dir='ltr'><strong>excolendis</strong></span> <span class='ocrx_word' id='word_1_773' title='bbox 3588 5217 3644 5272; x_wconf 90' lang='lat' dir='ltr'><strong>in</strong></span> <span class='ocrx_word' id='word_1_774' title='bbox 3672 5215 3843 5288; x_wconf 85' lang='lat' dir='ltr'><strong>patria</strong></span> 
     </span>
    </p>
   </div>
   <div class='ocr_carea' id='block_1_109' title="bbox 2253 5311 2664 5324">
    <p class='ocr_par' dir='ltr' id='par_1_109' title="bbox 2253 5311 2664 5324">
     <span class='ocr_line' id='line_1_110' title="bbox 2253 5311 2664 5324; baseline 0 0"><span class='ocrx_word' id='word_1_775' title='bbox 2253 5311 2433 5324; x_wconf 52' lang='grc' dir='ltr'><strong>..-διο-ο</strong></span> <span class='ocrx_word' id='word_1_776' title='bbox 2492 5311 2664 5324; x_wconf 52' lang='grc' dir='ltr'><strong>..μα-Δί-</strong></span> 
     </span>
    </p>
   </div>
  </div>
