4010 6302
546 339 621 402 83
1267 337 1359 393 AD
1396 334 1840 396 ANASTASIUM
1880 328 2393 393 PROLEGOMENA
2430 331 2606 388 EDiT.
2653 330 3083 391 ιιοιΑ.-νΑΤι(;.
3750 340 3822 397 84

549 456 838 518 recensita.
857 455 1124 514 Cordatus
1144 455 1372 527 quisque
1392 454 1822 526 t‘acileintelligct
1838 466 1941 507 non
1967 450 2135 508 fuisse
2161 452 2212 511 A
2238 463 2355 520 cap.
2386 449 2410 504 7
2443 459 2497 504 et
2525 451 2577 516 8,
2609 461 2665 506 ut
2692 451 3064 525 Symmachus
3088 466 3225 524 papa
3256 458 3484 509 testatur
3507 455 3560 511 in
3589 471 3708 513 COIIi
3731 459 3828 514 ilio

549 560 735 609 curata
771 544 1103 624 negligenter
1131 548 1460 605 in'archivis
1489 549 1833 604 basilicarum
1862 560 1926 601 ac
1955 542 2136 600 titulo.

548 660 667 700 rum
716 642 877 701 Urbis
906 643 1227 700 documenta
1260 640 1470 713 publica
1501 637 1801 710 principum
1846 653 1910 692 ac
1952 637 2134 709 priva-

548 747 747 806 torum,
778 737 974 810 quibus
998 737 1202 810 praedia
1231 736 1343 794 sive
1367 734 1573 791 urbana
1599 733 1711 789 sive
1742 731 1943 787 rustica
1970 730 2137 787 dona-

545 835 765 902 bantur,
811 848 932 891 cum
968 835 1022 890 in
1067 843 1200 890 aestu
1248 848 1466 905 quoque
1493 827 1884 903 persecutionis
1916 824 2135 883 mobilia

543 927 786 985 ecclesia:
805 928 950 984 bona
972 928 1371 986 archidiaconis
1391 918 1860 990 contraderentur,
1880 920 2137 994 quemad-

546 1019 764 1076 modum
814 1018 872 1073 S.
915 1018 1115 1075 Lucius
1142 1034 1280 1090 papa
1303 1034 1366 1075 ea
1396 1014 1797 1073 commendavit
1840 1010 2137 1085 Stephano,

548 1108 854 1182 Stephanus
882 1109 1074 1183 Xysto,
1104 1110 1303 1183 Xystus
1329 1109 1642 1175 Laurentio,
1673 1123 1794 1180 quae
1818 1114 1975 1163 erant
2013 1121 2137 1161 ero-

538 1204 714 1276 ganda
737 1203 790 1260 in
813 1203 1184 1275 eieemosynas
1203 1217 1497 1273 pauperum
1521 1208 1577 1256 et
1598 1200 1652 1255 in
1679 1215 1810 1255 usus
1831 1213 2130 1255 sacrorum.

541 1292 690 1349 Bona
733 1292 900 1350 etiam
935 1292 1229 1349 immobilia
1260 1293 1329 1348 ad
1358 1290 1657 1348 Ecclesiam
1675 1289 1788 1363 jam
1822 1298 1935 1345 tum
1963 1288 2134 1360 perti-

542 1388 727 1445 nuisse
750 1428 767 1454 ,
797 1402 1026 1458 quorum
1062 1400 1241 1442 annuo
1272 1385 1449 1441 reditu
1480 1397 1745 1455 pauperes
1774 1391 1866 1437 aut
1901 1379 2135 1438 ministri

543 1479 834 1544 alerentur,
864 1486 1009 1535 recte
1032 1478 1294 1550 colligunt
1322 1476 1523 1533 eruditi
1552 1490 1618 1530 ex
1642 1474 1760 1545 lege
1788 1471 2132 1529 Constantini

540 1575 680 1643 apud
703 1573 993 1629 Eusebium
1017 1573 1073 1628 in
1096 1570 1213 1641 ejus
1234 1566 1355 1627 Vita
1384 1571 1476 1626 lib.
1508 1587 1570 1637 ιι,
1591 1584 1712 1640 cap.
1739 1568 1830 1634 59,
1855 1584 1961 1640 qua
1978 1566 2133 1638 jubet

451 1656 471 1667 ’
534 1660 783 1719 ecclesiis
827 1662 1036 1717 restitui
1061 1662 1201 1719 bona
1230 1678 1348 1732 quae
1377 1660 1539 1718 ﬁscus
1573 1659 1873 1717 abstulerat
1910 1658 1966 1713 in
2006 1674 2131 1731 per-

540 1753 837 1810 secutione.
872 1752 1066 1809 Omnia
1110 1772 1231 1825 ergo
1286 1755 1399 1825 (ait
1441 1752 1857 1824 Constantinus)
1901 1769 2017 1824 qua:
2056 1752 2126 1807 ad

2241 543 2504 611 Romano,
2532 544 2674 613 quod
2694 544 2852 601 Osius
2873 544 3134 618 Sylvestri
3401 548 3632 607 concilio
3654 553 3828 608 inter-

2239 637 2427 696 fuisset
2450 656 2592 697 anno
2622 641 2748 705 524,
2779 656 2931 697 ιιιιιιι.
2956 641 3049 709 44,
3095 642 3423 700 observante
3459 644 3693 702 Bar'onio
3724 658 3827 705 nec

2239 747 2347 787 non
2372 731 2528 787 Binio
2551 731 2617 786 ad
2640 731 2783 787 idem
2807 731 3097 788 concilium
3120 731 3199 787 lit.
3227 732 3283 799 Ii,
3306 733 3532 806 aliteque
3561 736 3661 792 sub
3682 735 3827 793 Julio

2237 838 2375 894 papa
2425 838 2569 880 anno
2613 823 2730 894 ejus
2776 823 3006 894 quinto,
3053 822 3257 881 Christi
3299 824 3437 893 541,
3486 825 3542 881 in
3594 827 3827 884 concilio

2236 914 2572 971 Antiocheno
2622 917 2798 987 primo
2841 930 2967 974 can.
3018 916 3112 984 24,
3167 914 3258 975 ubi
3298 928 3367 974 ex
3414 918 3683 991 episcopis
3730 922 3827 991 qui

2238 1016 2603 1065 convenerant
2648 1008 2774 1065 licet
2822 1010 3129 1081 complures
3181 1011 3251 1068 ab
3301 1011 3520 1069 Arianis
3581 1014 3826 1083 partibus

2237 1101 2461 1157 subdole
2511 1111 2719 1157 starent
2772 1102 2826 1157 in
2875 1114 3038 1158 causa
3098 1100 3425 1170 Athanasii,
3470 1113 3712 1162 attamen
3758 1106 3826 1161 de

2234 1196 2395 1253 rebus
2425 1197 2679 1254 Ecclesia:
2723 1199 2797 1253 ita
2847 1199 3190 1256 statuendum
3232 1210 3528 1257 sanxerunt
3568 1218 3691 1258 cum
3733 1218 3825 1258 ca-

2237 1287 2473 1355 tholicis,
2518 1289 2741 1345 imitatis
2770 1288 2969 1346 Julium
3002 1291 3314 1362 pontiﬁcem
3348 1292 3403 1348 in
3428 1293 3540 1350 suis
3573 1294 3822 1365 legibus:

2241 1399 2258 1431 ι
2291 1378 2459 1436 Recte
2488 1379 2670 1447 habet,
2722 1389 2780 1436 ut
2823 1396 2909 1449 ea,
2952 1396 3075 1453 qua:
3103 1378 3229 1437 Sunt
3266 1382 3529 1449 ecclesiae,
3579 1384 3827 1442 ecclesia

2235 1484 2521 1529 serventur
2567 1490 2689 1529 cum
2736 1475 2887 1531 omni
2932 1475 3073 1531 bona
3122 1475 3456 1533 conscientia
3501 1489 3556 1533 et
3611 1478 3716 1534 ﬁde
3768 1479 3825 1535 in

2233 1565 2475 1619 omnium
2524 1565 2810 1635 praesidem
2858 1574 2913 1622 et
2955 1562 3195 1634 iudicem
3240 1558 3410 1624 Deum
3442 1586 3459 1625 :
3490 1584 3610 1641 qua:
3653 1570 3826 1624 etiam

2234 1657 2604 1713 administrari
2642 1658 2895 1713 convenit
2934 1674 3058 1715 cum
3097 1658 3303 1729 judicio
3326 1669 3382 1716 et
3405 1668 3676 1733 petestate
3703 1662 3824 1732 epi-

2234 1751 2418 1822 scopi,
2455 1751 2541 1807 cui
2593 1761 2679 1808 est
2724 1751 2901 1807 omnis
2946 1752 3176 1824 populus
3226 1744 3490 1821 creditus,
3533 1763 3589 1810 et
3630 1770 3825 1811 eorum

531 1840 799 1899 Ecclesiae
830 1857 963 1899 recte
988 1846 1097 1900 visa
1130 1845 1325 1913 fuerint
1352 1846 1642 1917 pertinere,
1679 1847 1785 1902 sive
1824 1846 2030 1915 domus,
2062 1863 2125 1901 ac
2155 1829 2203 1891 Β
2230 1842 2425 1897 anima:
2470 1856 2590 1912 quae
2640 1841 2696 1897 in
2739 1841 3028 1899 ecclesiam
3071 1845 3422 1900 conveniunt.
3472 1845 3594 1900 Sint
3641 1854 3828 1902 autem

530 1936 754 1990 ossessio
777 1936 867 2002 sit,
890 1936 996 1991 sive
1025 1937 1159 2009 agri,
1190 1938 1295 1993 sive
1320 1938 1490 2004 horti,
1514 1955 1606 1994 seu
1631 1954 1953 2010 quaecunque
1979 1936 2123 1992 aliud

534 2022 710 2079 nusllo
731 2024 879 2096 jure,
899 2026 1040 2099 quod
1066 2026 1135 2081 ad
1156 2027 1446 2081 dominium
1470 2030 1714 2100 pertinet,
1743 2029 2040 2096 immunita,
2069 2046 2122 2083 se

540 2113 670 2171 alvis
697 2116 936 2172 omnibus
950 2126 1103 2190 atque
1119 2118 1333 2190 integris
1358 2119 1707 2185 manentibus,
1732 2118 1933 2174 restitui
1951 2116 2110 2191 jube-

527 2223 664 2263 mus.
699 2208 974 2267 Videndus
1002 2225 1066 2267 ea
1094 2211 1160 2266 de
1190 2224 1249 2265 re
1279 2208 1641 2267 Thomasinus
1666 2209 1733 2267 de
1754 2208 1939 2266 Benef.
1970 2216 2115 2281 part.

526 2314 610 2365 ιιι,
660 2299 752 2356 lib.
804 2317 846 2367 ι,
892 2317 1013 2373 cap.
1057 2302 1110 2367 5,
1161 2303 1253 2359 ubi
1302 2317 1370 2358 ex
1411 2303 1560 2359 Actis
1608 2301 1665 2357 Β.
1713 2300 1932 2359 Abcrcii
1973 2301 2118 2375 apud

525 2390 816 2449 Baronium
843 2395 911 2450 ad
951 2410 1154 2451 annum
1185 2394 1312 2462 165,
1342 2396 1536 2468 probat
1562 2395 1728 2452 etiam
1773 2396 1843 2451 ab
1883 2396 2118 2452 ethnicis

526 2488 946 2561 imperatoribus
974 2491 1204 2547 donatas
1238 2490 1406 2547 fuisse
1434 2490 1640 2562 aliquot
1673 2490 1934 2547 ecclesias
1964 2490 2118 2547 Chri-

524 2583 734 2639 stianas
754 2583 950 2638 annuis
971 2584 1268 2649 reditibus;
1297 2598 1421 2639 cum
1443 2582 1510 2638 M.
1532 2583 1785 2639 Aurelius
1805 2583 2015 2655 legatur
2038 2591 2119 2638 ter

523 2673 764 2730 millibus
795 2673 1054 2731 frumenti
1088 2674 1285 2730 modiis
1314 2674 1543 2730 donasse
1572 2674 1873 2731 Ecclesiam
1920 2664 2115 2731 iiiera—

524 2765 860 2835 politanam,
898 2764 1054 2837 cujus
1098 2766 1383 2837 cpiscopus
1428 2764 1596 2820 ﬁliam
1645 2765 1763 2837 ejus
1806 2761 1849 2820 a'
1874 2766 2118 2823 dzemone

524 2857 852 2929 exagitatam
897 2868 1216 2926 sanaverat;
1266 2872 1441 2929 neque
1489 2856 1621 2913 illud
1653 2857 1889 2925 donum,
1938 2858 2040 2915 nisi
2084 2873 2117 2912 a

521 2948 735 3008 Juliano
775 2952 1035 3024 Apostata
1069 2951 1237 3008 fuisse
1266 2948 1643 3008 retractatum.
1678 2951 1909 3008 Necesse
1953 2951 2117 3023 igitur

524 3051 642 3098 erat
674 3043 941 3099 indiculos
968 3043 1293 3112 praediorum
1316 3042 1585 3100 conscribi
1616 3057 1715 3115 per
1743 3042 1988 3099 notarios
2014 3042 2114 3100 Ec-

522 3132 699 3190 clesia:
733 3149 798 3190 ac
836 3133 1172 3199 defensores,
1196 3136 1495 3206 praesertim
1524 3150 1645 3190 cum
1671 3135 1812 3191 idem
1839 3134 2113 3207 Angustus

522 3225 907 3282 Constantinus
933 3226 1205 3282 sanxisset
1232 3236 1292 3284 ut
1323 3234 1619 3299 martyrum
1645 3234 1699 3283 et
1735 3220 2110 3285 confessorum

523 3318 667 3376 bona
712 3333 808 3389 per
851 3319 1042 3376 ﬁscum
1084 3328 1268 3391 erepta
1312 3320 1620 3376 heredibus
1657 3321 2107 3389 restituerentur;

518 3409 607 3467 vel
636 3411 682 3467 si
703 3411 945 3467 heredes
964 3410 1276 3478 deﬁcerent,
1302 3413 1674 3481 loci_ecclesiae
1697 3414 2108 3470 addicerentur:

521 3506 597 3562 ita
646 3505 879 3564 Eusebio
913 3514 1150 3564 testante
1194 3523 1314 3578 cap.
1361 3506 1431 3564 56
1476 3516 1531 3564 et
1571 3510 1639 3564 57
1686 3510 1926 3581 ejusdem
1963 3511 2106 3567 libri.

521 3599 701 3667 Quare
742 3601 797 3657 in
846 3600 965 3658 Vita
995 3602 1262 3675 Sylvestri
1290 3602 1379 3660 hic
1402 3602 1566 3660 Liber
1592 3602 1929 3660 Pontiﬁcalis
1954 3620 2105 3662 num.

520 3690 593 3746 45
622 3692 789 3750 refert
808 3694 1220 3751 Constantinum
1248 3695 1490 3753 ecclesia:
1512 3696 1570 3754 S.
1595 3696 1872 3753 Laurentii
1901 3698 1957 3753 in
1981 3713 2112 3770 agro

524 3783 739 3841 Verano
774 3803 802 3840 a
831 3802 891 3843 se
918 3797 1244 3844 constructae
1284 3790 1509 3845 donaria
1537 3790 1755 3861 publica
1787 3791 2107 3863 contulisse,

519 3885 576 3931 et
602 3878 743 3934 inter
760 3879 900 3935 bona
923 3881 1215 3936 immobilia
1232 3880 1406 3937 eidem
1434 3882 1705 3939 addixisse
1731 3885 2109 3955 possessionem

519 3971 798 4042 cujusdam
839 3973 1125 4045 Cyriacelis
1167 3973 1423 4047 religiosa:
1467 3975 1707 4049 feminae,
1745 3980 1905 4049 quam
1946 3977 2107 4048 ﬁscus

520 4073 863 4133 occupaverat
893 4074 1124 4137 tempore
1140 4068 1541 4137 persecutionis;

594 4154 687 4210 Vix
704 4165 822 4210 erat
841 4136 1098 4212 Ecclesiae
1121 4136 1223 4228 pax
1252 4157 1478 4225 reddita,
1496 4162 1551 4216 et
1564 4160 1802 4217 fundatae
1824 4176 1889 4218 ac
1909 4162 2108 4220 tibtatae

519 4237 752 4301 basilicae
769 4245 1085 4303 visebantur
1105 4263 1201 4318 per
1212 4248 1625 4306 Constantinum
1648 4250 1746 4308 sub
1762 4252 2039 4325 Sylvestro
2052 4263 2108 4311 et

520 4339 715 4403 Marco,
737 4356 856 4395 cum
871 4342 1152 4411 proximus
1166 4342 1327 4398 Marci
1346 4359 1630 4401 successor
1643 4330 1816 4399 Julius
1833 4361 1968 4417 papa
1982 4338 2107 4405 con-

517 4430 691 4485 stituit
714 4441 772 4486 ut
801 4431 992 4487 notitia
1012 4448 1196 4488 rerum
1218 4441 1274 4489 et
1296 4434 1555 4490 Actorum
1577 4436 1642 4490 ad
1659 4436 1957 4494 Ecclesiam
1983 4450 2106 4511 per-

2228 1932 2513 1989 manifesta
2537 1949 2657 2004 qua:
2676 1934 2743 1988 ad
2761 1935 3049 1990 ecclesiam
3072 1936 3347 2005 pertinent
3368 1946 3495 1993 cum
3516 1938 3830 2009 cognitione

2226 2029 2664 2100 presbyterorum
2709 2036 2764 2083 et
2810 2028 3162 2086 diaconorum
3206 2029 3301 2104 qui
3343 2040 3473 2089 sunt
3498 2032 3641 2087 circa
3672 2047 3827 2101 eum,

2226 2129 2286 2175 ut
2329 2121 2501 2176 sciant
2532 2129 2586 2177 et
2633 2136 2741 2177 non
2784 2122 3073 2193 ignorent,
3109 2142 3129 2175 ι
3177 2132 3283 2180 etc.
3341 2122 3451 2181 Sed
3497 2125 3828 2197 apostolicae

2226 2210 2353 2267 Julii
2401 2212 2546 2284 leges
2586 2212 2756 2269 multo
2806 2214 3159 2293 praestantius
3191 2214 3485 2271 illustravit
3532 2217 3827 2273 concilium

2224 2301 2661 2359 Chalcedonense
2689 2318 2831 2360 anno
2857 2304 2984 2370 451,
3013 2306 3114 2362 sub
3142 2303 3319 2362 Leone
3342 2302 3559 2379 Magno,
3589 2316 3695 2362 act.
3728 2323 3825 2376 xv,

2223 2409 2345 2449 can.
2397 2392 2468 2449 26
2517 2412 2530 2448 :
2585 2413 2603 2446 ι
2656 2394 2865 2451 Placuit
2911 2412 3129 2454 omnem
3185 2397 3474 2456 ecclesiam
3529 2397 3826 2456 habentem

2222 2486 2533 2556 episcopum
2561 2484 2763 2541 habere
2791 2500 3132 2542 meonomum
3162 2487 3231 2543 de
3264 2488 3413 2544 clero
3450 2489 3696 2562 proprio,
3725 2490 3823 2560 qui

2176 2577 2497 2647 .dispenset
2546 2588 2635 2633 res
2682 2578 3079 2636 ecclesiasticas
3136 2580 3433 2637 secundum
3490 2581 3823 2639 sententiam

2221 2669 2460 2740 episcopi
2500 2669 2736 2741 proprii;
2771 2671 2843 2725 ita
2881 2679 2939 2726 ut
2968 2670 3215 2730 ecclesias
3256 2672 3592 2745 dispensatio
3621 2683 3824 2744 prater

2224 2760 2599 2815 testimonium
2623 2769 2729 2816 non
2752 2762 2845 2830 sit,
2872 2771 2927 2818 et
2947 2779 3013 2820 ex
3037 2766 3141 2820 hoc
3169 2764 3551 2837 dispergantur
3571 2766 3821 2822 ecclesia:

2223 2852 2511 2910 facultates
2524 2863 2579 2910 et.
2601 2856 2906 2911 sacerdotio
2930 2855 3326 2915 maledictionis
3345 2857 3671 2915 contumelia
3695 2874 3820 2930 pro-

2220 2955 2460 3004 CUI‘ClUl‘.
2496 2967 2514 3000 ι

2289 3034 2445 3096 lianc
2494 3047 2674 3096 autem
2736 3039 3079 3111 disciplinam
3134 3041 3301 3097 etiam
3364 3051 3492 3100 ante
3544 3056 3817 3100 curionem

2220 3130 2436 3186 concilii
2498 3130 2954 3187 Chalcedonensis
3002 3133 3333 3203 pertinuisse
3381 3134 3449 3190 ad
3501 3134 3818 3192 universam

2142 3192 2188 3258 ε
2220 3218 2518 3277 Ecclesiam
2546 3230 2669 3292 post
2695 3220 2821 3277 Julii
2850 3192 3295 3279 constitutionem
3322 3225 3561 3281 declarat
3577 3225 3818 3297 epistola

2214 3313 2399 3387 Cyriiii
2422 3312 2795 3380 Alexandrini,
2811 3315 3196 3386 conquerentis
3214 3317 3360 3388 quod
3383 3330 3489 3374 non
3506 3318 3575 3373 es
3595 3324 3817 3376 tantum

2214 3408 2561 3479 exigerentur
2602 3407 2671 3461 ab
2709 3406 2979 3477 episcopis
3026 3422 3147 3478 quae
3194 3410 3533 3481 providentia
3576 3410 3816 3469 laudata

2213 3497 2348 3568 legis
2389 3500 2604 3554 ﬁrmata
2642 3500 2890 3555 erantad
2914 3502 3353 3571 praeservandam
3394 3502 3812 3561 indemnitatem

2212 3607 2396 3648 rerum
2421 3592 2531 3647 Deo
2552 3592 2875 3659 dicatartim,
2891 3593 2987 3649 sed
3006 3595 3169 3649 etiam
3187 3602 3348 3675 supra
3371 3588 3505 3667 legis
3523 3598 3814 3669 terminos,

2212 3694 2468 3742 etcontra
2484 3686 2861 3757 episcoporum
2882 3680 3202 3758 dignitatem
3224 3687 3446 3759 acjura,
3462 3690 3563 3761 ipsi
3586 3705 3811 3763 quoque

2214 3780 2454 3851 episcopi
2475 3779 2545 3835 ad
2568 3779 2873 3837 reddendas
2900 3782 3141 3838 rationes
3166 3772 3490 3841 vocarentur
3511 3784 3565 3839 in
3587 3784 3813 3857 dispen-

2211 3872 2421 3929 satione
2450 3871 2950 3928 ecclesiasticorum
2983 3884 3362 3944 proventnnm.
3394 3874 3550 3933 Edita
3580 3887 3665 3935 est
3691 3880 3812 3951 cpi-

2210 3965 2348 4021 stola
2395 3962 2583 4037 Cyrilli
2630 3964 2764 4037 (qui
2811 3964 2948 4021 obiit
2989 3978 3131 4020 anno
3174 3956 3377 4023 Christi
3428 3967 3566 4037 444,
3608 3985 3811 4042 nempe

2209 4055 2491 4124 septennio
2541 4065 2668 4110 ante
2712 4055 3002 4112 concilium
3048 4046 3514 4133 Chalcedonense)
3545 4069 3693 4117 tumo
3734 4060 3812 4131 ν,

2207 4156 2349 4218 part.
2384 4161 2447 4212 ιι,
2480 4161 2606 4219 pag.
2634 4147 2764 4213 2H,
2797 4147 2888 4203 ubi
2919 4148 3036 4205 haec
3064 4147 3354 4220 leguntur:
3389 4169 3409 4203 ι
3443 4149 3579 4207 Male
3614 4153 3809 4224 habet,

2208 4253 2515 4311 magnaque
2544 4239 2765 4296 tristitia
2796 4239 2963 4298 aiIicit
3005 4244 3380 4302 sanctissimos
3404 4245 3688 4318 episcopos
3712 4249 3812 4318 qui

2205 4346 2325 4391 sunt
2354 4337 2542 4409 ubique
2565 4346 2853 4404 terrarum,
2882 4340 3024 4408 quod
3050 4348 3383 4409 sumptuum,
3414 4341 3505 4411 qni
3538 4340 3641 4394 illis
3668 4358 3807 4398 eve-

2208 4434 2384 4501 niunt,
2429 4434 2848 4506 dispensationis
2876 4436 3016 4491 ratio
3054 4436 3122 4492 ab
3157 4437 3238 4493 eis
3271 4437 3537 4507 exigatur,
3570 4438 3686 4494 sive
3732 4455 3807 4496 ex

517 4527 803 4583 tinentium
817 4543 915 4599 per
937 4527 1177 4584 notarios
1198 4528 1541 4602 colligeretur
1558 4524 1611 4586 et
1634 4548 1754 4587 cum
1778 4535 2103 4593 auctoritate
2129 4565 2182 4627 Β
2208 4526 2590 4583 θεοιθδὶἑὶειὶοὶὃ
2620 4527 2913 4593 reditibus.
2946 4528 3060 4584 Sive
3104 4543 3174 4584 ex
3220 4528 3398 4588 fructu
3431 4529 3647 4585 aliunde
3676 4546 3806 4601 per-

512 4621 811 4691 primicerii
869 4621 1204 4677 notariorum
1266 4631 1321 4678 et
1388 4633 1589 4680 sancta:
1650 4625 1795 4681 sedis
1850 4624 2104 4684 Scrinarii

2221 4627 2383 4690 :epto.
2440 4617 2822 4689 Unusquisque
2873 4619 3021 4674 enim
3069 4629 3316 4674 nostrum
3368 4618 3516 4675 dabit
3571 4636 3805 4678 suorum

512 4714 937 4773 celebrarentur.
986 4734 1005 4767 ‹
1053 4712 1152 4770 ilic
1201 4717 1555 4772 constitutum
1606 4717 1733 4773 fecit
1781 4718 1892 4791 (ait
1938 4718 2103 4776 Liber

509 4805 843 4862 Pontiﬁcaiis
890 4804 948 4862 in
989 4800 1154 4874 Julio,
1205 4823 1355 4862 num.
1406 4802 1523 4879 50,)
1556 4818 1614 4864 ut
1658 4808 1835 4866 nullus
1866 4809 2099 4868 clericus

511 4913 733 4954 causam
756 4898 1051 4970 quamlibet
1074 4899 1125 4954 in
1154 4897 1371 4971 publico
1394 4908 1598 4972 ageret,
1624 4901 1727 4957 nisi
1760 4903 1813 4957 in
1840 4904 2096 4972 ecclesia,

509 4997 565 5044 et
614 4990 824 5057 notitia,
877 5006 995 5061 quae
1025 4988 1275 5046 omnibus
1314 5006 1416 5062 pro
1456 4991 1563 5048 ﬁde
1605 4993 1972 5051 ecclesiastica
2014 5005 2098 5052 est

507 5098 607 5154 per
651 5084 891 5141 notarios
929 5082 1294 5153 colligeretur,
1336 5093 1391 5140 et
1422 5086 1603 5141 omnia
1649 5090 1999 5145 monumenta
2041 5089 2095 5145 in

506 5174 806 5232 Ecclesiam
870 5191 966 5247 per
1027 5175 1396 5246 primicerinm
1453 5177 1787 5233 notariorum
1850 5179 2096 5235 coniecta

508 5264 943 5333 celebrarentur;
996 5267 1110 5323 sive
1140 5266 1534 5336 causationem,
1580 5268 1666 5325 vel
1710 5269 2093 5341 instrumenta,

504 5357 593 5417 vel
630 5350 967 5427 donationes,
1001 5359 1084 5416 vel
1128 5361 1596 5428 commutationes,
1625 5360 1712 5417 vel
1754 5361 2093 5432 traditiones,

505 5461 601 5509 aut
625 5460 969 5520 testamenta,
996 5448 1079 5510 vel
1102 5452 1470 5527 allegationes,
1514 5460 1607 5510 aut
1642 5453 2097 5512 manumissiones

502 5545 690 5603 clerici
746 5547 801 5603 in
861 5546 1103 5604 Ecclesia
1158 5563 1255 5618 per
1308 5547 1636 5605 scrinarium
1689 5556 1890 5604 sanctae
1947 5548 2094 5606 sedis

503 5640 862 5700 celebrarent.
896 5662 917 5696 ι

570 5732 700 5790 Inde
728 5744 909 5791 autem
938 5735 1195 5806 profecta:
1225 5735 1373 5809 leges
1415 5749 1685 5792 canonum
1707 5777 1721 5803 ,
1769 5735 2092 5794 auctoritate

503 5824 795 5905 apostolica
812 5827 933 5884 latae
956 5828 1054 5882 sub
1077 5826 1356 5899 Sylvestro
1381 5827 1437 5884 in
1458 5826 1685 5885 concilio
1700 5827 2001 5905 Gangrensi
2022 5825 2086 5899 li,

2206 4712 2469 4767 maiorum
2485 4712 2750 4767 rationem
2762 4711 3002 4767 omnium
3015 4710 3212 4768 Iudici.
3232 4710 3371 4769 Vasa
3386 4715 3532 4769 enim
3555 4715 3805 4784 pretiosa

2205 4811 2258 4857 et
2286 4801 2656 4873 possessiones
2679 4802 2984 4859 immobiles
3011 4812 3227 4875 oportet
3269 4804 3474 4859 servari
3523 4805 3807 4864 ecclesiis.

2203 4895 2485 4966 Episcopis
2510 4905 2688 4952 autem
2708 4938 2724 4964 ,
2757 4896 2849 4967 qui
2879 4907 3007 4953 tunc
3050 4899 3309 4970 temporis
3338 4890 3577 4954 divinum
3608 4913 3807 4956 sacen-

2204 4987 2406 5041 dotinm
2432 4986 2835 5054 administrant,
2864 4986 3216 5045 incidentium
3237 4996 3547 5059 sumpturum
3573 4989 3809 5061 dispen-
3882 5002 3887 5007 ·

2206 5082 2472 5137 sationem
2495 5094 2684 5137 secure
2712 5082 2878 5139 credi.
2911 5094 2930 5137 ι

2274 5172 2368 5227 ιιι.
2419 5173 2555 5230 Cum
2602 5174 2767 5247 igitur
2803 5190 2867 5231 ex
2917 5174 3127 5249 legibus
3168 5160 3481 5246 apostolica:
3528 5175 3676 5231 sedis
3732 5172 3806 5236 ad

2204 5266 2502 5323 Ecclesiam
2537 5267 2849 5324 universam
2894 5266 3320 5339 pertinentibus,
3374 5270 3433 5324 et
3475 5274 3544 5325 ex
3588 5272 3805 5341 regulis

2202 5358 2559 5416 conciliorum
2604 5367 2659 5415 et
2698 5358 2920 5415 Patrum
2960 5366 3110 5415 tanta
3157 5359 3434 5433 diligentia
3478 5360 3801 5431 praestanda

2204 5451 2346 5507 foret
2386 5451 2441 5507 in
2486 5451 2642 5508 bonis
2672 5451 2959 5508 mobilibus
3008 5453 3220 5509 tuendis
3252 5463 3309 5509 et
3347 5453 3493 5509 vasis
3534 5455 3800 5523 pretiosis

2204 5557 2482 5600 sacrarum
2514 5543 2711 5599 mdium
2746 5542 3024 5599 servandis
3068 5544 3168 5600 sub
3206 5544 3473 5601 meononii
3514 5546 3794 5615 ellstotlin,

2204 5652 2416 5695 necnon
2465 5636 2519 5691 in
2575 5636 2916 5709 procuranda
2959 5634 3361 5710 dispensatione
3409 5638 3683 5695 rediturum
3737 5648 3797 5697 et

2198 5730 2555 5796 oblationum,
2584 5728 2807 5786 arbitrio
2848 5730 3063 5801 quidem
3101 5732 3361 5803 episcopi,
3387 5732 3479 5787 sed
3506 5731 3607 5787 sub
3634 5732 3796 5789 testi-

2200 5823 2379 5882 monio
2404 5821 2558 5893 cieri,
2587 5824 2952 5882 necessarium
2998 5823 3101 5883 fuit
3139 5826 3589 5885 commentarium
3616 5826 3795 5888 bono-
