3996 5412
465 181 535 238 95
1199 182 1292 238 AD
1329 180 1778 269 ANASTASIUM
1814 180 2331 242 PROLEGOMENA
2369 181 2549 239 EDlT.
2590 180 3015 247 ROM.-VATIC.
3669 187 3738 248 96

464 299 883 375 Fauentinterr.
913 288 1209 375 constituto
1239 294 1402 373 atque
1428 298 1868 375 fundum‘pitulis
1893 297 2078 356 contui
2107 307 2240 375 terr.
2270 298 2496 375 reiacen
2522 372 2533 375 _
2564 369 2578 375 ᾳ
2653 371 2663 375 Δ
2696 372 2706 375 Α
2772 348 2785 355 -

682 370 794 428 tein
820 373 1090 442 simulque
1110 369 1336 443 argento
1361 369 1948 444 quaterdeni'pundera
1979 370 2236 425 mundum
2260 371 2403 439 quod
2433 370 2536 427 sibi
2564 369 2800 443 legitime

468 443 775 515 genitorum
806 444 1033 515 contulit
1060 444 1187 515 iura
1205 446 1346 514 quod
1376 443 1447 500 Sit
1476 444 1757 515 inliuatum
1789 449 2197 515 nee‘reuocetur
2226 456 2463 515 unquam

678 513 824 583 quod
850 515 977 570 uhic
1006 511 1237 584 collegio
1261 516 1649 570 monachorum
1681 511 1977 584 stipendias
2002 511 2072 566 ad
2101 511 2277 584 uicem
2307 511 2473 568 Cessit
2499 530 2563 570 ex
2597 517 2750 574 cuius

471 581 791 640 Readitibus
821 581 1215 656 praeparentur
1241 584 1482 640 affani‘les
1510 586 1674 654 dapes
1700 581 1892 653 hisque
1918 582 2003 638 ius
2031 582 2236 638 nomini
2264 597 2458 640 annuae
2484 587 2606 643 colu

677 655 841 722 erint,
867 655 975 725 quo
1008 656 1154 711 iussu
1185 656 1514 712 dominantis
1536 656 1853 726 tnigrauerit

464 723 547 781 Ad
568 725 821 798 caelestia
848 721 1015 798 regna
1030 728 1131 783 hoc
1150 742 1380 798 quoram
1404 721 1639 783 concilio
1659 725 1871 798 statuit,
1896 732 2058 798 atque
2081 721 2319 779 ﬁrmauit
2337 733 2398 780 ut
2421 727 2466 782 si
2493 730 2614 798 quis

680 796 979 868 Successor
1007 798 1152 853 sedis
1170 796 1507 868 ecclesieque
1533 808 1687 853 actor
1713 796 1800 851 uel
1820 796 1985 868 abba2

464 867 806 939 praepositus
838 869 998 923 huius
1023 869 1349 924 uenerauilis
1382 864 1561 939 templi
1586 867 1933 939 prenominat
1958 864 2185 939 fundum
2215 866 2442 922 miliaria

675 953 742 994 ex
764 948 998 1010 partem,
1026 939 1115 994 uel
1143 948 1310 995 totum
1341 955 1436 1011 per
1462 937 1656 1011 quouis
1684 938 1898 1011 ingenio
1925 937 1992 991 ab
2028 951 2184 991 usum
2211 952 2495 994 seruorum
2526 939 2633 997 Dni

466 1005 557 1063 hic
582 1005 1009 1067 deseruientium
1038 1011 1274 1066 alienare
1299 1005 1862 1080 praesumpseritfnel
1885 1015 2222 1080 commutare
2248 1018 2341 1062 aut

677 1095 876 1151 perone
902 1090 1023 1136 acta
1052 1099 1106 1146 ιι,
1138 1078 1382 1136 chartula
1411 1082 1613 1153 largire
1627 1090 1916 1153 aeternam
1939 1078 2444 1153 condemnationem

467 1149 733 1228 sustineat
758 1167 896 1228 cum
914 1153 1172 1207 traditore
1195 1154 1322 1223 juda
1348 1162 1403 1207 et
1429 1149 1519 1228 his
1548 1151 1638 1220 qui
1671 1151 1918 1220 petierit.
1969 1156 2023 1205 et
2063 1149 2157 1228 qui
2185 1149 2383 1223 largire
2426 1158 2771 1228 temptaverit
2795 1167 3121 1218 constrictus
3157 1175 3263 1220 ana

466 1219 691 1278 themati
719 1222 929 1282 vinculs
958 1238 1143 1279 corum
1180 1219 1736 1282 t'recentordecetoao
1761 1230 2036 1292 patruum.
2077 1219 2137 1287 in

482 1403 495 1414 ·
533 1382 623 1439 52.
656 1383 715 1439 ιιι
743 1384 991 1441 omnibus
1021 1386 1173 1441 hisce
1202 1386 1570 1442 monumentis
1598 1402 1627 1441 a
1659 1400 1745 1442 me
1771 1383 2049 1456 productis
2072 1384 2129 1447 Α
2150 1399 2313 1456 quam
2343 1396 2401 1442 ut
2430 1388 2792 1449 iudicaremus
2820 1392 3054 1463 genuina
3087 1392 3430 1461 documenta,
3459 1392 3586 1466 qua
3623 1392 3741 1454 sola

462 1476 664 1532 attendi
688 1477 872 1543 velim,
902 1492 966 1533 ea
995 1477 1188 1533 referri
1217 1477 1284 1533 ad
1308 1486 1526 1535 aetatem
1553 1479 1695 1536 inter
1724 1478 2047 1550 Gregorium

461 1569 759 1627 secundum
790 1580 845 1627 et
870 1580 1145 1643 quartum,
1172 1586 1276 1641 qua
1300 1571 1507 1628 scilicet
1535 1571 1668 1628 Vitae
1696 1571 1841 1627 Libri
1864 1570 2049 1626 Ponti-

462 1660 634 1717 ﬁcalis
659 1663 1189 1729 conscribebantur;
1222 1672 1284 1718 ut
1311 1663 1437 1719 inde
1465 1674 1715 1719 constare
1742 1662 1914 1732 possit
1948 1676 2048 1718 cur

460 1763 714 1812 auctores
737 1755 828 1812 isti
853 1770 1073 1826 operam
1104 1766 1214 1812 tam
1245 1755 1488 1812 sedulam
1520 1764 1575 1811 et
1602 1755 1843 1819 nimiam,
1870 1763 1931 1809 ut
1969 1754 2047 1809 ita

461 1849 663 1918 dicam,
689 1850 1068 1922 impenderent
1095 1852 1149 1906 in
1190 1850 1574 1907 enumerandis
1602 1849 1918 1920 pontiﬁcum
1948 1848 2047 1903 do:

461 1943 568 2010 nis,
608 1959 729 2013 qua:
762 1958 861 2016 per
898 1945 1045 2016 ipsos
1087 1943 1455 2001 offerebantur
1479 1942 1591 1999 Deo
1628 1943 1682 1998 in
1718 1942 1888 1999 sacris
1916 1940 2047 1996 tedi-

460 2035 592 2101 bus,
660 2035 849 2092 Romae
894 2038 1196 2109 praesertim
1241 2036 1569 2094 constitutis.
1619 2035 1952 2106 Quocunque
1990 2048 2050 2091 se

462 2135 737 2185 verterent
765 2129 838 2200 pii
864 2130 1159 2202 scriptores
1177 2170 1192 2198 ,
1242 2130 1591 2186 incurrebant
1620 2129 1674 2183 in
1703 2142 1892 2183 eorum
1920 2130 2053 2183 ocu-'

460 2220 542 2279 los
566 2223 889 2295 epigraphes
919 2224 1302 2290 donationum,
1344 2222 1551 2278 indices
1595 2218 1884 2275 fundorum
1906 2260 1922 2287 ,
1969 2219 2052 2275 in—

460 2315 663 2386 scripta
709 2316 964 2382 donaria,
1024 2323 1081 2372 et
1127 2331 1258 2371 usus
1304 2315 1481 2370 astatis
1527 2321 1805 2384 occupatae
1857 2312 1914 2368 in
1964 2312 2052 2368 his

460 2409 867 2479 percensendis.
911 2408 1050 2476 Quid
1098 2424 1228 2480 ergo
1274 2408 1539 2464 haberent
1573 2407 1753 2477 potius
1781 2422 1945 2477 quam
1995 2406 2050 2461 id

460 2500 756 2557 scribendo
774 2508 1051 2570 praestare,
1085 2500 1227 2570 quod
1251 2500 1551 2569 aequalibus
1578 2514 1808 2554 suorum
1847 2508 2053 2569 tempo-

462 2607 581 2646 rum
611 2592 826 2663 placere
852 2591 1191 2661 potissimum
1226 2590 1668 2664 cognoscebant?
1717 2590 1855 2659 Quid
1883 2591 2050 2647 etiam

462 2686 530 2742 ad
558 2684 719 2740 ﬁdem
762 2685 1004 2741 historiae
1051 2699 1162 2741 suae
1207 2684 1690 2742 commendandam
1738 2683 2048 2756 diligentius

462 2789 928 2850 consectarentur,
979 2799 1143 2854 quam
1187 2791 1249 2838 ut
1295 2797 1361 2839 ea
1411 2782 1727 2854 colligerent
1749 2794 1869 2851 quae
1899 2794 2049 2834 com-
2080 2755 2128 2817 Β

462 2876 680 2948 probari
725 2884 803 2933 tot
845 2877 1076 2948 publicis
1120 2876 1458 2934 documentis
1504 2890 1662 2941 nemo
1693 2889 1801 2930 non
1834 2872 2052 2929 videat?

463 2967 729 3024 Auctores
786 2966 1166 3038 Catalogorum
1197 2984 1264 3024 ex
1304 2968 1523 3038 quarti,
1570 2967 1777 3039 quinti,
1821 2981 1887 3023 ac
1911 2966 2052 3022 sexti

408 3094 413 3098 ι
466 3058 648 3115 amuli
697 3060 1062 3116 monumentis
1106 3059 1546 3131 chronologiam,
1595 3057 1965 3115 successiones
1997 3066 2056 3114 et

465 3166 651 3209 sacras
678 3141 1049 3210 ordinationes
1087 3155 1443 3226 digesserant.
1488 3155 1719 3210 Decreta
1748 3169 1855 3209 non
1884 3151 2054 3209 multa

468 3232 829 3318 protulerunt,
862 3263 982 3319 quae
1006 3248 1076 3304 ad
1112 3264 1270 3305 usum
1297 3248 1541 3320 Catalogi
1568 3248 1656 3302 vix
1688 3247 2051 3319 pertinebant.

469 3336 548 3391 Ea
574 3346 752 3394 tamen
790 3339 1044 3410 colligere
1081 3348 1373 3411 potuerunt
1408 3339 1702 3409 scriptores
1726 3337 1958 3410 proximi
1985 3353 2052 3394 ex

466 3426 616 3483 Actis
645 3430 1031 3496 conciliorum,
1084 3445 1153 3487 ex
1203 3431 1444 3488 archivis
1470 3430 1702 3487 Romani
1728 3429 2050 3501 patriarchii

468 3528 523 3575 et
563 3504 838 3592 pontiﬁcia
885 3524 1233 3581 bibliotheca.
1300 3524 1425 3581 Haec
1472 3524 1616 3581 enim
1660 3523 1775 3579 loca
1819 3523 2056 3594 patuisse

469 3608 825 3680 scriptoribus
851 3612 1029 3667 octavi
1058 3627 1123 3668 ac
1148 3612 1276 3668 noni
1305 3612 1509 3679 saeculi,
1562 3612 1656 3682 qui
1681 3611 2054 3667 collectionem

471 3702 611 3758 hanc
638 3701 912 3770 claudunt,
963 3695 1253 3761 man'ifesta
1300 3704 1614 3775 conjectura
1656 3704 1939 3761 deducitur
1988 3719 2056 3759 ex

472 3794 651 3850 verbis
674 3795 987 3852 eorumdem
1016 3812 1048 3851 a
1074 3796 1219 3853 Luca
1242 3796 1521 3861 Holstenio
1542 3805 1597 3853 et
1615 3795 1683 3852 ab
1709 3794 2056 3852 Emmanuele

472 3883 863 3943 Schelestratio
892 3890 1192 3959 perpensis,
1225 3889 1673 3961 quemadmodum
1729 3904 1797 3945 ex
1823 3889 2057 3946 minutoa

477 3992 597 4031 rum
622 3978 887 4035 donorum
912 3982 1233 4039 recensione
1258 3984 1603 4055 perspicuum
1634 3981 1696 4037 ﬁt
1737 3983 1880 4037 hanc
1899 3980 2055 4038 nobis

471 4060 638 4129 fuisse
668 4076 736 4131 ab
765 4076 833 4131 iis
858 4085 1244 4146 praeservatam
1285 4092 1352 4133 ex
1376 4076 1587 4134 oculata
1616 4074 1951 4146 inspectione
1976 4087 2058 4130 re-

474 4181 593 4220 rum
637 4167 955 4238 plerumque
997 4170 1381 4241 inscriptarum
1450 4169 1713 4224 memoria
1765 4166 2051 4233 donantis;

475 4265 588 4311 tum
614 4258 778 4313 etiam
808 4274 874 4314 ex
897 4259 1167 4316 indicibus
1199 4274 1379 4315 rerum
1406 4259 1684 4316 mobilium
1713 4266 1769 4314 et
1802 4258 2053 4314 immobi-

471 4349 605 4404 lium
636 4357 748 4404 tum
771 4351 1025 4422 temporis
1053 4350 1351 4415 custoditis,
1384 4359 1441 4406 et
1467 4352 1518 4405 in
1542 4350 1755 4420 publica
1786 4366 2056 4406 marmora

473 4457 616 4514 saepe
639 4443 916 4500 translatis
942 4463 954 4500 :
988 4444 1065 4499 uti
1095 4443 1396 4500 luculenter
1421 4444 1707 4514 probatum
1739 4441 1903 4498 fuisse
1930 4459 2055 4499 con-

475 4535 582 4590 ﬁdo
609 4544 688 4591 tot
712 4551 779 4593 ex
825 4538 1210 4605 monumentis,
1253 4545 1375 4608 post
1403 4536 1618 4609 longam
1646 4536 1842 4593 seriem
1868 4537 2057 4594 decem

473 4628 794 4685 saeculorum
820 4631 965 4687 mtati
998 4642 1195 4688 nostra:
1225 4629 1453 4687 feliciter
1474 4631 1836 4701 pneservatis.

546 4719 672 4777 Haec
696 4722 860 4795 igitur
883 4724 1067 4780 omnia
1096 4723 1228 4781 satis
1254 4722 1659 4789 commendant,
1690 4731 1750 4777 ut
1782 4737 1886 4794 ego
1910 4722 2056 4779 arbi-

477 4822 614 4880 tror,
638 4816 1019 4875 auctoritatem
1044 4818 1267 4890 hujusce
1296 4815 1445 4871 Lihri
1471 4816 1822 4885 Ponlitlcalis,
1848 4833 1911 4873 ea
1938 4832 2059 4888 pro-

477 4909 724 4967 ducentis
765 4926 865 4982 per
892 4911 1132 4984 singulas
1160 4917 1370 4979 aetates,
1398 4926 1517 4982 quae
1558 4909 1712 4979 juxta
1756 4919 2059 4981 temporum

476 5002 691 5058 illorum
724 5019 881 5061 usum
925 5021 987 5063 ac
1025 5005 1346 5063 documenta
1392 5002 1459 5058 ab
1504 5002 1759 5060 Ecclesiae
1809 5002 2056 5069 notariis,

478 5097 720 5153 historiis
764 5110 818 5155 et
861 5099 1290 5158 bibliothecariis
1318 5100 1374 5155 in
1404 5099 1614 5156 litteras
1654 5097 2053 5156 referebantur.

546 5187 637 5245 55.
675 5187 982 5248 Praefationi
1019 5193 1237 5249 modum
1278 5191 1550 5261 imponam
1573 5230 1607 5267 ,ὗ
1636 5190 1747 5245 imo
1777 5197 1831 5245 et
1875 5189 2058 5259 signa.

479 5281 660 5337 culum
694 5297 960 5354 apponam
986 5283 1054 5356 (si
1083 5283 1166 5343 fas
1204 5291 1287 5339 est
1318 5281 1517 5353 dicere)
1547 5280 1927 5339 observatione
1957 5294 2061 5336 nu-

483 5373 748 5412 micmnlia

807 5377 947 5412 ηιιηιΙ
979 5376 1093 5412 nino
1148 5375 1307 5412 frnnli
1356 5375 1421 5412 An
1468 5374 1730 5412 induclrin
1777 5373 2061 5412 nrmﬂwnnl

2151 1477 2486 1550 inspectione
2513 1485 2802 1551 tuebantur
2825 1486 2984 1541 ﬁdem
3009 1486 3250 1544 historiae
3276 1501 3375 1561 per
3401 1501 3466 1543 ea
3493 1498 3738 1561 tempora

2151 1575 2348 1647 quibus
2373 1577 2458 1634 hae
2488 1578 2623 1635 Vitae
2650 1581 3149 1638 conscribehantur.
3180 1586 3183 1589 ’

2222 1668 2614 1730 Numisma'est
2660 1673 2836 1745 Crispi
2879 1675 3110 1731 Caesaris
3139 1691 3206 1731 ex
3236 1690 3344 1732 aere
3382 1675 3655 1740 maximo,
3678 1682 3736 1733 et

2151 1761 2340 1818 haberi
2366 1772 2545 1835 potest
2563 1766 2803 1821 omnium
2830 1767 3212 1831 clarissimum,
3237 1784 3357 1839 quae
3385 1768 3559 1824 Roma
3587 1765 3742 1825 Chri-

2152 1854 2330 1915 stiana
2361 1856 2661 1927 antiquitus
2705 1859 3034 1928 procuderit.
3069 1859 3222 1916 Licet
3248 1874 3376 1918 vero
3410 1860 3740 1917 illustratum

2152 1947 2381 2002 miriﬁce
2406 1947 2571 2004 fuerit
2615 1951 2814 2007 saeculo
2844 1952 3111 2022 superiori
3141 1953 3194 2008 in
3226 1961 3457 2025 utraque
3501 1953 3743 2009 editione

2152 2057 2373 2099 suorum
2403 2044 2691 2101 Annalium
2720 2062 2752 2103 a
2779 2048 3040 2104 cardinali
3072 2048 3305 2105 Baronio
3325 2090 3341 2116 ,
3366 2056 3607 2105 attamen
3637 2064 3742 2105 uo-

2151 2133 2259 2191 bile
2297 2136 2627 2208 archetypon
2670 2153 2776 2194 non
2805 2147 3194 2209 spectaremus,
3226 2139 3331 2195 nisi
3381 2139 3567 2195 Rome
3595 2153 3740 2211 pra-

2152 2237 2425 2284 servatum
2474 2229 2665 2289 fuisset
2711 2231 2974 2288 beneﬁcio
3012 2232 3188 2288 Fulvii
3242 2230 3426 2289 Ursini
3476 2234 3739 2304 primum,

2152 2321 2344 2377 deinde
2391 2323 2861 2380 excellentissima
2908 2323 3219 2397 Burghesia:
3269 2324 3462 2380 domus
3519 2342 3533 2379 :
3584 2324 3741 2396 cujus

2151 2413 2294 2469 inter
2322 2413 2534 2470 cimelia
2579 2414 2800 2472 lectiora
2826 2414 3036 2485 jamdiu
3085 2423 3439 2481 asscrvatum,
3481 2423 3538 2469 et
3575 2430 3741 2485 pecu-

2151 2506 2272 2562 liari
2319 2507 2702 2578 conceptaculo
2754 2509 3043 2577 inclusum,
3070 2524 3175 2564 una
3221 2524 3345 2565 cum
3391 2508 3499 2565 alio
3538 2508 3739 2581 insigni

2152 2600 2480 2656 numismate
2516 2599 2857 2657 Constantini
2886 2602 3065 2673 Magni
3117 2603 3205 2669 Ill,
3237 2612 3292 2658 et
3320 2618 3438 2659 exc.
3488 2604 3741 2674 princeps

2154 2691 2366 2749 Marcus
2405 2693 2670 2749 Antonius
2690 2708 2863 2764 nuper
2894 2694 3151 2762 ostendit,
3182 2694 3307 2750 dum
3336 2708 3435 2766 pro
3479 2694 3740 2766 singulari

2155 2789 2299 2856 quod
2330 2787 2531 2852 hausit,
2556 2802 2662 2841 una
2698 2801 2820 2842 cum
2850 2786 3118 2858 majorum
3142 2785 3425 2857 sanguine,
3462 2782 3742 2855 religionis

2155 2877 2335 2934 studio
2361 2884 2419 2933 et
2459 2877 2739 2944 doctrinae,
2770 2876 2873 2934 sibi
2908 2876 3211 2934 simillimos
3255 2876 3455 2932 liberos
3495 2875 3742 2947 exemplo

2155 2969 2333 3037 docet,
2360 2977 2420 3024 ut
2467 2984 2534 3027 ex
2584 2969 2837 3026 universa
2871 2976 2926 3025 et
2963 2969 3121 3039 plane
3164 2969 3309 3040 regia
3344 2983 3568 3024 avorum
3608 2983 3739 3039 gaza

2155 3060 2303 3117 illam
2328 3060 2621 3132 praeferant
2637 3072 2870 3133 partem,
2894 3076 3016 3133 quae
3038 3060 3241 3118 cultum
3272 3060 3438 3116 animi
3459 3070 3743 3131 promovet

2155 3157 2211 3213 in
2240 3164 2472 3227 utraque
2516 3170 2581 3212 ea
2624 3155 2926 3228 disciplina.
2975 3154 3288 3227 Opportune
3341 3169 3471 3211 vero
3515 3154 3744 3227 contigit

2155 3247 2310 3318 quasi
2354 3255 2665 3304 reservatus
2691 3248 2821 3303 huic
2846 3255 3047 3303 nostra:
3079 3245 3305 3302 editioni
3334 3246 3565 3304 iteratus
3608 3260 3739 3302 con-

2155 3347 2376 3409 spectus
2406 3338 2635 3405 nummi,
2668 3346 2728 3394 ut
2770 3339 2825 3393 in
2864 3353 2931 3395 eo
2959 3337 3358 3409 quodammodo
3383 3337 3745 3394 intuerentur

2156 3428 2390 3485 lectores
2430 3429 2531 3485 aevi
2563 3428 2999 3485 Constantiniani
3020 3427 3227 3498 aequale
3271 3429 3661 3497 testimonium,
3687 3439 3744 3486 et

2157 3521 2425 3577 vindicias
2469 3536 2651 3576 rerum
2689 3537 2757 3578 ex
2788 3520 3019 3591 publicis
3045 3520 3385 3577 documentis
3415 3521 3604 3575 eodem
3645 3535 3744 3576 ste-

2158 3612 2280 3668 culo
2306 3614 2360 3668 in
2395 3613 2674 3684 catalogos
2699 3614 3054 3683 digestarum,
3080 3619 3138 3667 ut
3161 3626 3229 3667 ex
3258 3611 3523 3683 catalogis
3559 3611 3743 3667 Eccle-

2158 3702 2251 3759 siae
2279 3703 2333 3758 in
2359 3701 2512 3759 Vitas
2537 3702 2857 3774 pontiﬁcum
2888 3701 3114 3761 subinde
3149 3700 3603 3758 transferrentur.
3636 3700 3738 3757 Nu-

2158 3798 2426 3854 mismatis
2456 3797 2624 3870 ﬁgura
2664 3807 2960 3868 repetatur.

2227 3888 2288 3945 ln
2310 3888 2485 3943 antica
2510 3894 2665 3957 parte
2689 3887 2894 3942 nummi
2916 3886 3139 3957 Crispus
3157 3884 3341 3942 Caesar
3362 3894 3742 3956 pectoretenus

2158 3979 2484 4051 exprimitur
2512 4020 2527 4045 ,
2555 3980 2832 4036 laureatus
2883 3979 3033 4051 (licet
3077 3980 3217 4036 lauri
3266 3978 3397 4035 folia
3457 3995 3566 4036 non
3612 3979 3744 4035 satis

2160 4077 2492 4149 expresserit
2519 4077 2821 4133 delineator
2846 4093 2876 4132 a
2905 4077 3138 4135 Baronio
3166 4074 3462 4147 adhibitus)
3496 4091 3561 4130 ac
3588 4083 3739 4144 toga-

2161 4180 2269 4237 tus,
2301 4170 2596 4242 scipionem
2628 4150 2925 4226 eburneum
2953 4171 3172 4227 sinistra
3210 4170 3418 4236 tenens,
3443 4168 3529 4225 cui
3565 4167 3744 4238 aquila

2160 4262 2228 4318 de
2272 4276 2424 4318 more
2452 4261 2675 4327 insistit,
2706 4261 2988 4317 dexteram
3032 4275 3164 4316 vero
3214 4267 3456 4329 apertam
3502 4256 3742 4323 elevans,

2161 4361 2418 4425 tanquam
2462 4360 2683 4423 pacator
2725 4360 2779 4406 et
2820 4351 3201 4421 triumphator.
3252 4346 3408 4404 Circa
3455 4355 3743 4417 protomen

2158 4446 2409 4516 leguntur
2424 4443 2617 4499 littera:
2631 4450 2902 4499 consuetae
2921 4439 3212 4497 CRISPUS
3237 4438 3460 4496 NOBilis
3482 4436 3740 4493 CAESar.

2157 4537 2293 4593 Pars
2334 4535 2562 4592 adversa
2597 4534 2767 4591 multo
2795 4542 2880 4591 est
2915 4533 3301 4605 praestantior:
3331 4530 3555 4588 exhibet
3600 4532 3742 4586 enim

2158 4631 2336 4687 virum
2359 4629 2643 4686 barbatum
2660 4630 2936 4685 sedentem
2957 4629 3098 4684 inter
3118 4627 3253 4684 duos
3273 4625 3520 4684 Caesares
3539 4634 3744 4683 stantes

2158 4730 2215 4778 et
2240 4730 2461 4779 ornatos
2487 4721 2673 4775 habitu
2704 4719 2924 4775 militari
2951 4734 3076 4775 cum
3106 4719 3277 4776 hastis
3322 4720 3494 4791 puris.
3524 4718 3640 4775 Viri
3661 4732 3745 4774 se-

2160 4816 2340 4873 dentis
2380 4829 2535 4870 coma
2580 4814 2804 4869 detonsa
2845 4814 3024 4869 estad
3054 4827 3243 4879 aures;
3286 4813 3455 4870 barba
3489 4826 3597 4868 non
3628 4810 3745 4884 qui-

2161 4907 2281 4963 dem
2314 4906 2547 4976 prolixa,
2570 4905 2665 4961 sed
2709 4904 2940 4975 plenior,
2977 4914 3027 4961 et
3056 4905 3250 4975 crispa:
3299 4904 3547 4969 similior,
3572 4903 3747 4975 qualis

2162 4996 2403 5051 cernitur
2436 4994 2490 5048 in
2525 4994 2754 5049 vetustis
2795 4993 2853 5050 S.
2883 4993 3031 5049 Petri
3074 4995 3398 5068 imaginibus
3446 4995 3745 5065 pnescrtim

2161 5086 2408 5152 musivis,
2442 5094 2497 5140 et
2526 5084 2581 5140 in
2616 5084 2968 5157 sarcophagis
3009 5086 3260 5157 vasisque
3287 5088 3459 5142 sacris
3504 5087 3746 5158 ejusdem

2163 5181 2340 5252 quarti
2361 5179 2562 5235 saeculi.
2588 5180 2821 5234 Dextera
2851 5193 3041 5232 manus
3063 5179 3223 5250 hujus
3248 5180 3435 5249 ﬁgura:
3469 5180 3535 5236 ad
3588 5180 3746 5235 bene-

2166 5275 2456 5332 dicendum
2473 5274 2735 5337 clevatur,
2769 5270 2982 5326 inflexis
3013 5271 3275 5342 tantisper
3298 5273 3544 5328 articulis
3567 5271 3746 5343 quarti

2163 5378 2220 5412 et.
2243 5366 2414 5412 miinti
2446 5365 2596 5412 «liciti
2622 5378 2772 5412 more.
2807 5364 3061 5412 Ecclesiae
3091 5366 3294 5412 Latinae
3327 5381 3340 5412 ε
3372 5367 3591 5412 sinistra
3620 5380 3747 5412 vam
