4010 6302
263 434 339 491 97
1721 420 2116 481 PREFATIO.‘
3484 411 3557 470 ω

257 549 558 623 imaginem
594 563 756 604 unam
788 554 883 604 aut
914 546 1141 603 alteram
1172 545 1266 603 hic
1308 544 1686 618 repraesentari
1726 559 1853 599 cen-
1880 548 1934 607 Α
1959 540 2247 612 diligenter
2287 534 2533 608 inSpecto
2573 535 2924 598 numismate,
2954 542 3130 601 eoque
3167 529 3296 587 totis
3338 529 3546 603 ingenii

256 653 352 701 set
377 642 645 698 Baronius
671 658 736 697 ex
768 642 975 698 duabus
1009 654 1146 711 quas
1170 655 1236 695 ex
1270 647 1497 710 argento
1544 635 1855 691 efformatas

255 736 445 808 pondo
478 735 742 791 librarum
788 734 891 790 120
937 742 991 789 et
1022 733 1141 799 140,
1175 732 1454 788 altitudine
1481 746 1613 787 vero
1659 728 1854 800 pedum

256 828 526 898 quinque,
592 826 782 881 statuit
830 824 1057 897 Magnus
1097 823 1492 880 Constantinus
1537 821 1591 876 in
1633 819 1855 875 basilica

254 917 644 984 Lateranensi,
675 918 1131 990 quemadmodum
1175 917 1229 972 in
1270 914 1392 971 Vita
1444 913 1691 970 Silvestri
1737 927 1854 967 me-

254 1020 449 1067 morat
476 1011 564 1066 hic
593 1010 755 1066 Liber
780 1009 1113 1067 Pontificalis
1136 1023 1283 1063 unm.
1308 1006 1378 1061 56
1411 1024 1424 1061 :
1459 1024 1478 1057 ι
1512 1003 1683 1074 Hujus
1718 1013 1853 1058 tem-

253 1106 490 1176 poribus
522 1104 652 1161 fecit
678 1104 1070 1161 Constantinus
1096 1103 1373 1176 Augustus
1414 1100 1671 1157 basilicas
1700 1098 1853 1163 istas,

254 1213 405 1268 quas
450 1207 507 1254 et
547 1199 783 1253 ornavit.
839 1196 1126 1253 Basilicam
1186 1193 1694 1251 Constantinianam
1721 1229 1737 1257 ,
1763 1188 1856 1243 ubi

254 1289 450 1359 posuit
492 1289 596 1344 ista
638 1283 798 1345 d'ona.
854 1286 1151 1359 Fastiginm
1204 1293 1521 1358 argenteum
1566 1279 1853 1345 battutile,

261 1379 415 1448 quod
447 1379 608 1435 habet
637 1379 691 1433 in
735 1378 914 1434 fronte
942 1377 1281 1434 Salvatorem
1319 1376 1595 1431 sedentem
1625 1374 1680 1428 in
1724 1371 1854 1427 sella

266 1472 331 1527 in
358 1474 585 1543 pedibus
620 1473 676 1539 5,
706 1488 858 1544 pens.
891 1472 1058 1528 libras
1091 1472 1212 1527 120.
1247 1470 1539 1527 Duodecim
1584 1466 1856 1537 apostolos

264 1565 329 1620 in
379 1565 563 1635 quinis
608 1565 857 1635 pedibus,
892 1564 984 1635 qui
1030 1572 1399 1636 pensaverunt
1438 1560 1635 1633 singuli
1685 1560 1854 1615 libras

259 1674 585 1730 nonagenas
652 1674 775 1714 cum
839 1660 1059 1715 coronis
1114 1659 1325 1728 argenti
1374 1656 1670 1729 purissimi.
1720 1656 1853 1710 Item

259 1765 299 1804 a
344 1759 496 1819 tergo
538 1749 836 1819 respiciens
876 1750 930 1804 in
964 1750 1152 1806 absida
1195 1749 1532 1804 Salvatorem
1576 1748 1852 1803 sedentem

260 1842 323 1896 in
347 1841 543 1897 throno
569 1841 624 1896 in
646 1841 873 1913 pedibus
892 1842 1075 1912 quinis
1094 1856 1160 1898 ex
1175 1852 1400 1914 argento
1420 1842 1733 1912 purissimo,
1757 1841 1849 1912 qui

258 1944 463 2005 pensat
486 1933 582 1990 lib.
613 1934 734 1995 140.
775 1953 795 1987 ι

334 2030 430 2086 54.
451 2028 511 2086 ln
532 2030 707 2102 prima
727 2028 1015 2085 Annalium
1038 2029 1273 2086 editione
1293 2027 1596 2101 antiif1592,
1620 2035 1751 2083 tom.
1769 2024 1855 2093 ΠΙ,

254 2137 390 2195 pag.
436 2122 565 2189 215,
598 2122 892 2178 cardinalis
922 2122 1210 2188 Baronins,
1244 2122 1520 2178 disserens
1563 2121 1629 2175 de
1654 2117 1862 2189 profes-

262 2216 425 2271 sione
467 2213 789 2271 Christianis
834 2214 1114 2286 religionis
1161 2230 1193 2268 a
1240 2212 1430 2283 Crispo
1483 2218 1748 2281 suscepta:
1804 2209 1859 2263 in

260 2307 620 2379 baptismate,
645 2305 856 2362 illustre
875 2307 1256 2362 documentum
1278 2303 1519 2374 ejusdem
1541 2318 1600 2358 se
1639 2310 1859 2357 nactum

260 2403 439 2459 fuisse
462 2402 754 2459 amrmavit
780 2404 961 2459 hocin
996 2403 1327 2458 numismate
1358 2415 1372 2454 :
1404 2400 1548 2470 quod
1579 2397 1859 2468 plerisque

259 2495 596 2568 antiquariis
623 2495 800 2551 aetatis
828 2510 939 2550 suae
974 2494 1259 2549 videbatur
1285 2491 1502 2562 quidem
1533 2489 1856 2560 antiquum;

257 2592 362 2647 sed
402 2606 529 2646 cum
554 2588 834 2647 nonnullis
879 2597 1193 2659 suspectum
1222 2584 1384 2653 foret,
1410 2585 1478 2641 ab
1504 2583 1694 2641 eodem
1734 2597 1862 2654 pro-

256 2682 518 2741 ducendo
545 2682 824 2739 abstinere
849 2689 977 2737 tunc
1007 2679 1221 2746 maluit,
1245 2692 1313 2733 ne
1342 2678 1398 2732 in
1420 2676 1534 2732 suis
1553 2673 1860 2729 Annalibus

258 2776 573 2847 quidquam
640 2774 969 2831 obbruderet
1031 2773 1176 2844 quod
1227 2772 1502 2828 laboraret
1552 2767 1862 2840 suspicione

255 2869 562 2925 mendacii.
597 2867 854 2925 Triennio
879 2877 1062 2924 autem
1088 2873 1230 2940 post,
1260 2882 1385 2923 cum
1418 2865 1707 2921 adornaret
1728 2862 1862 2917 alte-

264 2977 388 3016 ram
438 2959 625 3032 operis
652 2961 965 3026 editionem,
993 2968 1142 3016 temo
1190 2960 1353 3015 tertio
1395 2958 1536 3013 idem
1590 2956 1862 3011 numisma

256 3052 525 3124 produxit
547 3063 603 3108 et
633 3052 941 3118 illustravit,
970 3061 1227 3123 tanquam
1252 3050 1586 3105 vindicatum
1614 3049 1683 3104 ab
1703 3046 1858 3103 omni

259 3146 516 3218 periculo
556 3154 614 3201 et
644 3147 953 3218 suspicione
1002 3144 1210 3200 fraudis
1255 3144 1581 3200 auctoritate
1613 3141 1857 3198 omnium

262 3240 729 3311 antiquariorum,
746 3250 801 3295 et
828 3253 940 3310 pra:
955 3238 1189 3306 caeteris,
1210 3235 1386 3292 Fulvii
1410 3235 1615 3301 Ursini,
1640 3232 1857 3289 illorum

264 3334 429 3390 facile
467 3334 730 3405 principis
771 3348 836 3390 ea
870 3341 1190 3406 tempestate
1219 3332 1349 3403 :qui
1376 3331 1555 3402 pretio
1580 3344 1611 3384 a
1643 3343 1860 3399 posses-

264 3428 487 3482 soribus
507 3427 805 3482 constituto
827 3425 962 3481 nihil
991 3426 1303 3489 detrahens,
1330 3421 1665 3492 comparavit
1692 3436 1860 3491 quan-

264 3521 539 3591 tiplurimi
583 3519 939 3576 lectissimum
987 3520 1091 3575 hoc
1132 3517 1424 3583 numisma,
1449 3524 1505 3571 et
1548 3515 1602 3569 in
1658 3514 1859 3570 celebri

267 3627 466 3668 musco
510 3626 609 3667 suo
639 3613 900 3681 reposuit,
933 3609 1142 3665 adactis
1162 3609 1328 3665 etiam
1368 3607 1557 3679 paucis
1583 3606 1690 3662 illis
1717 3605 1859 3660 anti-

267 3705 482 3777 quariis
510 3703 761 3759 sublestae
786 3701 933 3770 ﬁdei,
959 3702 1051 3772 qui
1076 3703 1141 3757 de
1165 3701 1435 3756 industria
1459 3699 1787 3755 revocabant
1806 3699 1858 3753 in

268 3797 498 3853 dubium
525 3796 735 3851 nummi
762 3795 1166 3865 antiquitatem,
1193 3802 1251 3848 ut
1292 3793 1464 3847 viliori
1496 3794 1671 3863 pretio
1704 3807 1861 3847 suum

267 3884 543 3951 facerent,
570 3887 637 3941 ad
668 3884 980 3958 suffragium
1005 3885 1217 3941 sincere
1242 3884 1522 3939 ferendum
1555 3884 1621 3938 de
1650 3882 1862 3937 indubi-

271 3989 385 4035 tata
413 3979 523 4035 tide
554 3978 907 4034 monumenti.
941 3976 1171 4033 Praestat
1219 3977 1491 4033 coronidis
1527 3976 1647 4032 loco
1686 3975 1850 4031 verba

271 4073 406 4130 dare
447 4072 864 4129 eminentissimi
909 4072 1191 4143 scriptoris
1233 4087 1354 4143 pag.
1385 4070 1491 4125 235
1536 4070 1665 4126 tonii
1718 4069 1862 4124 tertii

272 4167 531 4220 secundae
573 4164 830 4221 editionis
859 4176 1089 4219 numero
1133 4162 1220 4227 15,
1246 4170 1534 4232 postquam
1563 4177 1626 4217 ea
1679 4160 1866 4217 retulit

275 4269 399 4326 quae.
428 4255 728 4325 scripserat
754 4255 808 4310 in
835 4254 1011 4325 prima
1053 4253 1292 4310 editione
1323 4263 1451 4308 ante
1478 4253 1789 4309 triennimu.

349 4367 372 4402 ι
410 4347 541 4405 Haec
573 4348 816 4420 quidem,
844 4348 1041 4419 inquit,
1066 4362 1167 4403 nos
1193 4347 1245 4402 in
1274 4346 1447 4418 prima
1478 4347 1713 4402 editione
1736 4361 1863 4417 pro~

273 4439 410 4499 fessi
434 4457 650 4509 sumus,
677 4442 807 4497 dum
826 4442 894 4499 de
920 4441 1278 4513 germanitate
1330 4440 1675 4495 ttumismutis
1722 4455 1866 4509 qua:-

274 4536 387 4593 stio
413 4544 729 4591 verteretur
770 4550 786 4590 :
826 4534 883 4590 in
910 4549 1013 4604 qua
1041 4535 1295 4589 tutiorem
1322 4533 1467 4587 illam
1514 4543 1725 4603 partem
1753 4532 1868 4587 exi-

1960 629 2183 694 viribus,
2218 628 2365 683 omni
2415 626 2658 683 adhibito
2706 623 3099 696 experimento,
3132 622 3474 693 percognito,
3495 631 3555 678 et

1959 719 2239 790 explorato
2260 718 2619 789 priesentibus
2642 714 2749 771 illis
2776 715 2965 780 etiam,
2988 730 3125 783 quos
3163 714 3234 769 ob
3258 713 3550 784 singulari-

1960 819 2127 867 tatem
2178 811 2522 867 numismatis
2572 807 2818 865 nonnihil
2867 807 2933 863 de
2990 807 3289 877 impostura
3336 805 3547 877 pulsari

1961 904 2143 958 animo
2168 911 2432 967 senserat,
2453 900 2653 957 nullam
2674 916 2901 972 prorsus
2922 899 2977 955 in
2998 912 3065 955 eo
3091 898 3339 955 fraudem
3372 898 3551 954 inesse

1960 993 2245 1051 atlirmavit
2275 1015 2288 1050 :
2324 997 2420 1052 sed
2447 996 2589 1051 sicut
2644 994 2713 1049 ab
2756 993 2904 1049 omni
2952 1007 3177 1064 prorsus
3230 992 3545 1064 impostura

1959 1086 2273 1157 suspicione
2328 1096 2606 1142 ostensum
2666 1086 2938 1141 numisma
2984 1084 3138 1140 scitis
3199 1085 3553 1155 probatisque

1960 1181 2263 1236 rationibus
2285 1179 2602 1245 vindicavit,
2620 1178 2695 1233 ita
2721 1178 3213 1233 contradicentium
3240 1176 3551 1232 animorum

1958 1270 2197 1327 latebras
2224 1271 2400 1342 palam
2446 1270 2595 1338 fecit,
2620 1286 2685 1325 ea
2714 1272 2971 1326 nimirum
3015 1286 3082 1327 ex
3115 1286 3277 1327 causa
3317 1270 3451 1326 illud
3481 1270 3551 1324 ab
3580 1334 3591 1342 .

1958 1363 2090 1435 ipsis
2123 1365 2510 1435 improbatum,
2540 1373 2600 1419 ut
2624 1373 2843 1435 possent
2884 1363 3063 1420 viliori
3106 1378 3290 1420 emere
3331 1363 3549 1434 pretio:

1956 1457 2102 1526 quod
2147 1456 2262 1526 ipse
2303 1458 2473 1527 probe
2515 1458 2815 1527 cognitum,
2841 1457 3238 1523 examinatum,
3263 1455 3550 1526 probatura
3596 1446 3603 1451 ’

1953 1547 2212 1617 omnique
2236 1562 2303 1601 ex
2334 1556 2492 1617 parte
2514 1549 2870 1616 approbatum
2898 1546 2968 1601 ab
2992 1547 3298 1602 hmredibus
3320 1560 3540 1617 posses-

1956 1641 2120 1707 soris,
2155 1650 2377 1712 erogato
2409 1641 2554 1712 quod
2585 1624 2857 1710 petierunt
2880 1641 3077 1710 pretio,
3117 1639 3251 1694 emit
3284 1645 3447 1709 atque
3473 1652 3541 1692 ex

1957 1747 2023 1789 eo
2069 1748 2226 1788 suum
2260 1732 2619 1788 nobilissimis
2660 1730 3028 1786 monumentis
3076 1728 3543 1785 confertissimum

1961 1840 2208 1881 muscum
2233 1826 2605 1882 exornandum
2641 1824 2877 1895 putavit.
2920 1841 2938 1874 ι

1888 1912 1937 1972 Β
2036 1918 2393 1987 Prosequitur
2441 1917 2634 1973 deinde
2688 1916 2957 1972 Baronius
2999 1927 3275 1987 exponens
3317 1928 3559 1971 adversae

1963 1995 2126 2078 hujus
2153 2010 2326 2080 partis
2348 2009 2676 2080 epigrapheu
2711 2027 2724 2061 :
2755 2005 2937 2072 Salus,
2961 2018 3009 2061 et
3031 2023 3145 2077 spes
3174 2005 3414 2061 Christus
3438 2004 3558 2059 Rei-

1961 2103 2199 2175 publicae
2241 2100 2465 2157 SALVS
2494 2100 2583 2156 ET
2613 2099 2784 2156 SPES
2812 2097 2882 2154 Χ.
2921 2097 3410 2165 REIPVBLICAE;
3436 2112 3558 2168 que

1962 2196 2164 2253 Christi
2187 2211 2385 2252 nomen
2409 2194 2788 2266 compendiose
2812 2195 3054 2250 continet
3076 2193 3130 2248 in
3154 2191 3343 2249 Graeca
3370 2190 3554 2245 littera

1964 2286 2033 2355 Χ,
2067 2303 2134 2343 eo
2169 2287 2399 2353 saeculo,
2432 2295 2488 2342 et
2515 2285 2974 2355 subsequentibus
3005 2290 3267 2353 usurpata
3311 2282 3380 2336 ad
3421 2279 3553 2335 illud

1963 2378 2491 2449 exprimendum,uti
2511 2392 2571 2433 se
2591 2378 2844 2432 docuisse
2861 2377 3071 2447 pridem
3096 2381 3363 2430 memorat
3391 2373 3558 2427 etiam

1963 2485 2032 2526 ex
2058 2468 2274 2525 Juliano
2315 2470 2369 2523 in
2414 2468 2783 2538 Misopogone.
2834 2485 2852 2518 ι
2890 2465 3033 2522 Usus
3059 2474 3245 2535 postea
3296 2463 3551 2528 obtinuit,

1962 2562 2157 2633 inQuit,
2190 2570 2251 2616 ut
2278 2559 2326 2615 X
2367 2560 2717 2625 elementum,
2747 2557 2891 2630 quod
2922 2572 3084 2628 super
3131 2555 3334 2611 Christi
3376 2562 3542 2627 caput

1963 2656 2031 2711 ab
2053 2654 2454 2726 antiquioribus
2478 2655 2674 2725 apponi
2703 2653 2843 2709 solet
2886 2652 2955 2707 ad
2984 2665 3181 2707 nomen
3224 2648 3429 2705 Christi
3474 2647 3551 2704 si-

1962 2745 2348 2818 gniﬁcandum,
2380 2745 2523 2802 idem
2577 2753 2767 2817 postea
2791 2743 2957 2799 fuerit
2982 2743 3174 2798 eadem
3205 2741 3272 2797 de
3293 2754 3459 2797 causa
3498 2739 3559 2795 in

1964 2843 2271 2900 diademate
2290 2840 2638 2907 collocatum,
2664 2854 2841 2910 eoque
2862 2837 3024 2893 modo
3047 2843 3314 2907 aptatum,
3342 2842 3404 2888 ut
3431 2846 3559 2889 cru-

1965 2935 2044 2991 cis
2071 2934 2302 2991 formam
2327 2934 2678 3004 exprimeret,
2700 2944 2827 2987 cum
2848 2929 3050 2999 alioqui
3075 2929 3130 2983 in
3156 2925 3556 2996 antiquioribus

1966 3026 2266 3083 Salvatoris
2296 3026 2471 3081 nostri
2502 3024 2831 3097 imaginibus
2859 3035 3091 3092 parvum
3132 3022 3341 3089 absque
3371 3016 3554 3087 aliquo

1963 3120 2118 3192 signo
2159 3119 2408 3176 diadema
2438 3118 2494 3172 in
2548 3116 2770 3172 modum
2824 3115 3053 3187 sphaera:
3098 3112 3411 3168 inveniatur
3460 3123 3558 3164 ex-

1963 3225 2233 3281 pressum,
2261 3226 2386 3266 cum
2437 3207 2812 3264 additamento
2845 3214 3027 3261 tamen
3047 3205 3205 3277 juxta
3250 3202 3429 3275 posito
3455 3218 3555 3257 no-

1886 3284 1934 3351 (ἶ
1963 3301 2128 3358 minis
2175 3301 2378 3357 Christi
2408 3318 2420 3354 :
2452 3315 2560 3369 quo
2597 3298 2646 3354 si
2693 3305 2896 3364 careat,
2932 3305 3061 3352 tunc
3102 3294 3237 3350 illud
3283 3295 3338 3350 in
3365 3294 3553 3350 diade-

1965 3405 2112 3452 mate
2132 3394 2440 3451 inveniatur
2463 3409 2561 3465 per
2582 3391 2631 3446 X
2661 3400 2847 3448 notam
2867 3390 3173 3463 appositum
3202 3386 3320 3461 (Χ).
3355 3406 3378 3442 ι

2035 3487 2126 3544 55.
2168 3486 2295 3543 Haec
2330 3486 2514 3542 omnia
2536 3484 2773 3539 libenter
2807 3482 3163 3554 produximus
3189 3496 3259 3536 ex
3308 3477 3553 3535 historia:

1963 3579 2345 3639 ecclesiasticae
2374 3578 2686 3635 restitutore
2708 3575 2963 3642 Baronio,
2996 3584 3058 3629 ut
3084 3588 3192 3630 non
3226 3572 3386 3628 modo
3410 3570 3555 3640 ejus-

1966 3672 2087 3727 dem
2115 3668 2374 3741 sulfragio
2394 3669 2491 3724 sed
2516 3668 2681 3723 etiam
2710 3653 2959 3737 exemplo
2988 3670 3265 3721 constaret
3290 3669 3552 3733 quantum

1966 3765 2222 3836 adjiciant
2264 3763 2525 3820 momenti
2572 3778 2637 3818 ac
2683 3760 2941 3831 ponderis
3000 3759 3273 3815 historica:
3327 3756 3543 3812 veritati

1965 3861 2195 3933 genuina
2240 3866 2608 3922 monumenta,
2634 3855 2741 3912 sia
2782 3854 3136 3926 scriptoribus
3181 3852 3552 3909 consulantur.

1969 3952 2122 4009 Unde
2146 3952 2323 4023 colligi
2346 3964 2570 4007 necesse
2594 3957 2676 4005 est
2697 3963 2860 4019 quam
2885 3947 3119 4003 fideliter
3137 3945 3558 4018 perscripserint

1966 4057 2216 4104 auctores
2268 4048 2513 4104 Vitarum
2560 4060 2659 4117 per
2686 4059 2751 4100 ea
2802 4042 3032 4107 saecula,
3059 4040 3254 4110 quibus
3301 4042 3553 4110 poterant

1969 4153 2080 4199 tum
2109 4159 2140 4198 a
2171 4142 2550 4213 scriptoribus,
2581 4148 2693 4194 tum
2725 4155 2756 4194 a
2788 4138 3083 4194 lectoribus
3109 4132 3425 4189 eorumdem
3456 4145 3550 4185 ar-

1968 4234 2210 4306 gumenti
2257 4233 2437 4301 capita
2481 4229 2651 4286 ferme
2683 4228 2893 4300 singula
2942 4224 3176 4282 conferri
3205 4239 3327 4279 cum
3358 4234 3552 4291 super-

1966 4326 2184 4383 stitibus
2215 4325 2389 4395 iisque
2426 4321 2657 4394 publicis
2691 4319 3067 4376 documentis.-
3101 4315 3285 4371 Placet
3331 4329 3399 4369 ex
3452 4313 3557 4369 hoc

1968 4421 2087 4491 ipso
2140 4418 2471 4474 numismate
2524 4413 2851 4471 conﬁrmare
2882 4426 3043 4483 quam
3082 4408 3241 4465 facile
3292 4405 3455 4461 simul
3500 4411 3557 4460 et

1971 4518 2293 4565 accuratum
2333 4507 2599 4580 judicium
2644 4504 2857 4574 utrique
2903 4508 3153 4574 paratum
3182 4500 3449 4555 haberent
3500 4496 3555 4551 in

276 4629 650 4693 stimavimus,
694 4641 800 4698 qua
829 4626 1008 4683 omnis
1038 4626 1168 4682 licet
1215 4626 1501 4681 levissimae
1553 4626 1859 4695 impostura:

1972 4604 2308 4675 inspectione
2335 4603 2623 4674 aequalium
2657 4603 3122 4657 documentorum.

278 4720 519 4793 suspicio
545 4719 764 4791 penitus
792 4718 1088 4774 tolleretur.
1114 4716 1249 4772 Cum
1278 4716 1357 4771 sic
1386 4716 1551 4787 igitur
1579 4718 1632 4770 in
1661 4731 1725 4771 ea
1756 4716 1865 4771 edi-

281 4812 426 4867 tione
473 4812 637 4883 bujus
664 4810 794 4867 tomi
839 4810 1086 4866 Romana
1133 4806 1526 4863 nobilissimum
1559 4807 1735 4877 Crispi
1766 4825 1866 4863 nu-

281 4904 476 4958 misma
506 4904 855 4959 omiserimus
885 4903 961 4975 (in
992 4903 1232 4975 margine
1255 4901 1402 4955 addit
1429 4916 1447 4955 :
1476 4900 1741 4956 Exstabat
1768 4917 1861 4955 nu-

282 4996 477 5052 misma
510 4996 567 5051 in
615 5011 723 5052 aere
755 4998 896 5067 apud
936 4995 1219 5052 Horatium
1262 4993 1544 5067 Tigrinum
1573 4995 1639 5049 de
1682 4992 1868 5048 Mariis

281 5085 410 5144 dum
452 5088 684 5160 viveret)
716 5088 859 5159 quod
890 5088 957 5143 de
980 5087 1098 5157 ejus
1139 5087 1454 5143 sinceritate
1486 5101 1515 5141 a
1543 5085 1866 5155 quihusdam

288 5182 666 5245 dubitaretur;
698 5182 857 5237 modo
884 5189 1063 5235 autem
1091 5180 1255 5236 veluti
1283 5179 1506 5250 pulvere
1529 5177 1679 5234 oumi
1714 5178 1868 5232 dubi-

286 5276 509 5333 tationis
539 5289 793 5338 excusso,
822 5274 995 5328 evicta
1022 5273 1188 5328 veluti
1215 5288 1401 5338 causa,
1428 5287 1607 5342 Operm
1630 5273 1868 5342 pretium

284 5383 385 5424 nos
410 5369 654 5424 facturos
679 5366 1011 5438 putavimus,
1030 5367 1075 5420 si
1103 5366 1206 5421 hoc
1231 5363 1351 5420 loco
1379 5362 1509 5418 illud
1543 5364 1597 5419 in
1629 5363 1869 5420 secunda

286 5462 524 5518 editione
552 5460 921 5531 reponendum
948 5472 1289 5523 curaremus,
1316 5472 1382 5513 ex
1404 5472 1470 5513 eo
1484 5456 1629 5528 quod
1656 5455 1870 5512 amicis-

288 5556 459 5613 simus
508 5570 664 5612 meus
715 5553 937 5609 Fulvius
987 5552 1253 5620 Ursinus,
1286 5567 1467 5608 rerum
1520 5550 1867 5621 antiquarum

289 5648 682 5706 solertissimus
732 5646 1045 5718 explorator
1091 5646 1184 5719 (ad
1212 5660 1375 5717 quem
1427 5643 1593 5699 veluti
1634 5642 1869 5715 Lydium

288 5741 521 5812 lapidem
549 5748 991 5813 quzeqmevetera
1021 5745 1371 5795 monumenta
1399 5735 1675 5807 probanda
1704 5732 1873 5791 eluci-

291 5833 576 5905 dandaque
604 5833 789 5890 afferri
813 5832 1014 5900 solent,
1035 5826 1190 5901 cujus
1211 5838 1267 5887 et
1295 5827 1439 5900 apud
1466 5841 1554 5884 me
1573 5825 1872 5884 auctoritas

292 5923 580 5991 plurimum
630 5925 820 5998 valet),
849 5925 917 5981 de
964 5924 1069 5981 hac
1120 5937 1177 5979 re
1221 5910 1768 5992 consultus‘saepiusi
1815 5924 1872 5973 οι

2046 4697 2321 4753 Numisma
2366 4698 2539 4769 Crispi
2570 4715 2600 4754 a
2625 4697 2861 4753 Baronio
2902 4695 3246 4767 productum,
3290 4689 3558 4749 beneﬁcio

1972 4789 2283 4859 Burghesia»
2334 4790 2529 4847 domus
2579 4791 2725 4846 aetati
2774 4797 2974 4845 nostrae
3013 4794 3400 4859 praesen/stum
3449 4792 3551 4839 est.

1973 4884 2103 4954 Ejus
2135 4884 2398 4954 inspectio
2431 4901 2528 4942 nos
2558 4886 2742 4942 docuit
2777 4893 3011 4940 statuam
3047 4881 3191 4936 illam
3224 4881 3278 4936 in
3325 4881 3554 4937 adversa

1973 4988 2129 5049 parte
2173 4981 2448 5035 sedentem
2476 4982 2621 5035 inter
2659 4980 2793 5035 duos
2823 4977 3066 5034 Cmsares
3110 4985 3337 5042 stantes,
3374 4977 3560 5033 nimbo

1975 5081 2244 5140 ornatam,
2275 5073 2481 5128 elevata
2526 5073 2747 5128 dextera
2792 5070 3198 5128 benedicentem
3222 5111 3239 5138 ,
3271 5078 3329 5127 et
3378 5069 3561 5126 erucis

1974 5164 2187 5236 signum
2231 5165 2402 5221 hasta:
2432 5165 2744 5235 impositum
2777 5164 2997 5219 sinistra
3025 5177 3188 5218 manu
3232 5168 3557 5234 gestantem,

1911 5275 1918 5287 '
1973 5259 2169 5315 referri
2191 5258 2385 5315 debere
2413 5257 2499 5313 vel
2527 5257 2594 5313 ad
2618 5256 2897 5313 Christum
2930 5256 3243 5321 Dominum,
3266 5262 3324 5308 ut
3352 5251 3561 5324 putavit

1974 5351 2263 5420 Baronins,
2294 5350 2400 5417 vel,
2424 5358 2485 5406 ut
2524 5350 2687 5421 aliqui
2720 5350 2948 5415 malunt,
2973 5349 3039 5403 ad
3081 5346 3380 5419 principem
3430 5361 3560 5416 apo.

1975 5446 2235 5503 stolorum
2267 5452 2322 5499 et
2346 5443 2612 5499 vicarium
2639 5458 2795 5499 suum
2822 5443 2874 5496 in
2904 5439 3143 5497 Ecclesia
3176 5438 3554 5495 constitutum.

1977 5539 2259 5597 Utrumvis
2285 5537 2577 5608 exprimat,
2608 5534 2969 5591 indubitatum
3004 5532 3218 5588 esthoc
3256 5531 3309 5585 in
3360 5528 3561 5584 numis-

1977 5642 2123 5690 mate
2145 5632 2513 5689 testimonium
2538 5629 2859 5686 Christianae.
2871 5624 3153 5696 religionis
3164 5623 3381 5695 publice
3403 5633 3562 5676 exer-

1979 5729 2104 5788 cita:
2148 5730 2251 5785 sub
2296 5727 2672 5791 Constantino,
2704 5730 2995 5794 antequam
3043 5717 3269 5789 Crispus
3317 5713 3560 5784 ejusdem

1981 5820 2125 5878 illius
2139 5806 2360 5878 Faustae
2383 5833 2631 5875 novercae
2655 5813 2927 5873 calumnia
2955 5818 3262 5869 necaretur.
3295 5805 3562 5862 Baronius

1980 5919 2166 5987 putat,
2198 5911 2276 5969 uti
2324 5909 2593 5976 diximus,
2637 5906 2841 5964 Christi
2890 5904 3103 5964 Domini
3154 5902 3443 5974 imaginem
3504 5897 3561 5956 in
