4010 6302
466 434 536 491 99
1195 432 1289 490 AD
1325 432 1772 492 ANASTASIUM
1809 425 2326 504 PROLEGOMENA
2362 426 2541 487 EDIT.
2581 424 3007 483 ROM.-VATIC.

3622 426 3726 486 100

462 558 685 603 nummo
713 541 979 616 signatam
1017 542 1227 601 referre
1249 554 1487 604 statuam
1536 552 1845 616 argenteam
1894 542 2039 612 eius-
2065 546 2118 604 Α
2143 539 2299 597 titulo
2345 538 2402 594 8.
2446 537 2843 603 Prudentianae,
2877 538 2977 594 sub
3005 534 3199 594 Siricio
3242 552 3380 610 papa
3412 547 3728 597 constructo

463 635 585 692 dem
617 633 914 692 Salvateris
944 649 1010 691 ac
1050 635 1146 692 Dei
1172 646 1227 692 et
1256 637 1471 695 Domini
1507 635 1681 694 nostri
1710 652 1740 690 a
1773 634 2041 691 Constan-

463 726 581 782 tino
601 734 839 783 erectam
870 727 925 782 in
953 725 1175 785 basilica
1198 728 1575 795 Lateranensi,
1606 737 1663 785 ut
1691 726 1861 785 refert
1881 725 2045 782 Liber

461 814 813 875 Pontiﬁcalis.
842 818 945 887 Qui
977 834 1105 877 vero
1126 820 1274 877 Petri
1304 820 1531 893 apostoli
1562 819 1913 879 simulacrum
1954 817 2043 873 illa

464 909 522 969 in
574 911 746 984 ﬁgura
793 911 1203 983 deprehendunt
1224 953 1238 979 ,
1267 914 1562 970 observant
1604 912 1806 969 cultum
1854 925 2044 981 corpo-

464 1001 562 1070 ris,
588 1010 642 1058 et
684 1004 952 1074 praecipue
996 1012 1274 1061 tonsuram
1320 1005 1515 1077 capitis
1540 1046 1557 1072 ,
1600 1020 1665 1062 ac
1720 1005 1904 1062 barbae
1931 1019 2048 1060 mo-

466 1093 593 1149 dum
659 1094 952 1151 assimilari
1006 1096 1188 1168 potius
1253 1096 1582 1169 imaginibus
1647 1095 2047 1167 antiquissimis

462 1181 614 1240 Petri
659 1186 889 1256 apostoli
938 1201 1100 1258 quam
1142 1187 1345 1244 Christi
1388 1186 1621 1245 Domini.
1663 1187 1799 1244 Nam
1836 1188 1890 1241 in
1932 1202 2049 1242 sar-

466 1274 725 1349 eOphagis
771 1280 1090 1335 marmoreis
1127 1288 1323 1351 quarto
1373 1288 1430 1335 et
1470 1280 1659 1351 quinto
1706 1278 1903 1336 saeculo
1947 1293 2045 1334 ca:-

466 1365 595 1423 latis
623 1409 638 1438 ,
703 1379 761 1426 et
818 1384 887 1426 ex
940 1372 1255 1428 cremeterio
1329 1372 1591 1429 Vaticano
1647 1370 1925 1444 productis
1994 1371 2050 1426 in

466 1456 641 1516 Roma
686 1456 1054 1517 Subterranea
1076 1461 1302 1547 Aringbi
1334 1461 1523 1518 tomol
1567 1461 1704 1531 tab.,
1746 1476 1871 1534 pag.
1921 1459 2048 1519 295.

464 1561 519 1610 et
575 1569 728 1626 seqq.
757 1592 774 1622 ,
827 1555 1041 1627 quoties
1110 1555 1433 1626 exprimitur
1490 1553 1741 1611 Christus
1791 1553 2052 1609 Dominus

466 1644 580 1702 sive
607 1646 884 1712 imberbis,
909 1647 1025 1703 sive
1068 1646 1346 1713 barbatus,
1375 1646 1571 1717 prolixi
1615 1661 1828 1717 semper
1873 1645 2052 1701 crines

466 1736 517 1793 ei
570 1737 904 1806 tribuuntur,
956 1746 1012 1795 et
1049 1737 1218 1795 barba
1267 1738 1324 1794 in
1353 1747 1572 1794 acutum
1601 1738 1872 1795 desinens.
1900 1737 1971 1793 At
1996 1737 2053 1792 in

466 1830 710 1901 apostolo
755 1831 918 1888 Petro
972 1832 1163 1889 eadem
1216 1840 1429 1889 vetusta
1480 1846 1754 1887 marmora
1798 1830 1890 1891 fol.
1946 1828 2054 1885 295

2148 639 2203 687 et
2227 645 2325 701 per
2343 630 2640 687 Adrianum
2663 629 2683 685 Ι
2708 629 3041 696 instaurate;
3066 629 3121 685 in
3154 628 3389 685 triclinio
3419 629 3617 688 Leonis
3640 632 3726 698 ΙΙΙ,

2147 723 2202 780 in
2243 723 2542 791 Laterano;
2571 723 2626 778 in
2670 723 2783 778 aede
2815 720 2875 778 S.
2918 721 3247 787 Constantia:
3273 722 3374 779 sub
3419 722 3659 780 Honorio
3686 724 3727 791 ι,

2147 823 2203 870 et
2246 815 2449 887 passim
2499 814 2554 869 in
2602 813 2940 886 auaglypbis,
2975 814 3206 885 picturis
3231 821 3286 870 et
3327 813 3571 869 musivis.
3601 814 3732 881 Quae

2149 922 2272 963 cum
2302 906 2591 963 ostendant
2618 906 2826 962 vultum
2862 904 3007 961 Petri
3033 906 3194 978 plane
3218 905 3448 963 similem
3471 922 3745 978 expresso,

2148 997 2205 1052 in
2225 996 2330 1053 hoc
2354 997 2700 1063 numismate,
2726 996 2977 1052 dubitare
3012 1011 3111 1052 nos
3138 996 3360 1053 minime
3399 998 3582 1055 sinunt
3601 999 3732 1071 quin

2149 1099 2311 1146 aetate
2333 1089 2675 1146 Constantini
2699 1088 2876 1160 Magni
2898 1086 3100 1160 efﬁgies
3118 1087 3265 1144 Petri
3293 1091 3362 1145 ab
3387 1088 3491 1145 hoc
3511 1104 3734 1145 nummo

2149 1183 2429 1255 proposita
2458 1182 2783 1253 respondeat
2814 1181 3037 1252 reliquis
3087 1181 3214 1238 inde
3258 1183 3549 1253 expressis,
3574 1182 3732 1255 juxta

2153 1274 2438 1330 historiam
2466 1274 2534 1329 ab
2552 1274 2792 1331 Adriano
2819 1289 2959 1348 papa
3001 1273 3228 1331 relatam
3267 1277 3321 1330 in
3348 1274 3575 1348 epistola
3622 1289 3734 1333 me-

2152 1378 2383 1424 morata.

2224 1459 2445 1516 Littera:
2486 1467 2665 1517 autem
2715 1460 2775 1516 8.
2826 1459 2887 1516 Ρ.
2939 1461 2993 1517 in
3021 1461 3208 1518 eodem
3238 1478 3463 1519 numero
3486 1472 3734 1521 exstante

2153 1552 2256 1608 sub
2291 1553 2540 1625 imagine,
2573 1569 2731 1625 quam
2766 1554 3031 1621 diximus,
3060 1554 3317 1626 principis
3345 1556 3731 1626 apostolorum,

2154 1645 2237 1701 vel
2286 1645 2527 1702 iudicant
2557 1645 2871 1702 SANCTUS
2909 1646 3178 1703 PETRUS
3209 1647 3491 1704 elementis
3516 1648 3729 1719 capita-

2157 1736 2304 1794 libus
2326 1739 2609 1809 utriusque
2631 1738 2884 1795 dictionis
2906 1738 2988 1808 (ut
3006 1738 3182 1793 littera
3212 1737 3259 1793 Χ
3279 1754 3511 1809 superne
3530 1738 3735 1797 inclusa

2158 1830 2211 1884 in
2248 1831 2539 1899 epigraphe
2589 1829 2808 1885 SALVS
2856 1828 2946 1884 ET
2987 1828 3155 1885 SPES
3196 1828 3262 1885 Χ.
3306 1828 3734 1886 REIPVBLICE

463 1922 592 1993 295,
625 1924 750 1991 297,
774 1923 901 1992 299,
925 1923 1049 1992 501,
1082 1924 1210 1997 507,
1241 1935 1298 1981 et
1326 1940 1449 1981 cum
1479 1923 1565 1980 his
1589 1923 1816 2005 pictum
1843 1936 2049 1988 omnes,

2164 1922 2406 1978 continet
2453 1936 2649 1978 nomen
2697 1920 2922 1993 Christi)
2969 1922 3057 1977 vel
3115 1922 3422 1992 signiﬁcant
3480 1921 3737 1978 SIGNUM

466 2016 792 2087 auaglypba,
822 2017 1035 2085 musiva
1064 2018 1288 2088 antiqua
1312 2018 1494 2075 crines
1521 2017 1780 2077 exhibent
1808 2024 2052 2079 attonsos

464 2107 533 2164 ad
568 2123 779 2176 aurem,
806 2109 1032 2167 barbam
1063 2112 1332 2184 rigentem
1372 2120 1429 2169 et
1474 2127 1582 2170 non
1610 2100 1898 2175 admodum
1927 2127 2054 2184 pre-

462 2199 632 2257 lixam
674 2201 849 2272 qualis
890 2203 950 2263 in
1000 2219 1224 2261 nummo
1253 2205 1472 2262 visitur.
1513 2204 1747 2273 Crucem
1788 2214 1968 2262 autem
1998 2205 2053 2259 in

464 2296 784 2353 memoratis
812 2296 1132 2370 anaglyphis
1155 2305 1336 2371 gestat
1386 2299 1447 2354 8.
1475 2298 1688 2365 Petrus,
1742 2313 1852 2354 non
1898 2311 2057 2353 secus

465 2400 531 2442 ac
576 2386 632 2442 in
691 2388 1039 2445 numismatc.
1093 2386 1325 2446 Caelater
1377 2390 1492 2463 typi
1536 2405 1569 2449 a
1618 2390 1767 2446 card.
1820 2387 2056 2443 Baronio

404 2543 410 2547 ,
465 2481 718 2553 impressi
762 2482 1065 2540 imberbem
1111 2484 1361 2542 exhibuit
1413 2484 1519 2541 viri
1570 2484 1808 2541 sedentis
1862 2482 2057 2540 faciem

466 2584 658 2633 contra
685 2575 847 2630 ﬁdem
869 2576 1098 2643 nummi,
1132 2576 1259 2634 licet
1285 2576 1465 2633 crines
1510 2576 1580 2633 ad
1609 2591 1795 2633 aurem
1815 2584 2058 2632 attonsos

466 2665 798 2736 expresserit
822 2665 1073 2721 ﬁdeliter.
1100 2665 1366 2736 Imagines
1393 2664 1495 2721 SS.
1523 2665 1891 2737 apostolorum
1912 2664 2057 2721 Petri

468 2766 525 2813 et
572 2756 748 2824 Pauli,
799 2757 1082 2815 custodita
1132 2758 1188 2812 in
1239 2756 1484 2815 sacrario
1522 2756 1760 2812 basilicae
1788 2756 2059 2812 Vaticana:

469 2848 712 2921 (easdem
742 2846 1013 2903 aﬂirmant
1039 2862 1158 2909 esse
1189 2863 1222 2904 a
1248 2846 1309 2904 B.
1358 2846 1621 2905 Silvestre
1667 2847 1875 2904 oblatas
1919 2847 2061 2907 Con-

471 2938 714 2996 stantino
736 2937 950 3011 Magno,
967 2953 1200 3011 quarum
1229 2938 1514 2998 historiam
1538 2938 1723 2996 retulit
1741 2938 2016 2997 Adrianus
2035 2939 2059 2994 Ι

469 3029 539 3093 ad
588 3031 841 3103 Carolum
889 3032 1146 3107 Magnum
1194 3034 1248 3089 in
1291 3032 1521 3106 epistola
1559 3034 1705 3090 edita
1758 3049 1880 3090 cum
1923 3035 2059 3091 actis

470 3123 664 3198 synodi
705 3124 936 3181 Nicaeae
975 3123 1271 3198 secundm),
1300 3122 1523 3183 Petrum
1578 3126 1881 3199 apostolum
1902 3127 2058 3184 exhi-

470 3217 602 3277 bent
629 3217 873 3290 crinibus
900 3209 1288 3287 abundantem,
1321 3220 1417 3277 sed
1448 3220 1515 3276 ad
1558 3235 1746 3277 aurem
1793 3221 2055 3288 detonsis,

470 3317 526 3364 et
553 3309 778 3366 Paulum
809 3288 1223 3380 recalvastrum,
1268 3313 1444 3384 qualis
1468 3328 1502 3368 a
1526 3312 1767 3370 Luciano
1795 3316 2056 3373 describi-
2083 3288 2128 3352 Ο

475 3411 586 3472 tur,
613 3406 804 3462 eodem
852 3408 1177 3465 observante
1202 3408 1435 3465 Baronio
1456 3409 1523 3465 ad
1549 3425 1750 3466 annum
1781 3410 1869 3479 69,
1906 3426 2055 3468 num.

477 3495 565 3561 14,
618 3505 675 3559 et
723 3496 792 3553 ab
848 3497 1090 3569 ejusdem
1152 3500 1416 3570 epitomes
1468 3511 1691 3558 auctore
1750 3502 2058 3574 Spendauo,

476 3603 630 3645 num.
674 3589 709 3645 6
756 3599 811 3644 et
839 3591 892 3647 8.
922 3591 980 3651 lu
1014 3607 1165 3649 aenea
1210 3592 1460 3649 icuncula
1509 3592 1569 3652 ὃ.
1625 3594 1792 3663 Petri,
1845 3596 1975 3652 olim
2006 3596 2060 3652 in

480 3694 670 3736 musco
721 3679 938 3736 Bellorii
986 3697 1017 3747 a
1054 3698 1143 3745 me
1188 3698 1404 3754 quoque
1441 3693 1702 3756 spectata,
1751 3696 1805 3743 et
1843 3703 1874 3742 a
1901 3686 2064 3743 Petro

479 3767 681 3845 Sancte
704 3769 928 3827 .Bartolo
956 3772 1101 3829 edita
1121 3789 1247 3831 cum
1271 3774 1510 3846 antiquis
1531 3775 1787 3841 lucernis,
1814 3784 1956 3848 part.
1978 3793 2062 3844 ιη,

484 3863 596 3919 tab.
626 3863 716 3932 27,
768 3864 958 3921 eadem
987 3874 1208 3923 tonsura
1256 3868 1491 3924 crinium
1544 3877 1600 3924 et
1647 3870 1830 3926 barbae
1872 3872 2065 3928 medus

479 3965 726 4024 apparet,
756 3970 876 4025 quae
903 3971 934 4011 a
964 3956 1256 4028 Spondano
1272 3958 1455 4015 verbis
1489 3957 1777 4031 Nicephori
1810 3960 2061 4031 refertur,

481 4045 693 4116 capillis
722 4048 937 4121 capitis,
966 4058 1021 4106 ct
1068 4048 1251 4107 barbae
1301 4050 1496 4122 crispis
1521 4061 1578 4110 et
1600 4051 1807 4120 densis,
1834 4056 1928 4111 sed
1958 4071 2064 4112 non

482 4137 770 4195 admodum
799 4139 1250 4213 prominentibus.
1274 4141 1591 4216 Anaglypha
1612 4154 1795 4201 autem
1828 4146 2065 4203 indicata

481 4225 536 4282 in
585 4230 932 4305 sarcepliagis
978 4224 1256 4288 Vaticanis
1309 4234 1491 4302 quarti
1545 4243 1599 4290 et
1654 4235 1825 4305 quinti
1861 4238 2062 4306 saeculi,

483 4321 790 4393 praesertim
843 4322 894 4376 id
936 4322 1080 4391 quod
1110 4319 1241 4378 folio
1269 4321 1376 4378 294
1409 4322 1657 4396 Ariughii
1684 4328 1943 4393 occurrit,
1973 4328 2064 4384 ubi

481 4421 679 4484 quater
699 4411 1021 4483 exprimitur
1050 4404 1300 4469 Christus
1329 4411 1613 4481 Dominus,
1644 4423 1729 4470 ter
1761 4416 1818 4471 S.
1849 4417 2061 4487 Petrus,

483 4503 656 4559 multo
683 4496 988 4561 evidentius
1016 4504 1294 4561 declarant
1312 4521 1433 4575 eam
1467 4509 1909 4566 consuetudinem
1937 4521 2065 4568 aeta-

476 4594 555 4651 tis
595 4594 1052 4653 Constantiniana
1104 4596 1344 4668 (quando
1393 4600 1750 4656 servabantur
1801 4600 2065 4673 imagines

481 4687 849 4760 apostolorum
873 4685 1077 4746 eisdem
1125 4688 1295 4746 ferme
1341 4705 1554 4760 coaevae,
1610 4709 1745 4766 quas
1798 4668 2065 4753 Eusebius
2091 4668 2145 4729 Β

481 4792 726 4837 narrata
756 4798 816 4840 se
842 4792 1113 4856 spectatas
1154 4780 1293 4840 Hist.
1344 4784 1490 4841 Eccl.
1522 4801 1643 4858 cap.
1677 4788 1766 4861 18)
1794 4790 2062 4849 tribuendi

483 4885 694 4927 comam
742 4873 1009 4947 prolixam
1051 4884 1108 4932 et
1155 4876 1208 4932 in
1262 4877 1516 4935 humeros
1554 4878 1807 4936 fluentem
1850 4881 2066 4939 Christo

484 4960 732 5031 Domino,
757 4964 937 5021 crines
959 4976 1141 5023 autem
1167 4976 1445 5026 truncatos
1458 4969 1525 5025 ad
1543 4970 1809 5029 clericalis
1831 4982 2067 5031 tonsurae

484 5055 703 5112 modum
735 5052 895 5113 beato
944 5050 1128 5127 Petro,
1178 5076 1302 5116 cum
1349 5061 1407 5116 in
1460 5061 1665 5119 eisdem
1707 5066 2068 5121 marmoribus

486 5145 560 5201 ita
609 5155 923 5203 constanter
976 5158 1201 5221 uterque
1258 5151 1479 5209 caelatus
1525 5154 1616 5211 sit.
1686 5152 1745 5209 ιιι
1798 5157 2070 5225 argenteis

485 5238 650 5293 etiam
712 5239 858 5295 Vasis
912 5241 1202 5298 ministerii
1257 5246 1396 5301 sacri
1460 5256 1586 5303 ante
1655 5245 2067 5306 Constantinum

488 5328 735 5413 Magnum
760 5332 1076 5403 elaboratis,
1108 5335 1184 5392 uti
1211 5350 1280 5391 ex
1308 5334 1485 5408 operis
1534 5338 1800 5413 elegantia
1834 5350 1889 5398 et
1931 5343 2069 5401 auti-

488 5410 695 5495 quﬁate
729 5427 1077 5500 percipimus,
1125 5429 1355 5501 repertis
1389 5432 1543 5488 'inter
1570 5410 1765 5491 rudera
1803 5438 2067 5494 vetustio-

487 5530 608 5573 rum
652 5518 846 5574 aedium
888 5535 1165 5578 sacrarum
1196 5532 1249 5578 et
1280 5527 1737 5597 coemeterierum,
1771 5545 1891 5601 quae
1914 5531 2065 5587 dabi-

487 5624 609 5666 mus
641 5611 781 5667 i‘nter
828 5619 985 5671 notas
1014 5614 1082 5671 ad
1109 5615 1264 5673 Vitas
1318 5619 1635 5689 pontiﬁcum
1682 5624 1735 5679 in
1778 5621 1997 5683 Urbano
2023 5627 2061 5692 l,

2157 2014 2386 2070 PETRI.
2425 2008 2563 2070 Nam
2593 2012 2801 2071 SlRMll
2837 2013 3197 2072 PERCVSSA
3246 2026 3463 2072 moneta
3498 2016 3588 2072 hic
3631 2034 3737 2074 non

2157 2106 2453 2174 indicatur,
2478 2118 2541 2163 ut
2568 2122 2669 2179 ego
2697 2117 2937 2173 autumo,
2966 2124 3089 2166 cum
3119 2110 3189 2166 sit
3211 2109 3448 2166 insolens
3482 2110 3536 2165 in
3584 2127 3740 2167 num-

2156 2198 2263 2254 mis
2310 2197 2519 2255 Latinis
2569 2213 2634 2254 ex
2696 2214 2802 2255 aere
2848 2200 3087 2257 maxime
3151 2200 3376 2258 ofﬁcinae
3427 2204 3743 2261 monetarire

2158 2290 2338 2348 locum
2360 2292 2691 2363 exprimere.
2729 2291 2787 2348 Si
2812 2302 2995 2349 autem
3024 2294 3244 2351 Petrum
3267 2296 3569 2368 apostolum
3599 2297 3742 2353 iudi-

2159 2391 2249 2438 cat
2271 2384 2388 2438 haec
2416 2382 2609 2455 ﬁgura,
2634 2381 2857 2455 ejusque
2901 2385 3249 2443 simulacrum
3292 2387 3607 2460 impositum
3625 2388 3741 2446 sedi

2162 2477 2464 2548 quadratae,
2494 2477 2732 2535 arbitror
2756 2477 3096 2534 referendum
3124 2480 3193 2536 ad
3218 2488 3455 2538 statuam
3499 2480 3743 2554 ejusdem

2160 2568 2418 2640 apostoli,
2449 2584 2572 2625 cum
2600 2570 2811 2627 caneris
2831 2586 2863 2628 a
2886 2556 3493 2644 Constantino'pesitam
3517 2573 3574 2630 in
3598 2574 3744 2631 basi-

2160 2660 2264 2716 lica
2316 2659 2633 2727 Salvatoris,
2690 2660 2972 2719 altitudine
3021 2664 3243 2735 quinum
3292 2665 3512 2737 pedum,
3561 2666 3743 2738 pondo

2164 2754 2426 2811 librarum
2454 2755 2761 2826 nonaginta,
2794 2770 2917 2812 cum
2959 2771 3161 2815 corona
3190 2772 3255 2813 ex
3298 2767 3522 2831 argento
3557 2760 3742 2832 puris-

2160 2849 2318 2915 simo,
2364 2864 2526 2920 quam
2574 2848 2743 2906 refert
2787 2847 2950 2906 Liber
2994 2849 3327 2909 Pontiﬁcalis
3356 2853 3411 2909 in
3454 2850 3743 2923 Silvestre,

2160 2957 2309 2996 num.
2337 2938 2425 2998 58.
2457 2939 2688 2998 Crucem
2723 2956 2852 2998 vero
2899 2957 3025 2999 cum
3055 2943 3306 3000 ostendat
3355 2944 3497 3003 idem
3527 2954 3745 3017 aposto-

2158 3030 2262 3099 lus,
2289 3041 2526 3089 erectam
2557 3031 2791 3089 fortasse
2826 3031 2971 3088 illam
3002 3033 3203 3092 indicat
3235 3051 3396 3107 quam
3427 3034 3741 3099 Constanti-

2159 3141 2262 3182 nus
2293 3126 2347 3180 in
2395 3124 2619 3181 basilica
2678 3124 2939 3182 Vaticana
2987 3128 3270 3185 constituit
3308 3144 3472 3201 supra
3519 3129 3745 3189 Confes-

2162 3214 2367 3271 sienem
2381 3215 2526 3271 beati
2551 3213 2698 3271 Petri
2718 3232 2782 3270 ea:
2801 3232 2933 3271 auro
2953 3218 3234 3288 purissimo
3258 3229 3559 3290 pensantem
3581 3219 3744 3278 libras

2161 3316 2368 3363 centum
2392 3307 2797 3380 quinquaginta.
2819 3306 2887 3363 In
2915 3325 3211 3365 mensuram
3239 3309 3361 3378 loci,
3385 3311 3473 3366 ubi
3492 3313 3747 3382 scripturn

2163 3409 2236 3453 est
2267 3398 2364 3452 hoc
2388 3414 2406 3453 .'
2430 3398 2802 3453 Constantinus
2827 3397 3124 3471 Augustus,
3155 3409 3203 3455 et
3235 3399 3436 3456 Helena
3458 3403 3697 3474 Augusta
3723 3418 3745 3459 :

2163 3491 2297 3545 hanc
2320 3490 2531 3545 domum
2557 3491 2718 3562 regali
2756 3490 2918 3546 simili
2956 3490 3160 3564 fulgore
3189 3508 3471 3550 coruscans
3492 3494 3620 3550 aula
3641 3496 3746 3551 cir-

2165 3583 2397 3636 cumdat.
2450 3580 2712 3647 Scriptum
2760 3600 2825 3638 ea:
2867 3583 3053 3640 litteris
3098 3584 3301 3657 nigellis
3353 3586 3409 3642 in
3455 3604 3627 3644 cruce.
3667 3587 3747 3645 Ea

2165 3690 2285 3744 quae
2313 3690 2412 3731 nos
2437 3672 2706 3745 conjicere
2750 3676 2977 3732 nitimur
3023 3694 3089 3734 ex
3139 3680 3338 3736 indicio
3383 3683 3743 3752 numismatis,

2165 3782 2267 3822 nec
2290 3767 2422 3823 satis
2444 3767 2671 3823 deﬁnire
2700 3783 2988 3839 possumus
3011 3779 3135 3840 post
3157 3770 3437 3831 diuturnas
3456 3774 3748 3846 inspectio-

2166 3877 2282 3927 nes,
2313 3860 2500 3917 eadem
2545 3862 2656 3918 ictu
2703 3863 2843 3917 oculi
2895 3864 3178 3943 perspicue
3225 3880 3449 3922 noscere
3488 3876 3745 3939 poterant

2168 3963 2422 4012 auctores
2451 3953 2600 4012 Libri
2645 3952 2997 4025 Pontiﬁcalis,
3048 3957 3289 4031 legentes
3330 3960 3387 4017 in
3413 3977 3575 4019 cruce
3609 3962 3752 4021 Con-

2168 4048 2497 4105 stantiniana
2522 4064 2709 4105 eorum
2760 4058 2923 4106 {etate
2965 4053 3258 4122 superstite
3296 4054 3514 4110 nomina
3544 4056 3751 4115 donan-

2168 4141 2321 4206 tium,
2358 4149 2413 4196 et
2452 4141 2505 4195 in
2555 4140 2828 4212 argenteis
2866 4132 3059 4199 statuis
3097 4141 3298 4201 Christi
3346 4145 3559 4211 Domini
3583 4155 3752 4220 atque

2168 4239 2534 4311 apostolorum
2600 4248 2908 4311 spectantes
2968 4240 3196 4314 efﬁgiem
3239 4243 3463 4316 singulis
3513 4247 3750 4313 attribu.

2170 4339 2280 4385 tam
2330 4340 2491 4386 aetate
2543 4329 2813 4387 Silvestri.
2873 4333 2952 4389 Ex
3008 4334 3199 4391 iisdem
3262 4339 3650 4408 monumentisI
3704 4340 3751 4397 si

2169 4431 2539 4495 superessent,
2563 4423 2775 4481 collatis
2797 4441 2917 4481 cum
2936 4442 3181 4494 nummo,
3204 4427 3436 4487 fortasse
3454 4439 3749 4501 constaret,

2171 4514 2239 4570 ad
2286 4513 2595 4589 exemplum
2655 4518 2905 4590 imaginis
2949 4518 3011 4572 Β.
3067 4514 3214 4575 Petri
3258 4522 3359 4576 sub
3403 4520 3666 4580 Silvestre
3698 4532 3752 4581 et

2172 4610 2529 4670 Constantino
2577 4615 2866 4686 propositae
2920 4616 2987 4671 ad
3014 4615 3216 4673 cultum
3263 4618 3411 4675 cruci
3460 4619 3753 4679 Dominieae

2172 4702 2400 4775 ejusque
2420 4707 2676 4777 gestatori
2703 4707 3064 4764 exhibendum
3086 4723 3116 4762 a
3137 4707 3440 4769 Caesaribus
3459 4714 3748 4782 stantibus,

2169 4798 2483 4855 elformatas
2509 4799 2677 4857 fuisse
2721 4816 2752 4856 a
2795 4802 3201 4860 successoribus
3259 4802 3503 4863 Silvestri
3544 4816 3753 4871 statuas

2170 4891 2303 4947 duas
2330 4891 2391 4946 B.
2421 4891 2568 4948 Petri
2594 4908 2608 4948 :
2639 4909 3001 4950 marmoream
3031 4911 3225 4962 unam,
3282 4912 3399 4967 qua
3438 4909 3755 4959 asservatur

2172 4983 2226 5037 in
2293 4984 2553 5056 hypogaeo
2614 4985 2851 5042 basilicae
2908 4985 3212 5057 Vaticana;
3265 5004 3475 5046 aeneam
3520 4991 3753 5049 altera.

2172 5074 2225 5128 in
2261 5076 2377 5131 aede
2417 5077 2685 5147 superiori
2740 5079 3114 5161 constitutam,
3161 5083 3228 5137 ad
3277 5083 3461 5140 oscula
3511 5084 3753 5145 ﬁdelium

2173 5168 2489 5238 excipienda
2550 5168 2603 5224 in
2656 5169 2869 5240 signum
2918 5172 3306 5243 venerationis,
3364 5177 3754 5241 consuetudine

2174 5258 2413 5314 derivata
2465 5259 2532 5315 ab
2579 5258 2920 5319 incunabulis
2973 5261 3229 5322 Ecclesiae
3276 5267 3346 5324 ad
3398 5268 3515 5325 hac
3566 5251 3781 5325 nostra

2173 5351 2386 5407 saecula.
3515 5374 3526 5385 ο

2243 5442 2344 5524 56..
2368 5440 2485 5499 Νοη
2531 5443 2723 5525 piguit_
2754 5447 2965 5503 versari
2999 5448 3162 5520 paulo
3208 5449 3408 5509 diutius
3436 5452 3492 5507 in
3511 5460 3750 5511 contem-

2171 5533 2408 5607 platione
2467 5539 2844 5607 numismatis,
2902 5550 2958 5597 et
3008 5558 3178 5600 sacra:
3242 5544 3522 5615 imaginis,
3590 5556 3755 5617 atque

2174 5625 2548 5697 inscriptionis
2569 5628 2623 5685 in
2653 5630 2745 5686 illo
2770 5648 3038 5704 expressae
3080 5635 3180 5692 sub
3200 5635 3576 5694 Constantino.
3610 5639 3751 5708 Quin

486 5700 629 5801 idem
654 5696 872 5765 habitus
893 5707 1005 5764 oris
1043 5702 1381 5780 observatur,
1419 5707 1511 5768 ubi
1539 5708 1784 5769 Christus
1806 5712 2064 5772 Dominus
2139 5712 2287 5775 ‘haec
2314 5696 2497 5778 omnia
2522 5696 2856 5797 praeﬁgenda
2887 5728 3194 5797 curavimus
3221 5724 3547 5801 praefatioui,
3568 5696 3754 5801 utpote

481 5790 668 5850 claves
693 5797 858 5853 tradit
885 5797 1045 5856 Petro
1069 5817 1083 5856 :
1111 5816 1218 5872 qua
1246 5801 1406 5859 etiam
1434 5800 1605 5858 forma
1637 5796 1837 5876 posteri
1880 5802 2062 5862 fideles

482 5886 845 5947 exhibuemnt
891 5892 945 5949 in
997 5892 1221 5951 musivis
1272 5895 1653 5953 vetustioribus
1706 5895 1891 5957 Urbis.
1924 5898 2059 5952 utin

2173 5809 2373 5867 indicia
2433 5829 2619 5871 eorum
2680 5806 3122 5876 documentorum
3186 5837 3304 5892 quae
3361 5824 3415 5877 in
3470 5831 3754 5878 numerato

2173 5915 2361 5974 parata
2390 5917 2546 5963 erant
2577 5916 2739 5980 atque
2765 5913 3011 5983 exposita
3032 5915 3389 5984 scriptoribus
3417 5915 3566 5974 Libri
3610 5914 3751 5973 Pon-
