4010 6302
257 435 368 492 101

1727 421 2120 484 ΡΠΛΕΡΑΤΙΟ.

3446 419 3548 474 102

256 546 514 603 titicalis.
536 543 673 600 Nam
713 541 846 600 satis
872 542 1164 600 ostendunt
1204 539 1319 595 haec
1352 538 1516 596 veluti
1544 539 1862 610 specimina,
1893 552 1943 612 Α
1971 543 2072 598 bus
2100 555 2242 612 quoa
2272 554 2428 594 suum
2455 546 2541 594 est
2586 545 2879 594 asseretur.
2913 537 3041 594 Sive
3083 543 3337 593 notarum
3361 547 3550 595 auctor

255 655 360 696 seu
409 638 656 710 reliquiae
709 642 1203 698 monumentorum,
1256 641 1382 687 tunc
1439 632 1698 702 temporis
1750 632 1868 687 uni-

254 733 472 802 cuique
494 730 888 795 constantium,
905 736 960 784 et
987 727 1201 799 publica
1223 727 1274 781 in
1303 726 1866 797 lucejpropositorum,

253 839 447 893 neque
475 822 843 892 chronologite
869 821 1194 876 documenta
1219 815 1472 888 defuisse
1513 815 1871 888 scriptoribus

250 913 511 985 Catalogi
546 913 890 978 vetustioris;
931 926 1104 981 neque
1140 911 1542 967 ordinationum
1576 911 1869 966 memorias

251 1017 311 1063 et
358 1006 551 1077 legum
603 993 1005 1076 pontiﬁciarum
1054 1004 1265 1059 auctori
1321 1002 1543 1058 secundi
1589 1001 1864 1074 Catalogi;

251 1115 444 1169 neque
469 1099 718 1155 Vitarum
748 1099 1110 1170 posteriorum
1158 1099 1562 1154 enarratoribus
1600 1095 1868 1155 indiculos

251 1193 652 1258 ecclesiarum,
708 1193 851 1247 unde
900 1200 1124 1246 nossent
1167 1191 1519 1261 patrimonia,
1561 1191 1864 1260 latifundia,

249 1283 468 1354 praedia
500 1283 703 1338 rustica
732 1291 788 1336 et
808 1281 1036 1345 urbana,
1055 1281 1194 1336 dona
1217 1281 1434 1336 mobilia
1461 1290 1516 1336 et
1539 1279 1858 1348 immobilia,

253 1391 481 1432 sacram
537 1376 946 1448 supellectilem,
989 1384 1044 1430 et
1085 1376 1292 1430 minuta
1347 1389 1573 1446 quaeque
1630 1375 1862 1442 cimelia,

251 1465 530 1532 basilicis,
587 1466 778 1535 titulis,
835 1465 1116 1529 diaconiis,
1152 1465 1518 1531 monasteriis,
1553 1465 1864 1535 mdibusque

255 1559 439 1626 sacris
461 1552 719 1624 omnibus
745 1555 796 1613 in
825 1557 968 1614 Urbe
988 1557 1190 1614 oblata.
1207 1557 1370 1614 Gesta
1393 1573 1525 1613 vero
1548 1557 1864 1630 pontiﬁcum

253 1669 379 1723 qua:
407 1661 666 1727 narrant,
689 1646 1007 1723 plerumque
1051 1653 1151 1707 sibi
1183 1651 1468 1722 mqualium
1497 1661 1620 1722 post
1647 1660 1861 1706 aetatem

253 1743 512 1817 Catalogi
543 1744 784 1809 secundi,
807 1743 892 1799 vel
917 1743 1016 1814 ipsi
1044 1743 1298 1799 viderunt
1319 1741 1562 1799 historici
1591 1739 1860 1810 Vitarum,

252 1837 337 1893 vel
368 1853 402 1892 a
427 1837 664 1909 publicis
692 1835 927 1893 archivis
953 1835 1115 1908 paulo
1139 1845 1265 1892 ante
1296 1837 1598 1908 perscripta
1632 1837 1860 1893 mutuati

1971 649 2038 689 ex
2067 632 2450 688 vetustioribus
2478 632 2569 699 sit,
2597 631 2711 687 sive
2736 648 2804 686 ex
2830 631 3242 697 recentioribus,
3265 634 3551 702 occupabit

1969 739 2094 784 eum
2151 726 2330 781 locum
2383 739 2542 798 quem
2565 724 2813 800 gentilitii
2843 725 3076 780 nominis
3102 724 3278 780 littera
3301 726 3552 798 princeps

1970 817 2177 874 obtinet
2206 817 2361 887 juxta
2411 817 2604 874 seriem
2656 817 2948 888 alphabeti.
3011 817 3308 884 Alteserra,
3356 816 3548 872 Benci-

1970 909 2110 976 nius,
2163 908 2348 963 Binius
2386 919 2440 963 et
2467 909 2646 964 eteteri
2679 924 2864 964 omnes
2905 909 3217 980 singillatim
3267 911 3553 966 ostendent

1970 1015 2090 1071 quae
2119 1000 2375 1054 meditata
2398 1000 2745 1068 contulerint,
2780 1017 2930 1058 more
2949 1001 3062 1072 jam
3091 1010 3309 1074 recepto
3331 1003 3385 1059 in
3408 1019 3554 1060 com-

1968 1094 2249 1149 mentariis
2267 1096 2562 1148 variorum.

2039 1185 2126 1242 59.
2153 1185 2560 1256 Chronologica:
2583 1201 2711 1241 vero
2742 1185 3149 1243 observationes
3172 1187 3244 1241 ita
3276 1194 3400 1242 sunt
3423 1203 3550 1243 cou-

1967 1291 2121 1332 nexae
2149 1275 2401 1341 invicem,
2429 1286 2489 1331 ut
2533 1277 2667 1332 citra
2700 1277 2937 1332 universi
2984 1279 3292 1349 systematis
3320 1279 3546 1348 positio-

1967 1388 2092 1427 nem
2134 1387 2243 1427 non
2285 1372 2498 1442 possint
2542 1371 2763 1442 singulae
2791 1373 3110 1441 pertentari.
3145 1372 3261 1440 Qua
3291 1373 3357 1428 de
3382 1388 3545 1428 causa

1965 1463 2184 1517 videtur
2203 1463 2421 1534 exigere
2449 1463 2587 1518 ratio
2618 1464 2880 1530 methodi,
2931 1472 2987 1518 ut
3017 1481 3105 1520 res
3135 1465 3344 1536 integra
3369 1480 3546 1521 rescr—

1965 1561 2122 1609 vetur
2146 1554 2264 1610 loco
2296 1555 2574 1624 peculiari,
2621 1567 2880 1611 exacturo
2928 1558 3192 1613 rationem
3244 1566 3546 1628 temporum

1967 1664 1996 1704 a
2029 1648 2247 1706 Christo
2293 1659 2420 1706 nato
2459 1652 2526 1705 ad
2575 1650 2754 1705 omnia
2794 1651 3114 1707 documenta
3145 1651 3546 1723 chronologica,

1965 1756 2086 1812 qua:
2126 1739 2380 1814 colligere
2435 1743 2616 1798 conati
2648 1757 2833 1798 sumus
2882 1744 3237 1814 complurium
3284 1759 3548 1800 annorum

1965 1835 2164 1903 studio,
2197 1845 2252 1892 et
2291 1837 2676 1906 experimentis
2721 1845 2830 1891 tum
2885 1851 2951 1892 ex
2981 1837 3216 1893 motibus
3247 1836 3548 1909 caelestium

250 1940 402 1998 sunt,
437 1939 494 1986 et
551 1946 581 1985 a
621 1929 874 1986 concordi
929 1930 1239 1985 testimonio
1260 1931 1556 1996 seniorum,
1577 1929 1668 2001 qui
1701 1930 1868 1984 inter-
1894 1919 1943 1980 B
1970 1943 2258 1999 corpormn
2287 1925 2573 1996 diligenter
2602 1929 2830 1995 collatis,
2857 1937 2967 1984 tum
2990 1942 3056 1984 ex
3099 1929 3431 2002 inspectione
3454 1944 3548 1985 ve-

251 2020 509 2086 luerant;
530 2018 633 2077 sibi
666 2020 861 2074 tradita
885 2019 1234 2091 collegerunt.

327 2113 556 2185 Optimo
597 2112 781 2184 itaque
825 2111 948 2184 jure
997 2111 1221 2184 singulis
1273 2107 1585 2169 auctoribus
1631 2107 1855 2180 hujusce

251 2203 379 2261 libri
409 2206 640 2260 debetur
667 2204 921 2276 elogium,
951 2202 1017 2256 ab
1045 2202 1335 2258 Annalium
1367 2203 1648 2258 conditore
1685 2199 1852 2258 Baro-

252 2295 365 2360 nio,
426 2295 708 2353 historiae
763 2294 1011 2350 veritatis
1065 2292 1249 2364 judice
1292 2294 1541 2360 emerito,
1594 2293 1853 2350 tributum

249 2389 550 2445 Anastasio
603 2396 749 2443 tomo
785 2385 877 2453 lX,
927 2386 992 2441 ad
1027 2401 1153 2440 ann.
1202 2383 1332 2442 Chr.
1377 2383 1502 2452 752,
1553 2399 1703 2441 num.
1738 2387 1801 2443 19
1838 2406 1851 2442 :

249 2477 368 2534 Etsi
424 2479 550 2533 rudi
599 2478 754 2550 stylo,
802 2477 1103 2548 ﬁdelissime
1157 2489 1329 2534 tamen
1381 2491 1553 2541 rerum
1591 2489 1854 2550 gestarum

250 2573 537 2628 historiam
559 2573 816 2628 exaravit.

319 2665 419 2721 57.
443 2661 574 2720 Haec
603 2663 845 2730 fuerunt,
882 2664 1055 2720 amice
1081 2661 1299 2732 Lector,
1321 2679 1349 2720 a
1378 2664 1533 2722 nobis
1553 2667 1853 2737 generatim

247 2755 641 2829 praemittenda
703 2756 768 2812 de
821 2757 1144 2812 auctoritate
1177 2759 1419 2813 codicum
1465 2773 1528 2813 ac
1564 2760 1852 2814 documen-

249 2849 320 2904 tis
360 2861 554 2904 rerum
609 2848 664 2903 in
691 2845 856 2903 Libro
909 2847 1213 2905 Pontiﬁcali
1255 2848 1678 2904 enuntiatarum.
1716 2848 1851 2906 Nam

252 2957 370 3012 quae
431 2940 720 3012 speciatim
773 2938 838 2997 de
890 2940 1112 3012 singulis
1166 2939 1403 3012 ejusdem
1456 2943 1702 3011 partibus
1755 2953 1852 2998 suo

250 3031 369 3088 loco
405 3030 736 3104 proferenda
791 3041 971 3102 erunt,
1021 3034 1304 3089 ostendent
1360 3033 1498 3091 infra
1565 3043 1704 3091 uotae
1760 3051 1871 3107 van

252 3139 399 3180 l'lOl'll
408 3140 489 3181 m.

319 3215 413 3273 58.
431 3213 577 3279 Cum
598 3218 743 3274 enim
765 3215 819 3282 in
842 3215 990 3273 Libri
1011 3217 1365 3290 impressione
1383 3219 1634 3275 universa
1665 3228 1851 3277 curata

252 3311 360 3368 sint
407 3327 533 3383 qua:
591 3311 730 3366 tueri
782 3312 1020 3375 maxime
1075 3319 1323 3382 poterant
1371 3325 1686 3382 germanam
1738 3311 1853 3380 ejus

252 3407 575 3478 lectionem,
603 3412 658 3459 et
683 3404 974 3477 plurimam
1002 3417 1319 3475 promovere
1342 3417 1470 3459 usus
1498 3415 1552 3459 et
1574 3407 1853 3460 commoda

254 3513 375 3568 qua:
434 3497 566 3553 inde
621 3497 877 3568 consequi
933 3493 1189 3552 Lectores
1253 3505 1490 3566 possent,
1552 3498 1854 3553 consectari

253 3604 484 3646 necesse
515 3597 602 3644 est
627 3603 814 3662 parem
841 3587 1132 3660 diligentiae
1161 3596 1323 3660 atque
1351 3589 1603 3643 utilitatis
1628 3590 1854 3661 publica:

254 3696 444 3738 curam
469 3680 640 3737 etiam
658 3681 710 3735 in
735 3679 973 3736 editione
997 3689 1266 3737 notarum.
1289 3680 1467 3748 Quare
1493 3685 1852 3754 typographus

256 3773 548 3829 cottstituit
571 3788 639 3830 ex
666 3775 982 3830 auctoribus
1005 3775 1246 3830 omnium
1294 3789 1560 3829 consensu
1590 3777 1849 3847 probatis,

255 3861 428 3932 Binio,
493 3861 805 3931 Ciacconio,
858 3864 1072 3923 Labheo
1124 3867 1362 3939 potiores
1405 3865 1626 3939 eligere,
1678 3878 1734 3923 ct
1782 3869 1848 3924 ad

255 3971 546 4018 contextus
610 3963 1024 4034 explicationem
1092 3963 1329 4018 maxime
1381 3964 1846 4030 accommodatas,

255 4071 388 4128 quas
416 4057 522 4129 ipsi
545 4067 668 4129 post
691 4057 843 4119 Yitas
865 4055 1189 4114 Pontiﬁcum
1215 4056 1537 4113 retulerunt.
1565 4057 1850 4113 Alteserra:

255 4159 410 4204 notas
431 4149 492 4204 in
523 4143 870 4206 Anastasium
915 4147 1176 4222 peculiari
1217 4149 1355 4205 libro
1384 4150 1646 4222 vulgatas,
1681 4165 1850 4220 eoque

256 4249 366 4299 tum
397 4243 673 4299 brevitate
701 4243 987 4310 laudando,
1023 4255 1132 4299 tum
1180 4243 1473 4300 lectissima
1525 4241 1845 4308 eruditione,

258 4332 509 4389 dabimus
555 4333 814 4407 integras.
849 4335 998 4392 Neve
1038 4337 1144 4391 ulla
1190 4337 1464 4407 supersint
1512 4335 1849 4404 inexplorata

258 4425 449 4492 verba,
512 4436 604 4481 aut
641 4436 810 4497 gesta,
865 4437 958 4483 aut
1001 4430 1320 4486 documenta
1375 4426 1534 4497 hujus
1585 4427 1844 4492 historia},

261 4518 456 4586 quibus
502 4534 639 4574 nova
683 4518 775 4573 lux
829 4517 1029 4576 all'undi
1083 4521 1254 4591 possit
1302 4538 1395 4592 per
1425 4521 1602 4574 :etatis
1651 4530 1849 4576 nostra:

259 4604 505 4677 labores;
541 4627 663 4665 cum
690 4607 894 4682 aliquot
924 4612 1159 4668 cultores
1187 4612 1568 4668 ecclesiasticae
1584 4611 1844 4677 historiae,

259 4711 313 4757 et
336 4718 512 4758 sacra:
537 4704 876 4774 antiquitatis
906 4704 1228 4760 Christiana:
1268 4705 1320 4760 in
1359 4721 1415 4760 se
1440 4705 1764 4776 receperint,
1788 4714 1846 4758 ut

259 4793 560 4860 57mbolam
605 4810 758 4850 suam
804 4795 1084 4850 conferant
1131 4797 1196 4850 ad
1251 4797 1338 4850 illa
1388 4796 1720 4867 explicanda,
1763 4796 1844 4850 vel

262 4886 683 4956 comprobanda,
734 4903 851 4958 quae
899 4889 1328 4958 praecedentibus
1375 4890 1426 4943 in
1460 4888 1602 4944 notis
1641 4888 1840 4944 intacta

234 4979 483 5047 ‘fuerint,
510 4981 594 5035 vel
623 4996 729 5036 non
757 4982 889 5036 satis
932 4983 1203 5039 declarata
1221 5024 1235 5050 ,
1277 4985 1590 5040 eorumdem
1621 4986 1844 5040 adnota-

262 5069 432 5128 tiones
454 5072 748 5126 liberaliter
775 5073 1111 5128 ministratas
1153 5074 1386 5130 libenter
1410 5077 1840 5130 conmiunicabi-

259 5176 400 5223 ntus.
439 5163 613 5222 Nullae
631 5163 911 5223 dabuntur
937 5169 1229 5240 permistae.
1265 5169 1506 5241 Singulis
1538 5168 1845 5238 uitet-preti-

1964 2025 2140 2077 terum
2165 2019 2400 2090 lapidum
2425 2028 2479 2075 et
2499 2035 2842 2076 nummorum
2871 2040 2883 2076 :
2913 2021 3000 2076 ubi
3031 2029 3378 2093 temporuma
3396 2021 3550 2079 nobis

1959 2102 2419 2170 numerandorum
2465 2116 2652 2181 series,
2701 2123 2756 2170 et
2787 2116 3132 2172 characteres
3163 2098 3548 2188 publico'testi-

1960 2205 2142 2263 monio
2162 2208 2363 2279 proditi
2395 2217 2811 2279 cognoscuntur.

2030 2298 2115 2355 60.
2160 2285 2372 2356 Paratis
2423 2302 2586 2372 igitur
2608 2299 2934 2373 adjumentis
2980 2311 3136 2358 utere
3176 2300 3328 2370 felix,
3355 2299 3550 2358 Lector

1959 2393 2264 2466 studiosect
2285 2395 2544 2449 benevole
2572 2413 2584 2448 :
2605 2404 2661 2450 et
2681 2393 3045 2450 Romanorum
3067 2396 3382 2465 pontiﬁcum
3393 2395 3548 2452 Vitas

1957 2483 2159 2540 habeto
2188 2475 2453 2540 universae
2485 2485 2863 2541 ecclesiasticze
2889 2485 3132 2542 historiae
3160 2497 3366 2557 partem
3410 2502 3547 2559 prte-

1955 2579 2196 2651 cipuam,
2230 2578 2504 2633 annalium
2522 2577 2718 2645 fontes,
2746 2587 2800 2634 et
2829 2579 3092 2648 pretiosas
3117 2594 3286 2635 sacra:
3316 2578 3550 2652 antiqui-

1958 2675 2087 2730 tatis
2102 2674 2378 2744 reliquias,
2403 2673 2636 2745 primum
2649 2672 2905 2729 collectas
2919 2673 2973 2728 in
2989 2667 3546 2744 CatalogoLiberiano

1955 2783 2020 2821 ex
2043 2767 2195 2823 Actis
2211 2776 2508 2838 martyrum
2530 2765 2971 2831 etconciliorum,
2989 2781 3197 2822 necnon
3216 2781 3282 2821 ex
3306 2765 3545 2837 epistolis

1956 2857 2268 2929 pontiﬁcum
2294 2866 2348 2912 et
2375 2856 2766 2922 confessorum,
2791 2855 3025 2912 llistoria
3049 2856 3353 2930 llegesippi,
3371 2857 3543 2914 Chro-

1954 2951 2090 3006 nicis
2137 2948 2477 3016 Eusebianis,
2530 2948 2887 3020 aliorumque,
2945 2957 2998 3003 et
3046 2963 3114 3003 ex
3141 2949 3416 3020 Diptychis
3438 2945 3541 3005 Ec—

1955 3044 2275 3112 clesiarum;
2308 3053 2428 3114 post
2455 3041 2682 3098 alterum
2716 3057 2842 3097 vero
2863 3041 3118 3098 saeculum
3148 3043 3540 3097 auctasiisdem

1954 3138 2123 3209 cepiis
2170 3139 2221 3192 in
2249 3137 2506 3207 Cataiogo
2536 3135 2634 3191 sub
2672 3133 2974 3190 Justiuiano
2997 3144 3046 3190 et
3073 3135 3356 3204 posteriori
3371 3145 3542 3196 gelato

1957 3227 2332 3302 subGrcgorio
2355 3225 2398 3284 ll
2427 3237 2477 3286 ct
2502 3223 2968 3287 lil’translatasin
2999 3225 3219 3286 Librum
3256 3228 3539 3299 pontiﬁca-

1881 3292 1925 3354 Ο
1959 3324 2084 3390 lem,
2119 3340 2182 3379 ac
2205 3323 2375 3380 fusius
2399 3336 2649 3381 extensas
2668 3322 2977 3394 adjumeuto
3005 3321 3253 3377 tabularii
3276 3331 3330 3378 et
3349 3320 3542 3376 biblio-

1961 3421 2129 3474 thecae
2169 3420 2498 3490 apostolicue,
2545 3434 2752 3474 necnon
2804 3419 3169 3486 archivorum,
3212 3430 3540 3472 marmorum

1958 3524 2012 3568 et
2038 3514 2390 3570 cimeliarchii
2423 3513 2754 3585 singularum
2779 3514 2947 3568 ferme
2967 3509 3129 3569 Urbis
3151 3510 3537 3576 ecclesiarum;

1957 3606 2334 3661 communibus
2387 3605 2620 3674 denique
2669 3603 2860 3660 studiis
2914 3604 3190 3659 nationum
3239 3601 3541 3658 eruditione

1955 3699 2352 3771 praestantium,
2388 3696 2636 3770 Belgicae,
2673 3695 2910 3765 Gallicae,
2961 3694 3315 3760 Germanicae,
3345 3692 3538 3762 llispa-

1955 3794 2109 3860 nicae,
2137 3791 2380 3864 illyricae,
2405 3789 2624 3858 Italicae,
2650 3800 2807 3847 aetate
2828 3798 3013 3845 nostra
3038 3803 3067 3842 a
3094 3787 3344 3859 squalore
3362 3785 3539 3840 deter-

1955 3901 2064 3952 sas,
2089 3894 2143 3940 et
2171 3885 2236 3938 ab
2265 3883 2461 3955 injuria
2493 3893 2792 3954 temporum
2820 3882 3142 3946 vindicatus,
3181 3872 3537 3933 ministranti-

1953 3978 2055 4033 bus
2076 3978 2312 4047 undique
2333 3979 2548 4033 codiccs
2572 3977 2904 4048 antiquiores
2937 3973 3168 4030 dominis
3190 3981 3244 4027 et
3271 3970 3541 4043 praefectis

1951 4079 2418 4135 bibliothecarum.
2443 4077 2519 4131 De
2541 4075 2734 4146 epellah
2747 4090 2876 4129 vero
2899 4081 3108 4137 nostra,
3139 4069 3537 4144 quantulacun-

1953 4187 2058 4243 que
2107 4173 2321 4226 tandem
2363 4169 2455 4235 sit,
2494 4169 2632 4240 aequi
2670 4168 2903 4237 bonique
2950 4163 3239 4226 consulas:
3267 4170 3320 4217 et
3348 4161 3539 4232 juvare

1953 4283 2074 4323 cum
2104 4264 2297 4336 possis,
2327 4262 2412 4317 vel
2445 4261 2778 4333 suggerendo
2825 4274 2960 4315 nova
3014 4258 3335 4324 documenta
3377 4255 3537 4313 chro-

1952 4360 2179 4431 nologite
2227 4366 2389 4427 atque
2444 4355 2685 4412 historia:
2716 4341 3069 4424 pontiﬁcalis,
3116 4365 3234 4422 qua;
3267 4357 3410 4406 tome
3452 4363 3536 4406 sc-

1951 4454 2130 4512 cundo
2175 4461 2267 4506 aut
2315 4451 2474 4507 tertio
2516 4448 2683 4506 inseri
2739 4447 2964 4518 possint,
3022 4443 3104 4500 vel
3158 4441 3445 4498 salubriter
3483 4448 3537 4494 et

1951 4551 2123 4607 amice
2154 4547 2495 4619 corrigendo,
2539 4544 2581 4599 si
2621 4558 2740 4614 quae
2760 4542 2897 4597 forte
2923 4538 3289 4609 imprudenter
3323 4535 3536 4591 excide-

1950 4647 2080 4709 rint,
2111 4642 2389 4699 meditanti
2413 4639 2781 4711 przefationem
2808 4646 2864 4693 et
2891 4646 3077 4701 notas;
3111 4633 3252 4691 scias
3290 4624 3534 4686 beneﬁce

1953 4737 2207 4796 moniteri
2239 4750 2324 4790 me
2345 4734 2548 4805 gratias
2585 4732 2896 4788 habiturum
2921 4730 3202 4792 maximas,
3238 4742 3360 4780 cum
3401 4724 3531 4778 nihil

1951 4829 2224 4898 antiquius
2257 4825 2487 4882 habeam
2521 4839 2682 4895 quam
2728 4822 3046 4894 peritiornm
3081 4819 3243 4873 ductu
3283 4825 3338 4870 et
3363 4814 3532 4885 pluri-

1950 4938 2162 4980 morum
2219 4937 2342 4976 cttm
2388 4919 2647 4974 comitatu
2701 4915 2958 4970 accedere
3007 4918 3268 4981 quantum
3322 4905 3533 4962 licuerit

1947 5019 2172 5090 propius
2220 5017 2287 5071 ad
2343 5012 2673 5085 propositam
2721 5009 2860 5064 bene
2898 5004 3213 5064 memoratis
3262 5000 3534 5058 mentibus

1946 5112 2246 5167 veritatem.
