3996 5412
463 284 568 343 105

1239 281 1331 337 AD
1364 275 1813 338 ANASTASIUM
1851 275 2361 336 PROLEGOMENA
2399 277 2580 337 EDIT.
2621 275 3054 336 ROM.-VAT[C.

3624 274 3734 332 1M

466 419 3732 448 WW

1410 592 2020 751 FRANCISGI
2126 464 2774 752 ΒΒΑΝΩΗΙΝΙ

1722 888 2477 1006 ΡΡιᾹΞΡΑΤΙΟ

982 1113 1091 1175 ..1)
1140 1111 1427 1177 TOMUM
1469 1108 1897 1175 SECUNDUM
1938 1108 2348 1173 EDITIONIS
2389 1107 3242 1173 ROMANO-VATICANIE.

540 1401 591 1455 l.
621 1395 980 1455 Produximus
1007 1402 1152 1452 tomo
1171 1393 1352 1467 priore
1390 1393 1543 1450 Vitas
1575 1391 1899 1450 Pontiﬁcum
1930 1368 2044 1451 Ro-
2073 1399 2121 1460 Α
2152 1390 2554 1464 Catalogorum,
2610 1391 2827 1461 quando
2875 1388 3286 1461 expendeudum
3336 1387 3442 1444 erit
3489 1394 3740 1445 mutuum

462 1503 769 1553 manorum,
805 1486 1079 1543 Anastasii
1120 1484 1339 1541 nomine
1370 1494 1492 1556 post
1525 1482 1643 1554 ejus
1671 1484 2043 1542 collectionem

463 1582 689 1637 donatas
716 1594 730 1632 :
759 1579 849 1637 ubi
894 1578 1205 1634 curavimus
1240 1577 1547 1647 superiores
1577 1575 1844 1633 editiones
1870 1576 2046 1631 ﬁdeli-

464 1681 545 1730 ter
567 1672 817 1744 exprimi,
847 1679 902 1727 et
927 1669 1254 1725 variantium
1287 1668 1573 1725 lectionum
1615 1667 1787 1737 copiis
1830 1667 2042 1738 augeri,

461 1765 924 1837 prtestantissimis
950 1778 1017 1819 ex
1040 1763 1337 1829 codicibus,
1384 1772 1490 1818 tam
1520 1763 1660 1816 intra
1693 1778 1853 1832 quam
1890 1772 2046 1818 extra

460 1858 665 1914 Italiam
696 1858 935 1930 undique
978 1858 1319 1927 conquisitis.
1354 1856 1715 1930 Aggredimur
1754 1856 2049 1912 editionem

461 1952 683 2007 secundi
736 1951 886 2012 tomi,
914 1966 1022 2021 quo
1051 1952 1433 2006 constituimus
1479 1949 1765 2019 complecti
1796 1950 2048 2022 prolego-

462 2055 617 2097 mena
660 2049 715 2097 et
758 2050 934 2107 notas,
980 2042 1047 2095 ad
1091 2039 1465 2096 illustrandum
1515 2049 1830 2096 contextum
1868 2042 2048 2111 operis

461 2133 700 2189 maxime
727 2132 965 2189 idoneas.
994 2133 1109 2201 Qua
1137 2133 1188 2187 id
1213 2134 1420 2188 ratione
1456 2148 1819 2204 exsequamur
1842 2147 1909 2188 ex
1932 2134 2050 2189 illo-

460 2242 582 2282 rum
614 2226 903 2291 sententia,
935 2226 1027 2296 qui
1055 2224 1280 2281 consilia
1313 2235 1367 2280 et
1403 2241 1559 2295 opem
1592 2226 1716 2281 huic
1742 2226 1891 2296 operi
1917 2242 2051 2282 con-

465 2318 722 2383 tulerunt,
765 2320 1017 2390 expedite
1056 2317 1318 2390 intelliget
1357 2316 1554 2373 Lector
1585 2334 1652 2374 ex
1679 2318 1763 2373 his
1810 2332 1929 2388 qua:
1968 2332 2053 2373 se—

463 2418 703 2480 quuntur

531 2504 587 2558 2.
619 2504 679 2559 ln
720 2503 1038 2575 prtel‘atione
1082 2500 1278 2573 prioris
1326 2500 1475 2565 tomi,
1517 2516 1744 2558 numero
1782 2502 1870 2569 Η,
1923 2516 2052 2572 per-

460 2594 748 2664 pendimus
773 2609 896 2648 cum
919 2590 1307 2648 Schelestratio
1331 2590 1525 2661 saepius
1555 2591 1792 2657 laudato,
1824 2590 2053 2663 primam

465 2691 742 2739 texturam
776 2683 921 2738 Libri
973 2680 1318 2751 Pontiﬁcalis,
1355 2696 1451 2737 seu
1491 2679 1756 2749 Vitarum,
1787 2683 2057 2739 Anastasii

2153 1484 2591 1549 ﬁrmamentum,
2631 1483 2771 1553 quod
2800 1482 2902 1537 sibi
2933 1483 3160 1538 invicem
3188 1489 3449 1551 praestant
3479 1480 3598 1535 hinc
3621 1493 3740 1536 mo-

2151 1589 2430 1645 numenta,
2466 1595 2530 1635 ac
2557 1576 2867 1634 testimonia
2900 1576 3253 1631 ecclesiarum
3299 1582 3354 1629 et
3390 1572 3742 1629 bibliotheca-

2152 1689 2292 1738 rum,
2330 1675 2442 1729 suis
2478 1673 2531 1727 in
2562 1672 2787 1743 picturis
2822 1682 2878 1727 et
2899 1671 3205 1729 Codicibus.

2222 1766 2308 1820 lll.
2342 1764 2499 1821 Num.
2552 1764 2640 1830 5|,
2671 1780 2794 1837 pag.
2843 1764 2947 1819 644
2977 1782 2990 1817 :
3023 1762 3308 1835 Catalogus
3350 1762 3664 1834 pontiﬁcum
3692 1771 3742 1819 et

2152 1856 2477 1911 decretorum
2506 1856 2571 1910 ab
2608 1856 2682 1910 eis
2704 1856 2964 1910 editorum
2992 1871 3058 1910 ea:
3082 1864 3445 1909 sexcentarum
3481 1870 3744 1909 annorum

2151 1949 2329 2003 codice
2362 1948 2466 2002 658
2503 1945 2759 2002 Vaticano
2804 1957 2925 2002 ante
2970 1946 3202 2002 Anselmi
3227 1944 3478 2001 Lucensis
3511 1944 3741 2016 episcopi

2153 2040 2438 2095 decretum.

2231 2130 2537 2188 Observare
2565 2131 2653 2188 hic
2674 2140 2839 2188 etiam
2864 2140 3104 2205 praestat,
3134 2133 3332 2189 seriem
3358 2148 3423 2190 ac
3443 2131 3748 2189 successio-

2155 2240 2277 2281 nem
2310 2225 2622 2295 pontiﬁcum
2651 2225 3043 2292 Romanorum,
3080 2240 3379 2296 eorumque
3407 2224 3554 2280 sedis
3583 2224 3745 2279 chro-

2156 2320 2400 2373 notaxim
2429 2320 2564 2373 tanti
2589 2333 2809 2390 semper
2840 2319 3083 2374 habitam
3116 2319 3167 2373 in
3199 2318 3442 2373 Ecclesia
3475 2316 3667 2381 fuisse,
3689 2321 3749 2370 ut

2159 2416 2270 2464 tum
2294 2419 2504 2465 veteres
2523 2408 2730 2476 Patres,
2754 2410 2987 2466 Irenaaus
3007 2411 3234 2475 scilicet,
3255 2409 3454 2479 aliique
3477 2408 3546 2463 ad
3567 2407 3751 2479 priora

2157 2505 2357 2561 Christi
2406 2504 2600 2561 smcula
2642 2506 2998 2574 pertinentes,
3045 2505 3098 2559 in
3137 2512 3271 2559 testu
3310 2503 3753 2573 persecutionum

2157 2597 2406 2652 eamdem
2450 2606 2728 2664 attexant;
2784 2606 2897 2652 tum
2949 2597 3341 2665 subsequentes
3369 2603 3584 2659 aetates
3628 2599 3753 2663 post

2160 2698 2425 2747 assertum
2458 2689 2762 2745 libertatem
2794 2689 2960 2745 divini
2992 2688 3170 2744 cultus
3191 2688 3436 2743 eamdem
3458 2686 3755 2756 explicent,

467 2793 654 2832 nomen
688 2776 1101 2847 prazferentium,
1136 2774 1323 2831 deberi
1350 2773 1594 2846 Antiquis
1634 2775 1905 2847 Catalogis
1952 2776 2061 2831 Ro-
2088 2793 2136 2854 Β
2162 2799 2270 2839 non
2307 2784 2466 2839 modo
2489 2784 2546 2840 in
2585 2783 2823 2838 basilicis
2854 2782 3137 2847 Romanis,
3165 2781 3261 2837 sed
3299 2780 3546 2837 etiamin
3574 2780 3751 2851 pluri-

466 2883 745 2921 manorum
771 2865 1098 2937 pontiﬁcum,
1123 2865 1425 2936 praesertim
1452 2881 1580 2921 vero
1611 2868 1956 2921 vetustissimo
1976 2866 2055 2921 illi

466 2957 562 3011 sub
596 2955 803 3012 Liberio
828 2974 965 3027 papa
994 2955 1230 3022 collecto,
1253 2972 1414 3027 quem
1447 2957 1770 3021 illciJ‘CO‘uli.
1789 2959 1961 3018 basim
1992 2974 2057 3016 ac
2133 2964 2152 2980 ‘

469 3048 903 3120 fundamentum,
957 3057 1053 3109 ant
1109 3060 1258 3112 (ω’ιο
1302 3050 1524 3113 initium
1582 3072 1645 3113 ac
1690 3057 2056 3111 rudimentum

470 3141 724 3200 Historia:
768 3144 1100 3203 Pontiﬁcalis
1125 3148 1455 3220 prtemittere
1484 3148 1853 3205 necessarium
1896 3147 2057 3202 duxi-

472 3250 612 3290 mus.
639 3233 857 3292 Primus
884 3237 1054 3292 edidit
1079 3238 1151 3293 P:
1173 3238 1424 3309 Egidius
1453 3238 1755 3295 Bucberius
1776 3240 1829 3293 in
1858 3238 2059 3294 celebri

469 3342 635 3398 opere
655 3329 721 3386 de
737 3328 909 3402 Cyclo
929 3330 1177 3398 Pascha“
1204 3330 1427 3389 Victorii
1460 3351 1474 3389 :
1507 3349 1537 3388 a
1566 3348 1673 3404 quo
1699 3334 1806 3388 crit
1838 3334 2054 3404 integer

473 3422 877 3481 describendus.

544 3512 598 3567 5.
631 3514 871 3588 Catalogi
901 3520 1065 3573 etiam
1092 3517 1399 3590 complures
1423 3535 1452 3574 a
1501 3518 1890 3575 Schetestratio
1930 3518 2060 3575 alie-

473 3614 672 3662 ruutur
703 3625 716 3661 :
750 3623 977 3677 quorum
998 3611 1407 3680 przestantiores
1450 3612 1776 3682 antiquitate
1812 3611 2060 3667 codicum

475 3694 715 3769 integros
738 3698 867 3753 dare
889 3702 1178 3757 constituo.
1212 3701 1350 3756 Sunt
1383 3709 1568 3758 autem
1603 3702 1659 3769 ii,
1692 3703 1784 3773 qui
1826 3717 2063 3771 sequun-

477 3794 582 3849 tur,
614 3787 667 3841 in
702 3788 994 3859 Appendicc
1019 3792 1086 3844 ad
1119 3790 1262 3862 Opus
1286 3791 1721 3865 Chronologicum
1751 3796 1819 3849 ab
1846 3809 1911 3849 eo
1937 3809 2063 3865 pro-

476 3874 649 3943 ducti,
679 3893 872 3949 nempe
903 3894 918 3934 :

546 3967 589 4021 l.
616 3966 776 4023 Num.
802 3969 897 4038 22,
941 3985 1062 4045 pag.
1117 3971 1241 4029 6H.
1280 3970 1377 4031 Ec
1404 3978 1618 4049 antiquo
1649 3978 2063 4050 octingentorum

476 4062 750 4132 sexaginta
797 4066 1023 4137 quinque
1063 4085 1322 4124 annorum
1362 4068 1553 4127 Codice
1593 4089 1687 4127 ms.
1741 4072 2063 4126 bibliothecae

2160 2876 2261 2932 bus
2286 2874 2457 2931 Roma
2488 2875 2714 2932 dissitis.
2749 2875 2891 2931 Duas
2919 2874 3027 2929 vidi
3051 2874 3103 2929 in
3135 2874 3355 2930 Etruria
3398 2874 3471 2928 ita
3506 2881 3757 2937 ornatas,

2162 2969 2638 3039 metropolitanam
2668 2967 2878 3024 scilicet
2918 2967 3204 3023 ecclesiam
3256 2966 3547 3032 Senarum,
3577 2974 3635 3021 et
3667 2981 3758 3020 ve-

2162 3069 2364 3117 tustam
2404 3061 2594 3125 aedem,
2647 3059 2821 3115 sancti
2871 3058 3020 3114 Petri
3061 3057 3279 3115 nomine
3328 3056 3438 3113 Deo
3492 3057 3760 3122 dicatam,

2162 3155 2414 3211 dioecesis
2449 3153 2679 3219 Pisanae,
2705 3167 2869 3223 quam
2895 3160 3093 3207 vocant
3118 3150 3176 3206 S.
3204 3149 3350 3205 Petri
3374 3150 3427 3203 in
3458 3148 3630 3205 Vado.

2241 3248 2298 3302 4.
2330 3245 2603 3311 Catalogis
2632 3246 2921 3317 praecipuis
2962 3260 2994 3300 a
3034 3242 3422 3301 Schelestratio
3457 3240 3621 3296 editis
3663 3237 3763 3295 ad-

2164 3340 2323 3396 dendi
2357 3348 2484 3394 sunt
2504 3338 2594 3393 alii
2624 3347 2765 3393 notae
2792 3353 2902 3394 non
2948 3336 3354 3407 posthabendm,
3384 3334 3492 3388 duo
3537 3345 3764 3403 praeser.

2162 3430 2260 3486 tim
2286 3446 2315 3483 a
2345 3426 2411 3481 Β.
2443 3427 2506 3481 Ρ.
2534 3425 2691 3482 Joan.
2716 3426 3029 3482 Mabillonio
3048 3425 3292 3496 producti
3308 3440 3375 3479 ex
3400 3422 3758 3495 autograpbis

2164 3519 2509 3575 bibliothecae
2558 3517 2877 3572 monasterii
2924 3515 3271 3572 Corbeiensis
3318 3523 3463 3570 tomo
3506 3514 3572 3567 ιιι
3616 3514 3764 3568 Ana-

2166 3610 2453 3675 lectorum,
2485 3624 2610 3680 pag.
2636 3608 2772 3674 426,
2803 3623 3033 3678 quorum
3060 3608 3211 3679 prior
3237 3605 3435 3662 desinit
3457 3605 3511 3660 in
3541 3603 3759 3677 Vigilio,

2167 3709 2225 3757 et
2244 3700 2311 3754 ad
2344 3700 2497 3756 istius
2522 3699 2792 3770 poutilicis
2815 3707 3028 3755 aetatem
3054 3697 3335 3769 Scriptura
3360 3697 3598 3754 refertur
3617 3699 3764 3754 circa

2170 3793 2410 3850 medium
2441 3792 2620 3848 saeculi
2648 3792 2786 3848 sexti
2814 3806 2936 3847 sem
2965 3790 3325 3859 Christianae;
3361 3790 3500 3846 alter
3533 3806 3667 3847 vero
3695 3789 3762 3845 ad

2172 3888 2336 3944 ﬁnem
2359 3887 2573 3956 septimi
2616 3885 2714 3941 sub
2741 3885 2983 3950 Conone,
3008 3893 3062 3941 et
3088 3884 3157 3939 ad
3208 3885 3419 3939 initium
3453 3884 3634 3941 octavi
3666 3900 3767 3940 sa:-

2172 3983 2280 4039 culi
2321 3984 2419 4038 sub
2446 3980 2635 4053 Sergio
2665 3980 2708 4034 ll
2736 3989 2789 4035 et
2816 3979 3023 4036 Joanne
3050 3979 3117 4035 Vl
3164 3987 3378 4035 aetatem
3428 3981 3765 4050 comprobat,

2174 4074 2439 4143 mqualem
2470 4073 2848 4142 antiquissimo
2876 4073 2949 4127 illi
2978 4072 3273 4144 exemplari
3299 4072 3509 4128 Codicis
3540 4070 3767 4142 Pontiﬁ-

478 4146 1028 4213 Palatino-Vaticana:
1057 4158 1342 4233 Catalogus
1378 4161 1739 4218 Romanorum
1763 4165 2065 4234 pontiﬁcum
2096 4159 2143 4221 C
2178 4168 2309 4222 culis
2338 4165 2680 4230 Farnesiuni,
2713 4166 2875 4221 toties
2905 4164 3283 4221 commendato
3312 4181 3341 4219 a
3373 4165 3516 4220 Luca
3552 4162 3768 4220 Holste-

478 4245 574 4300 sub
598 4247 696 4300 hoc
714 4249 869 4302 titulo
893 4263 913 4302 :
946 4250 1327 4321 Episcoporum
1357 4250 1608 4309 Romana:
1647 4254 1792 4307 urbis
1827 4255 2062 4308 nomina.

550 4336 615 4391 ll.
644 4336 802 4393 Num.
846 4338 938 4406 27,
975 4355 1097 4411 pag.
1145 4342 1270 4408 626,
1306 4358 1373 4396 ea:
1419 4360 1519 4398 ms.
1574 4343 1765 4398 Codice
1814 4340 2068 4398 Vaticano

484 4427 643 4496 1555,
689 4432 781 4502 qui
821 4432 1109 4504 descriptus
1148 4444 1224 4488 est
1276 4435 1370 4490 sub
1413 4433 1587 4490 Paulo
1630 4434 1717 4502 11,
1761 4452 1825 4490 ea:
1873 4446 2069 4491 vetusto

486 4514 676 4574 Codice
704 4519 809 4575 800
829 4538 1090 4576 annorum
1118 4522 1350 4578 ecclesia:
1383 4522 1772 4596 Pergamensis.

555 4611 711 4669 Hunc
758 4629 886 4670 vero
936 4613 1283 4688 Catalogum,
1346 4617 1697 4687 spectabilem
1751 4617 2074 4688 antiquitate

487 4706 690 4764 codicis
716 4709 859 4764 unde
896 4709 1254 4779 transcriptus
1289 4716 1393 4775 est,
1445 4707 1621 4764 reddit
1651 4710 2074 4766 commendatio-

491 4812 606 4855 rem
638 4799 779 4855 ratio
807 4800 1189 4872 chronologim,
1238 4801 1576 4871 respondens
1619 4804 1858 4858 numeris
1898 4816 2075 4856 anno-

488 4902 632 4956 rum,
665 4889 931 4946 meusium
968 4906 1033 4947 ac
1069 4891 1279 4947 dierum
1311 4893 1472 4958 sedis,
1507 4894 1794 4965 unicuique
1833 4893 2076 4966 pontiﬁci

492 4981 711 5038 tributis
736 4982 791 5036 in
820 4991 1030 5039 vetusta
1060 4984 1294 5055 pictura,
1324 5000 1445 5055 qua:
1474 4997 1721 5055 superest
1761 4988 1815 5041 in
1856 4986 2078 5057 parieti-

490 5073 592 5129 bus
616 5073 861 5130 Basilicte
882 5074 941 5131 S.
967 5074 1119 5131 Pauli
1151 5074 1252 5131 Via
1289 5074 1546 5143 Ostiensi,
1585 5067 1763 5134 aetatis
1798 5095 1904 5133 non
1936 5077 2078 5133 infe-

491 5164 654 5220 rioris
672 5164 931 5238 Catalogo
948 5177 1252 5224 memorato
1274 5183 1539 5225 annorum
1559 5169 1686 5236 800,
1714 5169 1984 5239 descripto
2010 5184 2081 5223 ex

491 5262 681 5321 codice
700 5263 943 5319 ecclesiae
972 5263 1369 5334 Pergamensis,
1407 5265 1635 5322 fortasse
1674 5266 1837 5321 etiam
1860 5262 2083 5333 aequalis

494 5353 646 5412 oneri
682 5354 911 5412 musivo.
943 5372 973 5412 a
1004 5357 1062 5412 S.
1106 5357 1291 5412 Leone
1318 5359 1510 5412 Manno
1538 5358 1591 5412 in
1634 5358 1824 5412 eadem
1854 5353 2083 5410 basilica

2176 4262 2269 4316 nio
2302 4267 2356 4315 et
2407 4276 2438 4313 a
2490 4258 2921 4315 Sebelestratio:
2965 4259 3119 4327 cujus
3158 4267 3440 4329 propterea
3492 4258 3769 4328 specimen

2178 4352 2465 4419 exhibebo,
2503 4360 2556 4407 ut
2582 4350 2817 4407 conferri
2851 4351 3021 4422 possit
3057 4366 3177 4405 cum
3208 4349 3505 4420 specimine
3547 4348 3765 4404 secundi

2188 4447 2336 4502 illius
2362 4444 2590 4513 catalogi
2616 4443 2925 4509 Corbeiaui,
2959 4444 3177 4515 vulgato
3200 4458 3297 4513 per
3326 4440 3693 4496 Mabillouium
3718 4440 3767 4492 in

2180 4537 2377 4595 librov
2405 4539 2470 4594 de
2509 4536 2587 4592 Re
2629 4536 3011 4606 Diplomatica,
3056 4535 3251 4590 tabella
3298 4550 3418 4600 vm,
3470 4548 3592 4604 pag.
3645 4530 3766 4587 559.

2184 4627 2371 4685 Visum
2417 4638 2501 4684 est
2529 4629 2660 4683 mihi
2693 4629 2799 4683 duo
2856 4629 2971 4683 lucc
3019 4626 3316 4698 specimina
3373 4640 3495 4681 esse
3544 4622 3769 4695 conjun-

2186 4724 2384 4795 genda,
2412 4731 2470 4776 ut
2495 4721 2801 4777 evidentius
2822 4720 3041 4790 agnosci
3071 4719 3243 4791 possit
3271 4718 3563 4789 antiquitas
3603 4721 3770 4775 t‘erme

2182 4823 2285 4881 par
2313 4810 2525 4864 illorum
2548 4809 2820 4875 codicum,
2853 4808 3077 4878 probata
3105 4822 3204 4877 per
3232 4806 3380 4862 viros
3410 4805 3767 4871 clarissimos,

2184 4903 2320 4959 etin
2351 4918 2413 4957 ea
2448 4902 2704 4956 facultate
2728 4901 2944 4972 judices
2972 4899 3206 4955 rnaxime
3246 4899 3468 4956 idoneos
3535 4896 3766 4954 Mabillo-

2184 4994 2336 5048 nium
2367 5001 2421 5047 et
2446 4990 2914 5048 Schclestratium.

2259 5084 2313 5139 5.
2342 5083 2608 5139 Succedet
2638 5082 2882 5153 praesulis
2926 5082 3082 5138 istius
3125 5080 3435 5138 dissertatio
3480 5081 3691 5153 integra
3712 5081 3770 5136 de

2188 5175 2431 5246 Antiquis
2494 5174 2847 5229 Romanorum
2900 5172 3219 5242 Pontiﬁcum
3266 5171 3556 5243 Cutalogis,
3615 5186 3769 5244 quam

2189 5266 2548 5336 promiseram
2604 5265 2658 5319 in
2706 5264 3023 5335 pmfatione
3071 5264 3265 5334 prioris
3317 5262 3468 5327 torni,
3519 5280 3671 5319 num.
3718 5263 3768 5328 2,

2187 5356 2395 5412 editum
2426 5355 2494 5408 iri
2520 5363 2646 5409 ante
2670 5363 2825 5410 notas
2846 5355 3122 5409 variorum
3149 5354 3217 5409 ad
3246 5368 3381 5412 onus
3407 5352 3767 5412 Anastasium.
