3996 5412
150 383 256 458 tos

1389 405 1760 462 PREFATIO
1797 406 1886 460 AD
1929 403 2093 460 T01“.
2136 405 2198 459 ll.

3305 404 3328 456 Ι
3337 403 3407 458 96

145 532 389 574 attexere
444 520 510 573 de
571 521 809 590 Antiquis
868 519 1132 590 Calnlogis
1181 520 1480 588 pontiﬁcum
1540 519 1728 571 Roma-
1762 525 1804 580 Α
1837 518 1886 570 ἰη
1934 533 2095 569 ιιιιιιηι
2129 515 2367 570 codicem
2405 531 2527 569 cum
2567 508 2927 568 vetustissima
2964 513 3278 570 collectione
3317 514 3406 570 lno

143 628 354 663 norum.

214 700 369 753 Licet
403 700 550 754 enim
583 700 831 752 laudatus
856 700 1050 769 pra‘sul
1090 708 1166 752 tot
1194 699 1450 767 pratclara
1500 700 1733 751 conscri-

143 791 310 857 pserit
340 791 409 843 de
443 791 545 844 hoc
571 799 890 861 argumento
915 790 966 842 in
999 801 1291 842 menmrata
1327 791 1730 850 dissertatione,

143 891 201 933 ut
225 897 462 933 messem
493 883 714 935 uberem
751 881 964 935 selectae
1001 881 1321 933 eruditionis
1357 880 1596 932 attulerit
1632 880 1733 932 sin-

144 970 281 1037 gulis
331 969 507 1024 ferme
561 971 614 1024 in
660 971 948 1041 capitibus,
981 979 1218 1024 attamen
1253 971 1526 1040 spicilegia
1579 971 1734 1024 nobis

144 1059 366 1126 reliquit
417 1075 526 1114 non
572 1063 982 1124 contemnenda,
1041 1062 1339 1131 praesertim
1391 1077 1512 1113 cum
1566 1062 1732 1128 ipsius

144 1149 453 1217 disquisitio
487 1159 733 1203 versetur
758 1152 1022 1220 prmcipue
1069 1151 1210 1203 circa
1246 1150 1377 1203 duos
1421 1150 1729 1216 Catalogos,

145 1239 232 1306 qui
263 1240 466 1293 merito
500 1241 772 1293 habentur
817 1242 1073 1307 potiores,
1107 1241 1336 1309 primum
1378 1242 1476 1294 sub
1519 1240 1733 1294 Liherio

144 1329 454 1389 collectum,
485 1330 718 1383 alterum
759 1331 858 1383 sub
889 1330 1102 1397 Vigilio,
1142 1338 1432 1398 utrumque
1459 1339 1730 1382 servatum

146 1419 421 1471 veteribus
452 1421 506 1472 in
535 1421 900 1484 membranis;
936 1421 1111 1473 obiter
1143 1436 1272 1472 vero
1311 1420 1549 1487 attigerit
1598 1420 1732 1473 alios

146 1507 458 1576 Catalogos,
485 1518 545 1560 et
574 1511 660 1562 vix
694 1510 1008 1564 indicaverit
1037 1510 1316 1563 historiam
1363 1518 1416 1563 et
1442 1509 1731 1563 chronolo-

146 1599 284 1664 giam
317 1598 560 1661 illorum,
594 1599 683 1666 qui
710 1599 1162 1668 patriarchalibus
1186 1600 1235 1651 in
1279 1599 1518 1652 basilicis
1547 1598 1729 1661 Urbis,

146 1686 524 1749 Lateranensi,
561 1689 840 1751 Vaticana,
873 1698 928 1743 et
973 1688 1031 1743 S.
1063 1689 1209 1743 Pauli
1258 1690 1342 1742 via
1374 1690 1605 1743 Ostiensi
1642 1689 1733 1742 de-

148 1778 269 1846 picti
317 1779 622 1846 antiquitus
667 1780 981 1833 visebantur
1018 1799 1031 1832 :
1066 1795 1296 1848 quarum
1354 1780 1405 1833 in
1457 1787 1730 1847 postrema

1840 608 2187 676 scriptionum
2219 606 2600 669 Romanarum,
2627 606 2680 658 in
2707 604 2850 658 Urbe
2877 605 3264 672 descriptarum
3295 613 3408 659 tum

1837 718 1899 754 ex
1929 701 2117 763 sacris,
2153 710 2260 752 tum
2301 715 2367 752 ex
2403 698 2639 766 profanis
2664 697 2903 751 (l3dlflCliS
2934 716 2946 749 :
2980 706 3032 750 et
3063 697 3243 750 retulit
3271 697 3410 752 inter

1835 791 2090 843 Analecta
2135 790 2358 842 erudita:
2401 788 2746 855 Antiquitatis
2783 784 3036 849 tomolV,
3078 803 3131 856 p.
3170 785 3293 840 506.
3333 785 3411 840 Eo

1836 879 2104 933 lubentius
2129 895 2313 932 curam
2340 879 2573 947 suscipio
2600 893 2747 931 novze
2773 878 3024 930 editionis
3054 877 3230 931 brevis
3259 877 3412 931 istius

1835 971 2074 1038 opusculi
2107 971 2446 1032 adornandaa,
2483 969 2624 1037 quod
2653 969 2861 1022 videam
2892 983 3012 1021 esse
3047 970 3411 1023 necessarium

1835 1062 2072 1128 ejusdem
2111 1070 2292 1130 partes
2323 1077 2352 1113 a
2398 1062 2599 1115 codicis
2662 1061 2805 1113 illius
2845 1069 3184 1128 compactore
3215 1061 3412 1114 distra-

1835 1161 1950 1205 clas
1982 1153 2208 1205 invicem
2237 1167 2299 1205 ac
2329 1151 2586 1214 divulsas,
2621 1160 2675 1204 et
2704 1151 2879 1204 alieno
2914 1151 3032 1204 loco
3066 1151 3302 1205 redditas
3332 1150 3414 1220 (ut

1835 1242 2001 1310 liquet
2031 1258 2095 1294 ex
2125 1243 2304 1294 verbis
2335 1242 2658 1303 dimidiatis,
2691 1257 2810 1312 quae
2853 1243 3234 1310 respondentes
3270 1242 3411 1294 inte-

1835 1347 1942 1399 grae
1994 1332 2212 1384 dictioni
2261 1331 2465 1385 litteras
2505 1331 2751 1385 obtinent
2798 1331 2851 1385 in
2900 1331 3108 1401 paginis
3152 1331 3411 1400 proximis

1836 1419 2272 1486 Mahillonianis),
2302 1420 2492 1472 iterum
2526 1430 2742 1474 nectere
2768 1428 2821 1473 et
2851 1420 3214 1474 inarticulare.

1905 1509 2145 1561 Alterum
2175 1509 2487 1576 opusculum
2515 1509 2751 1576 ejusdem
2783 1510 2952 1564 ferme
2985 1510 3284 1580 argumenti
3317 1523 3409 1578 pe-

1835 1599 2051 1651 tendum
2091 1608 2173 1650 est
2219 1614 2284 1651 ex
2333 1598 2566 1652 Historia
2615 1601 2787 1668 gentis
2834 1600 3126 1670 Anglorum
3157 1599 3416 1655 Willelmi

1835 1689 2086 1743 monachi
2137 1688 2668 1754 Malmesmuriensis,
2711 1692 2955 1746 ducentis
3000 1693 3215 1746 circiter
3258 1691 3417 1748 annis

1834 1781 2124 1835 recentiori
2163 1799 2175 1833 :
2216 1781 2304 1834 ubi
2352 1783 2585 1851 scriptor
2629 1785 2728 1837 iste
2779 1787 3079 1849 recensuit,
3132 1785 3418 1840 occasione

146 1868 308 1920 etiam
339 1879 592 1936 superest
623 1868 981 1938 fragmentum
1025 1871 1156 1924 satis
1188 1871 1533 1939 conspicuum
1561 1887 1590 1923 a
1640 1869 1736 1922 Fa-
1767 1867 1809 1926 Β
1839 1887 2008 1925 sacra:
2057 1872 2414 1940 expeditionis
2462 1883 2721 1942 suscepta:
2763 1889 2792 1926 a
2839 1889 2997 1928 cruce
3045 1875 3269 1944 signatis
3317 1876 3416 1929 sub

148 1958 303 2011 biano
359 1959 426 2012 ad
479 1960 853 2015 Innocentium
897 1961 1012 2028 ejus
1048 1963 1280 2015 nominis
1311 1962 1563 2031 primum.
1604 1961 1734 2016 Mihi

145 2063 272 2102 vero
301 2049 700 2104 hisimmorari
733 2067 913 2120 Opera:
961 2051 1192 2120 pretium
1244 2053 1419 2105 visum
1465 2061 1579 2116 est;
1609 2067 1733 2105 cum

145 2139 210 2192 ab
233 2137 484 2193 Ecclesia
512 2139 756 2194 Romana
778 2142 1064 2195 videantur
1101 2143 1360 2211 propositi
1389 2141 1597 2210 publice
1629 2157 1734 2195 non

144 2228 257 2282 sine
290 2229 616 2297 pontificum
649 2232 1000 2296 auctoritate;
1035 2232 1169 2286 adeo
1215 2239 1270 2284 ut
1299 2232 1482 2284 mirari
1525 2232 1735 2286 contin-

146 2326 255 2386 gat,
288 2333 321 2369 a
354 2320 598 2384 nemine,
629 2321 772 2389 quod
795 2321 984 2385 sciam,
1013 2336 1080 2375 ex
1126 2321 1486 2389 scriptoribus
1517 2321 1734 2375 institu-

147 2415 251 2458 tam
273 2406 497 2460 illorum
522 2410 980 2477 comparationem
997 2426 1119 2464 cum
1143 2410 1352 2464 caeteris
1373 2411 1734 2464 remotissima

144 2497 208 2551 ab
243 2507 412 2551 :etate
441 2499 680 2567 scriptis.
708 2499 1101 2568 Perjucundum
1130 2511 1278 2553 certe
1313 2500 1550 2554 futurum
1583 2502 1735 2554 arbi-

146 2596 255 2642 tror
279 2590 606 2652 observare,
639 2590 953 2659 Catalogum
985 2592 1036 2644 in
1073 2591 1302 2645 basilica
1352 2590 1408 2646 S.
1458 2593 1607 2646 Pauli
1645 2608 1735 2646 su-

145 2682 427 2749 perstitem
460 2681 662 2736 indicia
686 2684 861 2736 :etatis
892 2684 1177 2737 ostendere
1221 2684 1303 2737 vel
1331 2685 1501 2737 sancti
1539 2683 1736 2737 Leonis

145 2770 345 2841 Magni,
383 2774 466 2826 vel
516 2774 586 2827 ab
637 2773 753 2842 ejus
787 2775 983 2829 szeculo
1022 2790 1126 2828 non
1175 2774 1464 2828 admodum
1495 2775 1730 2838 dissitze;

145 2864 474 2930 eosdemque
502 2878 760 2916 numeros
793 2879 1079 2928 annorum,
1113 2864 1380 2917 mensium
1425 2879 1486 2917 ac
1522 2864 1733 2917 dierum

149 2951 344 3005 intueri
382 2953 582 3005 ibidem
611 2954 910 3020 assignatos
947 2953 1293 3021 pontificibus
1326 2953 1604 3016 Romanis,
1641 2955 1731 3021 qui

148 3040 399 3109 leguntur
424 3042 478 3095 in
508 3043 698 3097 codice
729 3044 1164 3112 octingentorum
1201 3058 1465 3096 annorum
1493 3043 1733 3098 ecclesize

149 3129 529 3200 Pergamensis
574 3147 737 3200 supra
796 3143 1095 3187 memorato
1126 3149 1275 3186 num.
1319 3133 1370 3197 5,
1404 3134 1466 3199 ll,
1502 3135 1731 3204 aliisque

147 3222 289 3288 paris
320 3199 666 3291 antiquitatis
707 3221 842 3276 infra
872 3225 1203 3292 exponendis
1227 3226 1278 3278 in
1305 3234 1486 3278 nostra
1531 3227 1734 3279 Disser-
1761 3199 1805 3257 Ο

149 3311 352 3362 talione
383 3325 530 3362 num.
567 3310 654 3372 12,
682 3325 802 3379 quae
832 3328 935 3365 non
962 3311 1099 3365 duos
1132 3320 1337 3365 tantum
1371 3314 1606 3381 potiores
1634 3314 1735 3368 Ca-

147 3397 378 3467 talogos,
421 3399 516 3452 sed
555 3399 794 3468 reliquos
841 3402 1002 3454 etiam
1029 3402 1354 3465 considerat,
1385 3403 1732 3474 pluriumqnc

145 3491 611 3559 comparationem
644 3493 898 3555 instituit,
930 3501 984 3545 et
1013 3509 1226 3557 causas,
1258 3494 1311 3546 ni
1348 3492 1523 3558 fallor,
1557 3496 1734 3563 aperit

145 3577 255 3647 ejus
327 3579 663 3634 diversitatis
725 3597 845 3649 qua:
924 3583 976 3635 in
1037 3583 1277 3636 numeris
1337 3584 1734 3654 chronologicis

146 3670 414 3722 occurrit.

211 3764 266 3816 7.
311 3761 410 3816 His
438 3762 599 3816 veluti
631 3760 1021 3832 Prolegomenis
1052 3763 1312 3818 Natarum
1343 3766 1518 3819 conati
1551 3781 1735 3819 sumus

147 3853 346 3906 addere
390 3854 748 3917 mantissam,
787 3854 1035 3906 nonnulla
1075 3855 1282 3909 scilicet
1311 3856 1584 3924 opuscula,
1626 3857 1737 3924 ple-

149 3944 331 4014 risque
375 3944 514 3997 Vitis
561 3944 888 3998 illustrandis
933 3955 1260 4013 Opportuna,
1308 3955 1360 3998 et
1405 3961 1510 3998 non
1559 3946 1736 3999 minus

148 4034 444 4095 brevitate,
488 4050 648 4102 quam
680 4034 1030 4102 antiquitate,
1073 4035 1398 4104 spectanda,
1429 4050 1550 4088 cum
1591 4035 1640 4087 in
1672 4050 1734 4088 ea

149 4124 372 4195 digitum
423 4124 706 4178 intendere
756 4125 949 4192 sarpius
994 4125 1284 4177 debeamus
1330 4125 1394 4176 ad
1443 4123 1735 4192 colligenda

149 4213 471 4265 documenta
507 4228 688 4265 rerum
716 4208 768 4265 in
807 4211 936 4265 Vitis
974 4221 1410 4265 Inetnoratarum.

215 4302 462 4354 Primum
486 4303 802 4372 cpnsculum
829 4304 929 4356 hoc
951 4319 1141 4356 nomen
1170 4302 1387 4372 praefert
1411 4321 1422 4354 :
1451 4303 1737 4369 Descriptio

153 4394 418 4459 regionum
468 4389 646 4444 Urbis.
696 4393 790 4446 Est
839 4403 1014 4446 autem
1062 4393 1303 4446 recensio
1349 4394 1736 4462 prtecipuorum

151 4477 387 4534 locorum
436 4482 906 4544 memorabilium,
945 4483 1131 4535 dextra
1175 4481 1411 4549 laevaque
1451 4498 1737 4535 occurren-

152 4574 311 4638 tium,
347 4584 462 4628 tum
496 4575 635 4626 intra
669 4588 850 4626 muros
891 4573 1036 4626 urbis
1063 4573 1274 4636 Roma),
1310 4582 1421 4625 tum
1454 4573 1503 4625 in
1535 4572 1730 4625 subur-

149 4665 322 4728 banis,
358 4665 518 4733 juxta
559 4665 779 4718 ductum
815 4664 1053 4727 viarum,
1090 4663 1505 4732 quas-opusculi
1547 4671 1733 4716 auctor

149 4756 213 4807 ad
241 4757 415 4808 instar
447 4755 614 4807 brevis
643 4753 936 4816 Itinerarii,
967 4770 1057 4807 seu
1087 4753 1488 4823 Topographicw
1519 4753 1732 4806 Tabula:

149 4844 340 4898 litteris
371 4844 774 4897 commendavit
799 4857 940 4896 nono
968 4843 1164 4897 Christi
1208 4843 1402 4897 saeculo
1431 4843 1573 4897 circa
1604 4853 1733 4896 aeta-

152 4944 254 4986 tem
280 4934 462 4987 Caroli
486 4933 657 4988 Calvi.
688 4933 816 4986 lnde
843 4933 983 4985 enim
1005 4934 1178 5002 colligi
1210 4941 1386 5002 potest
1417 4932 1562 4987 locus
1586 4948 1733 4986 com-

150 5027 380 5092 plurium
435 5026 630 5080 :edium
683 5039 997 5084 sacrarum,
1041 5040 1246 5078 necnon
1296 5023 1732 5077 cmmcteriorum

152 5125 455 5167 sanctorum
496 5125 800 5186 martyrum
823 5152 837 5172 ,
885 5119 994 5164 tum
1029 5116 1183 5166 etiam
1229 5113 1632 5167 nomenclatura
1668 5128 1730 5164 ac

151 5204 423 5272 dispositio
454 5205 747 5258 illustrium
782 5199 946 5254 Urbis
974 5211 1410 5255 ornamentorum
1443 5219 1454 5254 :
1486 5217 1606 5270 quze
1632 5215 1728 5268 per

151 5307 270 5324 aII-In
308 5306 502 5324 nxlnllsn.
536 5295 785 5324 .ul\lhl‘llﬂll
829 5290 1135 5324 'ﬂhnr-InInln
1388 5303 1562 5324 ΛΙΙΙΔΙῠὶ
1595 5307 1720 5324 ηησιη

1841 1960 2055 2015 Urbano
2081 1961 2122 2013 ll
2149 1961 2213 2012 ad
2240 1976 2439 2013 annum
2466 1961 2665 2016 Christi
2698 1961 2852 2024 l096,
2885 1966 3196 2017 caameteria
3227 1964 3419 2019 subur-

1840 2048 1974 2101 bana
2013 2058 2322 2102 sanctorum
2369 2058 2690 2119 martyrum,
2726 2051 2880 2120 juxta
2927 2068 3206 2106 numerum
3238 2069 3302 2108 ac
3334 2067 3419 2109 se-

1839 2139 1971 2191 riem
2002 2149 2278 2206 portarum
2316 2139 2496 2204 Urbis,
2541 2155 2604 2194 ac
2643 2142 2850 2195 viarum
2891 2144 3278 2212 przecipuarum
3322 2158 3424 2200 suo

1837 2229 2024 2283 ordine
2053 2230 2318 2284 recensita
2351 2249 2363 2283 :
2395 2247 2554 2299 quam
2581 2248 2777 2286 vocare
2803 2233 2927 2288 licet
2958 2232 3212 2287 Notitiam
3241 2231 3416 2289 Urbis.

1908 2317 1960 2370 8.
2001 2317 2058 2370 In
2089 2319 2300 2373 edendo
2341 2329 2567 2387 utroque
2610 2324 2864 2392 opusculo
2904 2334 3201 2380 memorato
3239 2335 3424 2382 aucto-

1840 2421 1951 2459 rem
1996 2407 2168 2460 habeo
2197 2409 2680 2462 eminentissimum
2715 2412 3030 2480 scriptorem
3051 2453 3063 2475 ,
3093 2428 3324 2481 eumque
3352 2429 3422 2469 ex

1837 2511 1990 2566 aequo
2033 2499 2388 2553 venerabilem
2436 2502 2558 2555 vita:
2609 2504 2996 2568 sanctimonia,
3044 2521 3108 2560 ac
3155 2507 3422 2561 celebrem

1838 2586 2015 2640 studio
2051 2596 2106 2640 et
2153 2587 2635 2653 lucubrationibus,
2680 2590 2876 2659 quibus
2915 2601 3124 2646 veteres
3168 2593 3420 2647 Ecclesia:

1838 2674 2004 2728 libros
2027 2683 2080 2728 et
2098 2690 2249 2728 sacra
2276 2688 2623 2731 monumenta
2647 2680 2841 2750 eximia
2866 2695 2988 2733 cum
3013 2681 3420 2737 laudeillustra-

1836 2765 1943 2829 vit,
1986 2781 2176 2835 nempe
2213 2765 2502 2835 Josephum
2549 2768 2767 2822 Mariam
2801 2769 3140 2825 Cardinalem
3181 2771 3420 2826 Thoma-

1838 2854 1994 2908 sium.
2047 2854 2144 2908 Hic
2193 2855 2245 2908 in
2291 2857 2431 2910 notis
2475 2858 2542 2910 ad
2583 2859 2832 2926 antiquos
2878 2859 3067 2913 Libros
3112 2859 3418 2924 Missarum,

1837 2946 2135 3012 praesertim
2173 2960 2303 3000 vero
2355 2948 2420 3000 ad
2471 2946 2776 3017 Capitulare
2822 2949 3234 3017 Evangeliorum
3280 2965 3422 3020 saepe

1837 3034 2082 3102 producit
2110 3036 2412 3089 testimonia
2445 3053 2509 3091 ex
2537 3047 2762 3107 utroque
2787 3039 3043 3107 opusculo
3073 3050 3368 3094 memorato
3400 3056 3416 3094 :

1840 3124 1917 3178 Ex
1947 3125 2134 3178 codice
2166 3125 2375 3179 scilicet
2415 3127 2768 3192 Einsidlensi,
2803 3129 3080 3198 complexa
3107 3131 3423 3199 descriptio-

1840 3228 1960 3266 nem
1999 3214 2273 3284 regionum
2317 3214 2494 3279 Urbis,
2535 3226 2591 3270 et
2624 3217 3006 3272 Collectionem
3053 3219 3418 3274 Romanorum

1840 3303 2276 3371 inscriptionum,
2321 3321 2460 3359 nono
2489 3307 2685 3360 Christi
2720 3309 2917 3361 s:eculo
2946 3309 2997 3362 iu
3033 3309 3174 3364 Urbe
3203 3320 3419 3379 specta-

1839 3395 2048 3459 bilium;
2090 3406 2143 3448 et
2170 3410 2233 3449 ex
2265 3396 2463 3451 Notitia
2495 3397 2674 3460 Urbis,
2708 3414 2736 3450 a
2767 3400 3035 3455 Willehno
3079 3402 3422 3456 Malmesmu-

1840 3487 2000 3538 riensi
2034 3487 2231 3541 inserta
2265 3488 2355 3541 lib.
2392 3505 2449 3542 Ill
2480 3505 2588 3542 suae
2621 3490 2869 3544 Historiae
2899 3493 3073 3561 gentis
3101 3493 3414 3562 Anglorum.

1908 3575 2020 3630 Non
2056 3578 2188 3630 levia
2222 3594 2347 3632 vero
2377 3578 2685 3646 adjumenta
2719 3583 2982 3635 censenda
3005 3592 3130 3636 sunt
3151 3585 3218 3637 ad
3240 3584 3416 3637 decla~

1838 3669 2034 3722 randas
2077 3669 2360 3737 plerasque
2404 3679 2585 3738 partes
2612 3673 2792 3738 operis
2822 3674 3162 3727 Anastasiani
3195 3689 3256 3726 ea
3299 3689 3420 3742 qua:

1836 3771 1902 3809 ex
1933 3758 2206 3825 Opusculis
2244 3759 2492 3813 indicatis
2521 3761 2950 3829 proficiscuntur.
2985 3763 3116 3817 Cum
3155 3765 3296 3817 enim
3327 3779 3418 3818 as—

1838 3847 2080 3915 signetur
2105 3847 2158 3900 in
2185 3849 2411 3918 singulis
2441 3849 2608 3905 ferme
2633 3852 2972 3920 pontificibus
2999 3869 3192 3908 nomen
3220 3867 3421 3908 cmme-

1841 3938 1959 3990 terii
1991 3953 2096 4002 quo
2129 3949 2246 3990 sunt
2285 3941 2578 4006 reconditi,
2614 3957 2679 3996 ex
2719 3943 2804 3997 his
2839 3945 3160 3998 testimoniis
3189 3945 3420 4000 addisci‘

1811 4060 1814 4062 ~
1840 4044 1958 4081 mus
1989 4029 2366 4082 iudicationem
2397 4043 2598 4085 certam
2629 4036 2938 4088 eorumdem
2975 4037 3204 4104 sepulcri
3234 4053 3296 4090 ac
3327 4038 3420 4091 de-

1839 4118 2140 4186 positionis.
2201 4118 2256 4170 Si
2307 4122 2427 4186 quis
2477 4129 2653 4174 autem
2713 4128 2923 4192 reputet
2966 4139 3127 4192 quam
3175 4126 3420 4193 proxime

1841 4218 2124 4263 nectantor
2167 4220 2354 4264 aetates
2397 4211 2728 4280 singulorum
2770 4223 3275 4279 monumentorum,
3315 4217 3422 4270 hoc

1839 4309 1917 4352 est
1949 4299 2226 4363 codicum,
2259 4301 2586 4368 picturarum
2631 4313 2685 4357 et
2716 4303 3156 4373 inscriptionum,
3197 4319 3316 4374 qum
3350 4305 3420 4359 ad

1844 4390 2091 4444 tuendam
2117 4399 2170 4445 et
2193 4393 2615 4446 conservandam
2645 4395 2840 4449 seriem
2868 4404 2923 4450 et
2947 4397 3079 4450 Acta
3108 4395 3418 4464 pontificum

1841 4486 2164 4553 colliguntur
2188 4501 2252 4539 ex
2280 4495 2473 4555 quarto
2504 4486 2702 4540 Christi
2747 4487 2962 4551 saeculo,
2993 4503 3098 4556 quo
3132 4487 3420 4558 Catalogus

1841 4574 2155 4629 Libet-ianus
2173 4579 2576 4639 contexebatnr,
2594 4578 2660 4629 ad
2683 4578 2874 4631 seriem
2900 4579 3208 4646 perductam
3229 4576 3418 4644 quinto

1840 4665 2036 4719 smeulo
2069 4667 2118 4718 in
2152 4668 2374 4734 picturis
2403 4667 2635 4720 basilica:
2666 4666 2722 4721 S.
2754 4667 2902 4720 Pauli
2935 4667 2999 4719 ad
3026 4667 3300 4735 proximos
3325 4666 3418 4721 de-

1839 4770 2080 4808 cessor-es
2112 4754 2170 4808 S.
2205 4756 2398 4810 Leonis
2439 4755 2645 4824 Magni,
2689 4766 2800 4808 tum
2841 4757 2906 4809 ad
2940 4757 3228 4809 secundum
3259 4756 3419 4810 Cata-

1840 4843 2016 4912 logum
2046 4847 2144 4898 sub
2172 4845 2475 4898 Iustiniano
2504 4846 2647 4899 circa
2681 4845 2911 4897 medium
2951 4843 3128 4898 saeculi
3158 4845 3327 4907 sexti,
3361 4852 3418 4900 et

1839 4940 1904 4992 ad
1939 4938 2280 4992 Corbeieusis
2309 4938 2512 4992 codicis
2539 4937 2849 5002 Catalogum
2888 4934 3082 5004 Vigilio
3119 4934 3414 5003 aequalem;

1838 5030 1963 5084 hinc
1990 5046 2118 5084 vero
2149 5032 2215 5084 ad
2244 5031 2469 5083 alterunt
2496 5027 2875 5080 Corbeiensem
2907 5027 2974 5080 ad
3009 5026 3166 5079 finem
3199 5027 3415 5095 septimi

1835 5119 2014 5172 saeculi
2047 5118 2145 5171 sub
2166 5119 2403 5177 Conone,
2432 5123 2486 5166 et
2507 5114 2572 5164 ad
2606 5114 2814 5165 initium
2836 5114 3012 5167 octavi
3040 5115 3138 5168 sub
3163 5111 3352 5183 Sergio
3372 5113 3416 5167 ﬂ

1831 5219 1887 5263 et
1922 5208 2125 5261 Joanne
2156 5207 2220 5260 γι
2252 5204 2640 5276 perscriptum;
2682 5212 2787 5255 tum
2829 5203 2894 5256 ad
2928 5205 3172 5258 notitiam
3212 5203 3414 5256 codicis

1833 5299 2178 5324 lP!-.-:.lIn—.-.:n
2197 5297 2317 5324 ..ρινιῖ
2338 5292 2516 5324 annon”
2547 5302 2757 5324 rnlnlnm
2776 5308 2886 5324 ιιι-αι
2908 5309 2966 5324 οη
2991 5293 3211 5324 Γηυηηιῖο
3237 5301 3411 5324 nlla-1c
