4010 6302
590 348 692 413 107

1330 344 1420 400 ΑΙ)
1457 343 1900 417 ANASTASIL'M
1939 342 2447 401 PROLEGOlthA
2487 346 2664 403 ΕΒΗ.
2706 346 3126 405 ωλι-ητις.

3746 346 3845 404 108

504 522 511 527 ,
584 465 687 519 bus
710 462 954 517 Vitarum
999 459 1051 514 in
1096 458 1395 515 Pontiﬁcali
1430 461 1535 515 hoc
1577 459 1740 513 Libro
1785 457 2155 527 superstitum,
2187 459 2232 517 A
2264 468 2366 511 tur.
2400 459 2586 515 Binius
2616 477 2737 516 eum
2767 460 2971 516 Lnbbeo
3003 469 3356 532 componetur
3383 460 3517 531 (suis
3549 470 3728 516 tamen
3758 478 3847 518 ne-

586 566 721 620 opus
746 549 1164 602 Anastasianum
1193 548 1362 602 solide
1391 548 1566 602 fulciri
1597 557 1653 601 et
1678 547 1844 601 nitide
1870 545 2121 599 illustrari
2148 558 2164 597 :

585 641 701 695 sive
730 639 1093 708 depositioues
1126 638 1441 707 pontiﬁcum
1485 646 1774 699 memoret;
1816 636 1933 690 sive
1973 635 2165 689 funda-

589 731 764 786 tiones
821 730 1256 784 cmmeteriorum
1307 739 1362 783 et
1412 729 1804 793 ecclesiarum;
1864 729 1977 781 sive
2028 727 2167 781 dona

588 820 779 875 iisdem
822 820 992 874 sacris
1027 820 1232 874 mdibus
1271 834 1366 888 per
1406 834 1498 873 eos
1528 818 1760 880 tributa;
1803 817 1915 871 sive
1949 830 2166 884 repara-

586 911 762 964 tiones
790 910 1017 966 subinde
1046 909 1260 963 additas
1290 927 1304 962 :
1336 909 1531 976 quibus
1559 907 1609 960 in
1639 907 1799 959 rebus
1828 903 2168 958 recensendis

586 998 833 1053 Vitarum
882 999 1197 1053 earumdem
1250 998 1540 1066 scriptores
1585 1011 1689 1049 non
1746 992 2008 1047 modicam
2059 1007 2168 1047 sua:

585 1106 730 1146 cura:
759 1099 967 1161 partem
1001 1089 1319 1160 plerumque
1349 1096 1661 1157 posuerunt.

655 1181 708 1236 9.
751 1180 891 1247 Quin
932 1181 1095 1234 etiam
1136 1179 1318 1247 judico
1361 1192 1519 1247 posse
1566 1177 1689 1230 inde
1736 1176 1980 1230 contrahi
2029 1191 2171 1230 com-

584 1274 838 1342 pendium
885 1289 991 1328 non
1037 1273 1320 1342 exiguum,
1363 1271 1407 1325 si
1453 1269 1834 1340 topographica
1882 1268 2061 1323 tabula
2103 1284 2170 1323 ex

586 1365 737 1418 hisee
780 1364 1053 1433 opusculis
1100 1363 1460 1426 describatur,
1511 1376 1632 1431 qua:
1680 1369 1794 1414 tum
1846 1360 1962 1413 vias
2011 1359 2171 1414 Urbis

586 1455 932 1520 celebriores,
967 1464 1078 1508 tum
1120 1455 1421 1522 praecipuas
1446 1468 1512 1506 ex
1543 1451 1869 1506 suburbanis
1903 1452 2171 1520 exprimat

582 1547 729 1617 justo
755 1546 1035 1601 intervallo
1059 1562 1122 1600 ac
1151 1545 1512 1608 dimensione,
1543 1556 1715 1610 usque
1755 1542 1820 1595 ad
1860 1541 2169 1597 cmmeteria

584 1639 726 1693 intra
753 1643 1049 1692 secundum
1077 1644 1170 1689 aut
1199 1635 1417 1689 tertium
1442 1634 1511 1687 ab
1543 1631 1687 1687 Urbe
1725 1630 1959 1701 lapidem
1988 1646 2172 1685 occur-

584 1729 791 1795 rentia;
848 1736 907 1781 ut
953 1726 1108 1795 juxta
1159 1726 1441 1794 utriusque
1493 1721 1734 1792 opusculi
1790 1722 2167 1776 iudicationem

2272 551 2341 604 tis
2384 552 2577 621 cuique
2625 553 2906 622 St-junctim
2954 555 3299 624 assignatis);
3342 569 3466 608 cum
3513 555 3565 608 in
3609 553 3847 610 editione

2268 639 2602 697 Pontiﬁcalis
2632 643 2857 714 hujusce
2893 643 3043 698 Libri
3080 654 3206 698 ante
3234 644 3459 698 concilia
3494 644 3592 698 sub
3620 658 3686 698 eo
3717 658 3851 712 pon—

2273 732 2412 786 tiﬁce
2438 733 2640 796 habita,
2666 749 2785 802 qua:
2807 734 2977 802 ipsius
3004 734 3135 788 Vita:
3161 735 3538 804 subjiciuntur,
3567 737 3853 805 utriusque

2269 839 2398 878 cura
2427 824 2478 877 in
2512 840 2677 878 unum
2708 827 2944 879 studium
2974 826 3261 881 coalescat.
3293 827 3346 880 Si
3380 842 3499 895 qua:
3524 827 3850 881 Blanchinus

2272 915 2543 979 habuerit,
2574 931 2634 969 ea
2667 925 2788 985 post
2807 914 3018 969 Biniqu
3051 926 3105 969 et
3130 916 3402 971 Lahbeum
3436 916 3801 986 proferentur.
3873 932 3880 946 '-

2342 1005 2449 1059 Res
2476 1014 2713 1059 attamen
2742 1006 3151 1076 chronologicas
3186 1005 3369 1075 jejuno
3404 1006 3692 1059 admodum
3731 1020 3851 1073 per-

2270 1094 2525 1147 tractabit
2556 1095 2609 1146 in
2652 1092 2803 1148 Notis
2835 1094 2957 1147 huic
2989 1094 3117 1147 tomi
3160 1093 3523 1151 includendis:
3558 1101 3671 1145 tum
3708 1092 3852 1161 quod

2268 1187 2524 1239 universa:
2580 1184 2942 1255 Chronologia:
2998 1186 3309 1239 Cltristinnw
3382 1202 3515 1240 cura
3568 1185 3671 1254 ipsi
3729 1200 3855 1239 con-

2270 1277 2475 1331 credita
2522 1275 2802 1330 differatur
2846 1277 2899 1329 in
2949 1285 3150 1331 tomum
3200 1277 3552 1345 peculiarem,
3594 1276 3712 1347 qui,
3744 1276 3856 1332 Deo

2273 1367 2454 1430 dante,
2485 1367 2589 1420 erit
2620 1366 2811 1420 tertius
2834 1366 2986 1420 istius
3026 1366 3280 1419 editionis
3308 1384 3321 1419 :
3364 1375 3473 1420 tum
3504 1366 3699 1428 etiam,
3728 1364 3852 1433 quia

2271 1456 2591 1511 Dissertatio
2632 1457 2701 1509 ab
2746 1456 2862 1525 ipso
2901 1466 3151 1510 contexta
3192 1456 3256 1509 de
3305 1455 3544 1525 Antiquis
3586 1454 3856 1526 Cutalogis

2268 1544 2571 1614 pontiﬁcum
2601 1543 2980 1608 Rontauorum,
3024 1544 3170 1599 hisce
3208 1543 3608 1614 Prolegomenis
3630 1545 3853 1599 inserta

2272 1647 2496 1686 numero
2527 1633 2611 1696 ll,
2650 1632 2782 1686 satis
2813 1633 3057 1687 ostendet
3094 1631 3491 1687 Observationes
3529 1634 3597 1687 ad
3630 1635 3858 1688 chrono-

2271 1721 2435 1775 taxim
2474 1723 2779 1791 pontiﬁcum
2820 1723 3116 1791 referendas
3145 1724 3447 1792 (potissimo
3471 1739 3592 1778 cum
3631 1724 3857 1780 accedat

584 1819 993 1890 prasstautiores
1044 1816 1316 1871 memorize
1357 1830 1422 1869 ac
1464 1822 1808 1867 monumenta
1853 1813 2041 1867 dextra
2086 1811 2170 1865 lae-
2198 1818 2245 1877 Β
2273 1812 2634 1867 dissertatioui
2684 1823 2996 1868 memorata:
3042 1813 3097 1867 in
3140 1813 3246 1866 ﬁne
3292 1812 3447 1881 hujus
3498 1814 3629 1868 tomi
3679 1815 3855 1884 posita

584 1924 762 1979 vaque
803 1907 1148 1963 occurrentia
1197 1907 1251 1960 in
1298 1907 1401 1960 viis
1447 1904 1692 1974 singulis,
1747 1904 1846 1959 sub
1894 1913 2169 1972 aspectum

585 2001 802 2056 cadant.
845 1999 960 2053 Erit
1004 1999 1056 2052 id
1104 1998 1346 2067 profecto
1392 2011 1561 2067 genus
1605 2004 1856 2049 notarum
1904 1994 2171 2048 brevitate

588 2102 749 2164 atque
775 2093 1178 2163 opportunitate
1206 2093 1442 2146 maxime
1468 2091 1923 2146 commendatum.

659 2183 747 2238 10.
791 2184 886 2238 llis
920 2184 1080 2252 igitur
1109 2183 1402 2252 praemissis
1429 2181 1902 2242 declarationibus,
1933 2180 2001 2233 ad
2036 2193 2172 2248 opus

584 2275 898 2331 universum
927 2273 1366 2338 accommodatis,
1407 2271 1628 2342 singula:
1659 2268 1771 2337 jam
1807 2270 1939 2324 Vitae
1964 2284 2059 2338 per
2086 2283 2172 2323 se-

584 2363 792 2417 ctiones
824 2362 991 2417 textui
1032 2361 1301 2430 appositas
1344 2361 1397 2413 in
1446 2359 1611 2429 priori
1651 2368 1795 2411 tome
1822 2364 1983 2411 erunt
2022 2355 2173 2410 Notis

590 2456 872 2511 Variorum
920 2452 1269 2517 instruendae,
1318 2462 1375 2507 et
1419 2451 1694 2513 melhodo,
1742 2462 1904 2517 quam
1957 2449 2170 2518 probari

582 2545 856 2617 plerisque
886 2544 1142 2613 intelligo,
1178 2544 1248 2596 ita
1276 2543 1640 2611 disponendae.

662 2633 730 2689 Ut
774 2643 1051 2702 appareat,
1096 2647 1162 2684 ex
1208 2631 1374 2699 priori
1420 2628 1675 2699 Catologo
1722 2630 2033 2691 Liberiauo,
2077 2642 2174 2697 per

581 2721 909 2780 Bucherium
949 2722 1116 2786 edito,
1161 2720 1478 2789 scriptorem
1521 2719 1740 2773 secundi
1788 2719 2024 2789 Catalogi
2074 2717 2174 2771 sub

586 2808 890 2866 Iustiniano
936 2809 1193 2879 pleraque
1243 2809 1634 2877 desumpsisse,
1696 2824 1816 2876 qua:
1867 2809 2057 2879 deinde
2105 2822 2172 2861 ex

587 2911 818 2969 utroque
861 2900 1089 2955 mutuati
1138 2908 1264 2954 sunt
1309 2899 1605 2968 scriptores
1652 2896 1894 2952 Vitarum
1944 2896 2173 2952 Anasta-

587 2991 762 3054 siaui;
811 2990 1036 3060 singulae
1068 2988 1200 3059 Vitae
1231 2988 1543 3058 pontiﬁcum
1574 3002 1605 3041 a
1638 2986 1695 3042 S.
1728 2987 1887 3042 Petro
1914 2989 1981 3041 ad
2016 2987 2174 3042 Libe-

588 3079 729 3134 rium
757 3089 919 3135 erunt
942 3078 1207 3134 verbatim
1247 3079 1552 3141 reddendte,
1578 3079 1651 3131 uti
1680 3079 1927 3145 praestitit
1954 3078 2173 3132 Sehele-

2273 1902 2619 1973 cbronologia
2667 1903 2969 1957 coasularis
3013 1912 3067 1958 et
3112 1904 3384 1972 pontilicia
3431 1904 3497 1957 ad
3538 1905 3856 1958 universum

2272 2007 2408 2062 opus
2432 1992 2899 2063 Anastasianum);
2931 1994 3005 2047 ita
3036 2004 3094 2048 ut
3128 1994 3284 2049 facile
3315 1996 3486 2066 possit
3511 1995 3741 2065 intelligi
3768 1995 3855 2050 cui

2272 2084 2609 2153 potissimum
2649 2084 2924 2155 Catalogt),
2956 2094 3010 2139 et
3049 2085 3244 2154 quibus
3270 2100 3337 2139 ex
3380 2086 3594 2140 iudiciis
3630 2101 3698 2140 ac
3729 2100 3856 2155 pro-

2273 2175 2582 2229 bationibus
2625 2175 2679 2227 in
2720 2175 2946 2244 singulis
2978 2175 3330 2231 Pontiﬁcibus
3370 2177 3440 2230 sit
3477 2176 3852 2231 deferendum.

2272 2262 2470 2318 Fusius
2507 2263 2715 2326 deinde,
2762 2278 2826 2316 ac
2869 2264 3091 2319 solidius
3137 2277 3438 2335 temporum
3483 2274 3620 2318 nota?
3660 2280 3730 2318 ac
3768 2264 3858 2319 de—

2274 2356 2675 2409 monstrationes
2718 2370 2814 2423 per
2854 2371 3028 2411 annos
3067 2356 3306 2427 singulo-3
3343 2365 3685 2425 exponentur
3715 2366 3857 2409 tanta

2274 2445 2365 2500 illo
2395 2446 2780 2517 cltronologico,
2823 2462 2983 2515 quem
3014 2449 3113 2502 sibi
3162 2448 3390 2501 solidum
3419 2448 3719 2502 vindicabit
3749 2465 3858 2502 rem

2275 2535 2596 2602 Christiana,
2624 2539 2802 2592 addita
2833 2540 2994 2594 etiam
3023 2540 3163 2593 serie
3193 2556 3456 2593 annorum
3498 2554 3528 2592 a
3569 2538 3718 2594 Julio
3745 2540 3861 2595 (ιι

2275 2640 2399 2680 sare
2422 2627 2490 2680 ad
2520 2626 2729 2680 initium
2756 2643 2877 2682 tera:
2901 2627 3102 2683 Christi
3133 2629 3454 2693 communis,
3484 2645 3552 2684 ne
3575 2630 3858 2698 quidpiam

2275 2716 2607 2771 desideretur
2635 2718 2750 2794 hoc.
2772 2718 2825 2771 in
2855 2728 3172 2788 argumento
3203 2729 3526 2790 temporum,
3564 2718 3635 2773 illi
3665 2735 3861 2775 neces-

2274 2808 2418 2862 sario
2451 2823 2769 2862 connexum.
2818 2808 2998 2864 Monet
3037 2819 3216 2864 autem
3261 2811 3315 2864 in
3361 2818 3741 2875 antecessum,
3775 2825 3861 2865 re-

2274 2899 2479 2953 servari
2516 2915 2547 2952 a
2577 2914 2635 2953 se
2671 2900 2904 2955 iudicato
2937 2910 3080 2955 tomo
3120 2902 3277 2954 tertio
3309 2910 3422 2955 tum
3450 2901 3861 2955 demonstratio-

2276 3003 2364 3040 nes
2394 2997 2682 3058 temporum
2709 2990 2961 3043 diuturno
2990 2989 3175 3044 labore
3218 2990 3498 3055 collectas,
3541 3006 3637 3061 per
3686 3006 3864 3046 annos

2274 3074 2556 3145 plusquam
2599 3075 2850 3145 triginta,
2893 3076 3168 3145 quibusin
3202 3078 3548 3148 chronologia
3588 3080 3862 3134 ﬁrmanda

590 3171 851 3227 stratius:
885 3169 1040 3238 cujus
1083 3169 1159 3222 rei
1190 3169 1462 3237 specimen
1494 3169 1741 3223 dedimus
1772 3169 1824 3222 in
1854 3169 2169 3237 praefatione
2196 3160 2239 3220 Ο
2271 3171 2326 3216 et
2365 3163 2675 3218 illustrauda
2715 3174 3022 3231 exercetur,
3067 3174 3177 3219 tum
3214 3168 3621 3222 emendationes
3664 3166 3865 3222 Fasto-

590 3261 787 3331 prioris
821 3261 971 3326 tomi,
1003 3260 1256 3315 num.Xl.
1291 3260 1526 3329 Digessit
1556 3260 1646 3314 ille
1669 3275 1765 3329 per
1790 3260 2089 3326 columnas,
2115 3270 2175 3315 ut

589 3350 766 3406 locum
813 3349 1017 3405 faceret
1061 3350 1362 3405 recensioni
1401 3350 1713 3419 pontiﬁcum
1755 3350 2111 3405 successionis
2144 3365 2177 3406 e

589 3441 806 3510 scriptis
828 3440 1049 3494 Patrum
1074 3440 1333 3504 collectae,
1359 3452 1521 3509 atque
1548 3449 1605 3494 ut
1635 3441 1958 3494 variantiutn
1990 3440 2177 3496 lectio-

588 3546 719 3587 num
761 3531 1095 3600 comparatio
1139 3530 1349 3585 facilior
1401 3531 1718 3585 redderetur
1768 3549 1780 3583 :
1831 3547 1949 3601 quae
1994 3532 2175 3585 omnia

587 3621 829 3692 perbelle
868 3620 1162 3677 coucinunt
1201 3620 1318 3688 ejus
1362 3621 1637 3690 proposito
1680 3629 1842 3690 atque
1909 3621 2172 3676 instituto.

586 3708 771 3766 Nostri
800 3725 929 3765 vero
957 3710 1172 3765 consilii
1216 3726 1338 3765 cum
1378 3711 1449 3765 sit
1491 3711 1596 3765 hoc
1639 3712 1691 3764 in
1734 3711 1851 3766 loco
1888 3712 2176 3768 ostendere

586 3804 764 3868 verba,
803 3820 869 3858 ea;
917 3802 1180 3874 Catalogis
1224 3805 1585 3859 vetustioribus
1628 3806 1885 3860 translata
1931 3809 1986 3861 in
2031 3805 2175 3862 Vitas

587 3892 739 3951 Libri
770 3895 1104 3951 Pontiﬁcalis
1135 3896 1283 3967 (nam
1314 3896 1575 3951 variantes
1613 3895 1879 3951 Lectiones
1909 3897 2174 3967 complexi

592 3999 784 4044 sumus
810 3996 955 4042 torno
982 3989 1301 4059 superiore),
1325 3989 1565 4043 contenti
1594 3990 1796 4044 erimus
1812 3992 2055 4060 proxime
2081 4007 2175 4062 ap-

589 4078 799 4150 positos
830 4086 1009 4133 textus
1035 4078 1281 4134 conferre
1309 4078 1685 4150 Catalogorum
1713 4089 1770 4135 et
1799 4082 2063 4136 Vitarum.
2098 4082 2173 4137 Ita

583 4168 731 4225 enim
763 4167 875 4231 ﬁet,
902 4178 963 4222 ut
988 4169 1041 4223 in
1072 4178 1218 4224 textu
1240 4169 1485 4224 Vitarum
1515 4169 1879 4224 Anastasiauo
1904 4170 2175 4225 reddendo

585 4257 794 4314 servari
841 4259 1013 4325 possit
1047 4259 1217 4314 series
1247 4273 1311 4313 ac
1341 4274 1599 4313 numerus
1625 4274 1905 4323 versuum,
1937 4258 2004 4312 ad
2039 4274 2175 4327 quos

587 4353 732 4400 nota:
753 4344 1090 4407 referuntur,
1117 4348 1231 4401 sive
1264 4347 1511 4416 legantur
1541 4348 1593 4401 in
1625 4348 1823 4417 primo,
1851 4347 1965 4403 sive
1991 4348 2044 4401 in
2072 4348 2175 4403 hoc

589 4434 830 4490 secundo
867 4434 1048 4501 operis
1086 4443 1253 4500 tomo,
1291 4449 1450 4503 quem
1497 4436 1857 4505 aggredimur.
1901 4435 2027 4490 Haec
2051 4452 2174 4489 ver-

2273 3273 2391 3311 rum
2426 3256 2830 3323 Consularium,
2860 3273 2892 3311 e
2930 3259 3179 3328 genuinis
3216 3260 3581 3314 monumentis
3618 3274 3866 3316 marmo-

2273 3360 2393 3399 rum
2439 3353 2495 3398 et
2550 3346 2933 3400 numismatum
2985 3348 3329 3416 antiquorum
3382 3349 3684 3415 deductas;
3748 3360 3866 3405 tum

2273 3436 2437 3490 etiam
2453 3437 2839 3503 corrcctiones,
2859 3446 2953 3490 aut
2975 3436 3365 3494 elucidatienes
3384 3439 3642 3494 clariores
3655 3440 3871 3497 utrius-

2274 3542 2381 3597 que
2448 3527 2806 3598 chronologire
2868 3529 3157 3598 pontiﬁcian
3216 3539 3271 3584 et
3338 3530 3670 3596 consularis,
3741 3546 3871 3600 qua:

2274 3617 2459 3671 dietim
2511 3617 2837 3688 colliguntur
2882 3634 2950 3673 ex
2993 3618 3333 3675 documentis
3378 3637 3484 3675 non
3533 3631 3698 3676 antea
3748 3639 3873 3693 pcr-

2274 3707 2497 3776 spectis,
2541 3707 2586 3761 si
2628 3722 2750 3777 qua:
2793 3708 2934 3763 inter
2961 3710 3251 3765 editionem
3279 3710 3652 3766 adornandum
3685 3727 3872 3767 acces-

2273 3797 2465 3851 serint.

2343 3888 2589 3944 Ciaconio
2615 3891 2893 3960 proximus
2922 3890 3051 3961 juxa
3082 3888 3353 3960 alphabeti
3391 3890 3588 3945 seriem
3614 3890 3876 3964 obtinget

2274 3976 2444 4033 locus.
2473 3977 2583 4032 Nec
2611 3986 2788 4032 tamen
2820 3981 3000 4032 omnia
3028 3980 3311 4034 observata
3338 3979 3576 4035 Ciaeouii
3603 3981 3676 4034 ad
3707 3981 3877 4039 Vitas

2271 4066 2585 4135 pontiﬁcum
2609 4067 2958 4135 pertinentia,
2984 4068 3437 4137 quemadmodum
3463 4084 3561 4124 nec
3588 4070 3734 4125 Binii
3764 4086 3875 4126 nec

2273 4156 2471 4211 Labbei
2518 4167 2659 4211 nota:
2687 4174 2877 4213 omnes
2904 4170 3032 4214 sunt
3057 4160 3367 4227 aﬁerendzn,
3399 4177 3469 4216 ne
3493 4177 3627 4232 opus
3672 4165 3729 4218 in
3772 4165 3877 4221 im-

2276 4263 2515 4301 mensum
2532 4260 2833 4304 excrescat.
2850 4251 2929 4304 Ex
2949 4252 3173 4307 istorum
3190 4255 3596 4309 commentariis
3607 4253 3873 4323 lectiora,

2274 4347 2330 4392 et
2374 4339 2607 4394 maxime
2644 4341 2792 4394 utilia
2824 4331 2899 4396 ad
2938 4342 3282 4397 Auastasiani
3320 4345 3501 4413 operis
3539 4345 3878 4401 declaratio-

2276 4441 2397 4481 nem
2430 4428 2497 4480 ita
2534 4431 2871 4499 cxcerpcnda
2907 4442 3258 4501 susceperunt
3297 4434 3398 4487 viri
3438 4433 3779 4498 clarissimi,
3814 4445 3879 4490 ut

590 4537 751 4579 suum
777 4524 918 4577 ratio
942 4524 1144 4578 servari
1171 4526 1257 4578 vix
1285 4534 1483 4594 posset,
1514 4527 1557 4580 si
1583 4526 1863 4594 dispositio
1891 4527 2175 4582 ordinare-
2201 4495 2250 4555 υ
2277 4519 2495 4575 modum
2535 4521 2669 4589 justi
2716 4523 3002 4578 voluminis
3046 4535 3260 4579 servent
3293 4544 3306 4579 :
3345 4541 3518 4595 neque
3547 4527 3714 4582 aliter
3746 4529 3874 4583 selic

590 4617 680 4666 tur
706 4625 804 4681 per
826 4611 1124 4667 columnas.

668 4701 755 4755 11.
798 4700 955 4757 Nota:
988 4703 1216 4759 subinde
1244 4715 1646 4774 consequentur
1680 4706 1962 4762 Variorum
1988 4708 2174 4765 Aucto-

591 4807 736 4858 rum,
763 4807 898 4861 quos
925 4794 1194 4863 pollicitus
1219 4805 1304 4850 est
1334 4799 1700 4867 typographus
1723 4798 1824 4852 hoc
1855 4807 2002 4855 torno
2026 4816 2173 4855 com-

591 4880 784 4948 plecti,
809 4881 963 4949 juxta
1000 4886 1247 4940 ordinem
1282 4885 1553 4955 alphabeti
1593 4887 1925 4958 singulorum
1954 4892 2170 4944 nomina

592 4980 647 5026 ct
671 4973 951 5027 observata
983 4976 1345 5044 producendo.

662 5062 705 5115 A
744 5060 1092 5118 Scltelestrate
1120 5067 1333 5121 caeteris
1359 5077 1722 5136 preponetur,
1751 5084 1857 5124 non
1887 5080 1993 5125 tam
2019 5087 2171 5127 occa-

523 5187 529 5193 ν
593 5153 748 5207 sione
769 5152 1058 5223 singularis
1084 5156 1276 5212 litterae
1295 5158 1339 5211 A
1363 5159 1619 5227 principis
1645 5160 1698 5215 in
1720 5161 2026 5233 alphabeto,
2049 5180 2170 5235 qua:

592 5240 885 5294 dictionem
910 5241 1176 5311 integram
1201 5245 1317 5314 ejus
1337 5247 1591 5317 gentilitii
1612 5249 1844 5325 nominis
1867 5254 2165 5321 antecedit;

591 5342 754 5400 quam
781 5344 848 5385 ex
880 5339 1132 5387 notarum
1163 5334 1304 5390 illius
1332 5347 1523 5390 natura
1548 5351 1565 5390 :
1589 5353 1710 5407 qua:
1732 5354 1855 5393 cum
1885 5341 2047 5395 verba
2078 5343 2170 5397 de-

592 5430 860 5480 monstret
893 5437 961 5478 ex
996 5423 1554 5495 Catalogistranslata
1593 5428 1645 5482 in
1684 5429 2060 5497 Anastasium,
2100 5434 2168 5489 ab

591 5510 915 5575 earumdem
931 5512 1251 5582 scriptorum
1275 5524 1529 5569 contextu
1558 5531 1664 5571 non
1690 5528 1774 5573 est
1794 5519 2164 5589 disjungenda.

662 5596 932 5657 Altaserra
955 5602 1059 5657 erit
1082 5604 1378 5671 proximus.
1404 5604 1687 5661 Bencinius
1715 5607 1854 5663 hunc
1878 5625 2168 5680 conseque-

1394 5774 1403 5777 -
1437 5762 1448 5772 ⁸
1458 5762 1589 5781 ab.-.

2276 4621 2469 4683 geritur
2491 4615 2651 4668 etiam
2692 4630 2757 4669 ex
2787 4629 2949 4683 opere
2983 4616 3196 4670 erudito
3224 4616 3288 4669 It.
3322 4615 3383 4671 Ρ.
3413 4616 3697 4671 Francisci
3728 4617 3878 4691 Pagi

2276 4713 2520 4759 recenter
2543 4704 2707 4769 edito,
2735 4705 2818 4759 cui
2845 4705 3029 4760 titulus
3056 4715 3141 4761 est
3162 4723 3176 4759 :
3201 4706 3533 4761 Breviarium
3560 4705 3881 4764 Historia:-

2274 4796 2970 4867 Chronologico-Criticumq,
3005 4797 3295 4851 illustriora
3320 4799 3628 4870 pontificum
3664 4798 3881 4857 [latita-

2275 4902 2459 4941 norum
2490 4896 2650 4956 gesta,
2682 4896 2811 4949 ctc.,
2836 4888 3194 4958 complectens.
3220 4887 3439 4943 Necnon
3475 4904 3544 4943 ex
3578 4890 3883 4957 prtcclaris

2274 4975 2734 5031 lucubrationibus
2760 4977 3039 5033 lllustriss.
3077 4979 3179 5032 viri
3209 4979 3267 5034 S.
3298 4978 3399 5034 Th.
3434 4981 3495 5034 D.
3535 4979 3665 5034 abb.
3695 4980 3879 5037 Joan.

2272 5066 2481 5123 Claudii
2522 5068 2791 5125 Sommier
2828 5072 3084 5126 sereniss.
3121 5070 3484 5144 Lotharingiae
3508 5072 3666 5126 ducis
3705 5088 3743 5127 a
3787 5090 3884 5130 se-

2273 5162 2595 5217 cretioribus
2620 5161 2880 5227 consiliis,
2911 5172 2964 5220 et
3009 5162 3241 5235 ablegati
3285 5165 3353 5217 ad
3401 5164 3657 5219 sanctiss.
3687 5165 3886 5221 domi-

2273 5271 2403 5310 num
2449 5265 2728 5321 nostrum,
2765 5254 2977 5311 Nancaai
3029 5256 3188 5310 editis
3236 5271 3378 5310 anno
3432 5255 3603 5319 1716.
3661 5258 3885 5325 quibus

2275 5346 2632 5417 dogmaticam
2661 5347 2941 5403 historiam
2969 5347 3027 5402 S.
3055 5346 3213 5403 Sedis
3237 5347 3633 5416 complectitur.
3657 5347 3885 5404 Verum

2275 5436 2343 5490 de
2389 5435 2782 5506 chronologicis
2825 5452 2997 5506 pauca
3045 5449 3203 5493 erunt
3247 5438 3301 5493 in
3348 5438 3490 5492 notis
3531 5438 3878 5505 delibantia,

2275 5540 2416 5585 cum,
2442 5526 2515 5579 uti
2542 5526 2701 5594 paulo
2725 5535 2850 5581 ante
2881 5527 3083 5584 dictum
3111 5527 3230 5594 fuit,
3259 5528 3469 5597 plenior
3495 5527 3886 5602 chronologia

2275 5616 2623 5683 pertractatio
2649 5625 2954 5672 reservetur
2975 5626 3121 5674 tomo
3145 5620 3304 5675 tertio
3330 5619 3489 5675 istius
3508 5620 3801 5678 editionis.
