3996 5412
154 385 253 466 tos

1379 399 1745 457 I‘RAZFA'I'IO
1783 401 1874 454 AD
1907 397 2069 453 TOM.
2104 394 2188 450 III.

3317 386 3418 442 I10

2149 527 3400 557 PM

805 699 1313 852 EIUSDEM
1414 695 2026 850 FRANCISGI
2131 689 2775 847 BLANGIIINI

1420 982 2168 1096 ΡΒᾹΞΡΑΤΙΟ

703 1207 812 1268 AD
853 1205 1210 1266 TERTIUM
1257 1201 1549 1262 TOMUNI
1594 1198 1990 1259 EDITIONIS
2033 1197 2838 1259 ROMANO-VATICANZF

1659 1363 1931 1376 -ο

222 1494 278 1548 ι.
304 1490 600 1548 Professus
646 1491 853 1546 fueram
903 1490 954 1544 in
1000 1490 1314 1560 prmfatinne
1360 1489 1512 1542 initio
1558 1488 1738 1557 operis
1766 1491 1810 1548 Α
1841 1487 2068 1556 expositi
2096 1486 2578 1555 complecterentur
2603 1501 2865 1540 summam
2892 1493 3165 1557 gestorum
3193 1502 3220 1540 a
3251 1488 3422 1542 maxi-

148 1585 376 1656 ιιι-κῆαι
407 1599 640 1637 numero
683 1583 749 1636 I0
778 1591 1024 1636 acturum
1071 1596 1158 1640 me
1192 1581 1486 1650 generatim
1535 1579 1602 1631 de
1639 1579 1745 1631 ori-

154 1677 290 1747 gine,
344 1676 664 1730 auctoritate
701 1690 763 1728 ac
790 1674 894 1741 ﬁde
933 1673 1171 1727 historiae
1199 1672 1250 1724 in
1299 1671 1446 1725 hisce
1485 1669 1622 1723 Vitis
1653 1685 1744 1723 ex-

151 1780 376 1834 pressa,
413 1775 529 1818 tum
584 1765 650 1818 de
683 1764 824 1817 illius
870 1763 1191 1816 documentis
1234 1770 1288 1814 et
1331 1759 1741 1829 probationibus.

154 1852 437 1924 Originem
478 1869 610 1908 vero
641 1854 868 1922 primam
905 1867 1025 1906 esse
1067 1852 1442 1906 arcessendam
1485 1866 1514 1904 a
1545 1851 1744 1905 catalo-

156 1945 258 2013 gis,
288 1945 600 2012 przesertim
644 1961 673 1997 a
703 1944 912 1998 duobus
960 1943 1063 1998 illis
1113 1942 1434 2012 antiquitate
1479 1949 1744 2010 praestan-

157 2035 298 2088 tibus
323 2050 493 2103 supra
521 2042 767 2097 caeteros,
799 2047 1026 2102 quorum
1058 2032 1205 2100 prior
1234 2033 1333 2085 sub
1364 2030 1578 2085 Liberio
1606 2045 1744 2100 papa

155 2124 391 2178 refertur
417 2125 486 2178 ad
517 2134 772 2192 quartum
802 2140 923 2178 tera:
954 2123 1275 2178 Christiana:
1303 2121 1577 2185 saeculum,
1609 2121 1747 2175 alter

153 2227 282 2267 vero
306 2214 410 2266 sub
441 2213 623 2266 Felice
647 2212 712 2265 IV
737 2213 804 2264 ad
831 2212 1061 2280 primum
1091 2211 1340 2263 trientem
1371 2209 1550 2263 saeculi
1584 2209 1744 2272 sexti,

153 2318 349 2371 nempe
378 2302 450 2354 ad
494 2317 696 2355 annum
730 2301 945 2355 circiter
989 2299 1112 2352 530.
1149 2300 1222 2352 De
1249 2307 1476 2367 utroque
1504 2297 1747 2367 catalogo

151 2393 284 2444 satis
321 2392 544 2461 egimus
571 2400 680 2444 tum
709 2390 921 2444 concise
952 2390 1004 2442 in
1034 2386 1346 2458 prmfatione
1387 2387 1516 2440 tomi
1557 2386 1597 2450 I,
1634 2395 1744 2438 tum

153 2472 326 2535 fusius
376 2481 435 2533 in
486 2479 880 2549 prolegomeuis
929 2477 1181 2540 secundi,
1235 2477 1326 2531 ubi
1379 2476 1744 2544 catalogorum

150 2569 334 2627 fantes
387 2587 457 2626 ac
501 2573 824 2626 documenta
876 2570 1186 2639 aperuimus
1236 2568 1289 2621 in
1341 2567 1587 2638 genuinis
1636 2567 1746 2621 Ro-

155 2679 333 2717 manae
370 2661 635 2716 Ecclesia:
665 2659 1056 2722 monumentis;
1090 2667 1145 2711 et
1174 2657 1418 2725 exempla
1450 2656 1746 2710 vetustiora

153 2752 450 2819 utriusque
481 2749 645 2813 illius,
673 2763 773 2802 nec
802 2764 908 2802 non
954 2746 1180 2800 aliorum
1211 2745 1574 2814 catalogorum
1622 2759 1747 2813 pro—

1850 1577 1952 1630 mis
1979 1576 2320 1645 pontificibus
2347 1576 2632 1630 editorum.

1916 1666 1969 1718 5.
2007 1664 2277 1719 Fraudare
2310 1679 2414 1718 non
2445 1664 2615 1719 debeo
2647 1667 3023 1722 communione
3051 1665 3210 1735 hujus
3251 1667 3432 1724 laudis.

1846 1753 2102 1808 smculum
2146 1753 2346 1808 Christi
2392 1754 2660 1808 decimum
2712 1756 2926 1810 tertium
2968 1773 2981 1809 :
3026 1756 3181 1824 cujus
3228 1775 3422 1813 monu-

1849 1853 2088 1897 mentum
2118 1845 2276 1914 plane
2305 1845 2576 1914 egregium
2603 1854 2855 1900 etnostro
2884 1857 3202 1915 argumento
3231 1850 3282 1902 in
3314 1848 3424 1920 pri-

1847 1935 1950 1988 mis
1973 1933 2221 1988 idoneum
2247 1950 2417 2004 nuper
2445 1933 2696 1990 eﬂ‘ossum
2729 1935 2781 1989 in
2815 1937 2993 1990 tabula
3025 1952 3328 1992 marmorea
3354 1952 3426 1993 ex

1848 2022 2132 2077 ruderibus
2158 2022 2481 2078 suburbanis
2506 2024 2675 2078 vinea:
2700 2040 2803 2078 non
2832 2025 2986 2096 longe
3013 2027 3079 2080 ab
3104 2025 3264 2081 Urbis
3291 2041 3427 2084 mm-

1847 2111 2006 2165 nibus
2051 2110 2135 2164 via
2179 2111 2396 2164 Aurelia
2443 2113 2748 2167 constitutae
2780 2113 2831 2167 in
2879 2115 3104 2169 collibus
3149 2113 3427 2172 Vaticanis

1849 2202 2120 2257 lubentius
2147 2203 2307 2268 dabo,
2345 2219 2466 2258 cum
2495 2203 2724 2274 elogium
2773 2206 3043 2274 pontificis
3082 2205 3298 2260 Maximi
3327 2205 3426 2262 Ni-

1847 2294 1983 2350 colai
2019 2295 2160 2348 tertii
2191 2295 2383 2350 litteris
2413 2297 2731 2366 capitalibus
2774 2299 2826 2352 in
2859 2299 2950 2353 illo
2979 2315 3248 2356 marmore
3292 2302 3429 2356 inci-

1847 2399 1968 2439 sum
2015 2383 2088 2436 ita
2133 2386 2351 2439 accedat
2395 2387 2462 2440 ad
2506 2387 2699 2456 stylum
2743 2389 3134 2457 compendiosa:
3179 2391 3427 2446 Vitarum

1850 2471 2234 2542 complexionis
2265 2473 2315 2526 in
2349 2473 2606 2544 catalogis
2635 2485 2924 2543 usurpatae,
2963 2486 3021 2530 ut
3064 2479 3238 2547 portio
3285 2494 3432 2546 quaa-

1852 2564 1972 2620 dam
2019 2564 2246 2634 catalogi
2277 2565 2448 2618 videri
2477 2565 2676 2634 possit,
2719 2567 2818 2620 nisi
2870 2578 3194 2637 conspectus
3236 2569 3431 2639 lapidis

1849 2664 1904 2709 et
1941 2653 2243 2710 litterarum
2272 2655 2484 2710 Gothici
2533 2656 2742 2718 ductus,
2775 2673 2838 2712 ac
2884 2657 3054 2712 forma
3087 2659 3228 2714 illius
3255 2661 3432 2716 aetatis

1851 2746 2068 2815 propria
2141 2747 2538 2801 demonstraret
2594 2745 2759 2802 fuisse
2815 2749 3216 2819 inscriptionem
3280 2767 3434 2806 muro

153 2840 398 2903 batiora,
425 2848 483 2893 et
512 2840 879 2892 universorum
909 2836 1277 2892 correctiones
1297 2849 1360 2887 ac
1382 2833 1751 2902 supplementa
1784 2835 1828 2893 B
1858 2836 2015 2892 Urbis
2049 2837 2176 2892 olim
2223 2837 2438 2894 aﬂixam
2483 2839 2537 2892 in
2579 2855 2641 2894 ea
2686 2850 2839 2909 parte
2882 2844 3130 2909 pomoerii
3163 2842 3435 2908 Vaticani,

154 2931 516 3002 protulimus.
551 2927 694 2982 Satis
723 2927 884 2997 igitur
917 2925 1218 3002 consultum
1269 2924 1433 2977 fuisse
1479 2924 1751 2976 videretur

158 3023 286 3076 huic
339 3021 511 3074 etiam
566 3029 710 3073 tomo
755 3033 847 3086 per
897 3000 1275 3087 prolegomena
1326 3015 1583 3078 secundi,
1632 3029 1751 3083 quae

159 3111 447 3164 illustrant
475 3117 690 3161 aetatem
723 3108 789 3161 ab
819 3117 1045 3176 utroque
1073 3107 1316 3176 catalogo
1351 3105 1655 3167 definitam;
1706 3105 1751 3158 si

158 3201 307 3254 ultra
335 3200 579 3254 Felicem
624 3197 687 3251 IV
725 3214 829 3252 non
872 3198 1229 3268 procederent
1273 3197 1405 3250 Vitae
1435 3197 1557 3250 huic
1591 3195 1751 3248 tertio

161 3304 310 3347 tonio
353 3288 709 3344 includeudm.
741 3289 936 3342 Verum
973 3305 1094 3342 cum
1129 3287 1230 3341 illm
1280 3298 1571 3342 excurrant
1614 3291 1751 3340 ultra

161 3390 344 3434 metas
371 3378 604 3446 catalogi
631 3377 888 3432 Feliciani
914 3379 979 3432 ad
1004 3377 1161 3430 linem
1187 3377 1356 3429 ferme
1390 3375 1566 3428 περιιιί
1590 3377 1749 3439 sexti,

161 3489 193 3526 a
236 3473 405 3528 nobis
434 3472 654 3542 exigunt
692 3479 750 3523 ut
782 3470 869 3524 hic
899 3469 1155 3523 aﬂ'eratur
1183 3468 1439 3537 quidquid
1485 3465 1754 3534 peculiare

162 3566 411 3637 suppetit
461 3573 579 3632 post
617 3561 916 3632 catalogum
959 3560 1157 3615 Felicis
1193 3559 1260 3613 IV
1286 3560 1352 3611 ad
1385 3556 1752 3611 illustrandam

162 3653 601 3722 cbronologiam,
648 3650 931 3705 historiam
979 3663 1041 3702 ac
1070 3651 1390 3703 documenta
1418 3654 1690 3715 gestorum
1723 3660 1752 3697 a

161 3747 518 3818 pontiﬁcibus
559 3743 732 3797 aetatis
765 3743 885 3795 inde
914 3748 1239 3795 consecutae.
1274 3738 1397 3791 thc
1441 3722 1567 3789 vero
1604 3735 1752 3802 dige-

165 3854 280 3894 ram
311 3838 521 3908 partim
564 3837 616 3890 in
649 3834 980 3905 praefatione,
1017 3834 1210 3903 partim
1244 3833 1294 3886 in
1337 3830 1751 3900 prolegomenis,

162 3933 369 4002 partim
399 3931 460 3984 in
503 3929 664 3989 notis,
705 3926 1154 3996 quemadmodum
1200 3924 1253 3978 in
1299 3921 1562 3992 superiori
1611 3929 1755 3974 tomo

164 4023 476 4091 praestitum
513 4018 628 4071 fuit.

233 4111 289 4165 2.
343 4109 594 4164 Observo
640 4107 802 4177 igitur
837 4107 1069 4176 primum
1115 4120 1222 4158 non
1256 4102 1478 4158 desiisse
1508 4116 1628 4156 cum
1657 4101 1758 4155 Fe-

167 4197 266 4254 lice
313 4197 385 4252 IV
418 4210 610 4248 curam
651 4194 1005 4264 complurium
1049 4193 1301 4247 Romanae
1351 4191 1603 4244 Ecclesiae
1651 4190 1754 4243 mi-
1783 4171 1828 4232 Ο

166 4289 476 4344 nistrorum
503 4287 558 4339 in
586 4285 894 4354 colligendis
915 4293 968 4338 et
1004 4285 1054 4337 in
1079 4284 1346 4352 epitomen
1371 4281 1756 4336 contrahendis

167 4379 309 4436 Vitis
333 4377 677 4448 pontiﬁcum,
703 4376 1149 4446 quemadmodum
1173 4376 1288 4428 fieri
1315 4380 1669 4442 perceperant
1689 4372 1758 4425 ab

167 4470 492 4526 auctoribus
519 4467 795 4535 utriusque
816 4466 1060 4535 catalogi,
1086 4464 1352 4520 Liberiani
1383 4479 1447 4517 ac
1476 4463 1758 4527 Feliciani,

169 4573 345 4627 usque
392 4556 463 4608 ad
513 4571 711 4608 annum
747 4554 870 4607 550.
902 4552 1038 4607 Vita:
1077 4554 1205 4623 ipsae
1256 4553 1674 4620 subsequentes,
1729 4565 1760 4604 a

168 4647 608 4702 bibliothecariis
649 4654 847 4699 sanctae
895 4645 1148 4698 Itomanaa
1190 4645 1332 4699 sedis
1378 4659 1475 4712 pro
1523 4652 1762 4713 tempore

167 4739 544 4800 concinnaue,
568 4745 623 4790 et
651 4735 977 4805 posteriores
1017 4736 1262 4805 catalogi,
1307 4737 1374 4790 ad
1396 4735 1677 4790 .decinmm
1709 4742 1764 4788 et

169 4831 524 4888 undecimum
557 4830 759 4885 Christi
801 4829 1052 4883 stnculum
1100 4831 1364 4900 perducti,
1395 4831 1604 4884 abunde
1653 4845 1765 4884 ma~

168 4923 441 4979 nifestant
488 4923 646 4991 hujus
702 4921 1106 4975 consuetudinis
1171 4919 1600 4990 prosecutionem
1659 4935 1765 4973 non

171 5011 566 5069 intermissam.
619 5012 737 5064 Duo
769 5019 949 5063 tamen
995 5010 1210 5064 aﬂ‘eram
1263 5010 1550 5079 peculiaria
1597 5010 1765 5063 docu-

170 5112 386 5166 menta,
409 5119 526 5172 qua:
555 5101 937 5172 comprobant,
962 5117 1064 5154 non
1091 5101 1246 5156 modo
1270 5103 1336 5154 ad
1365 5100 1615 5170 Magnum
1645 5100 1769 5154 Gre-

1853 2939 2013 2994 quam
2058 2926 2286 2997 legimus
2317 2927 2479 2981 etiam
2525 2929 2663 2996 apud
2709 2928 3055 2985 Ptolcmzeum
3103 2931 3434 2998 Lucensem,

1853 3011 2139 3071 Jordanem
2172 3025 2227 3072 et
2264 3015 2525 3071 Platinam
2553 3017 2719 3073 fuisse
2747 3036 2775 3073 a
2803 3019 3022 3076 Nicolao
3059 3022 3122 3076 III
3153 3022 3244 3078 fun
3269 3024 3432 3078 latam

1855 3113 1949 3158 aut
1992 3116 2316 3175 reparatam.
2363 3107 2622 3179 Suspicor
2651 3121 2829 3164 autem
2871 3128 2974 3166 una
3023 3128 3146 3168 cum
3196 3115 3440 3184 antiquis.

1855 3199 2123 3254 moenibus
2162 3199 2422 3268 deiectam
2467 3201 2666 3267 fuisse,
2713 3212 2766 3257 et
2810 3203 2862 3257 in
2895 3203 3205 3272 adjacentes
3253 3205 3437 3260 vincas

1859 3299 2059 3346 temere
2087 3292 2347 3361 perlatam
2389 3309 2417 3346 a
2454 3295 2836 3359 cmmentariis,
2879 3296 3092 3364 quando
3123 3294 3275 3350 novae
3318 3312 3436 3350 mu-

1855 3385 2087 3439 nitiones
2116 3400 2238 3439 cum
2267 3387 2682 3455 propugnaculis
2702 3387 2855 3456 juxta
2885 3388 3029 3458 leges
3061 3389 3440 3444 architectum

1857 3475 2106 3530 militaris
2151 3476 2426 3531 hodiernae
2456 3487 2785 3532 constructae
2827 3479 3046 3534 fuerunt
3089 3481 3309 3536 sedente
3337 3481 3440 3538 Ur-

1856 3565 1998 3619 bano
2023 3575 2239 3631 octavo,
2269 3575 2324 3621 et
2353 3569 2514 3622 diruti
2545 3577 2756 3624 veteres
2801 3569 2938 3624 muri
2980 3585 3100 3624 cum
3133 3572 3246 3626 suis
3279 3571 3439 3625 turri-

1855 3653 1978 3718 bus,
2020 3655 2111 3724 qui
2141 3656 2374 3710 civitatis
2404 3656 2657 3712 Leoninze
2682 3667 2736 3711 et
2767 3651 3012 3713 Vziticani
3049 3659 3231 3728 palatii
3268 3661 3442 3716 ambi-

1857 3751 1970 3795 tum
2010 3753 2167 3799 antea
2200 3747 2619 3800 constituebant.
2663 3746 2898 3802 Marmor
2925 3750 3056 3804 mihi
3093 3749 3322 3805 feliciter
3352 3751 3439 3804 in-

1857 3834 2122 3899 dicatum,
2184 3845 2237 3890 et
2296 3851 2325 3889 a
2376 3837 2601 3906 scalpris
2669 3839 3021 3909 Iapicidarum
3096 3851 3459 3912 exemptum,

1857 3923 2049 3992 quibus
2081 3922 2301 3992 jamjam
2333 3925 2718 3982 admovebatur
2759 3929 2812 3982 in
2851 3927 3024 3983 frusta
3062 3931 3436 3996 excidendum,

1858 4013 1941 4066 vel
1987 4012 2189 4067 fornaci
2235 4014 2482 4070 calcaria:
2526 4017 2722 4071 misere
2758 4019 3107 4084 destinatum,
3155 4030 3440 4074 numerato

1858 4103 2035 4172 pretio
2075 4103 2397 4171 quantocius
2437 4104 2661 4169 redemi,
2707 4114 2761 4158 et
2803 4105 3133 4160 otl‘erendum
3160 4123 3280 4162 esse
3309 4110 3436 4162 duxi

1867 4190 2079 4247 Urbano
2111 4191 2478 4260 magistratui,
2518 4201 2576 4246 ut
2607 4194 2659 4246 in
2694 4192 3008 4264 Capitolinis
3046 4195 3248 4250 :edibus
3285 4196 3439 4266 inpo-

1862 4290 2065 4334 sterum
2121 4289 2481 4350 praascrvetur
2531 4296 2636 4334 llIIfI
2674 4297 2794 4336 cum
2839 4283 3050 4338 οωιενίε
3099 4299 3434 4339 summorum

1861 4369 2174 4440 pontificum
2204 4370 2584 4433 monumentis,
2617 4387 2738 4441 qua:
2763 4372 2989 4440 posthac
3020 4374 3261 4429 evenerit
3287 4389 3318 4428 c
3343 4390 3438 4430 sua

1863 4460 1989 4514 sede
2025 4459 2233 4514 divulsa
2275 4461 2518 4529 reperiri.
2567 4460 2741 4515 Tanto
2777 4461 2921 4515 enim
2967 4462 3162 4531 potiori
3205 4463 3328 4533 jure
3366 4465 3440 4519 ibi

1810 4608 1813 4612 ,
1863 4551 2058 4605 debent
2085 4560 2392 4606 nostrorum
2439 4550 2752 4620 pontificum
2796 4553 3069 4606 memoriae
3115 4553 3358 4620 retineri,
3385 4563 3443 4608 et

1864 4643 1931 4695 ab
1961 4640 2170 4709 injuriis
2197 4650 2499 4710 temporum
2531 4641 2791 4694 vindicari
2827 4656 2938 4710 pra:
2964 4634 3180 4696 caeteris
3203 4642 3442 4712 antiquae

1863 4732 1947 4787 vel
1976 4733 2206 4786 recentis
2231 4731 2386 4786 Urbis
2416 4724 2716 4802 principum
2742 4739 2796 4786 et
2826 4733 3237 4802 magistratuum
3262 4733 3442 4786 nomi-

1865 4821 2025 4875 nibus
2054 4837 2116 4874 ac
2148 4821 2330 4886 fastis;
2363 4829 2566 4888 quanto
2614 4820 2792 4890 regale
2834 4819 3035 4873 Christi
3080 4820 3446 4874 sacerdotium

1864 4927 1964 4982 per
1993 4912 2132 4965 beati
2160 4911 2304 4966 Petri
2339 4912 2520 4966 sedem
2565 4911 2616 4964 in
2647 4912 2780 4965 urbe
2814 4908 3055 4963 omnium
3101 4909 3316 4964 domina
3355 4912 3448 4966 de-

1868 5003 2104 5057 dicatum
2125 5011 2340 5072 superat
2362 5017 2542 5056 rerum
2568 5005 2921 5056 humanarum
2943 5001 3184 5069 subjecta
3208 4999 3445 5072 fastigia.

1869 5091 2042 5145 Velim
2074 5100 2308 5146 attamen
2337 5132 2352 5156 ,
2389 5100 2448 5142 ut
2480 5089 2830 5145 incitamento
2864 5089 2935 5142 sit
2969 5091 3281 5159 prmscripta
3318 5092 3452 5146 mihi
