3996 5412
212 252 314 311 I13

1417 246 1781 305 PRAEFATIO
1820 245 1910 301 AD
1945 245 2106 302 TOM.
2153 245 2237 303 III.

3358 246 3465 306 IN

221 368 467 438 l’igilitts,
491 369 699 423 natione
735 367 1019 431 Romanus,
1043 382 1106 421 ex
1132 376 1280 436 patre
1301 366 1507 421 Joanne
1537 367 1780 430 consule;
1814 371 1856 426 Α
1887 365 2087 420 scimus
2134 380 2201 421 ex
2252 362 2564 421 collectione
2612 366 2810 422 veteris
2856 366 3059 422 codicis
3118 366 3456 424 bibliothecae

209 460 487 530 Pelagius,
534 463 745 515 natione
794 461 1088 526 Romanus,
1129 477 1194 514 ex
1248 448 1395 529 patre
1463 455 1783 523 Vicariano;

207 545 527 619 Gregorius,
580 551 789 604 natione
846 549 1140 612 Romanus,
1183 566 1246 603 ex
1288 559 1436 619 patre
1484 546 1785 612 Gordiano;

206 639 469 694 .Vicolaas
514 638 602 707 II,
647 642 857 695 natione
907 640 1197 703 Romanus,
1235 657 1299 693 ex
1338 650 1486 709 patre
1517 634 1785 691 Theodoro

204 731 523 798 regionarie,
569 732 645 784 ita
685 741 740 785 et
783 728 1089 800 epigraphis
1138 739 1337 783 nostra:
1369 739 1557 783 auctor
1603 726 1783 781 consi-

200 822 479 886 gnandum
517 835 639 875 esse.
682 822 861 882 duxit,
915 818 1193 873 Nicolaum
1236 820 1442 872 tertium
1483 818 1644 887 fuisse
1691 834 1783 871 ua-

201 907 343 961 tione
382 907 702 971 Romanum,
733 924 799 961 ex
826 919 971 978 patre
992 908 1192 960 domini
1234 907 1467 959 Μαιηιωὶ
1503 907 1586 959 cui
1622 904 1783 958 Rubei

198 1011 471 1066 agnomen
503 997 928 1065 superaddittun,
970 996 1034 1048 de
1076 996 1231 1047 domo
1263 991 1592 1047 Ursinorum.
1640 991 1784 1047 Scri-

198 1095 412 1152 pseram
443 1097 638 1138 veteres
672 1085 753 1137 illi
777 1086 840 1138 tle
868 1083 1041 1137 Felice
1069 1095 1257 1154 quarto
1280 1098 1297 1135 :
1334 1082 1431 1136 Hic
1466 1085 1583 1153 fecit
1611 1083 1784 1137 basili-

200 1191 317 1226 eam
344 1186 650 1228 sanctorum
697 1172 897 1228 Cosma:
924 1176 984 1226 et
1018 1172 1283 1235 Dantiani,
1318 1181 1366 1225 et
1408 1171 1675 1224 basilicam
1717 1170 1777 1226 S.

200 1261 480 1318 Saturnini
504 1283 535 1318 a
559 1265 672 1319 solo
702 1265 894 1333 refecit,
919 1274 972 1317 et
1001 1264 1065 1318 de
1093 1260 1271 1316 Leone
1298 1262 1362 1316 Ill
1389 1263 1620 1317 civitatis
1648 1263 1781 1317 Leo-

200 1357 342 1408 ninte
391 1356 460 1409 ab
502 1372 568 1410 eo
636 1357 993 1410 denominata:
1053 1354 1261 1425 [utpote
1317 1353 1616 1425 conditore]
1663 1370 1779 1409 me-

198 1455 377 1499 morat
414 1447 645 1498 secundo
688 1462 827 1499 anno
863 1445 945 1498 sui
986 1444 1321 1516 pontiﬁcatus
1358 1443 1645 1515 [sectiones
1684 1443 1775 1515 '55]

197 1538 408 1604 cepisse
431 1547 765 1600 construere;
798 1545 943 1589 sexto
978 1545 1150 1588 autem
1187 1550 1325 1588 anno
1359 1535 1557 1602 magnis
1590 1552 1651 1588 ac
1683 1536 1779 1589 nti-

198 1626 451 1679 rabilt'bus
480 1626 699 1693 fabricis
724 1642 852 1695 opus
880 1641 1284 1679 consummasse.
1318 1625 1395 1678 Ita
1421 1634 1474 1679 et
1504 1627 1774 1680 recentior

1890 450 2240 508 Einsildeusis
2270 453 2320 507 in
2352 465 2495 509 tomo
2519 465 2711 524 quarto
2736 455 3112 510 Aualectorum
3142 455 3458 522 Mabillonli,

1886 552 1938 597 et
1970 541 2194 598 eruditis
2223 546 2273 598 in
2322 546 2567 599 eamdem
2613 546 2984 600 collectionem
3029 546 3187 601 notis.
3234 545 3462 601 Pateba’.

1888 631 2049 701 igitur
2075 649 2229 702 seges
2260 651 2362 687 non
2397 635 2602 688 modica
2636 637 3073 688 documentorum
3104 634 3458 703 scriptoribus

1886 723 2248 789 prosecuturis
2280 724 2550 793 catalogos
2579 741 2641 778 ac
2681 725 2832 779 Vitas
2876 740 3207 778 summorum
3238 725 3454 794 pontiﬁ-

1884 828 2037 877 cum,
2078 813 2203 866 dum
2248 814 2643 883 perlustrahant
2686 813 2946 882 ejusmodi
2980 814 3178 880 titulos,
3228 824 3285 869 ut
3330 816 3454 870 inde

1883 900 2196 971 colligerent
2246 919 2340 955 sua
2396 902 2688 973 spicilegia.
2743 903 2907 957 Multo
2952 914 3129 958 autem
3190 904 3457 973 pleniores

1883 993 2057 1047 fontes
2081 993 2317 1047 his:ori:e
2346 994 2450 1048 illis
2470 1012 2583 1063 ape:
2602 995 2850 1048 iebantur
2875 996 2926 1048 in
2950 996 3259 1049 eorumdem
3286 996 3461 1063 ponti:

1883 1082 2041 1136 ﬁcum
2069 1082 2328 1150 epistolis,
2352 1093 2406 1138 et
2433 1084 2781 1138 coaciliorum
2812 1085 2980 1146 Artis,
3007 1084 3081 1137 uti
3111 1083 3454 1137 observatum

1875 1172 1986 1243 jam
2023 1173 2227 1243 pridem
2268 1173 2364 1226 fuit
2396 1175 2447 1228 in
2492 1173 2899 1244 prtufatiouibus
2945 1174 3103 1244 primi
3134 1188 3197 1228 ac
3234 1174 3453 1229 secundi

1883 1262 2010 1316 tomi
2041 1272 2237 1317 nostrte
2263 1263 2531 1319 editionis.

1949 1351 2001 1405 6.
2051 1351 2144 1405 Ilis
2193 1361 2371 1406 autem
2422 1353 2660 1408 breviter
2706 1354 2973 1418 indicatis,
3024 1355 3302 1425 prmterire
3345 1369 3453 1410 non

1880 1440 2046 1495 debeo
2075 1441 2302 1495 alterum
2346 1451 2505 1510 caput
2535 1442 2977 1499 documentorum
3028 1445 3453 1515 compendiario-

1878 1544 2018 1593 rum,
2046 1546 2163 1599 qua:
2189 1546 2292 1584 non
2328 1530 2483 1585 modo
2514 1534 2800 1600 praeteritis
2842 1534 3089 1588 uitalibus
3115 1535 3449 1603 usurpaban-

1878 1625 1981 1681 tur,
2010 1619 2106 1673 sed
2135 1619 2296 1673 etiam
2327 1620 2427 1673 hac
2454 1629 2636 1674 nostra
2672 1622 2955 1691 vigentrct
2992 1623 3230 1677 referunt
3271 1625 3448 1678 brevi-

196 1712 405 1769 Nicolai
450 1716 601 1768 tertii
641 1715 892 1769 laudator
920 1716 1034 1782 ﬁeri
1079 1715 1218 1783 fecit,
1266 1714 1462 1783 inquit,
1501 1708 1698 1783 palatia
1727 1726 1773 1768 et
1809 1699 1851 1757 Β
1880 1718 2040 1765 tatem
2056 1711 2369 1766 etordiucm
2385 1712 2747 1782 catalogorum
2776 1722 2830 1767 et
2858 1714 3293 1785 biographorum.
3309 1714 3444 1771 Nam

194 1804 377 1856 aulam
403 1806 638 1874 majora,
675 1816 724 1858 et
757 1805 1032 1873 capellam,
1066 1814 1113 1858 et
1155 1803 1290 1858 alias
1318 1805 1498 1858 domos
1537 1806 1777 1876 antiquas

192 1892 532 1963 ampliﬁcavit
579 1894 915 1963 pontiﬁcatus
946 1894 1028 1946 sui
1054 1909 1191 1946 anno
1222 1893 1416 1962 primo,
1441 1901 1489 1945 et
1530 1911 1667 1946 anno
1691 1910 1772 1947 se-

188 1985 368 2038 cumlo
404 1964 743 2054 pontiﬁcatus
782 1985 862 2038 sui
888 1984 1003 2052 ﬁeri
1035 1984 1155 2052 fecit
1196 1995 1241 2037 et
1283 1984 1563 2037 circuitum
1600 2000 1775 2037 muro-

191 2088 313 2126 rem
365 2075 587 2142 pomerii
634 2076 812 2144 lmjus.
860 2075 1098 2143 Apparet
1154 2073 1316 2141 igitur
1359 2074 1490 2127 satis
1542 2074 1773 2143 viguisse

188 2162 439 2230 pluribus
487 2164 652 2218 etiam
700 2164 939 2227 sa'culis.
980 2173 1102 2234 post
1139 2173 1424 2231 utrumque
1468 2163 1771 2233 catalogum

186 2252 541 2310 Liberianum
568 2266 627 2309 et
650 2256 971 2310 Felicianum
1017 2270 1137 2309 sero
1176 2256 1479 2309 consecutis
1522 2255 1770 2308 inuitatio-

182 2359 311 2397 nem
376 2346 500 2416 styli
566 2346 764 2400 veteris
832 2346 1192 2413 catalogorum
1241 2354 1294 2399 et
1354 2345 1768 2412 biographorum

185 2435 336 2488 sedis
362 2434 697 2505 apostoliem,
737 2436 957 2505 perinde
989 2435 1368 2489 annotantihus
1408 2434 1657 2502 patriam,
1706 2447 1769 2485 ac

182 2534 399 2592 patrem
444 2524 757 2594 pontiﬁcum
802 2525 1153 2595 singulorum,
1199 2532 1253 2577 et
1288 2539 1553 2577 summam
1587 2532 1763 2593 gesto-

185 2632 335 2680 rum,
358 2615 813 2686 quemadmodum
838 2616 890 2668 in
923 2615 1198 2668 matutinis
1222 2614 1539 2667 lectionibus
1564 2621 1768 2665 sancto-

182 2722 305 2759 rum
337 2705 661 2773 pontiﬁcum
691 2706 914 2761 recitare
959 2717 1313 2759 consueverat
1352 2703 1625 2758 Romanus
1653 2703 1765 2757 cle-

183 2812 296 2849 rus.
347 2794 483 2848 Mihi
526 2806 705 2849 autem
736 2794 892 2849 facile
934 2810 1250 2864 persuasum
1281 2802 1364 2849 est
1391 2794 1459 2847 ab
1490 2794 1668 2863 aliquo
1697 2809 1763 2847 ex

178 2882 331 2937 clero
373 2885 645 2954 ejusmodi
684 2886 1001 2939 lectionibus
1047 2893 1261 2940 assueto
1302 2886 1556 2938 dictatam
1600 2883 1764 2938 fuisse

181 2973 392 3028 Nicolai
446 2977 590 3028 tertii
634 2990 792 3045 quam
824 2975 1104 3029 retulimus
1150 2975 1572 3044 inscriptionem.
1610 2973 1764 3029 Unde

1876 1799 1931 1853 in
1963 1798 2151 1853 funere
2183 1799 2409 1854 Romani
2439 1804 2710 1870 pontitlcis
2738 1806 2975 1859 curando
3006 1807 3201 1861 medici
3234 1818 3287 1861 et
3332 1806 3447 1862 cbi—

1876 1889 2047 1958 rnrgi,
2078 1889 2169 1957 qui
2198 1888 2439 1946 defuncti
2469 1892 2702 1947 cadaver
2725 1908 2755 1947 a
2786 1894 3156 1950 sacerdotibus
3182 1896 3447 1965 poeniten-

1875 1979 2050 2034 tiariis
2081 1980 2317 2035 basilica:
2350 1980 2618 2038 Vaticana:
2647 1983 2837 2049 lotum,
2875 1985 3116 2040 balsamo
3152 1995 3209 2041 et.
3236 2002 3448 2041 aroma-

1874 2068 2017 2123 tibus
2066 2071 2428 2125 condiendum
2481 2074 2821 2143 suscipiunt,
2861 2074 2935 2129 ita
2994 2084 3349 2145 praeparatum
3389 2086 3445 2130 et

1872 2168 2159 2230 purgatum
2220 2161 2393 2216 sacris
2440 2163 2707 2219 ministris
2752 2165 3003 2231 tradunt,
3049 2166 3446 2236 pontiﬁcalibus

1871 2247 2200 2303 indumentis
2221 2251 2521 2305 ornandum
2549 2270 2561 2305 :
2592 2253 2733 2321 quod
2768 2254 2994 2308 subinde
3021 2270 3051 2308 a
3083 2255 3361 2310 canonicis
3389 2264 3446 2310 et

1870 2339 2015 2393 clero
2065 2338 2322 2395 Vaticano
2356 2340 2591 2396 delatum
2634 2344 2700 2397 ad
2747 2345 3035 2413 exsequias
3078 2345 3444 2399 novemdiales

1869 2429 1936 2483 de
1966 2444 2113 2483 more
2155 2430 2560 2499 persolvendas,
2600 2442 2885 2503 postquam
2917 2434 3091 2489 triduo
3138 2435 3438 2505 expositum

1866 2520 1954 2588 pio
1993 2520 2169 2573 studio
2215 2522 2393 2589 populi
2441 2527 2804 2589 accurrentis,
2853 2536 2909 2580 et
2949 2526 3131 2580 oscula
3185 2541 3437 2595 suprema

1866 2610 2090 2679 pedibus
2122 2611 2218 2664 viri
2248 2613 2525 2681 aposmli'ci
2568 2615 2946 2670 venerabiliter
2984 2615 3200 2670 Iibantis
3243 2616 3436 2684 p‘ttuit,

1865 2701 2141 2755 includunt
2169 2717 2306 2757 arcte
2331 2705 2653 2773 cupressinze
2679 2723 2693 2759 :
2723 2706 2809 2760 cui
2837 2705 2993 2760 aliam
3022 2721 3236 2774 capsum
3269 2705 3439 2775 plum-

1864 2789 2019 2843 beam
2046 2792 2486 2861 superinducunt.
2517 2794 2573 2848 In
2607 2793 2765 2863 hujus
2805 2805 2984 2850 autem
3026 2794 3279 2864 Operculo
3309 2796 3435 2849 bre-

1864 2895 1982 2932 vem
2010 2881 2335 2951 epigraphen
2363 2884 2850 2953 disponunt,:eneis
2875 2884 3071 2939 litteris
3099 2883 3438 2939 exstantibus

1864 2979 2214 3036 compactam,
2245 2987 2470 3039 quarum
2505 2972 2725 3042 singula;
2754 2973 2927 3026 acutis
2952 2972 3292 3043 processibus
3326 2971 3437 3025 cla-

177 3065 352 3117 etiam
378 3033 699 3135 intelligitur
737 3066 878 3134 ipsos
911 3073 1125 3120 veteres
1148 3033 1346 3128 titulos:
1370 3074 1424 3118 cl
1446 3065 1764 3135 epigraphcs
1790 3033 1834 3093 Ο
1864 3073 2052 3112 vocum
2087 3076 2234 3114 more
2279 3063 2682 3130 assurgentibus
2711 3033 3008 3131 inﬁguntur
3046 3070 3102 3115 Cl.
3128 3070 3274 3115 arcte
3320 3070 3434 3114 sta-

177 3170 412 3225 operum
459 3170 489 3207 a
535 3155 754 3208 summis
801 3154 1147 3223 pontiﬁcibus
1185 3162 1615 3208 constructoruut
1668 3162 1764 3208 aut

179 3252 591 3311 reparator-um,
617 3260 720 3296 non
750 3245 1031 3296 materiem
1070 3244 1246 3307 modo,
1276 3241 1370 3297 sed
1400 3243 1561 3296 etiam
1594 3243 1759 3297 verba

179 3332 521 3401 quandoque
546 3332 875 3386 ministrasse
904 3333 1154 3401 posteris,
1187 3330 1606 3401 producentibus
1635 3347 1761 3399 suos

176 3422 467 3490 catalogos
506 3431 560 3476 et
604 3422 867 3477 breviaria
913 3423 1153 3476 Vitarum
1199 3422 1266 3475 ad
1312 3422 1585 3491 propriam
1632 3433 1760 3478 tcta-

177 3520 315 3565 tem.

247 3599 306 3652 5.
368 3599 617 3654 Accessit
689 3602 998 3671 hiographis
1048 3610 1102 3655 et
1156 3602 1552 3658 breviatoribus
1614 3603 1757 3659 aliud

176 3692 616 3758 promptuariqu
643 3693 885 3760 proxime
920 3701 1040 3762 post
1064 3692 1359 3761 catalogum
1390 3693 1753 3761 Liberianum,

150 3780 327 3832 .unde
375 3789 621 3848 peterent
664 3781 768 3835 ﬁda
813 3791 867 3835 ct
898 3781 1107 3851 publica
1151 3783 1468 3837 documenta
1507 3786 1757 3854 compen-

173 3866 371 3920 diaria:
402 3866 768 3937 chronologiw,
798 3869 1132 3940 genealogite,
1154 3880 1205 3924 et
1240 3871 1472 3925 historice
1505 3873 1756 3927 uniuscu-

164 3957 376 4026 jusque
408 3958 694 4026 pontiﬁcis.
739 3960 870 4014 Nam
912 3962 1099 4017 beatus
1152 3963 1434 4027 Damasus,
1475 3965 1755 4033 proximus

171 4061 477 4100 successor
502 4045 714 4111 Liberii,
740 4065 857 4103 cum
887 4050 1130 4105 versibus
1156 4061 1445 4106 exornaret
1474 4052 1756 4122 plerasque

171 4139 485 4191 memorias
533 4151 819 4210 martyrum
870 4142 1205 4212 aliorumque
1251 4151 1582 4208 sanctorum,
1625 4145 1752 4213 quin

169 4228 343 4281 etiam
402 4229 733 4297 privatorum
788 4232 1024 4287 ﬁdelium
1079 4234 1288 4288 cineres
1345 4234 1416 4287 ita
1466 4235 1753 4304 aliquando

168 4318 598 4382 eondeeoraret,
622 4336 715 4390 pro
754 4338 814 4376 ea
845 4322 1108 4377 charitate
1135 4340 1237 4392 qua
1283 4324 1555 4392 piissimus
1590 4325 1753 4381 Pater

166 4408 616 4475 prosequebatur
672 4408 803 4464 ﬁlios
870 4408 1124 4463 Ecclesiae
1192 4411 1291 4463 sibi
1369 4413 1745 4479 concreditos,

166 4495 434 4563 exetnpla
480 4495 653 4549 intulit
695 4498 857 4552 moris
902 4498 1026 4551 inde
1066 4500 1397 4564 continuati,
1446 4504 1748 4571 opponendi

163 4586 394 4639 scilicet
422 4586 489 4637 ad
522 4584 754 4654 sepulcra
782 4603 1156 4641 successorum
1195 4590 1504 4657 pontiﬁcum
1539 4593 1751 4662 epigra-

164 4678 313 4746 phes
347 4685 530 4729 metro
569 4675 831 4746 alligatas,
862 4678 915 4730 in
955 4678 1149 4745 quibus
1192 4680 1502 4734 eorumdem
1546 4697 1751 4750 prtesu-

163 4764 279 4817 lum
327 4775 485 4835 gesta
515 4766 713 4834 potioni
740 4776 793 4820 et
824 4767 1169 4838 chronologia
1206 4769 1520 4840 plerumque
1546 4773 1751 4843 signiﬁ-

163 4862 392 4907 cantur.
441 4852 689 4922 Exempla
736 4854 1038 4922 huiusmodi
1098 4857 1450 4926 epigraphum
1501 4859 1751 4931 leguntur

165 4945 377 5012 passim
411 4943 464 4997 in
510 4942 720 5000 Baconii
764 4947 1087 5013 Annalibus,
1112 4957 1164 5002 et
1204 4952 1257 5002 in
1299 4952 1592 5018 appendice
1632 4955 1752 5007 the-

167 5040 317 5091 sauri
366 5038 707 5104 Gruteriani,
754 5056 963 5095 necnon
1010 5043 1061 5095 in
1111 5043 1469 5111 descriptione
1512 5046 1745 5101 basilica?

168 5123 449 5182 Vaticana:
478 5128 749 5184 Benedicti
795 5129 1074 5189 Canonici.
1101 5131 1244 5185 edita
1275 5146 1303 5183 a
1335 5130 1497 5188 Petro
1530 5135 1596 5189 de
1632 5137 1742 5191 An-

169 5219 323 5284 gelis.
370 5208 565 5274 [larum
611 5217 918 5287 complures
964 5219 1241 5290 descriptae
1273 5220 1545 5278 fuerunta
1578 5227 1743 5279 comi-

174 5317 283 5363 tatu
328 5307 505 5363 Caroli
550 5309 744 5378 Magni,
791 5307 922 5375 quin
951 5311 1109 5363 etiam
1140 5311 1206 5364 ab
1238 5311 1467 5379 ipsemet
1504 5313 1693 5369 Carolo
1723 5333 1736 5369 :

1867 3148 2197 3201 tuminautur
2237 3164 2357 3203 cum
2403 3151 2603 3220 plumbi
2655 3152 2882 3217 lamina,
2930 3169 2996 3207 ne
3041 3153 3293 3206 excidant
3334 3161 3429 3206 aut

1861 3237 2267 3305 perturbentur;
2298 3240 2390 3293 sed
2435 3240 2686 3295 distincte
2721 3256 2816 3311 per
2843 3257 2935 3296 eas
2974 3242 3185 3310 legatur
3213 3256 3431 3303 nomen,

1859 3326 2054 3394 patria,
2082 3335 2214 3381 tetas
2252 3336 2307 3381 et
2331 3330 2548 3397 epochte
2575 3330 2698 3385 vita:
2728 3346 2791 3384 ac
2823 3332 3168 3401 pontiﬁcatus
3193 3330 3431 3385 defuncti

1858 3415 2122 3483 praesulis.
2149 3416 2382 3482 Quartus
2407 3434 2566 3488 supra
2607 3421 3081 3491 quadragesimum
3117 3435 3289 3475 annus
3313 3418 3424 3488 jam

1860 3505 2056 3561 labitur
2082 3524 2147 3562 ex
2175 3524 2302 3577 quo,
2320 3511 2426 3564 Deo
2442 3511 2621 3575 dante,
2638 3512 2704 3565 ad
2722 3510 2918 3567 Urbem
2946 3512 3176 3566 feliciter
3200 3511 3424 3572 accessi,

1858 3595 2152 3650 Romanam
2198 3599 2510 3653 cathedram
2557 3600 2824 3656 insidente
2865 3600 3188 3655 venerabilis
3229 3613 3429 3653 memo-

1856 3687 1950 3740 ria:
1984 3688 2234 3756 pontiﬁce
2277 3687 2591 3746 Innocentio
2635 3690 2723 3755 XI,
2748 3705 2856 3761 quo
2881 3706 2946 3746 ex
2978 3690 3227 3745 humanis
3268 3687 3428 3743 rebus

1855 3786 2104 3845 exempto
2129 3778 2299 3845 pridie
2324 3778 2445 3834 ldus
2474 3781 2698 3851 Augusti
2742 3782 2894 3845 I689,
2928 3780 3082 3836 Ferit:
3106 3781 3272 3845 vt,-ad
3312 3778 3428 3846 ejus

1855 3882 2048 3935 corpus
2093 3869 2465 3924 includendum
2504 3882 2704 3941 paratae
2745 3874 3008 3943 plumbea:
3054 3888 3230 3943 capsae
3275 3886 3426 3940 opere

1854 3956 1975 4011 culo
2017 3957 2235 4011 inﬁxam
2287 3960 2393 4014 vidi
2448 3963 2613 4017 anteis
2646 3964 3050 4018 cbaracteribus
3088 3962 3427 4017 exstantibus

1856 4046 1994 4101 hanc
2022 4047 2442 4117 inscriptionem,
2470 4066 2628 4118 quam
2658 4052 2710 4106 in
2734 4050 3097 4120 Ephemeride
3119 4066 3214 4104 sua
3239 4048 3424 4103 retulit

1856 4151 2131 4191 sacrarum
2170 4140 2612 4217 caeremmtiarutn
2651 4142 2907 4211 magister
2944 4140 3249 4210 poutiﬁcius
3285 4138 3422 4193 Can-

1854 4226 2010 4282 didus
2064 4229 2299 4285 basilicas
2355 4229 2411 4285 S.
2447 4231 2628 4287 Maria:
2679 4231 3069 4288 Transtiberitn
3127 4230 3422 4286 canonicos

1853 4315 2096 4373 Cassiua.

2489 4500 2550 4555 D.
2592 4501 2663 4558 Ο.
2708 4502 2775 4555 Μ.

2128 4602 2485 4645 ιηκοεεκτιυε
2506 4607 2583 4644 ιι.
2613 4605 2873 4646 PONTIFEX
2917 4604 3152 4643 ιιΑκιωυε

2044 4671 2213 4710 ΔΝΤΕΛ
2247 4673 2569 4716 BENEDICTUS
2595 4675 2960 4714 ODESCALCIIUS
2986 4671 3237 4714 COHENSIS

2134 4739 2279 4780 OBIIT
2306 4743 2392 4781 DIE
2422 4745 2518 4782 XII.
2551 4744 2773 4785 AUGUSTI
2807 4741 3135 4782 IDCLVXXIX.

1898 4797 1903 4803 '
1947 4807 2158 4848 ιτλτιε
2187 4810 2303 4852 suae
2326 4811 2447 4850 ARN.
2479 4814 2698 4852 Lxxwu.
2734 4812 2888 4850 usus.
2918 4813 2977 4850 ιι.
3008 4810 3149 4850 DIEB.
3182 4809 3327 4849 utv.

2064 4876 2212 4920 VIXIT
2242 4882 2293 4922 IN
2320 4881 2669 4922 PONTIFICATU
2700 4881 2819 4919 ANN.
2846 4881 2940 4919 XII.
2973 4880 3126 4921 IIENS.
3154 4880 3205 4919 Χ.

2500 4950 2618 4988 DIES
2648 4950 2759 4987 XXI.

1918 5048 2257 5119 Exceperunt
2316 5043 2678 5100 venerabilem
2735 5044 2830 5098 Dei
2897 5060 3116 5102 servum
3186 5039 3420 5112 proximi

1844 5152 2186 5193 successores
2213 5136 2269 5191 S.
2295 5133 2364 5187 Μ.
2392 5131 2687 5186 Alexander
2724 5131 2887 5199 VIII,
2915 5133 3253 5192 Innocentius
3273 5125 3445 5191 XII...

1850 5228 2086 5283 Clemens
2115 5226 2219 5290 XI,
2262 5237 2488 5294 quorum
2538 5224 2588 5276 in
2628 5238 2714 5277 me
2743 5225 3113 5285 beneﬁcentia:
3155 5222 3215 5284 Si
3247 5219 3445 5273 vicem

1851 5314 2079 5370 reddere
2125 5313 2405 5368 scribendo
2455 5311 2620 5375 nitar,
2647 5328 2909 5382 arrogans
2951 5318 3111 5387 plane
3156 5319 3211 5365 et
3256 5317 3423 5375 supra
