3996 5412
566 303 667 357 “5

1310 303 1404 358 AD
1438 300 1877 358 ANASTASIUM
1915 299 2420 357 PROLEGOMENA
2459 301 2636 373 EDIT.
2680 299 3097 356 ROII.-VATIC.

3709 297 3811 352 “6

565 416 717 472 testis
762 415 1006 471 oculatus
1052 430 1327 479 asseram,
1374 417 1572 486 quippe
1623 414 1714 484 qui
1757 430 1785 468 a
1824 413 2136 468 domesticis
2164 419 2209 475 Α
2239 416 2602 488 parochialem
2648 414 2746 471 SS.
2776 415 3043 470 Vincentii
3073 424 3127 469 et
3153 412 3459 478 Anastasii,
3505 411 3597 466 ubi
3648 427 3813 482 prope

562 504 838 575 obsequiis
880 503 1169 559 Alexandri
1217 514 1271 558 et
1315 504 1609 559 Clementis
1652 504 1889 573 ipsorum
1942 501 2134 572 digna-

564 596 711 651 tione
753 595 1009 657 delectus.
1060 596 1330 666 supremis
1375 596 1427 650 in
1462 611 1556 650 eos
1584 594 1772 649 officiis
1814 594 2000 649 deesse
2029 608 2135 646 non

565 688 743 743 debui.
786 687 940 742 Addo
978 687 1162 758 igitur,
1191 696 1388 758 praeter
1415 686 1744 757 epigraphen
1777 685 1923 738 illam
1965 682 2138 754 plum-

561 774 668 831 beo
693 775 868 830 loculo
900 773 1142 841 inﬁxam,
1178 775 1506 845 peculiarem
1541 774 1766 828 alteram
1797 788 1863 827 ex
1894 786 2033 826 aerea
2062 771 2140 824 la-

564 866 710 922 mina
743 866 1005 921 inclusam
1034 864 1200 921 fuisse
1229 864 1522 920 Alexandri
1554 862 1829 934 pontificis
1871 876 2044 932 capsae
2069 860 2139 914 ab

563 956 991 1011 eminentissimo
1016 970 1081 1010 ac
1108 954 1556 1009 reverendissimo
1580 961 1774 1021 nepote
1798 950 1960 1005 Petro
1982 949 2135 1006 card.

553 1046 870 1116 ,Ottbobono
896 1045 955 1101 S.
983 1046 1050 1099 Β.
1077 1046 1138 1100 Ε.
1166 1042 1631 1109 vicecancellario,
1660 1056 1807 1096 nunc
1829 1040 1997 1094 etiam
2024 1038 2139 1108 epi-

563 1153 729 1209 scopo
765 1136 1073 1203 Sabinensi,
1115 1136 1241 1191 dum
1290 1135 1467 1205 magni
1515 1134 1693 1205 patrui
1734 1133 1937 1204 optime
1966 1132 2033 1187 de
2079 1145 2143 1187 se

563 1230 747 1284 meriti
792 1243 987 1298 corpus
1028 1225 1346 1283 transferret
1375 1226 1444 1281 ad
1473 1225 1662 1281 cellam
1710 1222 1980 1294 magniﬁci
2027 1237 2140 1276 mo-

567 1321 844 1386 numenti,
888 1319 1041 1390 regio
1090 1326 1304 1387 sumptu
1348 1332 1379 1371 a
1409 1330 1467 1371 se
1506 1314 1761 1379 excitati,
1807 1312 1950 1384 quod
2000 1311 2145 1365 inter

566 1413 839 1484 prcecipua
882 1411 1116 1467 basilica:
1140 1409 1413 1465 Vaticanae
1447 1414 1766 1463 ornamenta
1794 1403 2136 1475 suspicimus.

568 1505 628 1559 In
676 1502 767 1558 illa
807 1501 1011 1572 pariter
1059 1500 1255 1555 tabella
1301 1513 1451 1553 :enea
1478 1504 1724 1551 veterum
1774 1493 2141 1563 catalogorum

568 1593 867 1651 moderatio
890 1599 1102 1648 servata
1129 1598 1232 1654 est,
1262 1587 1500 1644 breviter
1529 1585 1773 1640 indicans
1801 1598 2021 1647 nomen,
2053 1597 2146 1653 pa-

569 1683 753 1747 triam,
779 1696 965 1753 genus,
998 1690 1053 1736 et
1078 1678 1378 1750 praecipuas
1402 1675 1525 1729 vitae
1551 1690 1616 1729 ac
1644 1688 1926 1727 munerum
1956 1672 2010 1726 in
2039 1671 2143 1726 Ro-

569 1786 729 1826 mana
755 1771 995 1827 Ecclesia
1024 1769 1092 1824 ab
1115 1768 1305 1824 eodem
1332 1764 1586 1836 pontiﬁce
1609 1772 1882 1836 gestorum
1911 1762 2144 1833 epocbas
2173 1768 2222 1828 Β

571 1860 648 1916 ita
684 1860 994 1932 complexa,
1046 1857 1266 1928 praeﬁxo
1314 1854 1606 1912 Dominicte
1659 1852 1837 1909 crucis
1890 1852 2044 1922 signo
2081 1850 2148 1906 de

572 1965 749 2006 more.

1331 2057 1374 2130 ἰ’

1182 2173 1246 2226 D.
1322 2172 1386 2227 0.
1464 2171 1533 2225 M.

950 2301 1263 2341 ALEXANDRO
1297 2300 1414 2339 VIII.
1458 2300 1615 2339 PONT.
1657 2299 1786 2338 IAX.

859 2368 1032 2411 PETRO
1076 2370 1393 2410 OTTIIOBONO
1445 2370 1604 2410 NARCI
1657 2365 1869 2416 ερυιτιε

813 2441 1039 2481 ΥΕΝΕΤΕ
1079 2441 1220 2479 BEIP.
1266 2440 1428 2480 MAGNI
1480 2439 1731 2479 CANCELL.
1774 2436 1914 2476 FILIO

893 2512 966 2549 EX
999 2511 1255 2551 VICTORIA
1309 2509 1574 2563 τοιιΝιξιΑ
1609 2507 1835 2548 ϐΟΝῑυϐΕ

852 2580 1102 2620 VENETIIS
1138 2578 1279 2618 NA'I'O
1315 2579 1449 2617 XXII.
1489 2579 1664 2617 APRIL.
1706 2577 1870 2617 IIDCX.

818 2649 981 2689 INTER
1030 2647 1354 2688 CARDINALES
1389 2647 1666 2687 COOP'I'A'I'O
1712 2645 1914 2685 ιοειιι.

960 2718 1030 2756 AD
1066 2717 1318 2756 BOIIANAII
1357 2716 1525 2755 SEDEI
1569 2715 1777 2755 EVEC'I‘O

853 2787 996 2825 PRID.
1038 2786 1204 2825 NONAS
1240 2784 1463 2825 OCTOBII.
1509 2783 1898 2825 “DCLXXXVIIII.

1047 2856 1099 2893 IN
1129 2855 1354 2895 CIIIlIS'I'O
1386 2854 1698 2902 QUIESCENTI

1004 2924 1124 2964 ιλιι.
1188 2925 1339 2963 FEBR.
1402 2924 1726 2964 NDCLXXXXI.

957 2994 1159 3035 PETRUS
1213 2994 1371 3033 εΑιιυ.
1433 2994 1502 3033 01'
1511 2992 1787 3032 TIIOBONUS

867 3064 912 3104 S.
950 3064 1002 3103 Β.
1041 3065 1091 3102 Ε.
1133 3064 1409 3103 VICECANC.
1448 3062 1675 3103 FRATRIS
1711 3060 1873 3100 NEPOS

935 3133 1143 3173 PATRUO
1169 3133 1344 3173 MAGNO
1368 3132 1566 3171 0PTIIIO
1595 3130 1823 3170 PRINCIPI

987 3204 1175 3242 POSﬁI'I‘
1223 3203 1361 3242 ANNO
1402 3202 1564 3242 IUBIL.
1618 3200 1775 3239 IIDCC.

656 3324 917 3381 Clementi
946 3338 1077 3380 vero
1106 3322 1173 3378 XI
1208 3320 1670 3378 eminentissimus
1691 3334 1755 3374 ac
1776 3315 2163 3374 reverendissi-

591 3430 713 3471 mus
735 3414 798 3469 D.
823 3413 1052 3468 Annibal
1080 3414 1230 3468 card.
1263 3412 1505 3467 Albanus
1546 3410 1603 3465 S.
1640 3410 1708 3464 Β.
1740 3409 1800 3464 Ε.
1831 3407 2168 3463 camerarius

593 3506 650 3562 in
676 3505 937 3576 hypogaeo
988 3503 1141 3558 ebori
1188 3503 1423 3559 basilica
1450 3502 1752 3564 Vaticante,
1783 3498 1922 3569 quod
1964 3497 2166 3552 solum-

597 3596 756 3651 modo
784 3595 958 3665 patuit
983 3594 1209 3650 industri
1244 3593 1359 3662 ejus
1408 3594 1596 3665 pietati
1644 3593 1710 3646 ad
1740 3588 2039 3645 ornandum
2069 3602 2166 3655 pro

596 3686 857 3756 dignitate
886 3699 951 3739 ac
974 3685 1152 3740 studio
1179 3685 1312 3738 tanti
1342 3682 1611 3754 pontiﬁcis
1640 3679 1919 3741 tumulum,
1952 3684 2169 3731 vetante

594 3775 716 3848 ipso
745 3791 813 3831 ne
840 3775 1008 3831 moles
1046 3776 1329 3845 magniﬁca
1366 3775 1467 3829 sibi
1500 3774 1784 3829 demortuo
1814 3768 2166 3833 excitaretur,

596 3874 795 3938 praeter
813 3866 1219 3934 inscriptionem
1243 3880 1381 3919 arca:
1407 3864 1638 3933 plumbae
1667 3862 1732 3917 de
1756 3875 1905 3915 more
1930 3857 2167 3921 afﬁxam,

599 3956 818 4011 brevem
845 3956 987 4009 hanc
1034 3963 1090 4011 et
1129 3954 1337 4024 antiqui
1388 3953 1556 4009 moris
1609 3950 1803 4007 tabulae
1853 3961 2173 4004 marmorea:

603 4046 1018 4102 commendavit.

1013 4195 1281 4236 CLEMENTI
1313 4194 1390 4233 XI.
1429 4193 1587 4234 PONT.
1620 4192 1747 4230 ΕΛΚ.

969 4262 1116 4304 οιιιι.
1166 4264 1221 4304 ιο
1264 4262 1551 4303 ΡιιΑΝοιςεο
1609 4260 1808 4301 Διωκο

1192 4333 1383 4374 οΑῐιοιιι
1426 4332 1585 4371 ιιΊιιο.

840 4402 1063 4444 ΑκΝὶΒΑῘι
1096 4402 1255 4441 CARD.
1303 4401 1535 4440 ALBANUS
1564 4400 1609 4438 5.
1657 4399 1710 4435 ιι.
1752 4398 1803 4436 Ε.
1840 4396 1965 4435 ωλι.

964 4470 1035 4509 ΕΤ
1061 4470 1241 4510 VATIC.
1274 4470 1528 4510 ηΑδιιιωΕ
1559 4467 1804 4506 Λιιωιιῐιιι.

945 4539 1160 4578 ῬΑτιιυο
1226 4536 1649 4578 Βιδεςιεεκτιεει
1657 4536 1727 4575 MO
1783 4536 1832 4573 P.

1088 4607 1224 4647 ANNO
1254 4608 1369 4649 SAL.
1408 4606 1684 4647 “DCCIIII.

662 4723 942 4783 Ponuntur
962 4730 1017 4778 et
1038 4722 1500 4793 alitebrevissimte
1522 4721 1900 4791 inscriptiones
1921 4716 2181 4774 Romanis

607 4817 956 4889 pontiﬁcibus
1001 4830 1313 4884 supremum
1355 4816 1496 4870 diem
1526 4815 1580 4869 in
1609 4812 1754 4868 Urbe
1784 4810 2179 4875 claudentibus,

608 4907 828 4980 quando
855 4920 1042 4961 eorum
1073 4903 1369 4971 praecordia
1393 4903 1445 4957 in
1479 4902 1719 4958 curando
1760 4909 1815 4956 et
1850 4899 2185 4954 aromatibus

610 4996 914 5056 condiendo
944 4994 1205 5050 cadavere
1225 5009 1256 5049 e
1276 5009 1501 5064 corpore
1530 5001 1778 5064 exempta
1807 4992 1859 5047 in
1888 5002 2045 5047 sacro
2067 4989 2186 5044 loco

609 5083 910 5132 honoriﬁce
932 5083 1321 5132 reconduntur.
1354 5084 1410 5132 Si
1441 5084 1585 5132 enim
1611 5084 1663 5132 in
1692 5082 1890 5132 nalalio
1922 5079 2186 5132 Vaticano

2241 522 2390 561 aram
2423 508 2711 561 maximam
2761 520 2827 559 ex
2869 505 3040 559 latere
3088 502 3360 574 Evangelii
3404 502 3461 557 in
3504 500 3814 570 pavimento

2241 603 2632 666 reconduntur,
2663 598 2999 655 brevissimis
3019 595 3462 667 inscriptionibus
3489 609 3522 650 e
3544 606 3814 647 marmore

2240 693 2506 763 impositis
2556 693 2607 745 in
2661 693 2802 746 banc
2839 690 3181 752 sententiam,
3217 701 3446 759 quarum
3486 685 3624 740 duas
3663 692 3813 737 tran-

2241 782 2473 838 scribam
2500 796 2531 837 e
2559 781 2802 852 pluribus
2833 780 2906 835 ibi
2936 778 3196 850 legendis.

2850 1012 3182 1053 PBECORDIA.

2726 1084 3025 1123 CLEMENTIS
3071 1084 3124 1121 X.
3177 1083 3226 1121 I'.
3269 1083 3330 1122 Ι.

2772 1154 2918 1193 οιιιιτ
2949 1155 3002 1192 IN
3031 1153 3302 1200 ουιιιιΝΛιι

2665 1225 2752 1263 816
2782 1223 2916 1262 XXII.
2947 1223 3084 1263 IULII
3115 1220 3404 1262 IDCLXXVI.

2901 1350 2953 1387 ι).
2993 1350 3046 1388 0.
3090 1348 3147 1388 II.

2849 1418 3177 1457 PRECOIIDIA.

2727 1489 3029 1529 HINOCEN'I’II
3070 1488 3167 1526 XIII
3205 1488 3255 1525 Ρ.
3296 1485 3357 1525 Ι.

2765 1560 2910 1600 OBIIT
2940 1559 2990 1596 IN
3019 1556 3290 1604 QUIIIINALI

2666 1632 2754 1670 ιιε
2780 1630 2876 1668 νη.
2910 1628 3074 1666 IIART.
3119 1624 3405 1666 IDCCXXIV.

2323 1753 2374 1806 '7.
2411 1750 2668 1807 Videmus
2712 1748 2912 1817 itaque,
2945 1760 3121 1816 neque
3152 1744 3205 1799 in
3233 1742 3434 1797 Liberii
3464 1740 3699 1807 seculo,
3723 1757 3822 1799 ne-

2252 1862 2358 1917 que
2383 1846 2436 1900 in
2477 1843 2669 1898 Felicis
2696 1841 2873 1912 quarti
2915 1847 3075 1893 aetate
3120 1834 3567 1891 consuetudinem
3597 1832 3824 1888 desiisse

2256 1938 2453 2010 stylum
2479 1934 2850 2003 catalogorum
2873 1928 3120 1985 servandi
3148 1928 3202 1983 in
3232 1925 3484 1982 brevibus
3504 1939 3571 1980 ac
3597 1923 3825 1994 publicis

2253 2026 2556 2098 huiusmodi
2589 2022 2982 2087 monumentis;
3009 2021 3103 2075 sed
3128 2019 3276 2073 illum
3302 2016 3470 2072 fuisse
3495 2016 3549 2072 in
3577 2014 3821 2070 Romana

2253 2119 2491 2176 Ecclesia
2539 2122 2853 2173 constanter
2895 2113 2962 2167 ad
3009 2126 3106 2166 nos
3132 2106 3506 2164 transmissum
3544 2104 3746 2175 partim
3770 2104 3824 2158 in

2256 2212 2432 2267 sacris
2458 2208 2745 2281 diptycbis,
2772 2205 2968 2275 partim
2990 2203 3044 2257 in
3070 2199 3326 2270 catalogis
3347 2207 3402 2252 et
3416 2196 3705 2253 breviariis
3732 2192 3825 2249 Vi-

2256 2316 2433 2360 tarum
2462 2343 2476 2369 ,
2534 2313 2742 2355 necnon
2774 2297 2827 2350 in
2856 2293 3175 2350 marmoreis
3206 2289 3403 2345 tabulis
3439 2294 3495 2342 et
3539 2282 3828 2341 metallicis

2254 2408 2428 2466 usque
2452 2392 2517 2446 ad
2541 2399 2778 2445 nostram
2806 2393 3043 2444 aetatem.
3070 2383 3141 2436 ita
3177 2391 3237 2436 ut
3264 2388 3440 2435 ratum
3468 2377 3613 2447 apud
3640 2386 3831 2432 omnes

2255 2485 2441 2542 haberi
2475 2483 2685 2546 debeat,
2716 2485 2965 2534 constare
2990 2475 3147 2530 ﬁdem
3169 2471 3533 2540 cbronologia:
3558 2484 3625 2524 ac
3658 2468 3830 2527 histo-

2258 2580 2353 2634 riae
2378 2576 2690 2648 pontiﬁcum
2713 2571 3076 2625 Romanorum
3096 2566 3182 2619 bis
3202 2564 3363 2619 etiam
3379 2577 3446 2617 ex
3467 2557 3830 2628 documentis,

2256 2646 2676 2740 post—catalogos
2702 2659 2902 2714 Liberii
2932 2667 2987 2712 et
3032 2655 3226 2710 Felicis
3258 2652 3438 2722 quarti
3468 2659 3633 2705 aetate
3664 2646 3831 2706 collo-

2258 2739 2392 2819 ctos,
2428 2770 2494 2809 ex
2520 2748 2878 2808 monumentis
2925 2762 3029 2801 non
3058 2743 3405 2801 dissimilibus
3433 2739 3833 2809 diptycborum,

2260 2846 2692 2917 inscriptionum,
2720 2850 2775 2896 et
2812 2838 3068 2892 Actorum
3101 2835 3313 2905 publice
3334 2833 3699 2901 signatorum,
3727 2835 3834 2884 tam

2258 2940 2369 2993 vita
2408 2915 2595 2991 eorum
2634 2938 2919 2988 constante
2964 2928 3017 2981 in
3048 2923 3311 2987 conciliis,
3356 2915 3832 2979 ordinationibus,

2259 3024 2687 3085 dedicationibus
2701 3021 2973 3090 gestisque
2992 3014 3232 3087 pluribus
3246 3013 3297 3066 in
3313 3007 3652 3081 pontiﬁcatu,
3670 3014 3831 3074 quam

2183 3142 2227 3202 ρ
2260 3122 2497 3192 ipsorum
2526 3117 2579 3170 in
2611 3114 2798 3167 funere
2826 3126 2888 3164 ac
2918 3104 3288 3162 tumulatione.

2334 3210 2386 3263 8.
2422 3208 2588 3261 Erant
2618 3204 2778 3274 igitur
2816 3200 2868 3253 in
2920 3194 3231 3267 prmfatione
3284 3187 3610 3258 attingenda:
3650 3183 3836 3253 hujus-

2265 3300 2408 3355 modi
2441 3292 2855 3352 consuetudines
2894 3287 3036 3357 apud
3068 3301 3164 3339 nos
3196 3284 3435 3352 vigentes
3459 3320 3473 3343 ,
3511 3294 3634 3349 quae
3676 3290 3839 3348 gene-

2266 3388 2427 3443 ratim
2485 3384 2714 3455 probant
2769 3377 3004 3448 origines
3052 3389 3115 3429 ac
3165 3372 3337 3426 fontes
3393 3365 3670 3423 consecuti
3716 3375 3841 3434 ope.

2267 3479 2345 3533 ris
2383 3453 2723 3531 Anastasiani
2773 3476 2894 3539 post
2939 3466 3210 3536 duplicem
3252 3459 3554 3529 catalogum
3605 3457 3709 3511 sub
3760 3453 3844 3509 Li-

2268 3570 2419 3626 berio
2452 3576 2505 3622 et
2534 3564 2712 3619 Felice
2737 3560 2805 3615 IV'
2843 3560 3066 3619 editum,
3109 3570 3231 3610 cum
3275 3552 3509 3607 iudicent
3537 3548 3689 3619 pium
3718 3543 3840 3600 offl-

2270 3662 2414 3717 cium
2459 3672 2563 3712 non
2596 3652 2958 3709 intermissum
3007 3646 3251 3717 signanzli
3283 3657 3474 3698 nomen
3498 3681 3511 3703 ,
3545 3652 3750 3709 genus,
3781 3650 3844 3689 ac

2272 3758 2512 3820 tempora
2534 3743 2865 3814 singulorum
2895 3738 3037 3793 beati
3078 3735 3221 3791 Petri
3248 3730 3517 3787 cathedra:
3559 3740 3843 3783 successo-

2271 3815 2412 3894 rum'.
2428 3832 2759 3895 Generatim,
2792 3830 3028 3899 inquam,
3058 3823 3301 3896 praefatio
3340 3828 3525 3875 nostra
3555 3815 3745 3873 debuit
3768 3821 3846 3870 at-

2275 3932 2483 3999 tingere
2511 3926 2608 3979 bas
2633 3919 3000 3992 probationes,
3035 3931 3155 3970 nam
3181 3921 3372 3968 cretera
3400 3907 3695 3980 peculiaria
3729 3918 3848 3974 qua

2277 3996 2587 4089 singillatim
2659 4013 3029 4067 demonstrant
3100 4001 3518 4071 uniuscujusque
3575 3996 3847 4070 pontiﬁcis

2277 4110 2623 4165 characteres
2671 4099 3120 4168 cbronologicos,
3168 4102 3223 4150 et
3252 4093 3518 4164 potiorum
3569 4097 3848 4161 gestorum

2280 4198 2657 4260 indicationes,
2686 4193 2772 4247 illa
2796 4197 3139 4246 reservantur
3162 4185 3305 4241 notis
3338 4186 3404 4239 ad
3446 4182 3720 4237 sectiones
3741 4180 3850 4233 sin-

2281 4290 2432 4362 gulas
2462 4290 2526 4342 de
2552 4300 2702 4339 more
2725 4281 3031 4338 afferendis.

2353 4378 2407 4433 9.
2431 4374 2722 4430 Perfuncta
2768 4384 2888 4425 cum
2921 4369 2992 4425 sit
3019 4366 3263 4439 przefatio
3312 4371 3496 4420 nostra
3539 4363 3646 4418 hoc
3687 4356 3851 4430 priori

2205 4487 2258 4547 ι)
2284 4482 2531 4531 munere,
2568 4463 2710 4534 quod
2754 4460 2959 4516 versari
3004 4458 3237 4514 diximus
3273 4455 3419 4510 circa
3469 4451 3854 4507 iudicationem

2282 4556 2547 4627 originum
2576 4550 2758 4621 operis
2800 4546 3072 4603 consecuti
3099 4561 3128 4599 a
3160 4545 3388 4600 termino
3427 4541 3601 4597 aetatis
3628 4548 3854 4610 utroque

2284 4648 2533 4717 catalogo
2582 4660 2649 4699 ex
2709 4641 2916 4697 duobus
2967 4636 3361 4707 antiquioribus
3404 4632 3683 4698 definitae,
3730 4645 3855 4687 con-

2288 4738 2460 4795 tendit
2514 4736 2581 4789 ad
2623 4731 2767 4787 aliud
2815 4729 3053 4784 ofﬁcium
3103 4723 3508 4796 prtestaudum,
3563 4734 3761 4790 nempe
3800 4728 3857 4773 ut

2287 4832 2554 4900 proponat
2581 4820 2834 4892 opuscula
2852 4860 2865 4883 ,
2919 4833 3038 4888 quae
3072 4815 3256 4873 censui
3285 4829 3405 4869 esse
3433 4813 3489 4868 in
3516 4810 3856 4880 Prolegome-

2293 4920 2378 4976 nis
2414 4912 2758 4990 proferenda.
2796 4910 2923 4965 Tria
2950 4923 3080 4964 vero
3101 4906 3226 4962 huic
3258 4915 3405 4961 tomo
3434 4900 3691 4958 sufﬁcere
3719 4900 3857 4971 judi-

2292 5023 2430 5064 cavr.

2362 5100 2417 5132 In
2447 5098 2603 5132 ιηηηιι
2651 5092 2792 5132 col-in
2821 5088 3136 5132 mntiﬁmim
3171 5082 3506 5132 imnlentium
3556 5080 3662 5132 tria
3697 5078 3860 5132 ferme
